<?xml version="1.0" encoding="UTF-8"?>
<!DOCTYPE html PUBLIC "-//W3C//DTD XHTML 1.0 Transitional//EN"
    "http://www.w3.org/TR/xhtml1/DTD/xhtml1-transitional.dtd">
<html xmlns="http://www.w3.org/1999/xhtml" xml:lang="en" lang="en">
 <head>
  <title>
</title>
<meta http-equiv="Content-Type" content="text/html;charset=utf-8" />
  <meta name='ocr-system' content='tesseract 3.04.00' />
  <meta name='ocr-capabilities' content='ocr_page ocr_carea ocr_par ocr_line ocrx_word'/>
</head>
<body>
  <div class='ocr_page' id='page_1' title='image "./operaomniaiussui13thom/operaomniaiussui13thom_0408.png"; bbox 0 0 2768 4134; ppageno 0'>
   <div class='ocr_carea' id='block_1_1' title="bbox 49 1845 57 1866">
    <p class='ocr_par' dir='ltr' id='par_1_1' title="bbox 49 1845 57 1866">
     <span class='ocr_line' id='line_1_1' title="bbox 49 1845 57 1866; baseline 0 0"><span class='ocrx_word' id='word_1_1' title='bbox 49 1845 57 1866; x_wconf 98' lang='lat'>1</span> 
     </span>
    </p>
   </div>
   <div class='ocr_carea' id='block_1_2' title="bbox 311 293 2206 344">
    <p class='ocr_par' dir='ltr' id='par_1_2' title="bbox 311 293 2206 344">
     <span class='ocr_line' id='line_1_2' title="bbox 311 293 2206 344; baseline -0.001 -11"><span class='ocrx_word' id='word_1_2' title='bbox 311 297 386 344; x_wconf 83' lang='lat'>334</span> <span class='ocrx_word' id='word_1_3' title='bbox 613 295 800 332; x_wconf 91' lang='lat' dir='ltr'><strong>SUMMA</strong></span> <span class='ocrx_word' id='word_1_4' title='bbox 831 294 1053 331; x_wconf 90' lang='lat' dir='ltr'><strong>CONTRA</strong></span> <span class='ocrx_word' id='word_1_5' title='bbox 1081 293 1356 339; x_wconf 88' lang='lat' dir='ltr'>GENTILES,</span> <span class='ocrx_word' id='word_1_6' title='bbox 1385 294 1481 330; x_wconf 90' lang='lat' dir='ltr'>LIB.</span> <span class='ocrx_word' id='word_1_7' title='bbox 1502 295 1544 339; x_wconf 92' lang='lat'>11,</span> <span class='ocrx_word' id='word_1_8' title='bbox 1576 293 1686 330; x_wconf 91' lang='lat' dir='ltr'>CAP.</span> <span class='ocrx_word' id='word_1_9' title='bbox 1707 294 1859 340; x_wconf 92' lang='lat' dir='ltr'>XXVII,</span> <span class='ocrx_word' id='word_1_10' title='bbox 1880 295 2048 342; x_wconf 90' lang='lat' dir='ltr'>XXVIII,</span> <span class='ocrx_word' id='word_1_11' title='bbox 2070 297 2206 332; x_wconf 92' lang='lat' dir='ltr'>XXIX.</span> 
     </span>
    </p>
   </div>
   <div class='ocr_carea' id='block_1_3' title="bbox 302 371 2507 635">
    <p class='ocr_par' dir='ltr' id='par_1_3' title="bbox 306 371 2507 415">
     <span class='ocr_line' id='line_1_3' title="bbox 306 371 2507 415; baseline 0.001 -8"><span class='ocrx_word' id='word_1_12' title='bbox 306 378 493 408; x_wconf 84' lang='lat' dir='ltr'>necessitate</span> <span class='ocrx_word' id='word_1_13' title='bbox 515 374 677 415; x_wconf 87' lang='lat' dir='ltr'><strong>producit.</strong></span> <span class='ocrx_word' id='word_1_14' title='bbox 694 392 717 395; x_wconf 90' lang='lat'><strong>—</strong></span> <span class='ocrx_word' id='word_1_15' title='bbox 732 374 822 403; x_wconf 87' lang='lat' dir='ltr'>Patet</span> <span class='ocrx_word' id='word_1_16' title='bbox 837 373 941 413; x_wconf 89' lang='lat' dir='ltr'>prima</span> <span class='ocrx_word' id='word_1_17' title='bbox 957 373 1200 413; x_wconf 86' lang='lat' dir='ltr'>consequentia.</span> <span class='ocrx_word' id='word_1_18' title='bbox 1219 372 1305 410; x_wconf 92' lang='lat' dir='ltr'><strong>Quia</strong></span> <span class='ocrx_word' id='word_1_19' title='bbox 1320 382 1379 402; x_wconf 92' lang='lat' dir='ltr'>vo-</span> <span class='ocrx_word' id='word_1_20' title='bbox 1431 372 1532 412; x_wconf 89' lang='lat' dir='ltr'>aliqui</span> <span class='ocrx_word' id='word_1_21' title='bbox 1556 371 1689 403; x_wconf 90' lang='lat' dir='ltr'>effectus</span> <span class='ocrx_word' id='word_1_22' title='bbox 1712 382 1731 402; x_wconf 90' lang='lat' dir='ltr'>a</span> <span class='ocrx_word' id='word_1_23' title='bbox 1754 372 1861 403; x_wconf 86' lang='lat' dir='ltr'>divina</span> <span class='ocrx_word' id='word_1_24' title='bbox 1884 373 2051 404; x_wconf 84' lang='lat' dir='ltr'>voluntate</span> <span class='ocrx_word' id='word_1_25' title='bbox 2075 374 2307 414; x_wconf 59' lang='lat' dir='ltr'>procedunt—</span> <span class='ocrx_word' id='word_1_26' title='bbox 2321 377 2412 408; x_wconf 85' lang='lat' dir='ltr'>Patet</span> <span class='ocrx_word' id='word_1_27' title='bbox 2428 387 2507 408; x_wconf 89' lang='lat' dir='ltr'>con-</span> 
     </span>
    </p>

    <p class='ocr_par' dir='ltr' id='par_1_4' title="bbox 305 416 2507 462">
     <span class='ocr_line' id='line_1_4' title="bbox 305 416 2507 462; baseline 0 -11"><span class='ocrx_word' id='word_1_28' title='bbox 305 422 461 452; x_wconf 90' lang='lat' dir='ltr'>luntatem</span> <span class='ocrx_word' id='word_1_29' title='bbox 485 429 545 450; x_wconf 92' lang='lat' dir='ltr'>suo</span> <span class='ocrx_word' id='word_1_30' title='bbox 570 419 699 458; x_wconf 79' lang='lat' dir='ltr'>obiecto</span> <span class='ocrx_word' id='word_1_31' title='bbox 723 418 1004 458; x_wconf 83' lang='lat' dir='ltr'>proportionatam</span> <span class='ocrx_word' id='word_1_32' title='bbox 1028 427 1097 448; x_wconf 92' lang='lat' dir='ltr'>esse</span> <span class='ocrx_word' id='word_1_33' title='bbox 1121 422 1260 457; x_wconf 89' lang='lat' dir='ltr'>oportet.</span> <span class='ocrx_word' id='word_1_34' title='bbox 1276 434 1299 439; x_wconf 92' lang='lat'><em>-</em></span> <span class='ocrx_word' id='word_1_35' title='bbox 1322 416 1378 447; x_wconf 86' lang='lat' dir='ltr'>Se·</span> <span class='ocrx_word' id='word_1_36' title='bbox 1431 416 1609 457; x_wconf 80' lang='lat' dir='ltr'>sequentia.</span> <span class='ocrx_word' id='word_1_37' title='bbox 1635 416 1721 454; x_wconf 89' lang='lat' dir='ltr'>Quia</span> <span class='ocrx_word' id='word_1_38' title='bbox 1743 416 1824 448; x_wconf 87' lang='lat' dir='ltr'>nihil</span> <span class='ocrx_word' id='word_1_39' title='bbox 1847 426 1945 457; x_wconf 84' lang='lat' dir='ltr'>agens</span> <span class='ocrx_word' id='word_1_40' title='bbox 1974 427 2034 458; x_wconf 90' lang='lat' dir='ltr'>per</span> <span class='ocrx_word' id='word_1_41' title='bbox 2056 418 2268 457; x_wconf 80' lang='lat' dir='ltr'>voluntatem,</span> <span class='ocrx_word' id='word_1_42' title='bbox 2292 426 2329 451; x_wconf 92' lang='lat' dir='ltr'>ut</span> <span class='ocrx_word' id='word_1_43' title='bbox 2351 422 2407 459; x_wconf 82' lang='lat' dir='ltr'>sic,</span> <span class='ocrx_word' id='word_1_44' title='bbox 2430 432 2507 462; x_wconf 93' lang='lat' dir='ltr'>pro-</span> 
     </span>
    </p>

    <p class='ocr_par' dir='ltr' id='par_1_5' title="bbox 305 460 1926 503">
     <span class='ocr_line' id='line_1_5' title="bbox 305 460 1926 503; baseline -0.002 -8"><span class='ocrx_word' id='word_1_45' title='bbox 305 464 410 495; x_wconf 90' lang='lat' dir='ltr'>cunda</span> <span class='ocrx_word' id='word_1_46' title='bbox 433 463 576 494; x_wconf 88' lang='lat' dir='ltr'>similiter</span> <span class='ocrx_word' id='word_1_47' title='bbox 605 467 703 503; x_wconf 89' lang='lat' dir='ltr'>patet.</span> <span class='ocrx_word' id='word_1_48' title='bbox 732 462 819 500; x_wconf 93' lang='lat' dir='ltr'>Quia</span> <span class='ocrx_word' id='word_1_49' title='bbox 849 461 976 493; x_wconf 89' lang='lat' dir='ltr'>divinus</span> <span class='ocrx_word' id='word_1_50' title='bbox 1005 461 1187 492; x_wconf 88' lang='lat' dir='ltr'>intellectus</span> <span class='ocrx_word' id='word_1_51' title='bbox 1211 460 1251 492; x_wconf 93' lang='lat' dir='ltr'>ad</span> <span class='ocrx_word' id='word_1_52' title='bbox 1275 460 1378 491; x_wconf 89' lang='lat' dir='ltr'>deter-</span> <span class='ocrx_word' id='word_1_53' title='bbox 1432 460 1521 492; x_wconf 90' lang='lat' dir='ltr'>ducit</span> <span class='ocrx_word' id='word_1_54' title='bbox 1544 460 1666 501; x_wconf 92' lang='lat' dir='ltr'>aliquid</span> <span class='ocrx_word' id='word_1_55' title='bbox 1689 461 1751 491; x_wconf 91' lang='lat' dir='ltr'>nisi</span> <span class='ocrx_word' id='word_1_56' title='bbox 1773 461 1926 492; x_wconf 89' lang='lat' dir='ltr'>volendo.</span> 
     </span>
    </p>

    <p class='ocr_par' dir='ltr' id='par_1_6' title="bbox 303 505 2506 592">
     <span class='ocr_line' id='line_1_6' title="bbox 303 505 2506 546; baseline 0.001 -8"><span class='ocrx_word' id='word_1_57' title='bbox 303 509 441 539; x_wconf 81' lang='lat' dir='ltr'>miriatos</span> <span class='ocrx_word' id='word_1_58' title='bbox 466 506 598 538; x_wconf 83' lang='lat' dir='ltr'>effectus</span> <span class='ocrx_word' id='word_1_59' title='bbox 621 516 690 537; x_wconf 92' lang='lat' dir='ltr'>non</span> <span class='ocrx_word' id='word_1_60' title='bbox 715 512 904 537; x_wconf 86' lang='lat' dir='ltr'>coarctatur.</span> <span class='ocrx_word' id='word_1_61' title='bbox 1486 505 1533 536; x_wconf 93' lang='lat' dir='ltr'>Ea</span> <span class='ocrx_word' id='word_1_62' title='bbox 1557 515 1642 546; x_wconf 89' lang='lat' dir='ltr'>quae</span> <span class='ocrx_word' id='word_1_63' title='bbox 1666 506 1750 536; x_wconf 86' lang='lat' dir='ltr'>circa</span> <span class='ocrx_word' id='word_1_64' title='bbox 1772 506 1856 536; x_wconf 91' lang='lat' dir='ltr'>hanc</span> <span class='ocrx_word' id='word_1_65' title='bbox 1880 506 2126 538; x_wconf 87' lang='lat' dir='ltr'>conclusionem</span> <span class='ocrx_word' id='word_1_66' title='bbox 2149 507 2372 540; x_wconf 85' lang='lat' dir='ltr'>difficultatem</span> <span class='ocrx_word' id='word_1_67' title='bbox 2395 509 2506 543; x_wconf 79' lang='lat' dir='ltr'>afferre</span> 
     </span>
     <span class='ocr_line' id='line_1_7' title="bbox 359 550 2505 592; baseline 0.001 -10"><span class='ocrx_word' id='word_1_68' title='bbox 359 551 516 583; x_wconf 81' lang='lat' dir='ltr'>Secundo.</span> <span class='ocrx_word' id='word_1_69' title='bbox 542 551 630 582; x_wconf 92' lang='lat' dir='ltr'>Deus</span> <span class='ocrx_word' id='word_1_70' title='bbox 658 551 747 582; x_wconf 91' lang='lat' dir='ltr'>nulla</span> <span class='ocrx_word' id='word_1_71' title='bbox 775 551 834 582; x_wconf 86' lang='lat' dir='ltr'>alia</span> <span class='ocrx_word' id='word_1_72' title='bbox 863 561 880 581; x_wconf 91' lang='lat' dir='ltr'>a</span> <span class='ocrx_word' id='word_1_73' title='bbox 907 560 941 581; x_wconf 88' lang='lat' dir='ltr'>se</span> <span class='ocrx_word' id='word_1_74' title='bbox 968 551 1037 581; x_wconf 92' lang='lat' dir='ltr'>vult</span> <span class='ocrx_word' id='word_1_75' title='bbox 1066 551 1255 580; x_wconf 85' lang='lat' dir='ltr'>necessitate</span> <span class='ocrx_word' id='word_1_76' title='bbox 1284 550 1377 580; x_wconf 85' lang='lat' dir='ltr'>abso·</span> <span class='ocrx_word' id='word_1_77' title='bbox 1429 555 1577 589; x_wconf 89' lang='lat' dir='ltr'>possunt,</span> <span class='ocrx_word' id='word_1_78' title='bbox 1601 550 1636 580; x_wconf 89' lang='lat' dir='ltr'>in</span> <span class='ocrx_word' id='word_1_79' title='bbox 1659 550 1765 590; x_wconf 89' lang='lat' dir='ltr'>primo</span> <span class='ocrx_word' id='word_1_80' title='bbox 1789 550 1906 581; x_wconf 73' lang='lat' dir='ltr'>libro*</span> <span class='ocrx_word' id='word_1_81' title='bbox 1929 557 2004 582; x_wconf 90' lang='lat' dir='ltr'>sunt</span> <span class='ocrx_word' id='word_1_82' title='bbox 2020 551 2187 592; x_wconf 87' lang='lat' dir='ltr'>explicata.</span> <span class='ocrx_word' id='word_1_83' title='bbox 2212 552 2289 583; x_wconf 91' lang='lat' dir='ltr'>Ideo</span> <span class='ocrx_word' id='word_1_84' title='bbox 2306 562 2374 584; x_wconf 89' lang='lat' dir='ltr'>non</span> <span class='ocrx_word' id='word_1_85' title='bbox 2390 559 2438 585; x_wconf 87' lang='lat' dir='ltr'>est</span> <span class='ocrx_word' id='word_1_86' title='bbox 2452 555 2505 585; x_wconf 91' lang='lat' dir='ltr'>hic</span> 
     </span>
    </p>

    <p class='ocr_par' dir='ltr' id='par_1_7' title="bbox 302 594 1839 635">
     <span class='ocr_line' id='line_1_8' title="bbox 302 594 1839 635; baseline -0.001 -8"><span class='ocrx_word' id='word_1_87' title='bbox 302 597 378 632; x_wconf 85' lang='lat' dir='ltr'>luta,</span> <span class='ocrx_word' id='word_1_88' title='bbox 396 602 432 627; x_wconf 92' lang='lat' dir='ltr'>ut</span> <span class='ocrx_word' id='word_1_89' title='bbox 447 597 480 626; x_wconf 92' lang='lat' dir='ltr'>in</span> <span class='ocrx_word' id='word_1_90' title='bbox 497 596 605 626; x_wconf 90' lang='lat' dir='ltr'>Primo</span> <span class='ocrx_word' id='word_1_91' title='bbox 623 601 670 626; x_wconf 92' lang='lat' dir='ltr'>est</span> <span class='ocrx_word' id='word_1_92' title='bbox 687 601 865 626; x_wconf 85' lang='lat' dir='ltr'>ostensum.</span> <span class='ocrx_word' id='word_1_93' title='bbox 890 595 976 635; x_wconf 89' lang='lat' dir='ltr'>Ergo</span> <span class='ocrx_word' id='word_1_94' title='bbox 1001 604 1108 635; x_wconf 91' lang='lat' dir='ltr'>neque</span> <span class='ocrx_word' id='word_1_95' title='bbox 1126 604 1164 625; x_wconf 86' lang='lat' dir='ltr'>ex</span> <span class='ocrx_word' id='word_1_96' title='bbox 1187 594 1376 625; x_wconf 87' lang='lat' dir='ltr'>necessitate</span> <span class='ocrx_word' id='word_1_97' title='bbox 1430 594 1564 625; x_wconf 90' lang='lat' dir='ltr'>ulterius</span> <span class='ocrx_word' id='word_1_98' title='bbox 1586 594 1839 626; x_wconf 87' lang='lat' dir='ltr'>immorandum.</span> 
     </span>
    </p>
   </div>
   <div class='ocr_carea' id='block_1_4' title="bbox 1377 690 1448 734">
    <p class='ocr_par' dir='ltr' id='par_1_8' title="bbox 1377 690 1448 734">
     <span class='ocr_line' id='line_1_9' title="bbox 1377 690 1448 734; baseline 0 -31"><span class='ocrx_word' id='word_1_99' title='bbox 1377 690 1448 734; x_wconf 45' lang='lat' dir='ltr'>,m</span> 
     </span>
    </p>
   </div>
   <div class='ocr_carea' id='block_1_5' title="bbox 718 838 2087 978">
    <p class='ocr_par' dir='ltr' id='par_1_9' title="bbox 718 838 2087 978">
     <span class='ocr_line' id='line_1_10' title="bbox 718 838 2087 897; baseline 0 -1"><span class='ocrx_word' id='word_1_100' title='bbox 718 839 1141 896; x_wconf 93' lang='lat' dir='ltr'>CAPITULA</span> <span class='ocrx_word' id='word_1_101' title='bbox 1178 839 1582 897; x_wconf 82' lang='lat' dir='ltr'>VIGESIMU</span> <span class='ocrx_word' id='word_1_102' title='bbox 1584 840 1647 896; x_wconf 85' lang='lat' dir='ltr'>M</span> <span class='ocrx_word' id='word_1_103' title='bbox 1685 838 2087 896; x_wconf 82' lang='lat' dir='ltr'>OCTAVUM</span> 
     </span>
     <span class='ocr_line' id='line_1_11' title="bbox 930 910 1875 978; baseline 0.001 -13"><span class='ocrx_word' id='word_1_104' title='bbox 930 910 1042 966; x_wconf 96' lang='lat' dir='ltr'>ET</span> <span class='ocrx_word' id='word_1_105' title='bbox 1080 910 1551 978; x_wconf 84' lang='lat' dir='ltr'>VIGESIMUM</span> <span class='ocrx_word' id='word_1_106' title='bbox 1587 911 1875 966; x_wconf 79' lang='lat' dir='ltr'><strong>NONUM</strong></span> 
     </span>
    </p>
   </div>
   <div class='ocr_carea' id='block_1_6' title="bbox 463 1019 2334 1154">
    <p class='ocr_par' dir='ltr' id='par_1_10' title="bbox 463 1019 2334 1154">
     <span class='ocr_line' id='line_1_12' title="bbox 1280 1019 1517 1059; baseline 0.004 -10"><span class='ocrx_word' id='word_1_107' title='bbox 1280 1019 1310 1049; x_wconf 82' lang='lat' dir='ltr'><strong>A</strong></span> <span class='ocrx_word' id='word_1_108' title='bbox 1345 1019 1420 1059; x_wconf 85' lang='lat' dir='ltr'>34v</span> <span class='ocrx_word' id='word_1_109' title='bbox 1454 1020 1475 1050; x_wconf 88' lang='lat' dir='ltr'>b</span> <span class='ocrx_word' id='word_1_110' title='bbox 1491 1028 1517 1050; x_wconf 79' lang='grc' dir='ltr'>ι.</span> 
     </span>
     <span class='ocr_line' id='line_1_13' title="bbox 463 1100 2334 1154; baseline 0 -10"><span class='ocrx_word' id='word_1_111' title='bbox 463 1102 779 1154; x_wconf 78' lang='lat' dir='ltr'><strong>QUALITER</strong></span> <span class='ocrx_word' id='word_1_112' title='bbox 812 1101 873 1141; x_wconf 90' lang='lat' dir='ltr'>IN</span> <span class='ocrx_word' id='word_1_113' title='bbox 907 1100 1124 1142; x_wconf 87' lang='lat' dir='ltr'>RERUM</span> <span class='ocrx_word' id='word_1_114' title='bbox 1157 1100 1602 1142; x_wconf 89' lang='lat' dir='ltr'>PRODUCTIONE</span> <span class='ocrx_word' id='word_1_115' title='bbox 1635 1101 1915 1143; x_wconf 89' lang='lat' dir='ltr'>DEBITUM</span> <span class='ocrx_word' id='word_1_116' title='bbox 1947 1102 2334 1145; x_wconf 91' lang='lat' dir='ltr'>INVENIATUR</span> 
     </span>
    </p>
   </div>
   <div class='ocr_carea' id='block_1_7' title="bbox 329 1221 2504 1497">
    <p class='ocr_par' dir='ltr' id='par_1_11' title="bbox 329 1221 2504 1327">
     <span class='ocr_line' id='line_1_14' title="bbox 329 1221 2504 1274; baseline 0.001 -13"><span class='ocrx_word' id='word_1_117' title='bbox 329 1243 340 1246; x_wconf 46' lang='lat'>⁴·</span> <span class='ocrx_word' id='word_1_118' title='bbox 362 1237 383 1268; x_wconf 60' lang='grc' dir='ltr'>ῑῑ</span> <span class='ocrx_word' id='word_1_119' title='bbox 445 1228 489 1266; x_wconf 43' lang='grc' dir='ltr'>γ’</span> <span class='ocrx_word' id='word_1_120' title='bbox 509 1235 697 1261; x_wconf 82' lang='lat' dir='ltr'>STENDERE</span> <span class='ocrx_word' id='word_1_121' title='bbox 733 1223 851 1260; x_wconf 87' lang='lat' dir='ltr'>etiam</span> <span class='ocrx_word' id='word_1_122' title='bbox 888 1234 934 1259; x_wconf 87' lang='lat' dir='ltr'>ex</span> <span class='ocrx_word' id='word_1_123' title='bbox 976 1221 1181 1271; x_wconf 88' lang='lat' dir='ltr'>praedictis</span> <span class='ocrx_word' id='word_1_124' title='bbox 1219 1228 1372 1271; x_wconf 88' lang='lat' dir='ltr'>oportet</span> <span class='ocrx_word' id='word_1_125' title='bbox 1427 1228 1514 1259; x_wconf 82' lang='lat' dir='ltr'>ante</span> <span class='ocrx_word' id='word_1_126' title='bbox 1541 1222 1638 1259; x_wconf 85' lang='lat' dir='ltr'>dedit</span> <span class='ocrx_word' id='word_1_127' title='bbox 1672 1223 1775 1268; x_wconf 81' lang='lat' dir='ltr'>mihi,</span> <span class='ocrx_word' id='word_1_128' title='bbox 1804 1228 1843 1260; x_wconf 86' lang='lat' dir='ltr'>ut</span> <span class='ocrx_word' id='word_1_129' title='bbox 1870 1223 2026 1260; x_wconf 87' lang='lat' dir='ltr'>reddam</span> <span class='ocrx_word' id='word_1_130' title='bbox 2055 1226 2090 1260; x_wconf 89' lang='lat' dir='ltr'>ei</span> <span class='ocrx_word' id='word_1_131' title='bbox 2096 1223 2117 1260; x_wconf 77' lang='lat' dir='ltr'><em>P</em></span> <span class='ocrx_word' id='word_1_132' title='bbox 2148 1224 2286 1262; x_wconf 84' lang='lat' dir='ltr'>Omnia</span> <span class='ocrx_word' id='word_1_133' title='bbox 2314 1237 2410 1274; x_wconf 81' lang='lat' dir='ltr'>quae</span> <span class='ocrx_word' id='word_1_134' title='bbox 2436 1228 2504 1263; x_wconf 80' lang='lat' dir='ltr'>sub</span> 
     </span>
     <span class='ocr_line' id='line_1_15' title="bbox 341 1268 2266 1327; baseline -0.001 -13"><span class='ocrx_word' id='word_1_135' title='bbox 341 1294 371 1311; x_wconf 50' lang='lat' dir='ltr'>w</span> <span class='ocrx_word' id='word_1_136' title='bbox 398 1268 460 1321; x_wconf 50' lang='grc' dir='ltr'><em>ἱζιῒ</em></span> <span class='ocrx_word' id='word_1_137' title='bbox 522 1277 631 1327; x_wconf 93' lang='lat' dir='ltr'>quod</span> <span class='ocrx_word' id='word_1_138' title='bbox 650 1277 758 1313; x_wconf 92' lang='lat' dir='ltr'>Deus</span> <span class='ocrx_word' id='word_1_139' title='bbox 778 1287 859 1313; x_wconf 90' lang='lat' dir='ltr'>non</span> <span class='ocrx_word' id='word_1_140' title='bbox 878 1287 926 1312; x_wconf 88' lang='lat' dir='ltr'>ex</span> <span class='ocrx_word' id='word_1_141' title='bbox 945 1275 1168 1312; x_wconf 87' lang='lat' dir='ltr'>necessitate</span> <span class='ocrx_word' id='word_1_142' title='bbox 1189 1282 1371 1324; x_wconf 88' lang='lat' dir='ltr'>operatus</span> <span class='ocrx_word' id='word_1_143' title='bbox 1426 1276 1533 1312; x_wconf 85' lang='lat' dir='ltr'>caelo</span> <span class='ocrx_word' id='word_1_144' title='bbox 1559 1281 1656 1321; x_wconf 84' lang='lat' dir='ltr'>sunt,</span> <span class='ocrx_word' id='word_1_145' title='bbox 1685 1287 1772 1314; x_wconf 85' lang='lat' dir='ltr'>mea</span> <span class='ocrx_word' id='word_1_146' title='bbox 1798 1282 1894 1313; x_wconf 87' lang='lat' dir='ltr'>sunt.</span> <span class='ocrx_word' id='word_1_147' title='bbox 2257 1301 2266 1309; x_wconf 84' lang='lat'>-</span> 
     </span>
    </p>

    <p class='ocr_par' dir='ltr' id='par_1_12' title="bbox 345 1315 2503 1488">
     <span class='ocr_line' id='line_1_16' title="bbox 345 1315 2503 1396; baseline 0.001 -29"><span class='ocrx_word' id='word_1_148' title='bbox 345 1337 348 1346; x_wconf 90' lang='lat'>&#39;</span> <span class='ocrx_word' id='word_1_149' title='bbox 392 1327 399 1329; x_wconf 65' lang='grc'><em>“</em></span> <span class='ocrx_word' id='word_1_150' title='bbox 405 1315 497 1396; x_wconf 42' lang='lat' dir='ltr'>0⁴7ss</span> <span class='ocrx_word' id='word_1_151' title='bbox 523 1338 579 1368; x_wconf 90' lang='lat' dir='ltr'>est</span> <span class='ocrx_word' id='word_1_152' title='bbox 604 1330 644 1367; x_wconf 91' lang='lat' dir='ltr'>in</span> <span class='ocrx_word' id='word_1_153' title='bbox 671 1341 803 1366; x_wconf 90' lang='lat' dir='ltr'>rerum</span> <span class='ocrx_word' id='word_1_154' title='bbox 822 1328 1017 1366; x_wconf 88' lang='lat' dir='ltr'>creatione</span> <span class='ocrx_word' id='word_1_155' title='bbox 1036 1327 1148 1378; x_wconf 91' lang='lat' dir='ltr'>quasi</span> <span class='ocrx_word' id='word_1_156' title='bbox 1172 1340 1220 1366; x_wconf 88' lang='lat' dir='ltr'>ex</span> <span class='ocrx_word' id='word_1_157' title='bbox 1239 1327 1370 1365; x_wconf 89' lang='lat' dir='ltr'>debito</span> <span class='ocrx_word' id='word_1_158' title='bbox 1418 1343 1427 1349; x_wconf 92' lang='lat'>·</span> <span class='ocrx_word' id='word_1_159' title='bbox 1481 1329 1557 1366; x_wconf 91' lang='lat' dir='ltr'>Per</span> <span class='ocrx_word' id='word_1_160' title='bbox 1582 1329 1680 1366; x_wconf 92' lang='lat' dir='ltr'>haec</span> <span class='ocrx_word' id='word_1_161' title='bbox 1707 1336 1839 1366; x_wconf 89' lang='lat' dir='ltr'>autem</span> <span class='ocrx_word' id='word_1_162' title='bbox 1873 1329 2089 1368; x_wconf 87' lang='lat' dir='ltr'>excluditur</span> <span class='ocrx_word' id='word_1_163' title='bbox 2115 1342 2224 1368; x_wconf 90' lang='lat' dir='ltr'>error</span> <span class='ocrx_word' id='word_1_164' title='bbox 2240 1331 2503 1381; x_wconf 83' lang='lat' dir='ltr'>quorundam</span> 
     </span>
     <span class='ocr_line' id='line_1_17' title="bbox 405 1381 2503 1442; baseline 0.001 -22"><span class='ocrx_word' id='word_1_165' title='bbox 405 1407 408 1412; x_wconf 87' lang='lat'>-</span> <span class='ocrx_word' id='word_1_166' title='bbox 445 1418 449 1421; x_wconf 82' lang='lat'>.</span> <span class='ocrx_word' id='word_1_167' title='bbox 476 1404 479 1406; x_wconf 60' lang='lat'>&gt;</span> <span class='ocrx_word' id='word_1_168' title='bbox 522 1383 684 1421; x_wconf 89' lang='lat' dir='ltr'>iustitiae</span> <span class='ocrx_word' id='word_1_169' title='bbox 713 1395 774 1420; x_wconf 91' lang='lat' dir='ltr'>res</span> <span class='ocrx_word' id='word_1_170' title='bbox 803 1382 843 1419; x_wconf 93' lang='lat' dir='ltr'>in</span> <span class='ocrx_word' id='word_1_171' title='bbox 871 1394 954 1419; x_wconf 89' lang='lat' dir='ltr'>esse</span> <span class='ocrx_word' id='word_1_172' title='bbox 982 1381 1220 1432; x_wconf 85' lang='lat' dir='ltr'>produxerit.</span> <span class='ocrx_word' id='word_1_173' title='bbox 1425 1381 1593 1431; x_wconf 88' lang='lat' dir='ltr'>probare</span> <span class='ocrx_word' id='word_1_174' title='bbox 1620 1381 1848 1442; x_wconf 73' lang='lat' dir='ltr'>nitentium</span> <span class='ocrx_word' id='word_1_175' title='bbox 1857 1382 1966 1433; x_wconf 93' lang='lat' dir='ltr'>quod</span> <span class='ocrx_word' id='word_1_176' title='bbox 1993 1383 2103 1421; x_wconf 91' lang='lat' dir='ltr'>Deus</span> <span class='ocrx_word' id='word_1_177' title='bbox 2129 1395 2212 1421; x_wconf 90' lang='lat' dir='ltr'>non</span> <span class='ocrx_word' id='word_1_178' title='bbox 2235 1392 2362 1434; x_wconf 90' lang='lat' dir='ltr'>potest</span> <span class='ocrx_word' id='word_1_179' title='bbox 2378 1384 2503 1426; x_wconf 82' lang='lat' dir='ltr'>facere</span> 
     </span>
     <span class='ocr_line' id='line_1_18' title="bbox 346 1416 2503 1497; baseline 0 -21"><span class='ocrx_word' id='word_1_180' title='bbox 346 1416 490 1476; x_wconf 89' lang='lat' dir='ltr'>Iustitia</span> <span class='ocrx_word' id='word_1_181' title='bbox 524 1436 646 1482; x_wconf 88' lang='lat' dir='ltr'>enim,</span> <span class='ocrx_word' id='word_1_182' title='bbox 676 1436 896 1473; x_wconf 89' lang='lat' dir='ltr'>secundum</span> <span class='ocrx_word' id='word_1_183' title='bbox 933 1434 1238 1484; x_wconf 90' lang='lat' dir='ltr'>Philosophum,</span> <span class='ocrx_word' id='word_1_184' title='bbox 1267 1434 1307 1472; x_wconf 88' lang='lat' dir='ltr'>in</span> <span class='ocrx_word' id='word_1_185' title='bbox 1335 1435 1370 1472; x_wconf 96' lang='lat' dir='ltr'>V</span> <span class='ocrx_word' id='word_1_186' title='bbox 1393 1452 1403 1473; x_wconf 81' lang='grc' dir='ltr'><strong><em>ς</em></strong></span> <span class='ocrx_word' id='word_1_187' title='bbox 1426 1434 1500 1472; x_wconf 85' lang='lat' dir='ltr'>nisi</span> <span class='ocrx_word' id='word_1_188' title='bbox 1528 1434 1638 1484; x_wconf 92' lang='lat' dir='ltr'>quod</span> <span class='ocrx_word' id='word_1_189' title='bbox 1664 1435 1762 1481; x_wconf 82' lang='lat' dir='ltr'>facit,</span> <span class='ocrx_word' id='word_1_190' title='bbox 1783 1435 1876 1485; x_wconf 88' lang='lat' dir='ltr'>quia</span> <span class='ocrx_word' id='word_1_191' title='bbox 1902 1448 1986 1474; x_wconf 89' lang='lat' dir='ltr'>non</span> <span class='ocrx_word' id='word_1_192' title='bbox 2013 1444 2139 1497; x_wconf 73' lang='lat' dir='ltr'>potest</span> <span class='ocrx_word' id='word_1_193' title='bbox 2156 1437 2282 1477; x_wconf 83' lang='lat' dir='ltr'>facere</span> <span class='ocrx_word' id='word_1_194' title='bbox 2301 1437 2375 1476; x_wconf 89' lang='lat' dir='ltr'>nisi</span> <span class='ocrx_word' id='word_1_195' title='bbox 2393 1438 2503 1488; x_wconf 77' lang='lat' dir='ltr'>quod</span> 
     </span>
    </p>
   </div>
   <div class='ocr_carea' id='block_1_8' title="bbox 296 1224 503 1432">
    <p class='ocr_par' dir='ltr' id='par_1_13' title="bbox 296 1224 503 1432">
     <span class='ocr_line' id='line_1_19' title="bbox 296 1224 503 1432; baseline 0 0"><span class='ocrx_word' id='word_1_196' title='bbox 296 1224 503 1432; x_wconf 95' lang='lat' dir='ltr'>  </span> 
     </span>
    </p>
   </div>
   <div class='ocr_carea' id='block_1_9' title="bbox 52 1487 2501 1541">
    <p class='ocr_par' dir='ltr' id='par_1_14' title="bbox 52 1487 2501 1541">
     <span class='ocr_line' id='line_1_20' title="bbox 52 1487 2501 1541; baseline 0 -12"><span class='ocrx_word' id='word_1_197' title='bbox 52 1491 264 1539; x_wconf 48' lang='lat' dir='ltr'>gfff‘fl‘gfistffi</span> <span class='ocrx_word' id='word_1_198' title='bbox 293 1492 447 1530; x_wconf 79' lang='lat' dir='ltr'>Ethic.</span> <span class='ocrx_word' id='word_1_199' title='bbox 449 1521 457 1537; x_wconf 93' lang='lat'>‚</span> <span class='ocrx_word' id='word_1_200' title='bbox 478 1491 527 1529; x_wconf 92' lang='lat' dir='ltr'>ad</span> <span class='ocrx_word' id='word_1_201' title='bbox 556 1492 721 1528; x_wconf 89' lang='lat' dir='ltr'>alterum</span> <span class='ocrx_word' id='word_1_202' title='bbox 741 1497 808 1535; x_wconf 90' lang='lat' dir='ltr'>est,</span> <span class='ocrx_word' id='word_1_203' title='bbox 828 1488 892 1527; x_wconf 88' lang='lat' dir='ltr'>cui</span> <span class='ocrx_word' id='word_1_204' title='bbox 911 1488 1089 1526; x_wconf 87' lang='lat' dir='ltr'>debitum</span> <span class='ocrx_word' id='word_1_205' title='bbox 1117 1487 1253 1526; x_wconf 89' lang='lat' dir='ltr'>reddit.</span> <span class='ocrx_word' id='word_1_206' title='bbox 1278 1488 1370 1526; x_wconf 90' lang='lat' dir='ltr'>Uni·</span> <span class='ocrx_word' id='word_1_207' title='bbox 1425 1488 1552 1526; x_wconf 90' lang='lat' dir='ltr'>debet.</span> <span class='ocrx_word' id='word_1_208' title='bbox 1582 1489 1677 1526; x_wconf 91' lang='lat' dir='ltr'>Non</span> <span class='ocrx_word' id='word_1_209' title='bbox 1696 1489 1803 1528; x_wconf 90' lang='lat' dir='ltr'>enim</span> <span class='ocrx_word' id='word_1_210' title='bbox 1822 1502 1869 1527; x_wconf 86' lang='lat' dir='ltr'>ex</span> <span class='ocrx_word' id='word_1_211' title='bbox 1888 1489 2020 1527; x_wconf 89' lang='lat' dir='ltr'>debito</span> <span class='ocrx_word' id='word_1_212' title='bbox 2039 1489 2204 1528; x_wconf 88' lang='lat' dir='ltr'>iustitiae</span> <span class='ocrx_word' id='word_1_213' title='bbox 2228 1503 2289 1528; x_wconf 90' lang='lat' dir='ltr'>res</span> <span class='ocrx_word' id='word_1_214' title='bbox 2308 1499 2501 1541; x_wconf 79' lang='lat' dir='ltr'>operatur,</span> 
     </span>
    </p>
   </div>
   <div class='ocr_carea' id='block_1_10' title="bbox 292 1541 1794 1592">
    <p class='ocr_par' dir='ltr' id='par_1_15' title="bbox 292 1541 1794 1592">
     <span class='ocr_line' id='line_1_21' title="bbox 292 1541 1794 1592; baseline -0.001 -10"><span class='ocrx_word' id='word_1_215' title='bbox 292 1545 430 1582; x_wconf 86' lang='lat' dir='ltr'>versali</span> <span class='ocrx_word' id='word_1_216' title='bbox 459 1553 590 1582; x_wconf 89' lang='lat' dir='ltr'>autem</span> <span class='ocrx_word' id='word_1_217' title='bbox 618 1555 750 1580; x_wconf 92' lang='lat' dir='ltr'>rerum</span> <span class='ocrx_word' id='word_1_218' title='bbox 778 1541 1026 1592; x_wconf 90' lang='lat' dir='ltr'>productioni</span> <span class='ocrx_word' id='word_1_219' title='bbox 1055 1541 1151 1579; x_wconf 92' lang='lat' dir='ltr'>nihil</span> <span class='ocrx_word' id='word_1_220' title='bbox 1185 1553 1368 1591; x_wconf 86' lang='lat' dir='ltr'>praesup-</span> <span class='ocrx_word' id='word_1_221' title='bbox 1425 1550 1469 1579; x_wconf 90' lang='lat' dir='ltr'>ut</span> <span class='ocrx_word' id='word_1_222' title='bbox 1497 1549 1697 1580; x_wconf 88' lang='lat' dir='ltr'>ostensum</span> <span class='ocrx_word' id='word_1_223' title='bbox 1725 1551 1794 1580; x_wconf 89' lang='lat' dir='ltr'>est.</span> 
     </span>
    </p>
   </div>
   <div class='ocr_carea' id='block_1_11' title="bbox 292 1594 2502 1755">
    <p class='ocr_par' dir='ltr' id='par_1_16' title="bbox 292 1594 2502 1755">
     <span class='ocr_line' id='line_1_22' title="bbox 292 1594 2502 1649; baseline 0 -13"><span class='ocrx_word' id='word_1_224' title='bbox 292 1598 451 1649; x_wconf 88' lang='lat' dir='ltr'>ponitur</span> <span class='ocrx_word' id='word_1_225' title='bbox 478 1597 541 1635; x_wconf 90' lang='lat' dir='ltr'>cui</span> <span class='ocrx_word' id='word_1_226' title='bbox 569 1596 714 1646; x_wconf 90' lang='lat' dir='ltr'>aliquid</span> <span class='ocrx_word' id='word_1_227' title='bbox 743 1596 940 1633; x_wconf 86' lang='lat' dir='ltr'>debeatur.</span> <span class='ocrx_word' id='word_1_228' title='bbox 970 1596 1056 1646; x_wconf 90' lang='lat' dir='ltr'>Ipsa</span> <span class='ocrx_word' id='word_1_229' title='bbox 1083 1594 1197 1644; x_wconf 87' lang='lat' dir='ltr'>igitur</span> <span class='ocrx_word' id='word_1_230' title='bbox 1215 1595 1369 1632; x_wconf 88' lang='lat' dir='ltr'>univer·</span> <span class='ocrx_word' id='word_1_231' title='bbox 1478 1594 1587 1633; x_wconf 88' lang='lat' dir='ltr'>Li&#39;cet</span> <span class='ocrx_word' id='word_1_232' title='bbox 1606 1603 1738 1633; x_wconf 88' lang='lat' dir='ltr'>autem</span> <span class='ocrx_word' id='word_1_233' title='bbox 1756 1595 2017 1634; x_wconf 79' lang='lat' dir='ltr'>universalem</span> <span class='ocrx_word' id='word_1_234' title='bbox 2042 1609 2173 1634; x_wconf 87' lang='lat' dir='ltr'>rerum</span> <span class='ocrx_word' id='word_1_235' title='bbox 2201 1597 2502 1648; x_wconf 83' lang='lat' dir='ltr'>productionem</span> 
     </span>
     <span class='ocr_line' id='line_1_23' title="bbox 293 1647 2501 1711; baseline 0 -22"><span class='ocrx_word' id='word_1_236' title='bbox 293 1651 380 1689; x_wconf 88' lang='lat' dir='ltr'>salis</span> <span class='ocrx_word' id='word_1_237' title='bbox 400 1663 531 1688; x_wconf 90' lang='lat' dir='ltr'>rerum</span> <span class='ocrx_word' id='word_1_238' title='bbox 546 1649 751 1700; x_wconf 89' lang='lat' dir='ltr'>productio</span> <span class='ocrx_word' id='word_1_239' title='bbox 767 1662 813 1686; x_wconf 89' lang='lat' dir='ltr'>ex</span> <span class='ocrx_word' id='word_1_240' title='bbox 829 1649 959 1686; x_wconf 88' lang='lat' dir='ltr'>debito</span> <span class='ocrx_word' id='word_1_241' title='bbox 980 1648 1142 1686; x_wconf 87' lang='lat' dir='ltr'>iustitiae</span> <span class='ocrx_word' id='word_1_242' title='bbox 1162 1647 1369 1698; x_wconf 91' lang='lat' dir='ltr'>provenire</span> <span class='ocrx_word' id='word_1_243' title='bbox 1425 1647 1521 1686; x_wconf 92' lang='lat' dir='ltr'>nihil</span> <span class='ocrx_word' id='word_1_244' title='bbox 1549 1657 1723 1687; x_wconf 90' lang='lat' dir='ltr'>creatum</span> <span class='ocrx_word' id='word_1_245' title='bbox 1751 1649 1956 1699; x_wconf 86' lang='lat' dir='ltr'>praecedat</span> <span class='ocrx_word' id='word_1_246' title='bbox 1974 1649 2039 1688; x_wconf 88' lang='lat' dir='ltr'>cui</span> <span class='ocrx_word' id='word_1_247' title='bbox 2057 1650 2204 1711; x_wconf 81' lang='lat' dir='ltr'>aliquid</span> <span class='ocrx_word' id='word_1_248' title='bbox 2223 1650 2407 1693; x_wconf 86' lang='lat' dir='ltr'>debitum</span> <span class='ocrx_word' id='word_1_249' title='bbox 2417 1663 2501 1698; x_wconf 73' lang='lat' dir='ltr'>esse</span> 
     </span>
     <span class='ocr_line' id='line_1_24' title="bbox 294 1701 2502 1755; baseline 0.001 -13"><span class='ocrx_word' id='word_1_250' title='bbox 294 1717 374 1743; x_wconf 86' lang='lat' dir='ltr'>non</span> <span class='ocrx_word' id='word_1_251' title='bbox 403 1705 540 1755; x_wconf 90' lang='lat' dir='ltr'>potuit.</span> <span class='ocrx_word' id='word_1_252' title='bbox 1386 1701 1556 1751; x_wconf 75' lang='lat' dir='ltr'>mpossit,</span> <span class='ocrx_word' id='word_1_253' title='bbox 1584 1702 1780 1752; x_wconf 89' lang='lat' dir='ltr'>praecedit</span> <span class='ocrx_word' id='word_1_254' title='bbox 1807 1711 1939 1740; x_wconf 89' lang='lat' dir='ltr'>tamen</span> <span class='ocrx_word' id='word_1_255' title='bbox 1967 1703 2112 1753; x_wconf 90' lang='lat' dir='ltr'>aliquid</span> <span class='ocrx_word' id='word_1_256' title='bbox 2141 1703 2368 1752; x_wconf 84' lang='lat' dir='ltr'>increatum,</span> <span class='ocrx_word' id='word_1_257' title='bbox 2391 1705 2502 1755; x_wconf 80' lang='lat' dir='ltr'>quod</span> 
     </span>
    </p>
   </div>
   <div class='ocr_carea' id='block_1_12' title="bbox 347 1755 2502 1811">
    <p class='ocr_par' dir='ltr' id='par_1_17' title="bbox 347 1755 2502 1811">
     <span class='ocr_line' id='line_1_25' title="bbox 347 1755 2502 1811; baseline 0.001 -16"><span class='ocrx_word' id='word_1_258' title='bbox 347 1759 453 1796; x_wconf 88' lang='lat' dir='ltr'>Item.</span> <span class='ocrx_word' id='word_1_259' title='bbox 485 1758 588 1795; x_wconf 91' lang='lat' dir='ltr'>Cum</span> <span class='ocrx_word' id='word_1_260' title='bbox 617 1756 780 1794; x_wconf 88' lang='lat' dir='ltr'>iustitiae</span> <span class='ocrx_word' id='word_1_261' title='bbox 800 1763 909 1794; x_wconf 88' lang='lat' dir='ltr'>actus</span> <span class='ocrx_word' id='word_1_262' title='bbox 927 1755 973 1793; x_wconf 88' lang='lat' dir='ltr'>sit</span> <span class='ocrx_word' id='word_1_263' title='bbox 998 1755 1153 1793; x_wconf 87' lang='lat' dir='ltr'>reddere</span> <span class='ocrx_word' id='word_1_264' title='bbox 1171 1757 1370 1804; x_wconf 84' lang='lat' dir='ltr'>unicuique</span> <span class='ocrx_word' id='word_1_265' title='bbox 1425 1763 1481 1792; x_wconf 90' lang='lat' dir='ltr'>est</span> <span class='ocrx_word' id='word_1_266' title='bbox 1508 1755 1712 1794; x_wconf 85' lang='lat' dir='ltr'>creationis</span> <span class='ocrx_word' id='word_1_267' title='bbox 1739 1755 1987 1806; x_wconf 88' lang='lat' dir='ltr'>principium.</span> <span class='ocrx_word' id='word_1_268' title='bbox 2025 1757 2146 1804; x_wconf 90' lang='lat' dir='ltr'>Quod</span> <span class='ocrx_word' id='word_1_269' title='bbox 2181 1757 2343 1808; x_wconf 85' lang='lat' dir='ltr'>quidem</span> <span class='ocrx_word' id='word_1_270' title='bbox 2375 1758 2502 1811; x_wconf 82' lang='lat' dir='ltr'>dupli-</span> 
     </span>
    </p>
   </div>
   <div class='ocr_carea' id='block_1_13' title="bbox 49 1808 2501 1870">
    <p class='ocr_par' dir='ltr' id='par_1_18' title="bbox 49 1808 2501 1870">
     <span class='ocr_line' id='line_1_26' title="bbox 49 1808 2501 1870; baseline 0.003 -26.049"><span class='ocrx_word' id='word_1_271' title='bbox 49 1818 264 1870; x_wconf 51' lang='lat'>&#39;1&#39;231132‘3</span> <span class='ocrx_word' id='word_1_272' title='bbox 294 1812 394 1862; x_wconf 85' lang='lat' dir='ltr'>quod</span> <span class='ocrx_word' id='word_1_273' title='bbox 418 1823 527 1848; x_wconf 79' lang='lat' dir='ltr'>suum</span> <span class='ocrx_word' id='word_1_274' title='bbox 557 1816 608 1847; x_wconf 80' lang='lat' dir='ltr'>est</span> <span class='ocrx_word' id='word_1_275' title='bbox 626 1810 656 1855; x_wconf 64' lang='lat'>²⁸,</span> <span class='ocrx_word' id='word_1_276' title='bbox 686 1817 817 1847; x_wconf 89' lang='lat' dir='ltr'>actum</span> <span class='ocrx_word' id='word_1_277' title='bbox 846 1809 1009 1846; x_wconf 89' lang='lat' dir='ltr'>iustitiae</span> <span class='ocrx_word' id='word_1_278' title='bbox 1038 1809 1234 1859; x_wconf 88' lang='lat' dir='ltr'>praecedit</span> <span class='ocrx_word' id='word_1_279' title='bbox 1261 1816 1369 1846; x_wconf 89' lang='lat' dir='ltr'>actus</span> <span class='ocrx_word' id='word_1_280' title='bbox 1425 1808 1518 1846; x_wconf 83' lang='lat' dir='ltr'>citer</span> <span class='ocrx_word' id='word_1_281' title='bbox 1535 1809 1771 1847; x_wconf 88' lang='lat' dir='ltr'>considerari</span> <span class='ocrx_word' id='word_1_282' title='bbox 1798 1817 1935 1860; x_wconf 90' lang='lat' dir='ltr'>potest.</span> <span class='ocrx_word' id='word_1_283' title='bbox 1965 1811 2051 1860; x_wconf 90' lang='lat' dir='ltr'>Ipsa</span> <span class='ocrx_word' id='word_1_284' title='bbox 2070 1810 2176 1847; x_wconf 89' lang='lat' dir='ltr'>enirn</span> <span class='ocrx_word' id='word_1_285' title='bbox 2195 1810 2329 1849; x_wconf 87' lang='lat' dir='ltr'>divina</span> <span class='ocrx_word' id='word_1_286' title='bbox 2347 1808 2501 1853; x_wconf 76' lang='lat' dir='ltr'>bonitas</span> 
     </span>
    </p>
   </div>
   <div class='ocr_carea' id='block_1_14' title="bbox 52 1861 121 1899">
    <p class='ocr_par' dir='ltr' id='par_1_19' title="bbox 52 1861 121 1899">
     <span class='ocr_line' id='line_1_27' title="bbox 52 1861 121 1899; baseline 0.024 -1.268"><span class='ocrx_word' id='word_1_287' title='bbox 52 1861 121 1899; x_wconf 71' lang='lat'>1&#39;893</span> 
     </span>
    </p>
   </div>
   <div class='ocr_carea' id='block_1_15' title="bbox 50 2720 192 2772">
    <p class='ocr_par' dir='ltr' id='par_1_20' title="bbox 50 2720 192 2772">
     <span class='ocr_line' id='line_1_28' title="bbox 50 2720 192 2745; baseline -0.007 -3"><span class='ocrx_word' id='word_1_288' title='bbox 50 2722 58 2730; x_wconf 87' lang='grc'>·</span> <span class='ocrx_word' id='word_1_289' title='bbox 69 2720 105 2742; x_wconf 87' lang='lat' dir='ltr'>Cf.</span> <span class='ocrx_word' id='word_1_290' title='bbox 119 2721 160 2742; x_wconf 83' lang='lat' dir='ltr'>lib.</span> <span class='ocrx_word' id='word_1_291' title='bbox 175 2720 192 2745; x_wconf 85' lang='lat'>1.</span> 
     </span>
     <span class='ocr_line' id='line_1_29' title="bbox 82 2754 130 2772; baseline 0 0"><span class='ocrx_word' id='word_1_292' title='bbox 82 2754 95 2767; x_wconf 73' lang='lat' dir='ltr'>v</span> <span class='ocrx_word' id='word_1_293' title='bbox 125 2764 130 2772; x_wconf 69' lang='grc' dir='ltr'>ι</span> 
     </span>
    </p>
   </div>
   <div class='ocr_carea' id='block_1_16' title="bbox 54 3196 234 3224">
    <p class='ocr_par' dir='ltr' id='par_1_21' title="bbox 54 3196 234 3224">
     <span class='ocr_line' id='line_1_30' title="bbox 54 3196 234 3224; baseline 0.006 -7"><span class='ocrx_word' id='word_1_294' title='bbox 54 3198 61 3206; x_wconf 90' lang='grc'><strong><em>·</em></strong></span> <span class='ocrx_word' id='word_1_295' title='bbox 72 3196 234 3224; x_wconf 74' lang='lat' dir='ltr'>Lib.1,cap.xi</span> 
     </span>
    </p>
   </div>
   <div class='ocr_carea' id='block_1_17' title="bbox 289 1862 2501 2713">
    <p class='ocr_par' dir='ltr' id='par_1_22' title="bbox 289 1862 2501 2713">
     <span class='ocr_line' id='line_1_31' title="bbox 293 1862 2500 1915; baseline 0.001 -13"><span class='ocrx_word' id='word_1_296' title='bbox 293 1877 374 1915; x_wconf 91' lang='lat' dir='ltr'>quo</span> <span class='ocrx_word' id='word_1_297' title='bbox 394 1864 538 1914; x_wconf 88' lang='lat' dir='ltr'>aliquid</span> <span class='ocrx_word' id='word_1_298' title='bbox 559 1863 721 1900; x_wconf 87' lang='lat' dir='ltr'>alicuius</span> <span class='ocrx_word' id='word_1_299' title='bbox 741 1875 858 1900; x_wconf 89' lang='lat' dir='ltr'>suurn</span> <span class='ocrx_word' id='word_1_300' title='bbox 875 1862 1048 1908; x_wconf 89' lang='lat' dir='ltr'>efficitur,</span> <span class='ocrx_word' id='word_1_301' title='bbox 1075 1862 1174 1900; x_wconf 90' lang='lat' dir='ltr'>sicut</span> <span class='ocrx_word' id='word_1_302' title='bbox 1193 1862 1231 1899; x_wconf 89' lang='lat' dir='ltr'>in</span> <span class='ocrx_word' id='word_1_303' title='bbox 1252 1862 1368 1898; x_wconf 92' lang='lat' dir='ltr'>rebus</span> <span class='ocrx_word' id='word_1_304' title='bbox 1423 1862 1619 1912; x_wconf 90' lang='lat' dir='ltr'>praecedit</span> <span class='ocrx_word' id='word_1_305' title='bbox 1636 1871 1680 1900; x_wconf 89' lang='lat' dir='ltr'>ut</span> <span class='ocrx_word' id='word_1_306' title='bbox 1707 1862 1797 1901; x_wconf 90' lang='lat' dir='ltr'>finis</span> <span class='ocrx_word' id='word_1_307' title='bbox 1825 1870 1862 1901; x_wconf 91' lang='lat' dir='ltr'>et</span> <span class='ocrx_word' id='word_1_308' title='bbox 1889 1862 2063 1912; x_wconf 90' lang='lat' dir='ltr'>primum</span> <span class='ocrx_word' id='word_1_309' title='bbox 2083 1862 2278 1902; x_wconf 87' lang='lat' dir='ltr'>motivum</span> <span class='ocrx_word' id='word_1_310' title='bbox 2298 1863 2348 1902; x_wconf 85' lang='lat' dir='ltr'>ad</span> <span class='ocrx_word' id='word_1_311' title='bbox 2367 1876 2500 1913; x_wconf 78' lang='lat' dir='ltr'>crean-</span> 
     </span>
     <span class='ocr_line' id='line_1_32' title="bbox 293 1908 2500 1967; baseline 0 -12"><span class='ocrx_word' id='word_1_312' title='bbox 293 1917 475 1955; x_wconf 90' lang='lat' dir='ltr'>humanis</span> <span class='ocrx_word' id='word_1_313' title='bbox 503 1924 623 1967; x_wconf 90' lang='lat' dir='ltr'>patet:</span> <span class='ocrx_word' id='word_1_314' title='bbox 654 1915 792 1965; x_wconf 91' lang='lat' dir='ltr'>aliquis</span> <span class='ocrx_word' id='word_1_315' title='bbox 821 1915 926 1953; x_wconf 90' lang='lat' dir='ltr'>enim</span> <span class='ocrx_word' id='word_1_316' title='bbox 955 1915 1169 1953; x_wconf 88' lang='lat' dir='ltr'>laborando</span> <span class='ocrx_word' id='word_1_317' title='bbox 1198 1922 1369 1952; x_wconf 87' lang='lat' dir='ltr'>meretur</span> <span class='ocrx_word' id='word_1_318' title='bbox 1424 1915 1539 1952; x_wconf 90' lang='lat' dir='ltr'>dum:</span> <span class='ocrx_word' id='word_1_319' title='bbox 1570 1915 1791 1954; x_wconf 87' lang='lat' dir='ltr'>secundum</span> <span class='ocrx_word' id='word_1_320' title='bbox 1818 1915 2092 1964; x_wconf 72' lang='lat' dir='ltr'>Augusfinum,</span> <span class='ocrx_word' id='word_1_321' title='bbox 2121 1915 2190 1966; x_wconf 91' lang='lat' dir='ltr'>qui</span> <span class='ocrx_word' id='word_1_322' title='bbox 2219 1916 2309 1956; x_wconf 86' lang='lat' dir='ltr'>dicit</span> <span class='ocrx_word' id='word_1_323' title='bbox 2326 1917 2364 1956; x_wconf 80' lang='lat' dir='ltr'>*z</span> <span class='ocrx_word' id='word_1_324' title='bbox 2388 1908 2500 1967; x_wconf 75' lang='lat' dir='ltr'>Qia</span> 
     </span>
     <span class='ocr_line' id='line_1_33' title="bbox 292 1967 2501 2019; baseline 0.002 -11"><span class='ocrx_word' id='word_1_325' title='bbox 292 1983 410 2008; x_wconf 90' lang='lat' dir='ltr'>suum</span> <span class='ocrx_word' id='word_1_326' title='bbox 439 1970 539 2008; x_wconf 82' lang='lat' dir='ltr'>effici</span> <span class='ocrx_word' id='word_1_327' title='bbox 567 1969 675 2019; x_wconf 92' lang='lat' dir='ltr'>quod</span> <span class='ocrx_word' id='word_1_328' title='bbox 705 1968 912 2006; x_wconf 87' lang='lat' dir='ltr'>retributor</span> <span class='ocrx_word' id='word_1_329' title='bbox 939 1981 1009 2018; x_wconf 91' lang='lat' dir='ltr'>per</span> <span class='ocrx_word' id='word_1_330' title='bbox 1037 1976 1168 2006; x_wconf 90' lang='lat' dir='ltr'>actum</span> <span class='ocrx_word' id='word_1_331' title='bbox 1203 1967 1526 2006; x_wconf 66' lang='lat' dir='ltr'>iustitiae15Deus</span> <span class='ocrx_word' id='word_1_332' title='bbox 1557 1970 1676 2006; x_wconf 83' lang='lat' dir='ltr'>bonus</span> <span class='ocrx_word' id='word_1_333' title='bbox 1712 1975 1774 2015; x_wconf 84' lang='lat' dir='ltr'>est,</span> <span class='ocrx_word' id='word_1_334' title='bbox 1802 1981 1947 2007; x_wconf 83' lang='lat' dir='ltr'>sumus.</span> <span class='ocrx_word' id='word_1_335' title='bbox 1979 1968 2147 2008; x_wconf 80' lang='lat' dir='ltr'>Scientia</span> <span class='ocrx_word' id='word_1_336' title='bbox 2179 1978 2311 2009; x_wconf 85' lang='lat' dir='ltr'>autem</span> <span class='ocrx_word' id='word_1_337' title='bbox 2347 1970 2434 2011; x_wconf 74' lang='lat' dir='ltr'>eius</span> <span class='ocrx_word' id='word_1_338' title='bbox 2453 1979 2501 2011; x_wconf 66' lang='lat' dir='ltr'>Bt</span> 
     </span>
     <span class='ocr_line' id='line_1_34' title="bbox 291 2020 2499 2086; baseline 0.001 -25"><span class='ocrx_word' id='word_1_339' title='bbox 291 2024 363 2062; x_wconf 89' lang='lat' dir='ltr'>sibi</span> <span class='ocrx_word' id='word_1_340' title='bbox 392 2023 527 2060; x_wconf 91' lang='lat' dir='ltr'>reddit.</span> <span class='ocrx_word' id='word_1_341' title='bbox 562 2024 625 2060; x_wconf 87' lang='lat' dir='ltr'>Ille</span> <span class='ocrx_word' id='word_1_342' title='bbox 658 2022 772 2070; x_wconf 89' lang='lat' dir='ltr'>igitur</span> <span class='ocrx_word' id='word_1_343' title='bbox 808 2029 916 2059; x_wconf 89' lang='lat' dir='ltr'>actus</span> <span class='ocrx_word' id='word_1_344' title='bbox 943 2034 1024 2071; x_wconf 91' lang='lat' dir='ltr'>quo</span> <span class='ocrx_word' id='word_1_345' title='bbox 1057 2021 1186 2071; x_wconf 89' lang='lat' dir='ltr'>primo</span> <span class='ocrx_word' id='word_1_346' title='bbox 1221 2020 1367 2070; x_wconf 89' lang='lat' dir='ltr'>aliquid</span> <span class='ocrx_word' id='word_1_347' title='bbox 1423 2023 1604 2059; x_wconf 82' lang='lat' dir='ltr'>voluntas</span> <span class='ocrx_word' id='word_1_348' title='bbox 1631 2022 1869 2072; x_wconf 85' lang='lat' dir='ltr'>praecedunt</span> <span class='ocrx_word' id='word_1_349' title='bbox 1897 2022 1995 2060; x_wconf 92' lang='lat' dir='ltr'>sicut</span> <span class='ocrx_word' id='word_1_350' title='bbox 2022 2035 2068 2060; x_wconf 87' lang='lat' dir='ltr'>ea</span> <span class='ocrx_word' id='word_1_351' title='bbox 2096 2023 2240 2073; x_wconf 89' lang='lat' dir='ltr'>quibus</span> <span class='ocrx_word' id='word_1_352' title='bbox 2267 2035 2328 2061; x_wconf 87' lang='lat' dir='ltr'>res</span> <span class='ocrx_word' id='word_1_353' title='bbox 2356 2023 2396 2062; x_wconf 87' lang='lat' dir='ltr'>in</span> <span class='ocrx_word' id='word_1_354' title='bbox 2414 2035 2499 2086; x_wconf 78' lang='lat' dir='ltr'>esse</span> 
     </span>
     <span class='ocr_line' id='line_1_35' title="bbox 291 2073 1710 2137; baseline -0.001 -22"><span class='ocrx_word' id='word_1_355' title='bbox 291 2089 409 2115; x_wconf 90' lang='lat' dir='ltr'>suum</span> <span class='ocrx_word' id='word_1_356' title='bbox 437 2076 599 2114; x_wconf 89' lang='lat' dir='ltr'>alicuius</span> <span class='ocrx_word' id='word_1_357' title='bbox 627 2075 802 2120; x_wconf 85' lang='lat' dir='ltr'>efficitur,</span> <span class='ocrx_word' id='word_1_358' title='bbox 824 2087 904 2114; x_wconf 91' lang='lat' dir='ltr'>non</span> <span class='ocrx_word' id='word_1_359' title='bbox 933 2082 1060 2124; x_wconf 89' lang='lat' dir='ltr'>potest</span> <span class='ocrx_word' id='word_1_360' title='bbox 1079 2087 1162 2112; x_wconf 90' lang='lat' dir='ltr'>esse</span> <span class='ocrx_word' id='word_1_361' title='bbox 1182 2082 1290 2112; x_wconf 86' lang='lat' dir='ltr'>actus</span> <span class='ocrx_word' id='word_1_362' title='bbox 1309 2073 1367 2112; x_wconf 87' lang='lat' dir='ltr'>iu·</span> <span class='ocrx_word' id='word_1_363' title='bbox 1422 2075 1710 2137; x_wconf 51' lang='lat' dir='ltr'>producuntur:</span> 
     </span>
     <span class='ocr_line' id='line_1_36' title="bbox 290 2127 2501 2182; baseline 0.001 -15"><span class='ocrx_word' id='word_1_364' title='bbox 290 2130 421 2168; x_wconf 89' lang='lat' dir='ltr'>stitiae.</span> <span class='ocrx_word' id='word_1_365' title='bbox 453 2130 531 2167; x_wconf 92' lang='lat' dir='ltr'>Sed</span> <span class='ocrx_word' id='word_1_366' title='bbox 558 2141 628 2179; x_wconf 91' lang='lat' dir='ltr'>per</span> <span class='ocrx_word' id='word_1_367' title='bbox 655 2128 892 2166; x_wconf 89' lang='lat' dir='ltr'>creationem</span> <span class='ocrx_word' id='word_1_368' title='bbox 922 2140 983 2165; x_wconf 90' lang='lat' dir='ltr'>res</span> <span class='ocrx_word' id='word_1_369' title='bbox 1011 2136 1138 2166; x_wconf 88' lang='lat' dir='ltr'>creata</span> <span class='ocrx_word' id='word_1_370' title='bbox 1161 2128 1290 2178; x_wconf 87' lang='lat' dir='ltr'>primo</span> <span class='ocrx_word' id='word_1_371' title='bbox 1310 2127 1365 2164; x_wconf 91' lang='lat' dir='ltr'>in·</span> <span class='ocrx_word' id='word_1_372' title='bbox 1477 2128 1517 2166; x_wconf 91' lang='lat' dir='ltr'>Si</span> <span class='ocrx_word' id='word_1_373' title='bbox 1552 2128 1667 2178; x_wconf 84' lang='lat' dir='ltr'>igitur</span> <span class='ocrx_word' id='word_1_374' title='bbox 1700 2129 1825 2180; x_wconf 86' lang='lat' dir='ltr'>ipsam</span> <span class='ocrx_word' id='word_1_375' title='bbox 1863 2128 2037 2167; x_wconf 83' lang='lat' dir='ltr'>divinam</span> <span class='ocrx_word' id='word_1_376' title='bbox 2075 2130 2289 2176; x_wconf 85' lang='lat' dir='ltr'>bonitatem</span> <span class='ocrx_word' id='word_1_377' title='bbox 2323 2130 2501 2182; x_wconf 73' lang='lat' dir='ltr'>absolute</span> 
     </span>
     <span class='ocr_line' id='line_1_37' title="bbox 290 2180 2498 2233; baseline 0.001 -13"><span class='ocrx_word' id='word_1_378' title='bbox 290 2183 380 2233; x_wconf 89' lang='lat' dir='ltr'>cipit</span> <span class='ocrx_word' id='word_1_379' title='bbox 399 2182 543 2233; x_wconf 88' lang='lat' dir='ltr'>aliquid</span> <span class='ocrx_word' id='word_1_380' title='bbox 573 2194 690 2220; x_wconf 91' lang='lat' dir='ltr'>suum</span> <span class='ocrx_word' id='word_1_381' title='bbox 719 2181 874 2219; x_wconf 89' lang='lat' dir='ltr'>habere.</span> <span class='ocrx_word' id='word_1_382' title='bbox 905 2182 999 2219; x_wconf 91' lang='lat' dir='ltr'>Non</span> <span class='ocrx_word' id='word_1_383' title='bbox 1026 2180 1139 2231; x_wconf 83' lang='lat' dir='ltr'>igitur</span> <span class='ocrx_word' id='word_1_384' title='bbox 1157 2181 1300 2220; x_wconf 88' lang='lat' dir='ltr'>creatio</span> <span class='ocrx_word' id='word_1_385' title='bbox 1320 2193 1366 2218; x_wconf 89' lang='lat' dir='ltr'>ex</span> <span class='ocrx_word' id='word_1_386' title='bbox 1422 2181 1728 2230; x_wconf 89' lang='lat' dir='ltr'>consideremus,</span> <span class='ocrx_word' id='word_1_387' title='bbox 1758 2183 1911 2220; x_wconf 90' lang='lat' dir='ltr'>nullum</span> <span class='ocrx_word' id='word_1_388' title='bbox 1938 2182 2115 2222; x_wconf 90' lang='lat' dir='ltr'>debitum</span> <span class='ocrx_word' id='word_1_389' title='bbox 2148 2183 2188 2222; x_wconf 89' lang='lat' dir='ltr'>in</span> <span class='ocrx_word' id='word_1_390' title='bbox 2219 2183 2412 2224; x_wconf 78' lang='lat' dir='ltr'>creatione</span> <span class='ocrx_word' id='word_1_391' title='bbox 2436 2196 2498 2231; x_wconf 70' lang='lat' dir='ltr'>re·</span> 
     </span>
     <span class='ocr_line' id='line_1_38' title="bbox 290 2234 2498 2288; baseline 0.001 -14"><span class='ocrx_word' id='word_1_392' title='bbox 290 2237 420 2277; x_wconf 76' lang='lat' dir='ltr'>debito</span> <span class='ocrx_word' id='word_1_393' title='bbox 450 2235 612 2273; x_wconf 89' lang='lat' dir='ltr'>iustitiae</span> <span class='ocrx_word' id='word_1_394' title='bbox 640 2235 826 2284; x_wconf 89' lang='lat' dir='ltr'>procedit.</span> <span class='ocrx_word' id='word_1_395' title='bbox 1383 2247 1512 2273; x_wconf 67' lang='lat' dir='ltr'>mrum</span> <span class='ocrx_word' id='word_1_396' title='bbox 1541 2235 1607 2273; x_wconf 85' lang='lat' dir='ltr'>inv</span> <span class='ocrx_word' id='word_1_397' title='bbox 1610 2236 1775 2274; x_wconf 91' lang='lat' dir='ltr'>enimus.</span> <span class='ocrx_word' id='word_1_398' title='bbox 1806 2235 1955 2274; x_wconf 91' lang='lat' dir='ltr'>Dicitur</span> <span class='ocrx_word' id='word_1_399' title='bbox 1982 2237 2088 2274; x_wconf 90' lang='lat' dir='ltr'>enim</span> <span class='ocrx_word' id='word_1_400' title='bbox 2107 2249 2189 2275; x_wconf 90' lang='lat' dir='ltr'>uno</span> <span class='ocrx_word' id='word_1_401' title='bbox 2208 2237 2331 2275; x_wconf 92' lang='lat' dir='ltr'>modo</span> <span class='ocrx_word' id='word_1_402' title='bbox 2350 2234 2498 2288; x_wconf 81' lang='lat' dir='ltr'>aliquid</span> 
     </span>
     <span class='ocr_line' id='line_1_39' title="bbox 344 2287 2497 2352; baseline 0.001 -26"><span class='ocrx_word' id='word_1_403' title='bbox 344 2291 556 2327; x_wconf 86' lang='lat' dir='ltr'>Praeterea.</span> <span class='ocrx_word' id='word_1_404' title='bbox 587 2290 728 2326; x_wconf 90' lang='lat' dir='ltr'>Nullus</span> <span class='ocrx_word' id='word_1_405' title='bbox 757 2288 872 2325; x_wconf 86' lang='lat' dir='ltr'>debet</span> <span class='ocrx_word' id='word_1_406' title='bbox 900 2287 1045 2338; x_wconf 90' lang='lat' dir='ltr'>aliquid</span> <span class='ocrx_word' id='word_1_407' title='bbox 1074 2288 1178 2325; x_wconf 86' lang='lat' dir='ltr'>alteri</span> <span class='ocrx_word' id='word_1_408' title='bbox 1206 2288 1277 2325; x_wconf 91' lang='lat' dir='ltr'>nisi</span> <span class='ocrx_word' id='word_1_409' title='bbox 1297 2300 1368 2337; x_wconf 90' lang='lat' dir='ltr'>per</span> <span class='ocrx_word' id='word_1_410' title='bbox 1422 2288 1535 2326; x_wconf 90' lang='lat' dir='ltr'>alicui</span> <span class='ocrx_word' id='word_1_411' title='bbox 1563 2290 1740 2327; x_wconf 87' lang='lat' dir='ltr'>debitum</span> <span class='ocrx_word' id='word_1_412' title='bbox 1760 2302 1807 2327; x_wconf 91' lang='lat' dir='ltr'>ex</span> <span class='ocrx_word' id='word_1_413' title='bbox 1827 2289 1963 2327; x_wconf 91' lang='lat' dir='ltr'>ordine</span> <span class='ocrx_word' id='word_1_414' title='bbox 1983 2290 2138 2328; x_wconf 86' lang='lat' dir='ltr'>alterius</span> <span class='ocrx_word' id='word_1_415' title='bbox 2157 2290 2235 2328; x_wconf 90' lang='lat' dir='ltr'>ad</span> <span class='ocrx_word' id='word_1_416' title='bbox 2226 2303 2367 2352; x_wconf 80' lang='lat' dir='ltr'>ipsum,</span> <span class='ocrx_word' id='word_1_417' title='bbox 2388 2291 2497 2341; x_wconf 88' lang='lat' dir='ltr'>quod</span> 
     </span>
     <span class='ocr_line' id='line_1_40' title="bbox 291 2341 2496 2394; baseline 0.001 -14"><span class='ocrx_word' id='word_1_418' title='bbox 291 2344 367 2380; x_wconf 93' lang='lat' dir='ltr'>hoc</span> <span class='ocrx_word' id='word_1_419' title='bbox 386 2343 494 2392; x_wconf 91' lang='lat' dir='ltr'>quod</span> <span class='ocrx_word' id='word_1_420' title='bbox 514 2342 728 2391; x_wconf 87' lang='lat' dir='ltr'>aliqualiter</span> <span class='ocrx_word' id='word_1_421' title='bbox 747 2342 940 2391; x_wconf 90' lang='lat' dir='ltr'>dependet</span> <span class='ocrx_word' id='word_1_422' title='bbox 959 2342 1008 2378; x_wconf 91' lang='lat' dir='ltr'>ab</span> <span class='ocrx_word' id='word_1_423' title='bbox 1025 2341 1122 2391; x_wconf 85' lang='lat' dir='ltr'>ipso,</span> <span class='ocrx_word' id='word_1_424' title='bbox 1138 2342 1201 2379; x_wconf 91' lang='lat' dir='ltr'>vel</span> <span class='ocrx_word' id='word_1_425' title='bbox 1220 2341 1365 2390; x_wconf 88' lang='lat' dir='ltr'>aliquid</span> <span class='ocrx_word' id='word_1_426' title='bbox 1422 2341 1562 2380; x_wconf 91' lang='lat' dir='ltr'>scilicet</span> <span class='ocrx_word' id='word_1_427' title='bbox 1590 2344 1630 2381; x_wconf 91' lang='lat' dir='ltr'>in</span> <span class='ocrx_word' id='word_1_428' title='bbox 1658 2343 1789 2394; x_wconf 90' lang='lat' dir='ltr'>ipsum</span> <span class='ocrx_word' id='word_1_429' title='bbox 1818 2343 1933 2381; x_wconf 89' lang='lat' dir='ltr'>debet</span> <span class='ocrx_word' id='word_1_430' title='bbox 1961 2344 2100 2381; x_wconf 87' lang='lat' dir='ltr'>referre</span> <span class='ocrx_word' id='word_1_431' title='bbox 2128 2343 2237 2394; x_wconf 93' lang='lat' dir='ltr'>quod</span> <span class='ocrx_word' id='word_1_432' title='bbox 2257 2344 2334 2381; x_wconf 91' lang='lat' dir='ltr'>ab</span> <span class='ocrx_word' id='word_1_433' title='bbox 2325 2356 2411 2394; x_wconf 84' lang='lat' dir='ltr'>ipso</span> <span class='ocrx_word' id='word_1_434' title='bbox 2435 2356 2496 2382; x_wconf 84' lang='lat' dir='ltr'>ac-</span> 
     </span>
     <span class='ocr_line' id='line_1_41' title="bbox 291 2394 2496 2448; baseline 0 -14"><span class='ocrx_word' id='word_1_435' title='bbox 291 2395 427 2445; x_wconf 89' lang='lat' dir='ltr'>accipit</span> <span class='ocrx_word' id='word_1_436' title='bbox 455 2395 504 2433; x_wconf 92' lang='lat' dir='ltr'>ab</span> <span class='ocrx_word' id='word_1_437' title='bbox 533 2408 580 2432; x_wconf 90' lang='lat' dir='ltr'>eo</span> <span class='ocrx_word' id='word_1_438' title='bbox 610 2396 672 2432; x_wconf 86' lang='lat' dir='ltr'>vel</span> <span class='ocrx_word' id='word_1_439' title='bbox 700 2394 749 2432; x_wconf 93' lang='lat' dir='ltr'>ab</span> <span class='ocrx_word' id='word_1_440' title='bbox 778 2396 908 2440; x_wconf 87' lang='lat' dir='ltr'>altero,</span> <span class='ocrx_word' id='word_1_441' title='bbox 939 2394 1086 2432; x_wconf 86' lang='lat' dir='ltr'>ratione</span> <span class='ocrx_word' id='word_1_442' title='bbox 1119 2394 1230 2432; x_wconf 91' lang='lat' dir='ltr'>cuius</span> <span class='ocrx_word' id='word_1_443' title='bbox 1259 2394 1364 2431; x_wconf 90' lang='lat' dir='ltr'>alteri</span> <span class='ocrx_word' id='word_1_444' title='bbox 1421 2395 1539 2445; x_wconf 88' lang='lat' dir='ltr'>cepit:</span> <span class='ocrx_word' id='word_1_445' title='bbox 1571 2396 1668 2435; x_wconf 92' lang='lat' dir='ltr'>sicut</span> <span class='ocrx_word' id='word_1_446' title='bbox 1695 2397 1872 2434; x_wconf 90' lang='lat' dir='ltr'>debiturn</span> <span class='ocrx_word' id='word_1_447' title='bbox 1901 2404 1956 2434; x_wconf 91' lang='lat' dir='ltr'>est</span> <span class='ocrx_word' id='word_1_448' title='bbox 1983 2396 2218 2435; x_wconf 87' lang='lat' dir='ltr'>benefactori</span> <span class='ocrx_word' id='word_1_449' title='bbox 2246 2398 2354 2448; x_wconf 89' lang='lat' dir='ltr'>quod</span> <span class='ocrx_word' id='word_1_450' title='bbox 2384 2396 2419 2435; x_wconf 87' lang='lat' dir='ltr'>ei</span> <span class='ocrx_word' id='word_1_451' title='bbox 2446 2397 2496 2435; x_wconf 89' lang='lat' dir='ltr'>de</span> 
     </span>
     <span class='ocr_line' id='line_1_42' title="bbox 290 2448 2495 2502; baseline 0.001 -16"><span class='ocrx_word' id='word_1_452' title='bbox 290 2450 421 2486; x_wconf 90' lang='lat' dir='ltr'>debet:</span> <span class='ocrx_word' id='word_1_453' title='bbox 453 2448 506 2486; x_wconf 89' lang='lat' dir='ltr'>sic</span> <span class='ocrx_word' id='word_1_454' title='bbox 534 2448 640 2485; x_wconf 87' lang='lat' dir='ltr'>enim</span> <span class='ocrx_word' id='word_1_455' title='bbox 667 2448 771 2486; x_wconf 87' lang='lat' dir='ltr'>filius</span> <span class='ocrx_word' id='word_1_456' title='bbox 799 2456 856 2486; x_wconf 91' lang='lat' dir='ltr'>est</span> <span class='ocrx_word' id='word_1_457' title='bbox 883 2448 1036 2486; x_wconf 88' lang='lat' dir='ltr'>debitor</span> <span class='ocrx_word' id='word_1_458' title='bbox 1061 2448 1172 2497; x_wconf 90' lang='lat' dir='ltr'>patri,</span> <span class='ocrx_word' id='word_1_459' title='bbox 1192 2448 1285 2498; x_wconf 86' lang='lat' dir='ltr'>quia</span> <span class='ocrx_word' id='word_1_460' title='bbox 1303 2459 1364 2485; x_wconf 89' lang='lat' dir='ltr'>ac·</span> <span class='ocrx_word' id='word_1_461' title='bbox 1421 2449 1620 2487; x_wconf 90' lang='lat' dir='ltr'>beneficiis</span> <span class='ocrx_word' id='word_1_462' title='bbox 1647 2450 1788 2500; x_wconf 81' lang='lat' dir='ltr'>gratiae</span> <span class='ocrx_word' id='word_1_463' title='bbox 1817 2457 1990 2499; x_wconf 79' lang='lat' dir='ltr'>agantur,</span> <span class='ocrx_word' id='word_1_464' title='bbox 2010 2450 2244 2502; x_wconf 85' lang='lat' dir='ltr'>inquantum</span> <span class='ocrx_word' id='word_1_465' title='bbox 2265 2451 2326 2489; x_wconf 90' lang='lat' dir='ltr'>ille</span> <span class='ocrx_word' id='word_1_466' title='bbox 2345 2450 2414 2501; x_wconf 91' lang='lat' dir='ltr'>qui</span> <span class='ocrx_word' id='word_1_467' title='bbox 2433 2462 2495 2488; x_wconf 87' lang='lat' dir='ltr'>ac·</span> 
     </span>
     <span class='ocr_line' id='line_1_43' title="bbox 289 2500 2496 2552; baseline 0.001 -12"><span class='ocrx_word' id='word_1_468' title='bbox 289 2502 379 2552; x_wconf 89' lang='lat' dir='ltr'>cipit</span> <span class='ocrx_word' id='word_1_469' title='bbox 407 2514 490 2539; x_wconf 90' lang='lat' dir='ltr'>esse</span> <span class='ocrx_word' id='word_1_470' title='bbox 519 2502 567 2538; x_wconf 90' lang='lat' dir='ltr'>ab</span> <span class='ocrx_word' id='word_1_471' title='bbox 597 2513 664 2547; x_wconf 88' lang='lat' dir='ltr'>eo;</span> <span class='ocrx_word' id='word_1_472' title='bbox 695 2500 880 2538; x_wconf 89' lang='lat' dir='ltr'>dominus</span> <span class='ocrx_word' id='word_1_473' title='bbox 909 2501 1096 2547; x_wconf 85' lang='lat' dir='ltr'>ministro,</span> <span class='ocrx_word' id='word_1_474' title='bbox 1126 2500 1217 2551; x_wconf 86' lang='lat' dir='ltr'>quia</span> <span class='ocrx_word' id='word_1_475' title='bbox 1246 2500 1295 2538; x_wconf 87' lang='lat' dir='ltr'>ab</span> <span class='ocrx_word' id='word_1_476' title='bbox 1315 2513 1363 2538; x_wconf 90' lang='lat' dir='ltr'>eo</span> <span class='ocrx_word' id='word_1_477' title='bbox 1380 2501 1520 2551; x_wconf 65' lang='lat' dir='ltr'>:scepit</span> <span class='ocrx_word' id='word_1_478' title='bbox 1539 2502 1776 2541; x_wconf 88' lang='lat' dir='ltr'>beneficium</span> <span class='ocrx_word' id='word_1_479' title='bbox 1797 2504 1874 2541; x_wconf 84' lang='lat' dir='ltr'>hoc</span> <span class='ocrx_word' id='word_1_480' title='bbox 1898 2503 1933 2540; x_wconf 89' lang='lat' dir='ltr'>ei</span> <span class='ocrx_word' id='word_1_481' title='bbox 1956 2503 2082 2542; x_wconf 91' lang='lat' dir='ltr'>debet.</span> <span class='ocrx_word' id='word_1_482' title='bbox 2108 2503 2182 2541; x_wconf 90' lang='lat' dir='ltr'>Hic</span> <span class='ocrx_word' id='word_1_483' title='bbox 2201 2512 2332 2542; x_wconf 87' lang='lat' dir='ltr'>tamen</span> <span class='ocrx_word' id='word_1_484' title='bbox 2351 2504 2496 2542; x_wconf 87' lang='lat' dir='ltr'>modus</span> 
     </span>
     <span class='ocr_line' id='line_1_44' title="bbox 290 2554 2494 2605; baseline 0.001 -12"><span class='ocrx_word' id='word_1_485' title='bbox 290 2555 425 2605; x_wconf 90' lang='lat' dir='ltr'>accipit</span> <span class='ocrx_word' id='word_1_486' title='bbox 444 2555 673 2592; x_wconf 84' lang='lat' dir='ltr'>famulatum</span> <span class='ocrx_word' id='word_1_487' title='bbox 693 2567 773 2604; x_wconf 92' lang='lat' dir='ltr'>quo</span> <span class='ocrx_word' id='word_1_488' title='bbox 794 2554 953 2603; x_wconf 86' lang='lat' dir='ltr'>indiget;</span> <span class='ocrx_word' id='word_1_489' title='bbox 983 2555 1112 2592; x_wconf 89' lang='lat' dir='ltr'>omnis</span> <span class='ocrx_word' id='word_1_490' title='bbox 1132 2556 1254 2592; x_wconf 89' lang='lat' dir='ltr'>homo</span> <span class='ocrx_word' id='word_1_491' title='bbox 1275 2566 1363 2604; x_wconf 91' lang='lat' dir='ltr'>pro·</span> <span class='ocrx_word' id='word_1_492' title='bbox 1420 2555 1566 2594; x_wconf 91' lang='lat' dir='ltr'>debiti</span> <span class='ocrx_word' id='word_1_493' title='bbox 1558 2569 1596 2594; x_wconf 89' lang='lat' dir='ltr'>m</span> <span class='ocrx_word' id='word_1_494' title='bbox 1617 2569 1749 2594; x_wconf 89' lang='lat' dir='ltr'>rerum</span> <span class='ocrx_word' id='word_1_495' title='bbox 1769 2556 1962 2594; x_wconf 88' lang='lat' dir='ltr'>creatione</span> <span class='ocrx_word' id='word_1_496' title='bbox 1982 2559 2114 2595; x_wconf 91' lang='lat' dir='ltr'>locum</span> <span class='ocrx_word' id='word_1_497' title='bbox 2134 2569 2215 2594; x_wconf 91' lang='lat' dir='ltr'>non</span> <span class='ocrx_word' id='word_1_498' title='bbox 2238 2558 2372 2596; x_wconf 88' lang='lat' dir='ltr'>habet.</span> <span class='ocrx_word' id='word_1_499' title='bbox 2402 2569 2494 2595; x_wconf 86' lang='lat' dir='ltr'>cum</span> 
     </span>
     <span class='ocr_line' id='line_1_45' title="bbox 290 2608 2495 2662; baseline 0.001 -16"><span class='ocrx_word' id='word_1_500' title='bbox 290 2608 395 2646; x_wconf 91' lang='lat' dir='ltr'>ximo</span> <span class='ocrx_word' id='word_1_501' title='bbox 424 2616 582 2658; x_wconf 88' lang='lat' dir='ltr'>propter</span> <span class='ocrx_word' id='word_1_502' title='bbox 610 2608 751 2654; x_wconf 89' lang='lat' dir='ltr'>Deum,</span> <span class='ocrx_word' id='word_1_503' title='bbox 775 2620 797 2645; x_wconf 91' lang='lat' dir='ltr'>a</span> <span class='ocrx_word' id='word_1_504' title='bbox 825 2620 906 2658; x_wconf 93' lang='lat' dir='ltr'>quo</span> <span class='ocrx_word' id='word_1_505' title='bbox 935 2608 1039 2645; x_wconf 90' lang='lat' dir='ltr'>bona</span> <span class='ocrx_word' id='word_1_506' title='bbox 1068 2616 1206 2646; x_wconf 85' lang='lat' dir='ltr'>cuncta</span> <span class='ocrx_word' id='word_1_507' title='bbox 1236 2620 1363 2645; x_wconf 88' lang='lat' dir='ltr'>susce·</span> <span class='ocrx_word' id='word_1_508' title='bbox 1420 2621 1501 2647; x_wconf 92' lang='lat' dir='ltr'>non</span> <span class='ocrx_word' id='word_1_509' title='bbox 1521 2609 1567 2647; x_wconf 92' lang='lat' dir='ltr'>sit</span> <span class='ocrx_word' id='word_1_510' title='bbox 1586 2610 1730 2661; x_wconf 89' lang='lat' dir='ltr'>aliquid</span> <span class='ocrx_word' id='word_1_511' title='bbox 1759 2610 2020 2660; x_wconf 88' lang='lat' dir='ltr'>praeexistens</span> <span class='ocrx_word' id='word_1_512' title='bbox 2038 2610 2101 2648; x_wconf 93' lang='lat' dir='ltr'>cui</span> <span class='ocrx_word' id='word_1_513' title='bbox 2124 2610 2246 2661; x_wconf 90' lang='lat' dir='ltr'>possit</span> <span class='ocrx_word' id='word_1_514' title='bbox 2273 2618 2495 2662; x_wconf 88' lang='lat' dir='ltr'>competere</span> 
     </span>
     <span class='ocr_line' id='line_1_46' title="bbox 289 2660 2495 2713; baseline 0.002 -15"><span class='ocrx_word' id='word_1_515' title='bbox 289 2661 430 2711; x_wconf 91' lang='lat' dir='ltr'>pimus.</span> <span class='ocrx_word' id='word_1_516' title='bbox 461 2661 538 2699; x_wconf 89' lang='lat' dir='ltr'>Sed</span> <span class='ocrx_word' id='word_1_517' title='bbox 566 2661 675 2698; x_wconf 92' lang='lat' dir='ltr'>Deus</span> <span class='ocrx_word' id='word_1_518' title='bbox 703 2674 726 2698; x_wconf 85' lang='lat' dir='ltr'>a</span> <span class='ocrx_word' id='word_1_519' title='bbox 754 2662 861 2699; x_wconf 90' lang='lat' dir='ltr'>nullo</span> <span class='ocrx_word' id='word_1_520' title='bbox 891 2661 1095 2711; x_wconf 86' lang='lat' dir='ltr'>dependet,</span> <span class='ocrx_word' id='word_1_521' title='bbox 1122 2673 1195 2699; x_wconf 91' lang='lat' dir='ltr'>nec</span> <span class='ocrx_word' id='word_1_522' title='bbox 1221 2660 1363 2709; x_wconf 83' lang='lat' dir='ltr'>indiget</span> <span class='ocrx_word' id='word_1_523' title='bbox 1419 2662 1564 2712; x_wconf 87' lang='lat' dir='ltr'>aliquid</span> <span class='ocrx_word' id='word_1_524' title='bbox 1584 2664 1670 2701; x_wconf 92' lang='lat' dir='ltr'>Deo</span> <span class='ocrx_word' id='word_1_525' title='bbox 1690 2663 1844 2708; x_wconf 85' lang='lat' dir='ltr'>debere,</span> <span class='ocrx_word' id='word_1_526' title='bbox 1866 2675 1938 2702; x_wconf 90' lang='lat' dir='ltr'>nec</span> <span class='ocrx_word' id='word_1_527' title='bbox 1957 2663 2117 2713; x_wconf 87' lang='lat' dir='ltr'>aliquod</span> <span class='ocrx_word' id='word_1_528' title='bbox 2146 2663 2229 2702; x_wconf 92' lang='lat' dir='ltr'>eius</span> <span class='ocrx_word' id='word_1_529' title='bbox 2257 2663 2495 2703; x_wconf 86' lang='lat' dir='ltr'>beneficium</span> 
     </span>
    </p>
   </div>
   <div class='ocr_carea' id='block_1_18' title="bbox 210 2714 2494 2768">
    <p class='ocr_par' dir='ltr' id='par_1_23' title="bbox 210 2714 2494 2768">
     <span class='ocr_line' id='line_1_47' title="bbox 210 2714 2494 2768; baseline 0.001 -16"><span class='ocrx_word' id='word_1_530' title='bbox 210 2726 260 2747; x_wconf 60' lang='grc' dir='ltr'>ω’,-</span> <span class='ocrx_word' id='word_1_531' title='bbox 289 2715 420 2764; x_wconf 90' lang='lat' dir='ltr'>aliquo</span> <span class='ocrx_word' id='word_1_532' title='bbox 435 2715 543 2764; x_wconf 91' lang='lat' dir='ltr'>quod</span> <span class='ocrx_word' id='word_1_533' title='bbox 563 2715 612 2751; x_wconf 91' lang='lat' dir='ltr'>ab</span> <span class='ocrx_word' id='word_1_534' title='bbox 633 2716 751 2751; x_wconf 89' lang='lat' dir='ltr'>altero</span> <span class='ocrx_word' id='word_1_535' title='bbox 767 2714 958 2764; x_wconf 90' lang='lat' dir='ltr'>suscipiat,</span> <span class='ocrx_word' id='word_1_536' title='bbox 974 2723 1016 2751; x_wconf 89' lang='lat' dir='ltr'>ut</span> <span class='ocrx_word' id='word_1_537' title='bbox 1030 2727 1077 2752; x_wconf 91' lang='lat' dir='ltr'>ex</span> <span class='ocrx_word' id='word_1_538' title='bbox 1093 2714 1240 2764; x_wconf 79' lang='lat' dir='ltr'>supra*</span> <span class='ocrx_word' id='word_1_539' title='bbox 1255 2714 1364 2753; x_wconf 91' lang='lat' dir='ltr'>dictis</span> <span class='ocrx_word' id='word_1_540' title='bbox 1418 2717 1658 2765; x_wconf 84' lang='lat' dir='ltr'>praeexistat.</span> <span class='ocrx_word' id='word_1_541' title='bbox 1679 2740 1704 2744; x_wconf 98' lang='lat'><em>-</em></span> <span class='ocrx_word' id='word_1_542' title='bbox 1725 2717 1811 2754; x_wconf 91' lang='lat' dir='ltr'>Alio</span> <span class='ocrx_word' id='word_1_543' title='bbox 1831 2718 1953 2756; x_wconf 87' lang='lat' dir='ltr'>modo</span> <span class='ocrx_word' id='word_1_544' title='bbox 1973 2717 2113 2756; x_wconf 90' lang='lat' dir='ltr'>dicitur</span> <span class='ocrx_word' id='word_1_545' title='bbox 2131 2717 2276 2768; x_wconf 89' lang='lat' dir='ltr'>aliquid</span> <span class='ocrx_word' id='word_1_546' title='bbox 2295 2717 2410 2755; x_wconf 87' lang='lat' dir='ltr'>alicui</span> <span class='ocrx_word' id='word_1_547' title='bbox 2428 2717 2494 2756; x_wconf 88' lang='lat' dir='ltr'>de·</span> 
     </span>
    </p>
   </div>
   <div class='ocr_carea' id='block_1_19' title="bbox 50 2752 238 2773">
    <p class='ocr_par' dir='ltr' id='par_1_24' title="bbox 50 2752 238 2773">
     <span class='ocr_line' id='line_1_48' title="bbox 50 2752 238 2773; baseline 0 -5"><span class='ocrx_word' id='word_1_548' title='bbox 50 2753 79 2768; x_wconf 71' lang='lat' dir='ltr'>XX</span> <span class='ocrx_word' id='word_1_549' title='bbox 97 2753 122 2769; x_wconf 76' lang='grc' dir='ltr'>ΙΙΙ</span> <span class='ocrx_word' id='word_1_550' title='bbox 146 2753 182 2773; x_wconf 83' lang='lat' dir='ltr'>xt.‚</span> <span class='ocrx_word' id='word_1_551' title='bbox 199 2752 238 2768; x_wconf 85' lang='lat' dir='ltr'>cn.</span> 
     </span>
    </p>
   </div>
   <div class='ocr_carea' id='block_1_20' title="bbox 290 2767 2494 3193">
    <p class='ocr_par' dir='ltr' id='par_1_25' title="bbox 290 2767 2494 2877">
     <span class='ocr_line' id='line_1_49' title="bbox 290 2767 2494 2818; baseline 0.002 -14"><span class='ocrx_word' id='word_1_552' title='bbox 290 2768 487 2805; x_wconf 89' lang='lat' dir='ltr'>manifeste</span> <span class='ocrx_word' id='word_1_553' title='bbox 516 2774 686 2817; x_wconf 88' lang='lat' dir='ltr'>apparet.</span> <span class='ocrx_word' id='word_1_554' title='bbox 717 2767 824 2805; x_wconf 90' lang='lat' dir='ltr'>Deus</span> <span class='ocrx_word' id='word_1_555' title='bbox 853 2767 965 2816; x_wconf 86' lang='lat' dir='ltr'>igitur</span> <span class='ocrx_word' id='word_1_556' title='bbox 993 2780 1073 2805; x_wconf 91' lang='lat' dir='ltr'>non</span> <span class='ocrx_word' id='word_1_557' title='bbox 1102 2767 1284 2818; x_wconf 88' lang='lat' dir='ltr'>produxit</span> <span class='ocrx_word' id='word_1_558' title='bbox 1303 2780 1405 2805; x_wconf 69' lang='lat' dir='ltr'>resw</span> <span class='ocrx_word' id='word_1_559' title='bbox 1391 2769 1544 2806; x_wconf 76' lang='lat' dir='ltr'>obitum</span> <span class='ocrx_word' id='word_1_560' title='bbox 1573 2771 1791 2808; x_wconf 88' lang='lat' dir='ltr'>secundum</span> <span class='ocrx_word' id='word_1_561' title='bbox 1819 2782 1878 2808; x_wconf 91' lang='lat' dir='ltr'>se:</span> <span class='ocrx_word' id='word_1_562' title='bbox 1909 2772 1986 2809; x_wconf 92' lang='lat' dir='ltr'>hoc</span> <span class='ocrx_word' id='word_1_563' title='bbox 2005 2771 2110 2809; x_wconf 89' lang='lat' dir='ltr'>enim</span> <span class='ocrx_word' id='word_1_564' title='bbox 2130 2779 2186 2808; x_wconf 94' lang='lat' dir='ltr'>est</span> <span class='ocrx_word' id='word_1_565' title='bbox 2205 2783 2252 2808; x_wconf 90' lang='lat' dir='ltr'>ex</span> <span class='ocrx_word' id='word_1_566' title='bbox 2271 2770 2494 2808; x_wconf 77' lang='lat' dir='ltr'>necessitate</span> 
     </span>
     <span class='ocr_line' id='line_1_50' title="bbox 291 2820 2494 2877; baseline 0.002 -19"><span class='ocrx_word' id='word_1_567' title='bbox 291 2821 329 2859; x_wconf 88' lang='lat' dir='ltr'>in</span> <span class='ocrx_word' id='word_1_568' title='bbox 357 2833 439 2859; x_wconf 88' lang='lat' dir='ltr'>esse</span> <span class='ocrx_word' id='word_1_569' title='bbox 469 2833 516 2858; x_wconf 87' lang='lat' dir='ltr'>ex</span> <span class='ocrx_word' id='word_1_570' title='bbox 544 2820 675 2870; x_wconf 89' lang='lat' dir='ltr'>aliquo</span> <span class='ocrx_word' id='word_1_571' title='bbox 705 2820 867 2859; x_wconf 90' lang='lat' dir='ltr'>iustitiae</span> <span class='ocrx_word' id='word_1_572' title='bbox 896 2820 1038 2859; x_wconf 91' lang='lat' dir='ltr'>debito.</span> <span class='ocrx_word' id='word_1_573' title='bbox 1419 2822 1531 2861; x_wconf 88' lang='lat' dir='ltr'>alicui</span> <span class='ocrx_word' id='word_1_574' title='bbox 1552 2823 1726 2862; x_wconf 88' lang='lat' dir='ltr'>debitum</span> <span class='ocrx_word' id='word_1_575' title='bbox 1746 2824 1856 2874; x_wconf 92' lang='lat' dir='ltr'>quod</span> <span class='ocrx_word' id='word_1_576' title='bbox 1881 2825 1931 2862; x_wconf 85' lang='lat' dir='ltr'>ad</span> <span class='ocrx_word' id='word_1_577' title='bbox 1959 2824 2042 2862; x_wconf 88' lang='lat' dir='ltr'>eius</span> <span class='ocrx_word' id='word_1_578' title='bbox 2070 2823 2348 2875; x_wconf 80' lang='lat' dir='ltr'>perfectionem</span> <span class='ocrx_word' id='word_1_579' title='bbox 2367 2823 2494 2877; x_wconf 70' lang='lat' dir='ltr'>requi-</span> 
     </span>
    </p>

    <p class='ocr_par' dir='ltr' id='par_1_26' title="bbox 290 2873 2494 3193">
     <span class='ocr_line' id='line_1_51' title="bbox 343 2873 2494 2925; baseline 0.002 -13"><span class='ocrx_word' id='word_1_580' title='bbox 343 2873 532 2925; x_wconf 89' lang='lat' dir='ltr'>Amplius.</span> <span class='ocrx_word' id='word_1_581' title='bbox 563 2875 605 2911; x_wconf 88' lang='lat' dir='ltr'>ln</span> <span class='ocrx_word' id='word_1_582' title='bbox 633 2873 806 2924; x_wconf 89' lang='lat' dir='ltr'>quolibet</span> <span class='ocrx_word' id='word_1_583' title='bbox 834 2886 973 2922; x_wconf 87' lang='lat' dir='ltr'>genere</span> <span class='ocrx_word' id='word_1_584' title='bbox 1003 2874 1111 2924; x_wconf 91' lang='lat' dir='ltr'>quod</span> <span class='ocrx_word' id='word_1_585' title='bbox 1131 2883 1187 2912; x_wconf 90' lang='lat' dir='ltr'>est</span> <span class='ocrx_word' id='word_1_586' title='bbox 1205 2882 1364 2925; x_wconf 89' lang='lat' dir='ltr'>propter</span> <span class='ocrx_word' id='word_1_587' title='bbox 1419 2875 1532 2923; x_wconf 73' lang='lat' dir='ltr'>titur,</span> <span class='ocrx_word' id='word_1_588' title='bbox 1568 2876 1666 2915; x_wconf 89' lang='lat' dir='ltr'>sicut</span> <span class='ocrx_word' id='word_1_589' title='bbox 1700 2876 1853 2916; x_wconf 86' lang='lat' dir='ltr'>homini</span> <span class='ocrx_word' id='word_1_590' title='bbox 1880 2877 2058 2916; x_wconf 87' lang='lat' dir='ltr'>debiturn</span> <span class='ocrx_word' id='word_1_591' title='bbox 2091 2885 2147 2916; x_wconf 91' lang='lat' dir='ltr'>est</span> <span class='ocrx_word' id='word_1_592' title='bbox 2179 2878 2323 2919; x_wconf 80' lang='lat' dir='ltr'>habere</span> <span class='ocrx_word' id='word_1_593' title='bbox 2351 2887 2494 2924; x_wconf 66' lang='lat' dir='ltr'>manus</span> 
     </span>
     <span class='ocr_line' id='line_1_52' title="bbox 290 2927 2493 2981; baseline 0.004 -17"><span class='ocrx_word' id='word_1_594' title='bbox 290 2940 330 2964; x_wconf 92' lang='lat' dir='ltr'>se</span> <span class='ocrx_word' id='word_1_595' title='bbox 352 2935 408 2965; x_wconf 89' lang='lat' dir='ltr'>est</span> <span class='ocrx_word' id='word_1_596' title='bbox 434 2927 540 2976; x_wconf 90' lang='lat' dir='ltr'>prius</span> <span class='ocrx_word' id='word_1_597' title='bbox 561 2939 608 2964; x_wconf 91' lang='lat' dir='ltr'>eo</span> <span class='ocrx_word' id='word_1_598' title='bbox 628 2927 736 2976; x_wconf 92' lang='lat' dir='ltr'>quod</span> <span class='ocrx_word' id='word_1_599' title='bbox 756 2935 813 2964; x_wconf 89' lang='lat' dir='ltr'>est</span> <span class='ocrx_word' id='word_1_600' title='bbox 831 2935 989 2977; x_wconf 89' lang='lat' dir='ltr'>propter</span> <span class='ocrx_word' id='word_1_601' title='bbox 1003 2927 1119 2966; x_wconf 89' lang='lat' dir='ltr'>aliud.</span> <span class='ocrx_word' id='word_1_602' title='bbox 1136 2928 1231 2966; x_wconf 92' lang='lat' dir='ltr'>lllud</span> <span class='ocrx_word' id='word_1_603' title='bbox 1251 2927 1364 2977; x_wconf 87' lang='lat' dir='ltr'>igitur</span> <span class='ocrx_word' id='word_1_604' title='bbox 1419 2931 1481 2967; x_wconf 92' lang='lat' dir='ltr'>vel</span> <span class='ocrx_word' id='word_1_605' title='bbox 1508 2929 1703 2977; x_wconf 86' lang='lat' dir='ltr'>virtutem,</span> <span class='ocrx_word' id='word_1_606' title='bbox 1732 2929 1825 2980; x_wconf 85' lang='lat' dir='ltr'>quia</span> <span class='ocrx_word' id='word_1_607' title='bbox 1859 2930 1942 2970; x_wconf 86' lang='lat' dir='ltr'>sine</span> <span class='ocrx_word' id='word_1_608' title='bbox 1978 2930 2037 2970; x_wconf 90' lang='lat' dir='ltr'>his</span> <span class='ocrx_word' id='word_1_609' title='bbox 2069 2931 2262 2981; x_wconf 82' lang='lat' dir='ltr'>perfectus</span> <span class='ocrx_word' id='word_1_610' title='bbox 2294 2941 2379 2969; x_wconf 85' lang='lat' dir='ltr'>esse</span> <span class='ocrx_word' id='word_1_611' title='bbox 2410 2939 2493 2973; x_wconf 72' lang='lat' dir='ltr'>non</span> 
     </span>
     <span class='ocr_line' id='line_1_53' title="bbox 290 2979 2493 3032; baseline 0.002 -13"><span class='ocrx_word' id='word_1_612' title='bbox 290 2981 397 3031; x_wconf 91' lang='lat' dir='ltr'>quod</span> <span class='ocrx_word' id='word_1_613' title='bbox 424 2988 480 3019; x_wconf 88' lang='lat' dir='ltr'>est</span> <span class='ocrx_word' id='word_1_614' title='bbox 507 2980 680 3031; x_wconf 89' lang='lat' dir='ltr'>primum</span> <span class='ocrx_word' id='word_1_615' title='bbox 701 2979 923 3031; x_wconf 87' lang='lat' dir='ltr'>simpliciter</span> <span class='ocrx_word' id='word_1_616' title='bbox 941 2980 1040 3018; x_wconf 90' lang='lat' dir='ltr'>inter</span> <span class='ocrx_word' id='word_1_617' title='bbox 1057 2993 1196 3019; x_wconf 90' lang='lat' dir='ltr'>omnes</span> <span class='ocrx_word' id='word_1_618' title='bbox 1215 2993 1362 3028; x_wconf 79' lang='lat' dir='ltr'>causa5‚</span> <span class='ocrx_word' id='word_1_619' title='bbox 1418 2991 1554 3032; x_wconf 90' lang='lat' dir='ltr'>potest.</span> <span class='ocrx_word' id='word_1_620' title='bbox 1584 2983 1727 3022; x_wconf 88' lang='lat' dir='ltr'>Divina</span> <span class='ocrx_word' id='word_1_621' title='bbox 1755 2992 1888 3022; x_wconf 84' lang='lat' dir='ltr'>autem</span> <span class='ocrx_word' id='word_1_622' title='bbox 1915 2983 2068 3024; x_wconf 85' lang='lat' dir='ltr'>bonitas</span> <span class='ocrx_word' id='word_1_623' title='bbox 2094 2985 2202 3022; x_wconf 87' lang='lat' dir='ltr'>nullo</span> <span class='ocrx_word' id='word_1_624' title='bbox 2232 2981 2410 3022; x_wconf 83' lang='lat' dir='ltr'>exteriori</span> <span class='ocrx_word' id='word_1_625' title='bbox 2435 2982 2493 3028; x_wconf 69' lang='grc' dir='ltr'><em>ιιι·</em></span> 
     </span>
     <span class='ocr_line' id='line_1_54' title="bbox 290 3033 2494 3098; baseline 0.001 -27"><span class='ocrx_word' id='word_1_626' title='bbox 290 3041 345 3071; x_wconf 92' lang='lat' dir='ltr'>est</span> <span class='ocrx_word' id='word_1_627' title='bbox 373 3046 491 3072; x_wconf 91' lang='lat' dir='ltr'>causa</span> <span class='ocrx_word' id='word_1_628' title='bbox 518 3041 677 3084; x_wconf 90' lang='lat' dir='ltr'>propter</span> <span class='ocrx_word' id='word_1_629' title='bbox 705 3033 877 3084; x_wconf 90' lang='lat' dir='ltr'>seipsum</span> <span class='ocrx_word' id='word_1_630' title='bbox 905 3040 1067 3072; x_wconf 87' lang='lat' dir='ltr'>tantum.</span> <span class='ocrx_word' id='word_1_631' title='bbox 1090 3034 1211 3081; x_wconf 92' lang='lat' dir='ltr'>Quod</span> <span class='ocrx_word' id='word_1_632' title='bbox 1230 3043 1364 3073; x_wconf 85' lang='lat' dir='ltr'>autem</span> <span class='ocrx_word' id='word_1_633' title='bbox 1379 3049 1402 3070; x_wconf 70' lang='grc' dir='ltr'>ις</span> <span class='ocrx_word' id='word_1_634' title='bbox 1418 3036 1519 3086; x_wconf 85' lang='lat' dir='ltr'>diget</span> <span class='ocrx_word' id='word_1_635' title='bbox 1537 3037 1589 3075; x_wconf 81' lang='lat' dir='ltr'>ad</span> <span class='ocrx_word' id='word_1_636' title='bbox 1608 3037 1668 3075; x_wconf 91' lang='lat' dir='ltr'>sui</span> <span class='ocrx_word' id='word_1_637' title='bbox 1687 3037 1975 3098; x_wconf 72' lang='lat' dir='ltr'>perfectionem.</span> <span class='ocrx_word' id='word_1_638' title='bbox 2000 3038 2096 3076; x_wconf 88' lang='lat' dir='ltr'>Non</span> <span class='ocrx_word' id='word_1_639' title='bbox 2114 3045 2170 3076; x_wconf 88' lang='lat' dir='ltr'>est</span> <span class='ocrx_word' id='word_1_640' title='bbox 2188 3037 2302 3086; x_wconf 84' lang='lat' dir='ltr'>igitur</span> <span class='ocrx_word' id='word_1_641' title='bbox 2319 3049 2390 3087; x_wconf 72' lang='lat' dir='ltr'>per</span> <span class='ocrx_word' id='word_1_642' title='bbox 2407 3047 2494 3082; x_wconf 58' lang='lat' dir='ltr'>taor</span> 
     </span>
     <span class='ocr_line' id='line_1_55' title="bbox 290 3085 2490 3141; baseline 0.002 -17"><span class='ocrx_word' id='word_1_643' title='bbox 290 3086 364 3136; x_wconf 87' lang='lat' dir='ltr'>agit</span> <span class='ocrx_word' id='word_1_644' title='bbox 391 3099 438 3127; x_wconf 90' lang='lat' dir='ltr'>ex</span> <span class='ocrx_word' id='word_1_645' title='bbox 467 3086 596 3125; x_wconf 89' lang='lat' dir='ltr'>debito</span> <span class='ocrx_word' id='word_1_646' title='bbox 625 3086 799 3133; x_wconf 90' lang='lat' dir='ltr'>iustitiae,</span> <span class='ocrx_word' id='word_1_647' title='bbox 820 3099 901 3124; x_wconf 89' lang='lat' dir='ltr'>non</span> <span class='ocrx_word' id='word_1_648' title='bbox 920 3086 994 3136; x_wconf 87' lang='lat' dir='ltr'>agit</span> <span class='ocrx_word' id='word_1_649' title='bbox 1015 3095 1172 3137; x_wconf 89' lang='lat' dir='ltr'>propter</span> <span class='ocrx_word' id='word_1_650' title='bbox 1190 3085 1363 3138; x_wconf 81' lang='lat' dir='ltr'>seipsum</span> <span class='ocrx_word' id='word_1_651' title='bbox 1418 3091 1516 3129; x_wconf 87' lang='lat' dir='ltr'>dum</span> <span class='ocrx_word' id='word_1_652' title='bbox 1534 3089 1769 3128; x_wconf 87' lang='lat' dir='ltr'>necessitatis</span> <span class='ocrx_word' id='word_1_653' title='bbox 1787 3090 1823 3129; x_wconf 87' lang='lat' dir='ltr'>ei</span> <span class='ocrx_word' id='word_1_654' title='bbox 1842 3090 1972 3129; x_wconf 83' lang='lat' dir='ltr'>debita</span> <span class='ocrx_word' id='word_1_655' title='bbox 1989 3098 2255 3129; x_wconf 81' lang='lat' dir='ltr'>creaturarum</span> <span class='ocrx_word' id='word_1_656' title='bbox 2273 3089 2490 3141; x_wconf 70' lang='lat' dir='ltr'>productio.</span> 
     </span>
     <span class='ocr_line' id='line_1_56' title="bbox 290 3139 2492 3193; baseline 0.004 -17"><span class='ocrx_word' id='word_1_657' title='bbox 290 3148 458 3178; x_wconf 89' lang='lat' dir='ltr'>tanturn:</span> <span class='ocrx_word' id='word_1_658' title='bbox 489 3139 564 3190; x_wconf 87' lang='lat' dir='ltr'>agit</span> <span class='ocrx_word' id='word_1_659' title='bbox 592 3139 699 3178; x_wconf 87' lang='lat' dir='ltr'>enim</span> <span class='ocrx_word' id='word_1_660' title='bbox 727 3147 885 3190; x_wconf 91' lang='lat' dir='ltr'>propter</span> <span class='ocrx_word' id='word_1_661' title='bbox 914 3139 1006 3178; x_wconf 90' lang='lat' dir='ltr'>illud</span> <span class='ocrx_word' id='word_1_662' title='bbox 1026 3140 1088 3178; x_wconf 87' lang='lat' dir='ltr'>cui</span> <span class='ocrx_word' id='word_1_663' title='bbox 1108 3140 1233 3179; x_wconf 88' lang='lat' dir='ltr'>debet.</span> <span class='ocrx_word' id='word_1_664' title='bbox 1255 3141 1363 3179; x_wconf 90' lang='lat' dir='ltr'>Deus</span> <span class='ocrx_word' id='word_1_665' title='bbox 1471 3143 1624 3182; x_wconf 91' lang='lat' dir='ltr'>Adhuc.</span> <span class='ocrx_word' id='word_1_666' title='bbox 1655 3144 1762 3181; x_wconf 87' lang='lat' dir='ltr'>Deus</span> <span class='ocrx_word' id='word_1_667' title='bbox 1797 3155 1868 3182; x_wconf 84' lang='lat' dir='ltr'>sua</span> <span class='ocrx_word' id='word_1_668' title='bbox 1894 3145 2093 3182; x_wconf 71' lang='lat' dir='ltr'>veluntate</span> <span class='ocrx_word' id='word_1_669' title='bbox 2124 3155 2187 3182; x_wconf 89' lang='lat' dir='ltr'>res</span> <span class='ocrx_word' id='word_1_670' title='bbox 2219 3143 2262 3183; x_wconf 82' lang='lat' dir='ltr'>in</span> <span class='ocrx_word' id='word_1_671' title='bbox 2291 3154 2375 3183; x_wconf 79' lang='lat' dir='ltr'>esse</span> <span class='ocrx_word' id='word_1_672' title='bbox 2401 3153 2492 3193; x_wconf 66' lang='lat' dir='ltr'>pro·</span> 
     </span>
    </p>
   </div>
   <div class='ocr_carea' id='block_1_21' title="bbox 238 3192 2491 3253">
    <p class='ocr_par' dir='ltr' id='par_1_27' title="bbox 238 3192 2491 3253">
     <span class='ocr_line' id='line_1_57' title="bbox 238 3192 2491 3253; baseline 0.003 -22"><span class='ocrx_word' id='word_1_673' title='bbox 238 3203 262 3218; x_wconf 90' lang='lat'>¹¹·</span> <span class='ocrx_word' id='word_1_674' title='bbox 291 3193 412 3253; x_wconf 69' lang='lat' dir='ltr'>igitur,</span> <span class='ocrx_word' id='word_1_675' title='bbox 435 3205 527 3231; x_wconf 91' lang='lat' dir='ltr'>cum</span> <span class='ocrx_word' id='word_1_676' title='bbox 556 3192 602 3230; x_wconf 93' lang='lat' dir='ltr'>sit</span> <span class='ocrx_word' id='word_1_677' title='bbox 630 3192 756 3242; x_wconf 88' lang='lat' dir='ltr'>prima</span> <span class='ocrx_word' id='word_1_678' title='bbox 785 3205 902 3231; x_wconf 88' lang='lat' dir='ltr'>causa</span> <span class='ocrx_word' id='word_1_679' title='bbox 930 3201 966 3231; x_wconf 90' lang='lat' dir='ltr'>et</span> <span class='ocrx_word' id='word_1_680' title='bbox 994 3193 1168 3243; x_wconf 89' lang='lat' dir='ltr'>primum</span> <span class='ocrx_word' id='word_1_681' title='bbox 1196 3206 1313 3243; x_wconf 87' lang='lat' dir='ltr'>agens</span> <span class='ocrx_word' id='word_1_682' title='bbox 1331 3194 1362 3243; x_wconf 80' lang='lat'>*,</span> <span class='ocrx_word' id='word_1_683' title='bbox 1419 3196 1536 3242; x_wconf 82' lang='lat' dir='ltr'>ducit,</span> <span class='ocrx_word' id='word_1_684' title='bbox 1567 3205 1609 3234; x_wconf 89' lang='lat' dir='ltr'>ut</span> <span class='ocrx_word' id='word_1_685' title='bbox 1636 3209 1755 3247; x_wconf 81' lang='lat' dir='ltr'>supra</span> <span class='ocrx_word' id='word_1_686' title='bbox 1772 3196 1793 3218; x_wconf 79' lang='lat'>&#39;¹‘</span> <span class='ocrx_word' id='word_1_687' title='bbox 1821 3203 2022 3236; x_wconf 86' lang='lat' dir='ltr'>ostensum</span> <span class='ocrx_word' id='word_1_688' title='bbox 2055 3204 2122 3235; x_wconf 87' lang='lat' dir='ltr'>est.</span> <span class='ocrx_word' id='word_1_689' title='bbox 2155 3197 2248 3235; x_wconf 90' lang='lat' dir='ltr'>Non</span> <span class='ocrx_word' id='word_1_690' title='bbox 2277 3203 2334 3235; x_wconf 89' lang='lat' dir='ltr'>est</span> <span class='ocrx_word' id='word_1_691' title='bbox 2358 3202 2491 3241; x_wconf 62' lang='lat' dir='ltr'>amem</span> 
     </span>
    </p>
   </div>
   <div class='ocr_carea' id='block_1_22' title="bbox 289 3245 2491 3458">
    <p class='ocr_par' dir='ltr' id='par_1_28' title="bbox 291 3245 2490 3298">
     <span class='ocr_line' id='line_1_58' title="bbox 291 3245 2490 3298; baseline 0.001 -15"><span class='ocrx_word' id='word_1_692' title='bbox 291 3259 350 3284; x_wconf 86' lang='lat' dir='ltr'>res</span> <span class='ocrx_word' id='word_1_693' title='bbox 379 3246 417 3284; x_wconf 90' lang='lat' dir='ltr'>in</span> <span class='ocrx_word' id='word_1_694' title='bbox 447 3258 529 3283; x_wconf 92' lang='lat' dir='ltr'>esse</span> <span class='ocrx_word' id='word_1_695' title='bbox 559 3258 639 3283; x_wconf 90' lang='lat' dir='ltr'>non</span> <span class='ocrx_word' id='word_1_696' title='bbox 670 3246 853 3295; x_wconf 89' lang='lat' dir='ltr'>produxit</span> <span class='ocrx_word' id='word_1_697' title='bbox 881 3259 926 3283; x_wconf 92' lang='lat' dir='ltr'>ex</span> <span class='ocrx_word' id='word_1_698' title='bbox 955 3245 1086 3284; x_wconf 89' lang='lat' dir='ltr'>debito</span> <span class='ocrx_word' id='word_1_699' title='bbox 1115 3246 1290 3286; x_wconf 85' lang='lat' dir='ltr'>iustitiae.</span> <span class='ocrx_word' id='word_1_700' title='bbox 1419 3249 1694 3295; x_wconf 78' lang='lat' dir='ltr'>necessarium,</span> <span class='ocrx_word' id='word_1_701' title='bbox 1723 3249 1755 3287; x_wconf 90' lang='lat' dir='ltr'>si</span> <span class='ocrx_word' id='word_1_702' title='bbox 1783 3250 1892 3288; x_wconf 91' lang='lat' dir='ltr'>Deus</span> <span class='ocrx_word' id='word_1_703' title='bbox 1919 3262 2034 3293; x_wconf 85' lang='lat' dir='ltr'>suam</span> <span class='ocrx_word' id='word_1_704' title='bbox 2061 3249 2275 3298; x_wconf 74' lang='lat' dir='ltr'>bonitatem</span> <span class='ocrx_word' id='word_1_705' title='bbox 2293 3249 2376 3287; x_wconf 86' lang='lat' dir='ltr'>vult</span> <span class='ocrx_word' id='word_1_706' title='bbox 2394 3259 2490 3294; x_wconf 83' lang='lat' dir='ltr'>esse,</span> 
     </span>
    </p>

    <p class='ocr_par' dir='ltr' id='par_1_29' title="bbox 289 3297 2491 3458">
     <span class='ocr_line' id='line_1_59' title="bbox 345 3297 2490 3353; baseline 0.001 -17"><span class='ocrx_word' id='word_1_707' title='bbox 345 3299 445 3336; x_wconf 87' lang='lat' dir='ltr'>Hinc</span> <span class='ocrx_word' id='word_1_708' title='bbox 474 3307 529 3336; x_wconf 92' lang='lat' dir='ltr'>est</span> <span class='ocrx_word' id='word_1_709' title='bbox 557 3300 663 3349; x_wconf 92' lang='lat' dir='ltr'>quod</span> <span class='ocrx_word' id='word_1_710' title='bbox 694 3301 804 3336; x_wconf 90' lang='lat' dir='ltr'>Rom.</span> <span class='ocrx_word' id='word_1_711' title='bbox 831 3311 863 3336; x_wconf 88' lang='lat' dir='ltr'>x1</span> <span class='ocrx_word' id='word_1_712' title='bbox 875 3303 899 3325; x_wconf 82' lang='lat'>³⁵</span> <span class='ocrx_word' id='word_1_713' title='bbox 909 3297 936 3325; x_wconf 81' lang='lat'>³⁶</span> <span class='ocrx_word' id='word_1_714' title='bbox 961 3299 1114 3337; x_wconf 90' lang='lat' dir='ltr'>dicitur:</span> <span class='ocrx_word' id='word_1_715' title='bbox 1142 3302 1233 3343; x_wconf 88' lang='lat' dir='ltr'>Quis</span> <span class='ocrx_word' id='word_1_716' title='bbox 1256 3303 1527 3352; x_wconf 60' lang='lat' dir='ltr'>priormquod</span> <span class='ocrx_word' id='word_1_717' title='bbox 1556 3302 1647 3340; x_wconf 87' lang='lat' dir='ltr'>velit</span> <span class='ocrx_word' id='word_1_718' title='bbox 1675 3302 1748 3340; x_wconf 88' lang='lat' dir='ltr'>alia</span> <span class='ocrx_word' id='word_1_719' title='bbox 1776 3315 1799 3340; x_wconf 84' lang='lat' dir='ltr'>a</span> <span class='ocrx_word' id='word_1_720' title='bbox 1827 3315 1867 3340; x_wconf 91' lang='lat' dir='ltr'>se</span> <span class='ocrx_word' id='word_1_721' title='bbox 1896 3302 2078 3353; x_wconf 89' lang='lat' dir='ltr'>produci:</span> <span class='ocrx_word' id='word_1_722' title='bbox 2108 3301 2226 3340; x_wconf 90' lang='lat' dir='ltr'>huius</span> <span class='ocrx_word' id='word_1_723' title='bbox 2257 3301 2363 3339; x_wconf 90' lang='lat' dir='ltr'>enim</span> <span class='ocrx_word' id='word_1_724' title='bbox 2398 3313 2490 3339; x_wconf 92' lang='lat' dir='ltr'>con-</span> 
     </span>
     <span class='ocr_line' id='line_1_60' title="bbox 293 3352 2491 3404; baseline 0.001 -15"><span class='ocrx_word' id='word_1_725' title='bbox 293 3353 387 3389; x_wconf 84' lang='lat' dir='ltr'>dedit</span> <span class='ocrx_word' id='word_1_726' title='bbox 416 3353 479 3398; x_wconf 83' lang='lat' dir='ltr'>illi,</span> <span class='ocrx_word' id='word_1_727' title='bbox 510 3359 543 3389; x_wconf 89' lang='lat' dir='ltr'>et</span> <span class='ocrx_word' id='word_1_728' title='bbox 572 3354 793 3389; x_wconf 81' lang='lat' dir='ltr'>retribuetur</span> <span class='ocrx_word' id='word_1_729' title='bbox 821 3352 883 3389; x_wconf 80' lang='lat' dir='ltr'>ez?</span> <span class='ocrx_word' id='word_1_730' title='bbox 917 3354 1105 3395; x_wconf 86' lang='lat' dir='ltr'>Quoniam</span> <span class='ocrx_word' id='word_1_731' title='bbox 1141 3366 1191 3391; x_wconf 90' lang='lat' dir='ltr'>ex</span> <span class='ocrx_word' id='word_1_732' title='bbox 1224 3356 1302 3404; x_wconf 85' lang='lat' dir='ltr'>ipso</span> <span class='ocrx_word' id='word_1_733' title='bbox 1331 3361 1365 3391; x_wconf 86' lang='lat' dir='ltr'>et</span> <span class='ocrx_word' id='word_1_734' title='bbox 1420 3355 1612 3394; x_wconf 90' lang='lat' dir='ltr'>ditionalis</span> <span class='ocrx_word' id='word_1_735' title='bbox 1640 3356 1872 3394; x_wconf 89' lang='lat' dir='ltr'>antecedens</span> <span class='ocrx_word' id='word_1_736' title='bbox 1891 3364 1948 3394; x_wconf 88' lang='lat' dir='ltr'>est</span> <span class='ocrx_word' id='word_1_737' title='bbox 1966 3354 2237 3399; x_wconf 81' lang='lat' dir='ltr'>necessarium,</span> <span class='ocrx_word' id='word_1_738' title='bbox 2258 3366 2339 3392; x_wconf 90' lang='lat' dir='ltr'>non</span> <span class='ocrx_word' id='word_1_739' title='bbox 2358 3362 2491 3393; x_wconf 87' lang='lat' dir='ltr'>autem</span> 
     </span>
     <span class='ocr_line' id='line_1_61' title="bbox 289 3406 2491 3458; baseline 0.002 -17"><span class='ocrx_word' id='word_1_740' title='bbox 289 3418 359 3454; x_wconf 87' lang='lat' dir='ltr'>per</span> <span class='ocrx_word' id='word_1_741' title='bbox 379 3408 497 3454; x_wconf 82' lang='lat' dir='ltr'>ipsum</span> <span class='ocrx_word' id='word_1_742' title='bbox 518 3412 550 3442; x_wconf 84' lang='lat' dir='ltr'>et</span> <span class='ocrx_word' id='word_1_743' title='bbox 570 3419 606 3442; x_wconf 88' lang='lat' dir='ltr'>m</span> <span class='ocrx_word' id='word_1_744' title='bbox 628 3407 707 3455; x_wconf 85' lang='lat' dir='ltr'>ipso</span> <span class='ocrx_word' id='word_1_745' title='bbox 725 3411 809 3443; x_wconf 82' lang='lat' dir='ltr'>sunt</span> <span class='ocrx_word' id='word_1_746' title='bbox 828 3407 968 3443; x_wconf 88' lang='lat' dir='ltr'>omnia.</span> <span class='ocrx_word' id='word_1_747' title='bbox 991 3406 1040 3443; x_wconf 90' lang='lat' dir='ltr'>Et</span> <span class='ocrx_word' id='word_1_748' title='bbox 1060 3408 1130 3444; x_wconf 87' lang='lat' dir='ltr'>Iob</span> <span class='ocrx_word' id='word_1_749' title='bbox 1149 3410 1247 3444; x_wconf 83' lang='lat' dir='ltr'>x1.1²:</span> <span class='ocrx_word' id='word_1_750' title='bbox 1275 3409 1365 3450; x_wconf 84' lang='lat' dir='ltr'>Quis</span> <span class='ocrx_word' id='word_1_751' title='bbox 1420 3421 1681 3458; x_wconf 90' lang='lat' dir='ltr'>consequens;</span> <span class='ocrx_word' id='word_1_752' title='bbox 1710 3417 1911 3447; x_wconf 91' lang='lat' dir='ltr'>ostensum</span> <span class='ocrx_word' id='word_1_753' title='bbox 1938 3417 1996 3446; x_wconf 89' lang='lat' dir='ltr'>est</span> <span class='ocrx_word' id='word_1_754' title='bbox 2015 3407 2120 3445; x_wconf 87' lang='lat' dir='ltr'>enim</span> <span class='ocrx_word' id='word_1_755' title='bbox 2143 3406 2183 3444; x_wconf 90' lang='lat' dir='ltr'>in</span> <span class='ocrx_word' id='word_1_756' title='bbox 2211 3406 2339 3456; x_wconf 89' lang='lat' dir='ltr'>primo</span> <span class='ocrx_word' id='word_1_757' title='bbox 2359 3407 2456 3445; x_wconf 90' lang='lat' dir='ltr'>libro</span> <span class='ocrx_word' id='word_1_758' title='bbox 2470 3407 2491 3430; x_wconf 83' lang='grc'><em>*</em></span> 
     </span>
    </p>
   </div>
   <div class='ocr_carea' id='block_1_23' title="bbox 990 3484 1208 3490">
    <p class='ocr_par' dir='ltr' id='par_1_30' title="bbox 990 3484 1208 3490">
     <span class='ocr_line' id='line_1_62' title="bbox 990 3484 1208 3490; baseline 0 0"><span class='ocrx_word' id='word_1_759' title='bbox 990 3484 1208 3490; x_wconf 95' lang='lat' dir='ltr'> </span> 
     </span>
    </p>
   </div>
   <div class='ocr_carea' id='block_1_24' title="bbox 1665 3489 1793 3492">
    <p class='ocr_par' dir='ltr' id='par_1_31' title="bbox 1665 3489 1793 3492">
     <span class='ocr_line' id='line_1_63' title="bbox 1665 3489 1793 3492; baseline 0 0"><span class='ocrx_word' id='word_1_760' title='bbox 1665 3489 1793 3492; x_wconf 95' lang='lat' dir='ltr'> </span> 
     </span>
    </p>
   </div>
   <div class='ocr_carea' id='block_1_25' title="bbox 295 3517 2492 3692">
    <p class='ocr_par' dir='ltr' id='par_1_32' title="bbox 297 3517 2490 3591">
     <span class='ocr_line' id='line_1_64' title="bbox 350 3517 2490 3555; baseline 0.002 -13"><span class='ocrx_word' id='word_1_761' title='bbox 350 3524 358 3541; x_wconf 84' lang='grc' dir='ltr'>ι</span> <span class='ocrx_word' id='word_1_762' title='bbox 383 3518 467 3550; x_wconf 76' lang='lat' dir='ltr'>etiam]</span> <span class='ocrx_word' id='word_1_763' title='bbox 488 3523 575 3543; x_wconf 80' lang='lat' dir='ltr'>autem</span> <span class='ocrx_word' id='word_1_764' title='bbox 595 3518 704 3543; x_wconf 74' lang='lat' dir='ltr'>aDXPc.</span> <span class='ocrx_word' id='word_1_765' title='bbox 793 3526 806 3543; x_wconf 68' lang='grc' dir='ltr'>ι</span> <span class='ocrx_word' id='word_1_766' title='bbox 826 3526 856 3544; x_wconf 86' lang='lat' dir='ltr'>ex</span> <span class='ocrx_word' id='word_1_767' title='bbox 876 3519 939 3548; x_wconf 79' lang='lat' dir='ltr'>Wb;</span> <span class='ocrx_word' id='word_1_768' title='bbox 959 3527 1012 3544; x_wconf 88' lang='lat' dir='ltr'>om.</span> <span class='ocrx_word' id='word_1_769' title='bbox 1096 3517 1112 3544; x_wconf 87' lang='lat'><strong>6</strong></span> <span class='ocrx_word' id='word_1_770' title='bbox 1131 3519 1308 3546; x_wconf 81' lang='lat' dir='ltr'>Universali..</span> <span class='ocrx_word' id='word_1_771' title='bbox 1300 3538 1322 3546; x_wconf 87' lang='lat'>..</span> <span class='ocrx_word' id='word_1_772' title='bbox 1341 3521 1401 3546; x_wconf 83' lang='lat' dir='ltr'>nihil</span> <span class='ocrx_word' id='word_1_773' title='bbox 1421 3522 1443 3547; x_wconf 85' lang='grc' dir='ltr'>Α</span> <span class='ocrx_word' id='word_1_774' title='bbox 1461 3522 1548 3553; x_wconf 58' lang='lat' dir='ltr'>solun</span> <span class='ocrx_word' id='word_1_775' title='bbox 1567 3522 1635 3547; x_wconf 80' lang='lat' dir='ltr'>Nihil</span> <span class='ocrx_word' id='word_1_776' title='bbox 1654 3527 1741 3548; x_wconf 76' lang='lat' dir='ltr'>autem</span> <span class='ocrx_word' id='word_1_777' title='bbox 1759 3522 1898 3548; x_wconf 67' lang='lat' dir='ltr'>universali</span> <span class='ocrx_word' id='word_1_778' title='bbox 1917 3528 2004 3547; x_wconf 81' lang='lat' dir='ltr'>rerum</span> <span class='ocrx_word' id='word_1_779' title='bbox 2023 3520 2186 3554; x_wconf 80' lang='lat' dir='ltr'>productioni</span> <span class='ocrx_word' id='word_1_780' title='bbox 2205 3519 2387 3554; x_wconf 81' lang='lat' dir='ltr'>(productione</span> <span class='ocrx_word' id='word_1_781' title='bbox 2402 3521 2443 3546; x_wconf 82' lang='lat' dir='ltr'>BF</span> <span class='ocrx_word' id='word_1_782' title='bbox 2446 3521 2490 3555; x_wconf 83' lang='lat' dir='ltr'>H).</span> 
     </span>
     <span class='ocr_line' id='line_1_65' title="bbox 297 3552 1670 3593; baseline 0.006 -17"><span class='ocrx_word' id='word_1_783' title='bbox 297 3552 327 3577; x_wconf 75' lang='lat'>15</span> <span class='ocrx_word' id='word_1_784' title='bbox 347 3552 433 3586; x_wconf 78' lang='lat' dir='ltr'>suum]</span> <span class='ocrx_word' id='word_1_785' title='bbox 454 3554 493 3577; x_wconf 88' lang='lat' dir='ltr'>sui</span> <span class='ocrx_word' id='word_1_786' title='bbox 513 3554 577 3579; x_wconf 79' lang='grc' dir='ltr'><strong>αΧε.</strong></span> <span class='ocrx_word' id='word_1_787' title='bbox 670 3554 700 3578; x_wconf 83' lang='lat'>32</span> <span class='ocrx_word' id='word_1_788' title='bbox 712 3559 762 3585; x_wconf 29' lang='lat' dir='ltr'>,est</span> <span class='ocrx_word' id='word_1_789' title='bbox 777 3558 840 3586; x_wconf 77' lang='lat' dir='ltr'>post</span> <span class='ocrx_word' id='word_1_790' title='bbox 859 3562 887 3580; x_wconf 76' lang='lat' dir='ltr'>se</span> <span class='ocrx_word' id='word_1_791' title='bbox 907 3554 1041 3581; x_wconf 76' lang='grc' dir='ltr'><strong>αΒΝΧΡε.</strong></span> <span class='ocrx_word' id='word_1_792' title='bbox 1134 3555 1166 3589; x_wconf 82' lang='lat'>39</span> <span class='ocrx_word' id='word_1_793' title='bbox 1186 3563 1239 3580; x_wconf 86' lang='lat' dir='ltr'>non</span> <span class='ocrx_word' id='word_1_794' title='bbox 1258 3563 1300 3581; x_wconf 86' lang='lat' dir='ltr'>om</span> <span class='ocrx_word' id='word_1_795' title='bbox 1321 3556 1352 3587; x_wconf 86' lang='lat' dir='ltr'>N,</span> <span class='ocrx_word' id='word_1_796' title='bbox 1366 3560 1430 3589; x_wconf 72' lang='lat' dir='ltr'>post</span> <span class='ocrx_word' id='word_1_797' title='bbox 1448 3558 1568 3593; x_wconf 81' lang='lat' dir='ltr'>produxit</span> <span class='ocrx_word' id='word_1_798' title='bbox 1586 3557 1670 3584; x_wconf 75' lang='lat' dir='ltr'>eNPc.</span> 
     </span>
    </p>

    <p class='ocr_par' dir='ltr' id='par_1_33' title="bbox 295 3587 2492 3692">
     <span class='ocr_line' id='line_1_66' title="bbox 350 3587 2492 3625; baseline 0.002 -13"><span class='ocrx_word' id='word_1_799' title='bbox 350 3587 363 3612; x_wconf 83' lang='lat'>3</span> <span class='ocrx_word' id='word_1_800' title='bbox 384 3595 456 3612; x_wconf 80' lang='lat' dir='ltr'>error</span> <span class='ocrx_word' id='word_1_801' title='bbox 471 3592 533 3620; x_wconf 77' lang='lat' dir='ltr'>post</span> <span class='ocrx_word' id='word_1_802' title='bbox 551 3589 715 3622; x_wconf 75' lang='lat' dir='ltr'>quorundam</span> <span class='ocrx_word' id='word_1_803' title='bbox 735 3589 847 3615; x_wconf 70' lang='lat' dir='ltr'>anxr’c</span> <span class='ocrx_word' id='word_1_804' title='bbox 942 3589 959 3614; x_wconf 89' lang='grc'>8</span> <span class='ocrx_word' id='word_1_805' title='bbox 978 3589 1058 3616; x_wconf 80' lang='lat' dir='ltr'>Licet.</span> <span class='ocrx_word' id='word_1_806' title='bbox 1077 3589 1138 3623; x_wconf 84' lang='lat' dir='ltr'>ZpN</span> <span class='ocrx_word' id='word_1_807' title='bbox 1159 3590 1290 3623; x_wconf 73' lang='lat' dir='ltr'>Incipiunt</span> <span class='ocrx_word' id='word_1_808' title='bbox 1309 3599 1406 3617; x_wconf 77' lang='lat' dir='ltr'>novum</span> <span class='ocrx_word' id='word_1_809' title='bbox 1432 3590 1595 3625; x_wconf 74' lang='lat' dir='ltr'>capitulum,-</span> <span class='ocrx_word' id='word_1_810' title='bbox 1619 3593 1646 3618; x_wconf 81' lang='lat' dir='ltr'>in</span> <span class='ocrx_word' id='word_1_811' title='bbox 1665 3592 1689 3618; x_wconf 81' lang='grc' dir='ltr'>Υ</span> <span class='ocrx_word' id='word_1_812' title='bbox 1707 3593 1799 3618; x_wconf 77' lang='lat' dir='ltr'>littera</span> <span class='ocrx_word' id='word_1_813' title='bbox 1818 3593 1838 3617; x_wconf 90' lang='lat' dir='ltr'>L</span> <span class='ocrx_word' id='word_1_814' title='bbox 1857 3591 1947 3617; x_wconf 70' lang='lat' dir='ltr'>maior</span> <span class='ocrx_word' id='word_1_815' title='bbox 1963 3594 1990 3617; x_wconf 80' lang='lat' dir='ltr'>et</span> <span class='ocrx_word' id='word_1_816' title='bbox 2010 3590 2093 3623; x_wconf 69' lang='lat' dir='ltr'>picta.</span> <span class='ocrx_word' id='word_1_817' title='bbox 2190 3598 2223 3616; x_wconf 85' lang='lat'>20</span> <span class='ocrx_word' id='word_1_818' title='bbox 2242 3590 2400 3625; x_wconf 74' lang='lat' dir='ltr'>invenimus]</span> <span class='ocrx_word' id='word_1_819' title='bbox 2419 3591 2492 3620; x_wconf 59' lang='lat' dir='ltr'>invo-</span> 
     </span>
     <span class='ocr_line' id='line_1_67' title="bbox 295 3622 2489 3661; baseline 0.003 -15"><span class='ocrx_word' id='word_1_820' title='bbox 295 3622 397 3647; x_wconf 74' lang='lat' dir='ltr'>niemun</span> <span class='ocrx_word' id='word_1_821' title='bbox 417 3623 471 3654; x_wconf 83' lang='lat' dir='ltr'>NY,</span> <span class='ocrx_word' id='word_1_822' title='bbox 491 3623 665 3650; x_wconf 67' lang='lat' dir='ltr'>inveniremus</span> <span class='ocrx_word' id='word_1_823' title='bbox 684 3625 734 3652; x_wconf 72' lang='lat' dir='ltr'>al).</span> <span class='ocrx_word' id='word_1_824' title='bbox 822 3633 853 3650; x_wconf 71' lang='grc' dir='ltr'><strong>υ</strong></span> <span class='ocrx_word' id='word_1_825' title='bbox 875 3624 982 3659; x_wconf 73' lang='lat' dir='ltr'>accepitl</span> <span class='ocrx_word' id='word_1_826' title='bbox 1001 3625 1092 3658; x_wconf 74' lang='lat' dir='ltr'>accipit</span> <span class='ocrx_word' id='word_1_827' title='bbox 1110 3626 1139 3651; x_wconf 78' lang='lat' dir='ltr'>P.</span> <span class='ocrx_word' id='word_1_828' title='bbox 1226 3634 1261 3658; x_wconf 84' lang='lat'>²4</span> <span class='ocrx_word' id='word_1_829' title='bbox 1279 3627 1385 3660; x_wconf 72' lang='lat' dir='ltr'>accepit}</span> <span class='ocrx_word' id='word_1_830' title='bbox 1405 3628 1497 3661; x_wconf 72' lang='lat' dir='ltr'>accipit</span> <span class='ocrx_word' id='word_1_831' title='bbox 1515 3629 1560 3653; x_wconf 85' lang='lat' dir='ltr'>DF</span> <span class='ocrx_word' id='word_1_832' title='bbox 1562 3628 1647 3654; x_wconf 69' lang='lat' dir='ltr'><em>wa</em></span> <span class='ocrx_word' id='word_1_833' title='bbox 1734 3635 1767 3661; x_wconf 85' lang='lat'>²⁷</span> <span class='ocrx_word' id='word_1_834' title='bbox 1785 3626 1878 3661; x_wconf 69' lang='lat' dir='ltr'>pon-§tl</span> <span class='ocrx_word' id='word_1_835' title='bbox 1897 3630 1990 3660; x_wconf 67' lang='lat' dir='ltr'>ponet</span> <span class='ocrx_word' id='word_1_836' title='bbox 2007 3626 2095 3652; x_wconf 64' lang='lat' dir='ltr'>exve.</span> <span class='ocrx_word' id='word_1_837' title='bbox 2182 3626 2214 3659; x_wconf 84' lang='lat'>37</span> <span class='ocrx_word' id='word_1_838' title='bbox 2234 3627 2353 3660; x_wconf 77' lang='lat' dir='ltr'>pmducit</span> <span class='ocrx_word' id='word_1_839' title='bbox 2369 3627 2392 3652; x_wconf 87' lang='grc' dir='ltr'><strong>Α</strong></span> <span class='ocrx_word' id='word_1_840' title='bbox 2405 3627 2489 3658; x_wconf 58' lang='lat' dir='ltr'>solun</span> 
     </span>
     <span class='ocr_line' id='line_1_68' title="bbox 296 3658 874 3692; baseline 0.007 -10"><span class='ocrx_word' id='word_1_841' title='bbox 296 3658 423 3690; x_wconf 84' lang='lat' dir='ltr'>produxit.</span> <span class='ocrx_word' id='word_1_842' title='bbox 511 3666 546 3690; x_wconf 83' lang='lat'>4⁰</span> <span class='ocrx_word' id='word_1_843' title='bbox 564 3659 634 3692; x_wconf 76' lang='lat' dir='ltr'>velit}</span> <span class='ocrx_word' id='word_1_844' title='bbox 655 3660 726 3685; x_wconf 74' lang='lat' dir='ltr'>Deus</span> <span class='ocrx_word' id='word_1_845' title='bbox 746 3661 807 3686; x_wconf 86' lang='lat' dir='ltr'>velit</span> <span class='ocrx_word' id='word_1_846' title='bbox 826 3661 874 3686; x_wconf 69' lang='grc' dir='ltr'>αἱ).</span> 
     </span>
    </p>
   </div>
   <div class='ocr_carea' id='block_1_26' title="bbox 2534 553 2748 581">
    <p class='ocr_par' dir='ltr' id='par_1_34' title="bbox 2534 553 2748 581">
     <span class='ocr_line' id='line_1_69' title="bbox 2534 553 2748 581; baseline 0.005 -7"><span class='ocrx_word' id='word_1_847' title='bbox 2534 554 2543 564; x_wconf 93' lang='grc'>·</span> <span class='ocrx_word' id='word_1_848' title='bbox 2553 553 2688 575; x_wconf 72' lang='lat' dir='ltr'>Commeat.</span> <span class='ocrx_word' id='word_1_849' title='bbox 2697 558 2748 581; x_wconf 66' lang='lat' dir='ltr'>etp.</span> 
     </span>
    </p>
   </div>
   <div class='ocr_carea' id='block_1_27' title="bbox 2533 585 2669 608">
    <p class='ocr_par' dir='ltr' id='par_1_35' title="bbox 2533 585 2669 608">
     <span class='ocr_line' id='line_1_70' title="bbox 2533 585 2669 608; baseline 0 -7"><span class='ocrx_word' id='word_1_850' title='bbox 2533 585 2603 601; x_wconf 73' lang='grc' dir='ltr'><em>ιιιιιι</em></span> <span class='ocrx_word' id='word_1_851' title='bbox 2619 585 2669 608; x_wconf 85' lang='lat' dir='ltr'>sqq.</span> 
     </span>
    </p>
   </div>
   <div class='ocr_carea' id='block_1_28' title="bbox 2527 1921 2741 1945">
    <p class='ocr_par' dir='ltr' id='par_1_36' title="bbox 2527 1921 2741 1945">
     <span class='ocr_line' id='line_1_71' title="bbox 2527 1921 2741 1945; baseline 0 -1"><span class='ocrx_word' id='word_1_852' title='bbox 2527 1922 2579 1944; x_wconf 80' lang='lat' dir='ltr'>&#39;De</span> <span class='ocrx_word' id='word_1_853' title='bbox 2583 1921 2741 1945; x_wconf 63' lang='lat' dir='ltr'>noct-chriae.</span> 
     </span>
    </p>
   </div>
   <div class='ocr_carea' id='block_1_29' title="bbox 2527 1949 2634 1975">
    <p class='ocr_par' dir='ltr' id='par_1_37' title="bbox 2527 1949 2634 1975">
     <span class='ocr_line' id='line_1_72' title="bbox 2527 1949 2634 1975; baseline -0.009 -4"><span class='ocrx_word' id='word_1_854' title='bbox 2527 1949 2545 1975; x_wconf 86' lang='lat'>1,</span> <span class='ocrx_word' id='word_1_855' title='bbox 2559 1954 2634 1971; x_wconf 73' lang='lat' dir='ltr'>xxxxi.</span> 
     </span>
    </p>
   </div>
   <div class='ocr_carea' id='block_1_30' title="bbox 2520 3197 2679 3226">
    <p class='ocr_par' dir='ltr' id='par_1_38' title="bbox 2520 3197 2679 3226">
     <span class='ocr_line' id='line_1_73' title="bbox 2520 3197 2679 3226; baseline 0 -6"><span class='ocrx_word' id='word_1_856' title='bbox 2520 3197 2601 3226; x_wconf 74' lang='grc' dir='ltr'><em>’(Ζιρ.</em></span> <span class='ocrx_word' id='word_1_857' title='bbox 2612 3204 2679 3220; x_wconf 74' lang='lat' dir='ltr'>utu.</span> 
     </span>
    </p>
   </div>
   <div class='ocr_carea' id='block_1_31' title="bbox 2519 3409 2732 3438">
    <p class='ocr_par' dir='ltr' id='par_1_39' title="bbox 2519 3409 2732 3438">
     <span class='ocr_line' id='line_1_74' title="bbox 2519 3409 2732 3438; baseline 0.005 -7.127"><span class='ocrx_word' id='word_1_858' title='bbox 2519 3409 2599 3438; x_wconf 73' lang='lat' dir='ltr'>‘Cnp.</span> <span class='ocrx_word' id='word_1_859' title='bbox 2608 3415 2670 3431; x_wconf 73' lang='lat' dir='ltr'>un</span> <span class='ocrx_word' id='word_1_860' title='bbox 2679 3414 2732 3438; x_wconf 67' lang='lat' dir='ltr'>sqq.</span> 
     </span>
    </p>
   </div>
  </div>
 </body>
</html>
