2768 4134
22 731 124 780 ¹C÷z.x.
131 737 152 754 u.
160 737 171 753 2
177 737 238 759 sqq.;

23 764 44 780 ι.
92 774 98 780 .
114 758 128 781 1.
139 764 173 780 21.

19 1107 235 1158 31:⁰⁰3?ssss

19 1167 72 1190 οιρ.
83 1167 92 1184 ι
107 1160 169 1201 (Difl.
183 1167 234 1190 eap-

20 1204 82 1244 050'2,
97 1220 122 1243 p.
133 1204 182 1244 1'36.

18 1539 30 1551 ¹
41 1538 109 1567 ibid„
124 1544 148 1568 p.
160 1539 210 1566 ¹48.

780 287 969 324 SUMMA
998 288 1220 326 CONTRA
1248 289 1523 336 GENTILES,
1552 292 1646 328 LIB.
1668 293 1708 338 11,
1740 292 1850 330 CAP.
1870 294 1967 330 LIX.
2391 297 2465 343 415

321 362 534 399 Praeterea.
563 363 726 402 Materia
744 365 870 414 prima
897 378 979 405 non
999 374 1054 404 est
1082 368 1342 416 cognoscitiva

266 415 484 452 formarum
512 428 609 465 quas
638 417 781 467 recipit.
811 418 851 456 Si
881 431 971 468 ergo
1000 420 1138 458 eadem
1167 429 1265 458 esset
1284 433 1341 458 re-

266 467 393 517 ceptio
422 468 636 507 intellectus
664 471 856 519 possibilis
892 481 928 509 et
963 473 1145 511 materiae
1179 474 1339 523 primae,

266 533 339 558 nec
367 521 579 560 intellectus
606 523 798 572 possibilis
827 534 1076 574 cognosceret
1110 527 1255 564 formas
1283 539 1340 564 re-

266 582 406 624 ceptas.
438 576 559 622 Quod
587 584 643 612 est
671 577 821 614 falsum.

319 628 510 677 Amplius.
540 629 780 678 Impossibile
810 639 866 668 est
893 631 932 669 in
961 644 1124 681 corpore
1154 645 1236 670 esse
1265 633 1340 671 vir-

265 688 388 718 tutem
408 681 618 719 infinitam:
644 691 686 720 ut
704 684 892 733 probatur
910 685 958 722 ab
978 685 1179 723 Aristotele
1199 685 1238 723 in
1258 687 1339 724 VIII

264 735 514 782 Physicorum
525 735 555 772 ²⁸.
576 736 790 774 Intellectus
809 745 941 775 autem
960 738 1152 787 possibilis
1167 747 1223 776 est
1241 752 1339 789 quo-

265 787 482 826 dammodo
510 788 665 833 virtutis,
678 789 869 828 infinitae:
899 791 1118 830 iudicamus
1146 793 1340 842 enim'per

264 839 396 890 ipsum
416 853 475 878 res
504 841 672 880 infinitas
692 845 911 881 secundum
930 857 1153 891 numerum,
1174 845 1338 895 inquan—
1355 864 1363 877 ι

263 901 349 931 tum
386 906 457 943 per
497 894 629 944 ipsum
670 897 942 945 cognoscimus
984 898 1226 945 universalia,
1265 899 1338 936 sub

263 947 407 996 quibus
435 949 824 998 comprehenduntur
851 950 1094 1000 particularia
1122 951 1271 989 infinita
1298 952 1338 989 in

263 1000 446 1060 potentia.
462 1002 556 1039 Non
576 1011 632 1039 est
647 1003 761 1052 igitur
779 1003 991 1043 intellectus
1006 1004 1198 1053 possibilis
1217 1005 1338 1042 virtus

263 1066 303 1092 in
331 1066 508 1104 corpore.

318 1108 376 1144 Ex
401 1108 460 1145 his
488 1116 619 1146 autem
640 1117 770 1146 motus
791 1117 845 1147 est
864 1110 1101 1156 Averroes.*,
1122 1119 1158 1148 et
1177 1111 1338 1160 quidam
1355 1129 1362 1142 ι

228 1204 234 1210 ,
263 1160 421 1211 antiqui,
451 1169 494 1198 ut
521 1162 603 1211 ipse
632 1162 732 1208 dicit,
762 1164 811 1200 ad
839 1164 1070 1212 ponendum
1103 1164 1338 1202 intellectum

262 1214 498 1264 possibilem,
528 1227 608 1265 quo
638 1215 807 1265 intelligit
835 1216 975 1262 anima,
1005 1230 1088 1254 esse
1117 1226 1338 1267 separatum

262 1268 480 1306 secundum
511 1281 594 1306 esse
623 1282 646 1306 a
674 1281 850 1319 corpore,
880 1278 916 1306 et
944 1283 1024 1307 non
1054 1283 1136 1308 esse
1170 1272 1337 1308 formam

261 1333 449 1371 corporis.

316 1375 395 1412 Sed
414 1374 507 1424 quia
525 1374 588 1412 hic
608 1375 820 1413 intellectus
840 1375 935 1413 nihil
954 1376 1003 1413 ad
1023 1389 1096 1414 nos
1120 1377 1336 1426 pertineret,
1353 1394 1364 1407 2

262 1439 334 1465 nec
362 1440 433 1478 per
459 1428 591 1478 ipsum
619 1428 928 1477 intelligeremus,
949 1429 1021 1466 nisi
1045 1430 1252 1467 nobiscum
1272 1430 1337 1467 ali·

261 1493 343 1531 quo
372 1481 494 1518 modo
523 1481 839 1530 coniungeretur;
860 1482 1090 1520 determinat
1109 1483 1224 1520 etiam
1253 1495 1337 1520 mo-

262 1534 360 1572 dum
389 1546 469 1584 quo
498 1534 747 1572 continuatur
781 1535 988 1572 nobiscum
1007 1535 1038 1581 ³⁸,
1068 1535 1200 1573 dicens
1229 1537 1336 1585 quod

262 1587 410 1637 species
446 1587 635 1624 intellecta
673 1587 712 1624 in
750 1596 838 1625 actu
867 1595 923 1624 est
959 1588 1085 1625 forma
1126 1588 1337 1626 intellectus

260 1639 464 1691 possibilis,
494 1640 592 1677 sicut
620 1640 770 1678 visibile
798 1641 839 1678 in
858 1648 946 1678 actu
966 1649 1021 1678 est
1048 1641 1174 1679 forma
1201 1650 1337 1691 poten·
1353 1662 1363 1676 ι

259 1692 335 1731 tiae
363 1692 521 1730 visivae.
543 1693 656 1731 Unde
677 1706 723 1730 ex
743 1694 936 1731 intellectu
956 1694 1127 1743 possibili
1157 1702 1193 1731 et
1212 1695 1337 1732 forma

260 1746 449 1785 intellecta
462 1746 503 1784 in
518 1754 607 1784 actu
626 1746 669 1784 fit
687 1759 825 1784 unum.
849 1747 1095 1797 Cuicumque
1115 1747 1228 1796 igitur
1245 1760 1337 1785 con-

260 1799 430 1849 iungitur
466 1800 592 1838 forma
624 1800 812 1838 intellecta
849 1800 1054 1850 praedicta,
1093 1801 1339 1850 coniungitur

259 1853 473 1892 intellectus
487 1853 691 1904 possibilis.
710 1853 969 1903 Coniungitur
982 1862 1113 1891 autern
1128 1854 1242 1892 nobis
1257 1867 1337 1892 me-

201 1918 203 1920 ’
259 1907 390 1946 diante
404 1908 685 1957 phantasmate,
701 1907 811 1958 quod
825 1915 881 1944 est
895 1907 1115 1945 subiectum
1135 1908 1336 1957 quoddam

21 2820 32 2831 ¹¹
45 2819 79 2842 111
96 2818 127 2841 de
142 2818 236 2844 Anima,

22 2851 75 2875 etp.
89 2852 112 2872 v,
129 2852 153 2872 η
167 2845 238 2876 Goni-

0 2886 2 2902 ;
21 2876 94 2896 ment.
117 2873 237 2899 Avernus,

0 2903 2 2918 ὲ
20 2905 45 2929 p.
56 2899 126 2923 ισιν.

260 1960 360 2000 illius
387 1961 535 1998 formae
563 1960 784 1998 intellectae.
815 1962 890 1998 Per
907 1962 1014 1998 hunc
1039 1960 1152 2009 igitur
1170 1961 1337 1999 modum

260 2014 378 2052 etiam
397 2013 609 2051 intellectus
632 2014 825 2063 possibilis
851 2013 1057 2052 nobiscum
1077 2013 1334 2052 continuatur.

315 2068 437 2115 Quod
465 2075 598 2105 autem
627 2069 723 2105 haec
750 2068 886 2105 frivola
906 2067 979 2104 sint
1008 2075 1044 2104 et
1072 2067 1334 2117 impossibilia,

260 2120 368 2159 facile
403 2128 460 2158 est
493 2121 637 2158 videre.
674 2121 834 2158 Habens
871 2120 975 2158 enim
1011 2120 1245 2158 intellectum
1281 2129 1336 2158 est

261 2173 485 2223 intelligens.
515 2174 737 2223 Intelligitur
755 2182 886 2211 autern
915 2173 954 2211 id
974 2173 1084 2211 cuius
1113 2174 1260 2224 species
1279 2174 1335 2219 in-

261 2227 461 2277 telligibilis
489 2226 696 2266 intellectui
725 2228 868 2265 unitur.
890 2228 965 2265 Per
983 2228 1059 2265 hoc
1088 2227 1200 2276 igitur
1227 2228 1335 2277 quod

261 2280 409 2331 species
447 2280 688 2329 intelligibilis
721 2280 927 2318 intellectui
965 2280 1072 2318 unita
1105 2289 1161 2318 est
1194 2281 1232 2318 in
1266 2282 1335 2318 ho-

261 2334 367 2372 mine
395 2347 467 2384 per
493 2334 665 2384 aliquem
693 2335 872 2380 modum,
907 2346 988 2371 non
1022 2334 1179 2371 habebit
1212 2335 1335 2371 homo

261 2388 370 2439 quod
400 2388 446 2425 sit
473 2387 696 2436 intelligens,
725 2388 794 2425 sed
823 2389 951 2425 solum
971 2388 1079 2437 quod
1108 2387 1337 2436 intelligatur

262 2441 312 2479 ab
340 2441 534 2479 intellectu
563 2448 752 2491 separato.

316 2496 529 2532 Praeterea.
561 2494 623 2532 Sic
656 2494 803 2544 species
845 2494 1034 2532 intellecta
1075 2494 1115 2531 in
1156 2503 1244 2532 actu
1281 2503 1337 2532 est

263 2548 388 2586 forma
415 2547 628 2585 intellectus
655 2547 858 2598 possibilis,
879 2548 977 2585 sicut
1004 2548 1151 2597 species
1179 2548 1336 2585 visibilis

263 2601 303 2638 in
336 2609 424 2638 actu
451 2609 508 2638 est
535 2601 660 2639 forma
688 2601 880 2651 potentiae
909 2601 1066 2647 visivae,
1100 2601 1180 2638 sive
1217 2601 1336 2650 ipsius

264 2654 378 2692 oculi.
419 2654 576 2704 Species
613 2663 744 2692 autem
782 2655 970 2692 intellecta
1006 2662 1256 2703 comparatur
1287 2654 1336 2691 ad

263 2708 496 2758 phantasma
523 2708 622 2745 sicut
650 2708 797 2758 species
825 2707 982 2744 visibilis
1011 2707 1051 2744 in
1079 2715 1167 2744 actu
1196 2707 1244 2744 ad
1274 2719 1337 2744 co-

264 2762 432 2798 loratum
461 2761 569 2811 quod
598 2769 654 2798 est
681 2769 787 2798 extra
815 2760 1005 2798 animam:
1036 2767 1073 2796 et
1101 2760 1174 2797 hac
1207 2759 1336 2797 simili-

264 2814 399 2852 tudine
424 2814 506 2864 ipse
534 2813 663 2860 utitur,
693 2822 729 2851 et
758 2813 874 2851 etiam
902 2813 1122 2850 Aristoteles
1133 2813 1163 2849 ²³².
1195 2812 1338 2850 Similis

265 2868 378 2917 igitur
418 2867 657 2905 continuatio
695 2875 751 2904 est
788 2866 998 2904 intellectus
1035 2865 1227 2915 possibilis
1268 2878 1338 2915 per

265 2921 433 2959 formam
453 2919 728 2969 intelligibilem
756 2920 805 2957 ad
825 2921 1057 2969 phantasma
1077 2919 1184 2968 quod
1209 2918 1247 2955 in
1268 2931 1337 2956 no-

265 2975 324 3012 bis
353 2982 419 3021 est,
448 2981 485 3012 et
512 2974 705 3024 potentiae
734 2973 879 3010 visivae
908 2972 957 3010 ad
986 2974 1159 3010 colorem
1187 2971 1255 3022 qui
1283 2980 1339 3009 est

266 3028 307 3065 in
334 3027 472 3078 lapide.
503 3028 611 3065 Haec
639 3034 770 3064 autem
798 3025 1036 3064 continuatio
1065 3037 1146 3062 non
1173 3025 1259 3062 facit
1286 3027 1338 3063 la-

265 3081 399 3132 pidem
427 3081 570 3127 videre,
598 3081 667 3118 sed
695 3081 824 3117 solum
852 3078 988 3116 videri.
1022 3080 1125 3127 Ergo
1159 3086 1195 3115 et
1229 3091 1338 3128 prae-

266 3135 366 3172 dicta
394 3133 632 3172 continuatio
666 3133 877 3170 intellectus
909 3131 1100 3182 possibilis
1132 3131 1338 3169 nobiscum

266 3200 347 3225 non
375 3187 461 3225 facit
489 3200 561 3225 nos
590 3187 807 3235 intelligere,
827 3186 895 3223 sed
915 3184 1068 3234 intelligi
1092 3186 1232 3222 solum.
1254 3186 1338 3222 Pla-

1353 2194 1374 2214 35

1351 2459 1377 2479 4⁰

1351 2724 1375 2744 45

1398 369 1612 417 telligimus.
1647 371 1740 407 Non
1778 370 1890 419 igitur
1926 371 2121 409 sufficiens
2158 380 2214 410 est
2250 373 2468 422 praedictus

1397 422 1695 460 continuationis
1724 424 1877 460 modus.

1451 475 1602 512 Adhuc.
1625 476 1755 513 Omne
1776 489 2013 525 cognoscens
2032 490 2102 527 per
2120 478 2301 516 virtutem
2325 491 2466 528 cogno-

1397 527 1572 565 scitivam
1600 528 1846 577 coniungitur
1869 530 2031 576 obiecto,
2053 539 2089 568 et
2117 543 2197 568 non
2217 544 2238 569 e
2258 544 2464 570 converso:

1397 580 1493 618 sicut
1522 589 1558 618 et
1586 593 1751 631 operans
1780 595 1897 620 omne
1926 595 1995 631 per
2022 583 2202 622 virtutem
2227 585 2465 634 operativam

1396 633 1644 683 coniungitur
1671 643 1842 684 operato.
1872 636 2005 673 Homo
2026 645 2155 674 autem
2176 645 2231 674 est
2255 637 2464 687 intelligens
2497 660 2499 662 ·

1395 698 1466 736 per
1493 687 1727 726 intellectum
1747 687 1844 725 sicut
1862 700 1932 737 per
1950 689 2131 726 virtutem
2151 691 2462 739 cognoscitivam.

1395 740 1488 776 Non
1517 740 1629 788 igitur
1647 741 1893 789 coniungitur
1911 753 1981 790 per
1998 742 2165 780 formam
2193 743 2463 792 intelligibilem

1395 792 1611 839 intellectui,
1641 794 1708 831 sed
1737 794 1858 843 magis
1877 806 1947 843 per
1973 794 2207 833 intellectum
2231 796 2461 844 intelligibili.

1448 847 1638 896 Amplius.
1668 847 1709 885 Id
1729 859 1809 896 quo
1833 847 1979 897 aliquid
1998 856 2189 897 operatur,
2211 849 2361 898 oportet
2380 863 2462 888 esse

1393 900 1561 937 formam
1582 900 1682 937 eius:
1703 900 1799 938 nihil
1813 900 1919 938 enim
1933 900 2007 949 agit
2026 901 2099 938 nisi
2118 902 2336 939 secundum
2356 904 2463 952 quod

1394 960 1449 990 est
1477 961 1584 1006 actp;
1615 961 1701 991 actu
1726 961 1856 991 autem
1875 966 1956 991 non
1976 962 2032 991 est
2060 954 2204 1004 aliquid
2232 955 2304 992 nisi
2332 967 2402 1004 per
2425 956 2462 993 id

1393 1007 1501 1055 quod
1522 1014 1577 1043 est
1605 1007 1730 1044 forma
1749 1007 1850 1052 eius;
1880 1007 1985 1044 unde
2014 1015 2051 1044 et
2078 1007 2298 1045 Aristoteles
2325 1008 2463 1057 probat

1394 1059 1566 1097 animam
1595 1072 1677 1097 esse
1705 1060 1883 1106 formam,
1912 1073 1982 1109 per
2000 1061 2077 1098 hoc
2105 1061 2212 1110 quod
2232 1060 2375 1099 animal
2394 1074 2464 1111 per

1394 1113 1566 1150 animam
1595 1113 1689 1150 vivit
1717 1121 1754 1150 et
1781 1113 1892 1150 sentit
1906 1113 1937 1150 ²⁸.
1968 1114 2101 1151 Homo
2127 1121 2259 1152 autem
2282 1114 2461 1163 intelligit,
2490 1124 2499 1133 ·
2515 1123 2536 1144 11
2559 1123 2588 1162 ste
2602 1123 2698 1172 gigan,

1394 1173 1430 1203 et
1458 1178 1539 1203 non
1567 1165 1639 1203 nisi
1667 1178 1737 1216 per
1764 1166 2015 1203 intellectum:
2037 1167 2142 1204 unde
2166 1175 2202 1204 et
2230 1167 2461 1214 Aristoteles,
2490 1155 2594 1176 ¹¹'¹²'³'
2643 1157 2702 1176 '⁰⁴'

1394 1218 1592 1268 inquirens
1629 1219 1677 1256 de
1714 1219 1903 1268 principio
1941 1232 2021 1269 quo
2058 1219 2312 1268 intelligimus,
2350 1221 2462 1258 tradit

1394 1272 1507 1309 nobis
1548 1280 1726 1309 naturam
1767 1272 1977 1309 intellectus
2018 1273 2209 1322 possibilis
2223 1273 2254 1310 ²⁸.
2299 1274 2462 1323 Oportet
2488 1281 2592 1329 Lam?
2609 1281 2700 1305 Anima

1394 1325 1507 1374 igitur
1533 1325 1767 1363 intellectum
1787 1325 2010 1374 possibilem
2038 1326 2245 1363 formaliter
2272 1326 2372 1363 uniri
2392 1340 2460 1364 no-
2517 1314 2539 1335 p'
2575 1323 2581 1329 ⁰

1395 1378 1462 1424 bis,
1492 1386 1528 1415 et
1556 1391 1637 1415 non
1666 1380 1793 1415 solum
1822 1391 1892 1428 per
1919 1391 2036 1415 suurn
2065 1379 2272 1416 obiectum.

1447 1433 1659 1468 Praeterea.
1693 1432 1901 1468 Intellectus
1929 1434 1965 1468 in
1996 1438 2078 1469 actu
2108 1438 2140 1469 et
2168 1433 2395 1482 intelligibile
2422 1434 2459 1469 in

1393 1491 1477 1521 actu
1504 1491 1588 1522 sunt
1616 1498 1732 1521 unum
1747 1484 1782 1521 ss:
1804 1484 1901 1521 sicut
1927 1497 2054 1521 sensus
2077 1487 2113 1521 in
2139 1492 2222 1522 actu
2243 1492 2276 1522 et
2293 1486 2462 1523 sensibile
2488 1496 2575 1523 ·1bid-‚
2590 1501 2659 1519 mm·

1394 1539 1431 1573 in
1461 1544 1544 1574 actu
1559 1537 1590 1574 ²⁸.
1625 1539 1719 1574 Non
1752 1545 1882 1574 autem
1915 1537 2126 1575 intellectus
2158 1538 2198 1574 in
2226 1538 2396 1587 potentia
2424 1546 2460 1575 et
2488 1550 2497 1559 ·
2516 1549 2585 1574 Ibid-⁹
2602 1554 2652 1577 αι).
2674 1554 2701 1575 ιι,

1393 1589 1622 1638 intelligibile
1651 1590 1690 1627 in
1719 1590 1906 1639 potentia:
1937 1590 2034 1627 sicut
2061 1603 2133 1628 nec
2161 1603 2296 1628 sensus
2323 1591 2363 1628 in
2392 1603 2460 1640 po·
2488 1582 2545 1602 Μ’

1393 1643 1509 1680 tentia
1537 1651 1574 1679 et
1602 1643 1778 1680 sensibile
1807 1643 1847 1679 in
1874 1643 2055 1692 potentia.
2087 1644 2242 1692 Species
2265 1644 2377 1692 igitur
2396 1644 2460 1690 rei,

1393 1696 1611 1733 secundum
1640 1696 1748 1744 quod
1777 1703 1832 1732 est
1860 1695 1900 1732 in
1927 1696 2270 1744 phantasmatibus,
2299 1709 2379 1733 non
2408 1705 2463 1734 est

1394 1748 1634 1798 intelligibilis
1662 1756 1765 1785 actu:
1796 1760 1875 1785 non
1905 1748 2010 1786 enim
2039 1748 2091 1786 sic
2124 1757 2180 1786 est
2212 1761 2337 1786 unum
2371 1762 2463 1787 cum

1394 1802 1586 1839 intellectu
1606 1801 1644 1839 in
1660 1810 1748 1839 actu
1777 1802 1843 1839 sed
1864 1802 2081 1839 secundum
2103 1802 2210 1851 quod
2231 1810 2285 1839 est
2304 1815 2326 1839 a
2340 1803 2463 1852 phan-

1393 1855 1620 1893 tasmatibus
1648 1855 1853 1900 abstracta;
1874 1855 1971 1892 sicut
1990 1867 2061 1892 nec
2085 1855 2231 1904 species
2251 1855 2389 1893 coloris
2408 1863 2464 1893 est

1366 1916 1543 1945 osensata
1572 1908 1610 1945 in
1640 1916 1727 1945 actu
1764 1908 1982 1945 secundum
2017 1909 2125 1958 quod
2160 1916 2215 1946 est
2252 1908 2291 1945 in
2325 1908 2461 1958 lapide,

1393 1962 1461 1999 sed
1490 1963 1618 1999 solum
1653 1961 1871 1998 secundum
1905 1961 2013 2010 quod
2048 1969 2103 1998 est
2138 1961 2177 1998 in
2212 1961 2368 2010 pupilla.
2400 1961 2463 1999 Sic

1393 2023 1523 2052 autern
1543 2016 1672 2051 solum
1691 2013 1939 2051 continuatur
1955 2014 2162 2051 nobiscum
2182 2014 2327 2064 species
2354 2014 2461 2052 intel-

1392 2067 1539 2116 ligibilis
1568 2067 1785 2104 secundum
1821 2067 1929 2117 quod
1964 2075 2019 2104 est
2052 2067 2090 2104 in
2118 2067 2460 2117 phantasmatibus,

1392 2121 1610 2158 secundum
1651 2120 1885 2170 positionem
1926 2120 2172 2170 praedictam.
2215 2122 2309 2158 Non
2350 2120 2463 2169 igitur

1392 2174 1639 2212 continuatur
1658 2173 1863 2211 nobiscum
1888 2174 2105 2210 secundum
2124 2173 2231 2223 quod
2252 2182 2307 2210 est
2334 2186 2461 2211 unum

1392 2240 1485 2266 cum
1513 2228 1705 2265 intellectu
1724 2226 1896 2276 possibili
1915 2235 1957 2264 ut
1984 2227 2109 2264 forma
2128 2227 2221 2264 eius.
2242 2226 2356 2275 Igitur
2381 2239 2461 2264 non

1391 2289 1517 2331 potest
1545 2293 1627 2318 esse
1656 2280 1833 2318 medium
1861 2292 1941 2329 quo
1970 2279 2216 2317 continuetur
2250 2280 2460 2317 intellectus

1391 2334 1583 2385 possibilis
1611 2333 1833 2371 nobiscum:
1864 2333 1956 2382 quia
1985 2333 2203 2370 secundum
2231 2333 2339 2382 quod
2371 2345 2461 2370 con-

1391 2388 1563 2425 tinuatur
1581 2399 1673 2424 cum
1693 2387 1884 2424 intellectu
1904 2386 2087 2436 possibili,
2108 2398 2188 2424 non
2217 2386 2463 2424 continuatur

1391 2441 1609 2486 nobiscum,
1638 2452 1711 2477 nec
1739 2452 1759 2477 e
1787 2451 1990 2477 converso.

1447 2496 1554 2532 Patet
1573 2502 1703 2531 autem
1723 2505 1815 2530 eum
1836 2492 1903 2542 qui
1923 2494 2024 2530 hanc
2043 2492 2278 2542 positionem
2301 2492 2461 2539 induxit,

1392 2547 1712 2597 aequivocatione
1750 2546 1957 2595 deceptum
1993 2544 2129 2583 fuisse.
2160 2546 2319 2583 Colores
2357 2545 2461 2582 enim

1393 2609 1498 2638 extra
1526 2599 1696 2637 animam
1727 2598 1939 2644 existentes,
1963 2606 2162 2648 praesente
2191 2597 2348 2643 lumine,
2373 2606 2462 2635 sunt

1392 2653 1560 2702 visibiles
1593 2660 1680 2689 actu
1713 2659 1755 2688 ut
1786 2659 1962 2700 potentes
1994 2663 2154 2688 movere
2192 2651 2339 2687 visum:
2378 2663 2460 2688 non

1393 2714 1525 2744 autem
1561 2713 1604 2743 ut
1641 2712 1728 2742 actu
1765 2712 1930 2750 sensata,
1967 2704 2184 2741 secundum
2221 2703 2329 2753 quod
2371 2711 2460 2740 sunt

1392 2771 1520 2796 unum
1548 2770 1639 2795 cum
1668 2769 1784 2794 sensu
1812 2757 1852 2794 in
1880 2765 1979 2794 actu.
2015 2758 2064 2794 Et
2097 2756 2267 2794 similiter
2300 2757 2460 2806 phanta-

1393 2819 1516 2850 smata
1543 2823 1613 2861 per
1647 2811 1781 2848 lumen
1818 2810 2029 2847 intellectus
2064 2809 2207 2858 agentis
2239 2809 2338 2846 fiunt
2373 2817 2459 2847 actu

1393 2864 1648 2913 intelligibilia,
1678 2871 1720 2901 ut
1747 2863 1896 2913 possint
1924 2875 2083 2901 movere
2111 2863 2343 2900 intellectum
2371 2875 2459 2912 pos-

1394 2918 1559 2956 sibilem:
1590 2929 1671 2954 non
1699 2924 1830 2954 autem
1864 2924 1907 2954 ut
1941 2916 2015 2953 sint
2051 2916 2237 2953 intellecta
2272 2923 2368 2960 actu,
2404 2927 2459 2952 se-

1366 2972 1570 3010 ecundum
1598 2970 1706 3020 quod
1735 2978 1823 3007 sunt
1851 2982 1977 3007 unum
2002 2981 2094 3007 cum
2121 2970 2311 3007 intellectu
2339 2968 2460 3017 possi-

1393 3025 1459 3063 bili
1487 3025 1586 3062 facto
1615 3023 1655 3061 in
1683 3031 1781 3061 actu.

1447 3079 1554 3116 Item.
1592 3076 1666 3115 Ubi
1692 3075 1899 3122 ‚invenitur
1933 3075 2042 3113 altior
2076 3075 2248 3125 operatio
2285 3074 2459 3120 viventis,

1394 3131 1447 3168 ibi
1474 3130 1670 3168 invenitur
1696 3129 1806 3167 altior
1833 3129 1979 3179 species
2006 3128 2117 3174 vitae,
2154 3127 2460 3177 correspondens

1394 3184 1444 3222 illi
1473 3183 1624 3221 actioni.
1654 3184 1696 3220 In
1724 3182 1861 3233 plantis
1890 3182 1995 3219 enim
2027 3181 2221 3219 invenitur
2254 3182 2334 3218 sola
2362 3181 2459 3218 actio

267 3254 365 3279 num
403 3249 534 3278 autem
572 3249 628 3277 est
664 3240 773 3289 quod
810 3238 966 3289 proprie
1004 3246 1041 3275 et
1076 3250 1167 3275 vere
1200 3237 1339 3275 dicitur
1354 3256 1376 3276 ss
1394 3238 1444 3276 ad
1471 3236 1722 3274 nutritionem
1750 3236 1956 3286 pertinens
1995 3236 2037 3272 In
2072 3234 2301 3272 animalibus
2330 3241 2460 3271 autem

267 3295 376 3345 quod
404 3295 527 3332 homo
557 3293 741 3342 intelligit:
775 3305 855 3330 non
889 3291 995 3329 enim
1028 3291 1239 3328 intellectus
1271 3303 1337 3328 na-

266 3356 395 3385 turam
423 3347 741 3396 investigaremus
761 3345 834 3383 nisi
861 3358 931 3395 per
959 3345 1035 3382 hoc
1054 3345 1161 3393 quod
1189 3357 1262 3382 nos
1281 3344 1337 3382 in-

1394 3290 1589 3328 invenitur
1616 3289 1726 3327 altior
1754 3289 1863 3334 actio,
1892 3288 2032 3325 scilicet
2067 3287 2204 3325 sentire
2240 3295 2276 3324 et
2310 3286 2460 3324 moveri

1393 3343 1611 3382 secundum
1649 3344 1795 3380 locum:
1835 3341 1939 3379 unde
1977 3349 2013 3378 et
2041 3341 2181 3378 animal
2210 3340 2304 3377 vivit
2338 3339 2460 3377 altiori

321 3453 338 3478 6
357 3454 383 3479 in
402 3461 512 3486 corpore
524 3456 590 3486 post
607 3460 668 3478 esse
686 3452 773 3477 aDPc.
854 3451 870 3476 8
890 3450 985 3483 autem]
1005 3450 1082 3483 igitur
1101 3450 1144 3475 Pe.
1236 3449 1267 3474 25
1287 3449 1371 3474 forma
1390 3448 1528 3481 potentiae]
1548 3447 1663 3481 potentia
1681 3447 1780 3472 formae
1799 3447 1847 3472 Pa.
1928 3445 1960 3486 2'8
1979 3445 2186 3477 intellectavpost
2203 3444 2332 3477 praedicta
2349 3445 2460 3485 ⁴tzDWX.

269 3489 299 3515 31
320 3489 399 3523 igitur
417 3489 526 3515 modum
545 3489 621 3514 etiam
640 3488 716 3518 YZb;
735 3488 812 3512 etiam
831 3487 939 3512 modum
959 3486 1037 3511 etiam
1055 3485 1130 3516 uDX,
1149 3485 1256 3510 modum
1276 3485 1354 3510 etiam
1372 3484 1428 3515 EG,
1447 3484 1525 3509 etiam
1544 3484 1654 3509 modum
1673 3482 1774 3508 NWPc.
1861 3480 1894 3506 36
1911 3480 1998 3514 igitur]
2019 3486 2106 3506 autem
2125 3479 2169 3506 Pc.
2261 3479 2292 3512 37
2311 3485 2383 3505 unita
2397 3484 2461 3512 post

268 3530 309 3551 est
326 3525 392 3551 ch.
474 3531 505 3556 4¹
529 3523 579 3558 Sic]
600 3524 672 3549 Sicut
689 3523 766 3554 NYZ,
786 3530 828 3548 om
848 3523 878 3553 E,
897 3522 923 3547 Si
943 3522 970 3546 P.
1051 3520 1086 3553 43
1106 3521 1161 3546 sive
1180 3527 1223 3545 om
1244 3520 1330 3546 oeYPc.

1411 3527 1447 3551 44
1466 3519 1594 3545 intellecta
1612 3516 1782 3551 comparatur]
1803 3517 1982 3541 intellectualis
2002 3516 2039 3541 sic
2058 3524 2087 3541 se
2105 3515 2182 3541 habet
2201 3514 2244 3540 Pc.
2325 3514 2359 3547 45
2379 3515 2462 3548 phan-

268 3567 351 3586 tasma
370 3561 406 3592 X;
425 3559 614 3593 phantasmata.
703 3567 738 3592 49
758 3557 919 3591 phantasma]
939 3557 1119 3590 phantasmata
1139 3556 1188 3581 αῙ).
1281 3555 1315 3587 54
1334 3554 1402 3589 facit]
1422 3555 1496 3580 faciet
1514 3555 1547 3580 D.
1639 3552 1671 3578 56
1690 3553 1834 3578 intellectus
1850 3555 1914 3584 post
1932 3557 2049 3576 naturam
2068 3551 2116 3578 Pd.
2227 3586 2232 3592 .
2455 3587 2460 3592 ι

322 3596 339 3622 8
357 3595 521 3629 coniungitur
539 3595 582 3621 hic
600 3596 623 3620 A
641 3596 726 3626 sotus-3
741 3597 806 3627 post
824 3602 841 3627 q
860 3593 1020 3626 intelligibili.
1109 3599 1126 3625 9
1144 3590 1304 3624 intelligibili}
1324 3590 1512 3623 intelligibilem
1531 3591 1560 3621 B,
1579 3589 1744 3622 intelligibilis
1761 3588 1794 3617 Ρ;
1813 3587 1848 3620 cf.
1861 3595 1919 3612 var.
1928 3587 2053 3619 praeced.
2145 3586 2178 3611 36
2197 3585 2275 3627 Igitur
2294 3586 2402 3617 GNXZ;
2421 3594 2462 3611 cui

268 3632 345 3664 igitur
362 3632 392 3663 E,
412 3639 494 3664 quare
512 3631 536 3662 b,
555 3631 596 3656 cui
614 3631 705 3656 ceteri.
790 3629 823 3662 45
845 3629 989 3654 secundum
1009 3626 1089 3661 quod]
1109 3627 1157 3652 sed
1175 3627 1246 3659 quod
1265 3634 1290 3657 α,
1309 3626 1357 3651 sed
1375 3626 1486 3651 ωτι-ΓΙ).
1577 3624 1611 3657 46
1631 3632 1710 3650 sensu
1728 3622 1861 3653 DNWZb;
1879 3622 1938 3647 visu
1957 3623 1999 3654 Pc,
2018 3622 2150 3647 intellectu
2166 3625 2256 3648 ceter-1.
2346 3621 2381 3653 48
2400 3629 2462 3655 pos-

269 3667 328 3700 sint]
347 3672 459 3700 possunt
477 3666 554 3692 BCG.
648 3666 676 3692 51
699 3666 767 3691 facto
784 3666 807 3690 Α
826 3666 912 3696 solus3
932 3664 997 3689 facta
1015 3670 1113 3692 omnes,
1134 3669 1186 3687 non
1204 3662 1261 3687 sine
1279 3661 1418 3687 occasione
1436 3668 1474 3686 ex
1491 3661 1628 3693 scriptura
1646 3661 1677 3684 A.
