2768 4134
59 810 70 821 '‘
83 810 141 832 Loc.
156 809 194 832 cit.

813 280 1001 318 SUMMA
1030 283 1251 321 CONTRA
1280 285 1554 333 GENTILES,
1583 289 1676 326 LIB.
1698 291 1739 335 Il,
1769 291 1880 327 CAP.
1901 292 1982 328 XV.

304 364 307 366 ·
356 357 431 388 Hoc
461 366 537 397 ergo
569 356 714 387 secundo
746 357 847 387 modo
879 359 1033 390 intellexit
1063 360 1199 392 Sanctus
1230 363 1374 394 Thomas

262 407 267 411 ⁴
301 402 392 442 quod
407 402 504 432 alicui
520 401 674 432 convenit
697 402 878 432 secundum
895 404 985 442 quod
1001 405 1118 444 ipsum,
1135 415 1203 436 non
1221 408 1374 438 excedere

300 447 498 477 subiectum:
524 446 600 486 quia
623 445 746 476 scilicet
768 446 850 476 nulli
873 448 1025 478 convenit
1040 450 1101 479 nisi
1123 450 1170 480 illi
1193 452 1373 482 subiectum

300 497 356 522 aut
379 490 560 522 secundum
584 490 749 530 propriam
774 491 843 520 eius
867 492 1036 529 rationem,
1053 500 1107 524 aut
1123 496 1303 526 secundum
1320 497 1375 526 ali—

301 545 400 576 quam
424 535 648 576 participatam
671 535 741 565 eius
765 534 1018 572 similitudinem,
1036 540 1217 569 conveniat.
1242 540 1376 580 Propter

300 581 364 611 hoc
380 580 547 612 subiunxit
570 579 662 620 quod
685 579 781 609 etiam
807 579 839 609 in
864 580 1019 621 analogis
1043 587 1170 621 oportet
1181 584 1265 624 fieri
1281 585 1376 615 redu-

300 625 439 656 ctionem
463 624 507 655 ad
530 634 641 660 unum,
659 624 713 654 cui
731 623 853 654 scilicet
868 624 975 664 primo
992 630 1024 655 et
1039 635 1096 665 per
1112 636 1145 656 se
1161 627 1241 658 illud
1257 638 1376 659 conve-

300 670 377 706 niat,
394 675 426 700 et
441 668 623 700 secundum
643 669 736 699 cuius
751 668 1033 709 participationem
1050 670 1109 700 alia
1125 670 1272 703 dicantur
1291 674 1374 703 talia.

355 723 388 752 4.
400 712 646 744 Advertendum
662 722 797 754 quoque
814 713 905 753 quod
921 713 1053 753 quidam
1070 724 1107 744 ex
1123 715 1187 746 hoc
1202 717 1277 747 loco
1294 719 1377 748 acci-

301 758 395 798 piunt
418 767 487 789 non
510 768 580 789 esse
602 757 690 788 idem
713 757 801 798 apud
825 757 980 789 Sanctum
1005 758 1180 796 Thomam,
1204 761 1244 791 de
1268 768 1376 792 mente

301 802 483 834 Aristotelis
505 803 539 833 in
563 803 575 832 Ι
592 803 716 834 Poster.
730 804 756 839 ἕ,
775 812 840 843 per
853 812 889 833 se
904 809 936 833 et
955 803 1132 833 secundum
1155 806 1243 845 quod
1263 807 1376 846 ipsum,

303 847 359 877 sed
381 857 415 878 se
438 848 557 878 habere
580 848 663 878 inter
686 857 719 878 se
743 848 826 878 sicut
848 847 982 878 inferius
998 853 1030 878 et
1048 850 1210 888 superius:
1237 850 1315 881 dum
1331 852 1377 881 vi-

302 891 396 922 detur
417 892 500 923 velle
524 892 647 933 aliquid
670 902 766 933 posse
790 892 965 923 convenire
989 892 1134 932 pluribus
1158 903 1215 934 per
1239 905 1282 931 se,
1309 906 1377 926 non

302 942 412 968 autem
431 937 613 969 secundum
629 937 720 978 quod
738 938 857 977 ipsum.
882 936 956 973 Sed,
973 942 1009 967 ut
1024 937 1164 968 diximus
1187 939 1220 969 in
1244 946 1378 970 annota-

301 982 445 1012 tionibus
465 984 476 1014 1
493 983 728 1018 Posterior-um,
744 981 886 1013 admisso
908 982 992 1012 hanc
1013 991 1081 1012 esse
1104 989 1247 1014 mentem
1271 984 1379 1015 Sancti

302 1026 452 1057 Thomae
482 1028 516 1058 in
543 1028 607 1058 hoc
635 1027 710 1058 loco
739 1026 844 1067 (quod
869 1032 979 1057 tamen
1010 1036 1078 1057 non
1106 1028 1262 1068 constat),
1290 1029 1379 1060 aliter

302 1072 459 1112 accipitur
481 1073 534 1103 hic
553 1082 616 1112 per
638 1082 673 1103 se
693 1077 728 1102 vet
749 1071 926 1103 secundum
950 1071 1038 1112 quod
1062 1072 1175 1111 ipsum,
1194 1079 1225 1103 et
1241 1073 1330 1104 aliter
1346 1075 1378 1104 in

303 1115 315 1145 1
338 1115 572 1147 Posterior-um.
603 1117 667 1147 Hic
695 1117 784 1148 enim
807 1117 924 1147 dicitur
951 1116 1177 1157 praedicatum
1203 1119 1378 1149 secundum

301 1161 389 1201 quod
411 1161 516 1202 ipsum
540 1161 631 1202 quod
655 1162 809 1192 convenit
832 1162 979 1192 subiecto
995 1161 1176 1192 secundum
1204 1163 1273 1193 eius
1304 1173 1379 1203 pro-

301 1205 405 1245 priam
422 1211 454 1237 et
469 1206 681 1247 adaequatam
698 1207 868 1242 rationem,
882 1215 947 1246 qua
959 1206 998 1235 ab
1014 1206 1168 1236 omnibus
1184 1207 1252 1237 aliis
1265 1207 1378 1245 differt,

301 1259 386 1290 quae
401 1256 450 1282 est
464 1252 546 1282 ratio
562 1250 794 1282 differentialis:
812 1256 844 1282 et
860 1256 908 1282 est
922 1250 1009 1281 idem
1026 1250 1118 1291 quod
1136 1251 1246 1291 primo
1264 1262 1379 1283 conve-

303 1294 405 1326 niens.
429 1295 514 1326 Nam
537 1296 583 1326 sic
605 1295 781 1327 secundum
805 1296 894 1336 quod
917 1296 1020 1336 ipsum
1045 1301 1093 1326 est
1111 1295 1245 1327 inferius
1262 1297 1302 1328 ad
1317 1308 1380 1338 per

268 1376 276 1379 ⁷
301 1347 360 1375 se;
377 1349 479 1371 omne
494 1341 581 1371 enim
596 1341 774 1372 secundum
789 1340 878 1381 quod
893 1341 997 1381 ipsum
1015 1341 1170 1371 convenit
1185 1351 1249 1381 per
1262 1351 1305 1377 se,
1323 1342 1379 1373 sed

301 1392 370 1414 non
393 1393 413 1415 e
427 1390 556 1421 contra;
580 1386 665 1416 sicut
687 1385 812 1416 risibile
825 1385 981 1416 convenit
995 1394 1054 1425 per
1071 1395 1105 1416 se
1126 1385 1222 1422 Sorti,
1239 1387 1294 1417 sed
1311 1397 1379 1418 non

301 1428 420 1469 primo,
437 1429 504 1460 sive
527 1439 596 1460 non
619 1430 802 1461 secundum
825 1429 918 1471 quod
941 1431 1060 1471 ipsum.
1076 1448 1100 1453 -
1124 1430 1169 1460 lbi
1193 1437 1313 1468 autem,
1331 1442 1380 1462 se-

302 1472 448 1504 cundum
471 1479 618 1504 mentem
640 1475 832 1511 Aristotelis,
856 1481 892 1506 ut
916 1475 1050 1515 exponit
1073 1475 1211 1506 Sanctus
1235 1476 1380 1507 Thomas

301 1517 471 1558 sequendo
494 1524 619 1549 textum
642 1529 749 1556 suum,
775 1520 932 1560 accipitur
949 1520 1178 1560 praedicatum
1203 1522 1378 1551 secundum

300 1561 390 1604 quod
408 1563 513 1604 ipsum
537 1572 597 1603 pro
621 1573 662 1594 eo
678 1564 770 1605 quod
793 1565 948 1595 convenit
970 1565 1066 1595 alicui
1089 1574 1127 1596 ex
1152 1565 1260 1605 aliqua
1284 1576 1380 1596 causa

302 1607 457 1640 existente
479 1608 512 1639 in
536 1609 674 1639 essentia
689 1610 836 1640 subiecti.
861 1609 914 1640 Sic
936 1619 1080 1650 namque
1100 1610 1277 1641 secundum
1293 1611 1381 1652 quod

301 1652 406 1693 ipsum
421 1662 490 1684 non
507 1659 554 1684 est
569 1652 657 1684 idem
681 1653 773 1694 quod
790 1654 912 1694 primo,
936 1654 993 1685 sed
1015 1656 1215 1686 convertitur
1231 1665 1307 1686 cum
1317 1666 1382 1697 per

300 1705 353 1728 se:
371 1707 447 1728 nam
471 1703 503 1728 et
520 1698 749 1739 praedicatum
768 1709 832 1740 per
853 1709 889 1730 se
906 1699 1029 1730 ibidem
1045 1699 1162 1731 dicitur
1178 1701 1269 1741 quod
1285 1701 1381 1732 habet

301 1751 433 1774 causam
455 1743 490 1773 in
513 1743 671 1780 subiecto,
688 1744 764 1785 licet
786 1744 840 1774 illa
856 1754 952 1776 causa
968 1754 1036 1775 non
1053 1746 1093 1775 sit
1108 1745 1215 1776 totalis
1235 1752 1266 1776 et
1286 1746 1380 1777 adae-

302 1793 400 1828 quata
422 1788 504 1818 ratio
527 1788 674 1819 subiecti.

357 1832 411 1863 111.
435 1831 586 1864 Secundo
598 1834 625 1863 *.
650 1833 739 1864 Deus
763 1839 811 1864 est
834 1835 974 1864 maxime
999 1844 1065 1865 ens.
1098 1835 1185 1876 Ergo
1214 1841 1261 1866 est
1285 1846 1380 1866 causa

302 1877 453 1908 omnium
469 1877 508 1908 de
525 1877 645 1918 quibus
668 1878 880 1918 praedicatur.
898 1897 919 1901 —
935 1878 1142 1910 Antecedens
1156 1881 1191 1911 in
1208 1880 1317 1911 Primo
1335 1886 1381 1911 est

301 1927 481 1953 ostensum.
505 1940 528 1944 —
550 1922 796 1963 Consequentia
819 1933 896 1954 vero
920 1924 1085 1964 probatur.
1117 1924 1204 1963 Quia
1231 1925 1310 1956 illud
1335 1931 1382 1956 est

302 1975 399 1998 causa
422 1967 572 1998 omniurn
591 1969 625 1998 in
641 1967 753 2008 aliquo
768 1977 887 2008 genere
902 1969 956 2000 cui
972 1969 1112 2000 maxime
1129 1970 1283 2001 convenit
1297 1970 1381 2001 illius

301 2012 428 2052 generis
451 2012 662 2052 praedicatio:
694 2013 779 2043 sicut
809 2013 901 2053 quod
927 2019 975 2044 est
1004 2015 1145 2045 maxime
1169 2015 1310 2045 calidum
1335 2021 1382 2046 est

303 2066 399 2088 causa
423 2057 538 2088 caloris
561 2058 594 2087 in
619 2058 773 2088 omnibus
796 2058 918 2094 calidis,
942 2065 974 2089 et
996 2059 1137 2090 maxime
1166 2060 1311 2090 lucidum
1336 2067 1383 2090 est

302 2111 399 2132 causa
422 2102 573 2132 omnium
597 2101 792 2133 lucidorum.

357 2146 452 2178 Hanc
475 2147 737 2187 propositionem
757 2147 872 2187 probat
895 2149 951 2178 sic.
975 2148 1076 2187 Quod
1104 2148 1200 2180 alicui
1229 2151 1382 2180 convenit
1407 2144 1408 2150 ¹

303 2200 342 2222 ex
357 2201 416 2222 sua
430 2197 554 2228 natura,
570 2192 769 2223 minoratum
787 2198 819 2223 et
834 2191 988 2224 deficiens
1011 2194 1043 2224 in
1069 2203 1109 2223 eo
1135 2203 1203 2225 esse
1223 2204 1290 2225 non
1308 2200 1381 2234 pot-

303 2241 360 2267 est.
377 2236 477 2277 Igitur
492 2236 584 2277 quod
599 2236 696 2267 alicui
712 2237 820 2267 minus
836 2238 991 2268 convenit
1006 2247 1105 2278 quam
1122 2239 1202 2276 aliis,
1219 2249 1286 2269 non
1303 2249 1379 2270 con-

301 2281 391 2311 venit
406 2281 437 2312 ei
459 2290 498 2312 ex
522 2291 580 2313 sua
602 2287 716 2312 natura
739 2287 876 2318 tantum,
893 2282 951 2313 sed
966 2292 1004 2313 ex
1021 2283 1082 2314 alia
1097 2293 1204 2315 causa.
1222 2284 1307 2324 Ergo
1329 2285 1381 2315 cui

300 2325 382 2356 illud
397 2327 538 2357 maxime
555 2327 719 2363 convenit,
736 2327 795 2357 erit
811 2336 907 2358 causa
930 2328 1080 2359 omnium
1103 2328 1189 2359 illius
1212 2330 1349 2369 generis.
1360 2347 1381 2352 a

300 2371 460 2402 Probatur
492 2370 698 2402 antecedens.
722 2370 819 2409 Quia,
847 2373 872 2402 si
896 2378 1030 2403 naturae
1061 2373 1184 2413 aliquid
1215 2375 1382 2405 essentiale

301 2415 506 2447 subtrahatur
521 2415 572 2446 vel
588 2415 733 2452 addatur,
750 2416 815 2446 iam
834 2417 931 2447 altera
954 2424 1067 2448 natura
1091 2418 1164 2449 erit:
1189 2424 1224 2449 ut
1245 2425 1332 2459 patet
1347 2420 1380 2449 in

301 2461 456 2491 numeris.
479 2478 503 2484 —
525 2460 632 2491 Prima
662 2462 898 2501 consequentia
925 2467 1029 2502 patet:
1055 2463 1131 2503 quia
1159 2473 1197 2493 ex
1225 2465 1380 2504 opposito

301 2504 477 2546 praedicati
498 2505 539 2536 ad
563 2506 754 2546 oppositum
773 2506 910 2537 subiecti
930 2508 1083 2547 arguitur.
1099 2526 1120 2530 -
1138 2508 1288 2539 Secunda
1304 2518 1380 2539 vero

302 2551 537 2591 consequentia
561 2557 608 2581 est
630 2550 810 2581 manifesta.
834 2550 921 2589 Quia
937 2552 1029 2592 quod
1045 2554 1200 2583 convenit
1220 2553 1381 2594 aliquibus

302 2593 499 2636 deficienter,
515 2604 593 2626 cum
616 2605 683 2626 non
708 2597 880 2626 conveniat
895 2596 957 2627 illis
973 2606 1011 2627 ex
1027 2603 1141 2627 natura
1163 2603 1300 2634 tantum,
1325 2598 1381 2629 sed

303 2649 341 2670 ex
371 2640 433 2670 alia
462 2649 568 2676 causa,
591 2649 661 2670 non
691 2641 810 2681 poterit
840 2650 878 2671 ex
911 2641 972 2672 alia
1003 2642 1062 2672 sibi
1086 2652 1182 2672 causa
1206 2644 1380 2674 convenire

303 2693 403 2725 quam
419 2694 456 2716 ex
473 2694 511 2715 ea
526 2685 560 2715 in
579 2693 645 2725 qua
659 2684 741 2716 illud
756 2686 896 2716 maxime
913 2692 945 2717 et
960 2686 1191 2726 perfectissime
1209 2689 1378 2727 reperitur:

302 2738 379 2760 cum
398 2739 498 2760 omne
521 2729 749 2770 imperfectum
773 2730 814 2761 ad
837 2729 1017 2771 perfectum
1042 2731 1222 2762 reducatur.

357 2773 411 2804 Ad
422 2773 619 2805 evidentiam
635 2774 720 2805 illius
736 2776 980 2815 propositionis,
1002 2776 1099 2812 Quod
1114 2777 1266 2807 convenit
1280 2777 1381 2807 alicui

301 2829 344 2851 ex
365 2829 427 2850 sua
451 2824 572 2850 natura
596 2825 628 2850 et
651 2829 717 2850 non
742 2829 784 2850 ex
806 2820 918 2861 aliqua
943 2830 1053 2856 causa,
1072 2821 1271 2852 minoratum
1289 2822 1321 2851 in
1340 2831 1378 2851 eo

302 2869 334 2895 et
355 2864 507 2906 deficiens
530 2874 599 2895 esse
622 2868 689 2894 non'
707 2869 824 2905 potest,
842 2865 1074 2896 attendendum
1095 2865 1186 2906 quod
1209 2866 1380 2906 dupliciter

302 2908 426 2949 aliquid
448 2909 565 2940 dicitur
589 2910 764 2940 convenire
794 2909 891 2941 alicui
924 2920 962 2941 ex
991 2917 1118 2941 natura:
1151 2917 1206 2941 aut
1229 2911 1306 2951 quia
1333 2916 1380 2940 est

303 2954 440 2984 essentia
462 2954 515 2984 vel
537 2963 611 2994 pars
634 2955 805 2991 essentiae;
831 2961 887 2985 aut
909 2955 986 2996 quia
1014 2955 1192 2986 essentialia
1222 2956 1379 2996 principia

303 2998 524 3039 consequitur.
548 2998 655 3029 Prima
678 2998 760 3030 facie
783 2998 911 3030 videtur
938 2999 1074 3031 Sanctus
1097 3000 1241 3031 Thomas
1271 3001 1378 3040 primo

302 3042 405 3074 modo
429 3044 590 3084 accipere:
616 3053 693 3074 cum
714 3043 804 3074 illam
827 3045 1085 3084 propositionem
1110 3045 1226 3085 probet
1242 3054 1300 3084 per
1314 3044 1378 3074 hoc

303 3087 404 3128 quod,
420 3088 444 3118 si
461 3093 596 3119 naturae
611 3088 735 3129 aliquid
750 3089 955 3119 subtrahatur
969 3089 1020 3119 vel
1037 3089 1180 3125 addatur,
1197 3090 1261 3119 iarn
1281 3089 1378 3119 altera

301 3138 415 3163 natura
438 3133 507 3163 erit.
531 3133 595 3164 Sed
618 3133 644 3163 si
668 3133 890 3164 consideretur
921 3135 1082 3164 intentum
1113 3134 1153 3164 ad
1177 3133 1267 3174 quod
1291 3143 1378 3164 assu-

301 3178 410 3208 mitur
423 3177 508 3208 dicta
530 3178 724 3218 propositio,
748 3179 916 3219 apparebit
938 3178 1028 3218 quod
1051 3184 1083 3208 et
1106 3178 1250 3209 secundo
1276 3177 1377 3208 modo

302 3222 489 3263 accipienda
513 3223 562 3253 sit.
587 3223 664 3253 Non
687 3223 796 3254 solum
820 3224 907 3254 enim
931 3223 1021 3263 quod
1050 3223 1217 3253 essentiale
1241 3228 1297 3258 est,
1321 3221 1377 3252 sed

303 3272 335 3297 et
350 3267 440 3307 quod
456 3273 605 3298 naturam
628 3269 674 3298 rei
697 3269 909 3309 consequitur
925 3269 1067 3307 praecise
1084 3273 1115 3297 et
1130 3277 1197 3297 non
1214 3268 1253 3297 ab
1270 3267 1377 3306 aliqua

302 3311 363 3342 alia
390 3321 495 3349 causa,
523 3311 678 3343 deficiens
705 3319 736 3343 et
763 3312 959 3343 diminutum
991 3321 1059 3342 esse
1087 3321 1155 3341 non
1187 3317 1302 3351 potest.
1336 3311 1377 3340 Et

301 3362 479 3396 utrumque
494 3366 533 3387 ex
549 3367 587 3388 ea
602 3358 795 3398 probatione
812 3357 1031 3396 consequitur.
1057 3355 1090 3386 Si
1106 3356 1193 3386 enim
1210 3355 1376 3386 essentiale

302 3399 523 3441 praedicatum
550 3407 607 3438 est,
633 3408 757 3432 certum
785 3408 831 3432 est
858 3400 947 3441 quod
972 3410 1032 3430 nec
1056 3401 1164 3439 augeri
1187 3409 1248 3429 nec
1272 3399 1376 3429 minui

302 3451 419 3485 potest.
436 3446 478 3476 Et
492 3445 568 3477 ideo
585 3447 610 3477 si
627 3447 750 3487 aliquid
772 3447 955 3476 inveniatur
978 3444 1131 3474 deficiens
1147 3449 1202 3473 aut
1218 3443 1375 3473 excedens

302 3490 348 3520 rei
363 3490 500 3521 alicuius
516 3492 698 3528 essentiam,
714 3492 779 3521 iam
795 3500 862 3521 non
879 3491 938 3520 erit
953 3490 1037 3520 illius
1054 3489 1199 3518 essentia.
1224 3487 1257 3517 Si
1278 3488 1373 3517 etiam

302 3535 342 3564 sit
364 3535 514 3566 accidens
543 3535 697 3566 deficiens
727 3536 767 3565 ab
792 3545 832 3565 eo
856 3534 944 3575 quod
973 3534 1017 3563 rei
1046 3533 1180 3562 alicuius
1204 3532 1374 3561 essentiam

303 3580 524 3620 consequitur,
548 3581 613 3611 iam
636 3581 691 3610 illa
717 3589 785 3610 non
816 3579 874 3609 erit
904 3578 1039 3608 essentia
1062 3587 1079 3606 a
1104 3586 1168 3616 qua
1191 3575 1262 3606 fluit
1285 3585 1374 3606 com-

302 3623 398 3664 plete,
423 3624 480 3655 sed
503 3624 576 3655 alia:
602 3625 688 3664 quia,
712 3624 818 3664 posita
841 3633 937 3653 causa
959 3621 1049 3652 totali
1074 3626 1105 3650 et
1129 3620 1300 3659 completa,
1317 3629 1374 3649 ne-

303 3677 390 3698 cesse
415 3674 462 3699 est
485 3670 565 3709 poni
589 3668 755 3703 effectum3
780 3668 919 3697 maxime
943 3664 1074 3706 quando
1107 3674 1163 3704 per
1193 3663 1372 3703 simplicem

447 3731 541 3755 Suum
560 3730 670 3754 CONTRA
690 3729 823 3753 GENTHAES
843 3728 874 3751 D.
893 3727 1008 3751 Tuomst
1027 3726 1096 3750 Tou.
1112 3725 1129 3749 l.

2415 307 2488 345 297

1427 365 1589 404 quandam
1614 369 1852 399 emanationem
1866 370 2006 401 resultat.
2031 372 2071 402 Et
2087 372 2130 402 ita
2145 372 2289 404 defectus
2305 375 2492 407 huiusmodi

1427 409 1567 445 resultat,
1590 420 1658 440 non
1683 421 1720 441 ex
1743 413 1853 452 aliquo
1877 413 2005 445 defectu
2028 417 2182 447 essentiae
2205 419 2260 454 rei,
2277 428 2353 450 cum
2369 420 2422 450 illa
2437 420 2491 451 de-

1427 451 1539 503 ficiens
1563 463 1631 484 esse
1654 465 1722 485 non
1745 458 1856 495 possit,
1880 458 1936 488 sed
1960 469 1998 489 ex
2021 461 2081 490 alia
2104 470 2199 492 causa
2227 464 2492 505 extrinsecas-per

1428 506 1520 527 cuius
1543 499 1758 529 remotionem
1781 502 1967 533 minoratur.
1991 504 2032 534 Et
2047 505 2131 542 ideo,
2148 516 2223 537 cum
2243 509 2396 539 essentiae
2412 510 2492 540 nihil

1428 539 1502 570 addi
1526 541 1575 571 vel
1599 543 1739 572 subtrahi
1763 546 1873 583 possit,
1897 547 1923 576 si
1946 547 2130 579 deficienter
2152 551 2271 591 aliquid
2295 553 2384 583 alteri
2413 562 2491 584 con-

1429 585 1545 620 veniat,
1562 595 1629 615 non
1646 587 1684 615 ab
1701 589 1836 618 essentia
1851 590 1897 619 rei
1913 593 2062 630 praecise,
2080 593 2135 623 sed
2151 596 2189 624 ab
2206 596 2265 626 alia
2281 597 2376 627 etiam
2397 607 2492 628 causa

1429 627 1600 667 dependet.
1618 629 1792 670 Oporteret
1808 634 1903 669 enim,
1918 635 1943 664 si
1959 636 2153 676 dependeret
2169 640 2206 668 ab
2224 642 2359 671 essentia
2374 642 2490 679 solum,

1430 672 1520 711 quod
1536 674 1604 703 eius
1621 673 1765 705 defectus
1787 677 1821 705 in
1845 677 2006 709 defectum
2030 682 2183 713 essentiae
2202 685 2374 722 resultaret,
2391 687 2490 726 quod,

1430 722 1466 746 ut
1481 716 1603 747 dictum
1620 724 1676 754 est,
1693 729 1761 749 esse
1776 730 1844 750 non
1860 727 1975 761 potest.
2001 724 2098 761 Sicut,
2115 726 2140 757 si
2160 736 2227 757 esse
2242 729 2380 760 calidum
2397 731 2491 761 alicui

1430 759 1615 792 deficienter
1639 765 1819 800 conveniat,
1844 775 1911 796 esse
1936 768 2074 798 calidum
2096 780 2163 800 non
2187 773 2364 803 attribuitur
2387 784 2491 805 essen-

1430 805 1492 834 tiae
1508 806 1553 835 rei
1569 812 1704 844 tantum,
1726 809 1783 839 sed
1805 810 1871 849 igni
1895 812 2000 848 etiam,
2024 822 2080 852 per
2103 816 2194 845 cuius
2217 817 2492 857 participationem

1432 854 1479 879 est
1495 850 1647 881 calidum:
1673 858 1705 882 et
1728 854 1803 893 quia
1819 863 1932 894 parurn
1950 856 1989 886 de
2005 863 2116 889 natura
2131 860 2212 899 ignis
2228 861 2402 901 participat,
2418 863 2492 894 ideo

1431 902 1545 932 parum
1569 896 1735 927 caliditatis
1759 899 1864 929 habet.

1487 938 1729 972 Advertendum
1745 949 1853 974 autem
1870 945 1959 983 quod
1976 948 2204 978 convenienter
2219 948 2306 979 addit
2321 950 2494 981 dictionem

1432 983 1627 1015 exclusivam
1651 985 1785 1017 Sanctus
1802 987 1956 1026 Thomas,
1974 999 2048 1020 cum
2073 992 2251 1023 concludit:
2275 993 2371 1029 Quod
2394 995 2495 1035 igitur

1432 1027 1532 1058 alicui
1555 1030 1661 1060 minus
1685 1032 1834 1062 convenit
1855 1043 1950 1073 quam
1975 1036 2059 1071 aliis,
2078 1046 2142 1066 non
2167 1038 2315 1068 convenit
2335 1039 2364 1068 ei
2379 1048 2420 1069 ex
2435 1050 2494 1070 sua

1433 1076 1552 1103 natura
1577 1079 1710 1105 tantum.
1736 1076 1821 1114 Quia
1845 1087 1911 1108 non
1928 1080 1996 1109 vult
2011 1090 2126 1120 negare
2150 1082 2271 1122 aliquid
2293 1082 2443 1114 deficiens
2465 1090 2496 1115 et

1432 1115 1629 1149 diminumm
1652 1129 1746 1159 posse
1771 1121 1904 1152 alicuius
1920 1129 2066 1155 naturam
2082 1126 2188 1166 sequi:
2213 1133 2319 1166 potest
2340 1128 2424 1158 enim
2441 1129 2495 1159 ali-

1433 1161 1522 1200 quod
1545 1163 1682 1194 mixtum
1706 1174 1744 1195 ex
1767 1171 1879 1196 natura
1902 1177 1959 1198 sua
1981 1179 2094 1208 parum
2118 1170 2238 1211 aliquid
2262 1172 2425 1202 caliditatis
2440 1173 2495 1203 ha-

1432 1206 1516 1252 bere.
1537 1207 1600 1237 Sed
1618 1209 1684 1239 vult
1700 1210 1732 1239 in
1749 1210 1936 1242 huiusmodi
1952 1219 2101 1253 oportere
2118 1215 2212 1246 aliam
2228 1226 2356 1247 causam
2372 1223 2496 1257 praeter

1431 1251 1535 1290 ipsam
1559 1258 1704 1283 naturam
1736 1255 1888 1293 invenire,
1913 1267 1970 1297 per
1997 1259 2087 1288 cuius
2117 1261 2331 1291 remotionem
2354 1262 2435 1292 illud
2457 1263 2496 1292 sit

1432 1296 1643 1327 minoratum:
1668 1299 1759 1335 sicut,
1784 1306 1908 1340 praeter
1930 1309 2076 1333 naturam
2099 1305 2189 1335 mixti
2212 1315 2326 1344 parum
2352 1307 2496 1337 habentis

1432 1339 1472 1370 de
1497 1341 1664 1378 caliditate,
1689 1343 1826 1375 dicimus
1849 1346 1957 1386 ignem
1981 1347 2066 1378 illius
2089 1349 2254 1380 caliditatis
2274 1360 2401 1381 causam
2418 1361 2496 1388 esse,

1432 1394 1499 1425 quo
1524 1387 1600 1425 quia
1623 1388 1759 1418 mixtum
1783 1390 1861 1420 illud
1886 1401 1998 1430 parum
2023 1394 2199 1433 participat,
2223 1404 2352 1425 necesse
2376 1402 2423 1425 est
2441 1405 2496 1436 pa-

1433 1439 1503 1460 rum
1529 1431 1695 1462 caliditatis
1719 1433 1842 1464 habeat.

1489 1475 1541 1505 IV.
1569 1476 1688 1507 Tertio.
1718 1477 1794 1508 Esse
1819 1485 1866 1509 est
1889 1489 2063 1512 commune
2094 1483 2254 1513 omnibus.
2287 1484 2372 1524 Ergo
2403 1495 2497 1526 supra

1434 1528 1547 1550 omnes
1571 1530 1681 1551 causas
1706 1528 1752 1552 est
1776 1523 1882 1563 aliqua
1905 1526 2007 1564 prim-a
2031 1535 2126 1556 causa
2149 1529 2240 1558 cuius
2260 1534 2306 1558 est
2325 1529 2398 1559 dare
2419 1539 2496 1560 esse.

1433 1563 1496 1595 Sed
1521 1565 1608 1595 Deus
1633 1572 1679 1596 est
1702 1567 1804 1606 prima
1836 1578 1940 1599 causa.
1975 1570 2060 1610 Ergo
2085 1577 2144 1601 etc.
2171 1590 2193 1594 -
2220 1572 2375 1603 Probatur
2397 1575 2498 1614 prima

1433 1611 1675 1650 consequentia.
1701 1611 1785 1649 Quia
1802 1619 1930 1653 oportet
1946 1614 2111 1645 effectibus
2128 1626 2237 1647 causas
2252 1619 2498 1658 proportionari,

1434 1660 1469 1684 ut
1488 1655 1729 1694 particularium
1753 1657 1816 1687 sint
1839 1667 1952 1688 causae
1972 1660 2187 1699 particulares,
2204 1663 2427 1693 communium
2444 1673 2499 1694 au·

1433 1705 1499 1730 tem
1515 1700 1578 1730 sint
1602 1710 1716 1730 causae
1741 1710 1932 1733 communes
1955 1709 1987 1733 et
2012 1705 2213 1736 universales.
2239 1706 2422 1738 Declaratur
2444 1718 2500 1748 per

1434 1744 1621 1784 exemplum
1646 1745 1685 1775 de
1709 1746 1778 1776 sole
1802 1753 1833 1777 et
1856 1757 1940 1787 rege.

1490 1789 1538 1820 De
1562 1791 1693 1820 materia
1717 1791 1813 1821 huius
1836 1793 1967 1822 rationis
1992 1793 2113 1824 dictum
2138 1800 2184 1825 est
2206 1796 2279 1825 satis
2298 1796 2331 1826 in
2354 1796 2460 1827 Primo
2473 1798 2499 1827 ξ.

1435 1833 1545 1864 Unum
1570 1840 1696 1865 tantum
1720 1836 1860 1866 occurrit
1875 1836 2011 1867 dubium
2035 1838 2285 1870 dissolvendum.
2310 1840 2392 1871 Nam
2408 1842 2500 1872 multi

1433 1884 1507 1908 sunt
1531 1878 1663 1910 effectus
1687 1881 1891 1919 particulares
1908 1882 1964 1921 qui
1988 1883 2020 1912 in
2045 1892 2173 1914 causam
2189 1883 2352 1915 dumtaxat
2374 1886 2500 1916 univer-

1434 1923 1533 1954 salem
1549 1924 1761 1956 reducuntur:
1786 1926 1869 1956 sicut
1884 1927 1985 1957 multa
2001 1936 2018 1956 a
2034 1928 2101 1958 sole
2117 1934 2241 1959 tantum
2261 1930 2498 1968 producuntur3

1435 1974 1466 1998 et
1489 1968 1589 1998 multa
1614 1970 1814 2009 particularia
1838 1980 1854 2000 a
1879 1970 1949 2001 Deo
1973 1977 2108 2008 tantum,
2132 1973 2215 2003 sicut
2245 1974 2349 2004 anima
2376 1975 2499 2005 intelle-

1434 2013 1526 2049 ctiva,
1551 2013 1633 2044 sicut
1654 2015 1763 2054 gratia,
1789 2021 1819 2044 et
1842 2015 1965 2045 similia.
1997 2016 2083 2056 Ergo
2113 2027 2179 2047 non
2210 2024 2338 2058 oportet
2368 2018 2498 2050 effectus

1435 2067 1513 2094 esse,
1538 2057 1578 2088 ad
1600 2058 1736 2089 modum
1761 2058 1892 2095 dictum,
1918 2061 2020 2090 causis
2044 2063 2315 2101 proportionatos.

1489 2102 1717 2142 Respondetur
1733 2103 1822 2143 quod
1839 2113 1905 2134 non
1922 2111 1969 2134 est
1984 2114 2076 2135 mens
2096 2106 2201 2136 Sancti
2218 2107 2374 2144 Thomae‚
2391 2117 2498 2148 neque

1435 2147 1625 2184 Aristotelis,
1646 2158 1663 2177 a
1687 2158 1753 2188 quo
1778 2148 1861 2178 dicta
1884 2150 2064 2189 propositio
2088 2157 2215 2191 sumpta
2239 2158 2294 2187 est,
2319 2152 2407 2192 quod
2424 2152 2498 2183 effe-

1435 2198 1505 2222 ctus
1536 2192 1650 2232 aliquis
1684 2193 1881 2232 particularis
1911 2203 1978 2224 non
2010 2195 2111 2234 possit
2140 2196 2178 2225 ab
2209 2197 2377 2226 universali
2404 2206 2497 2227 causa

1435 2236 1620 2267 immediate
1643 2237 1790 2277 produci,
1815 2243 1889 2268 sunt
1912 2239 1998 2268 enim
2022 2239 2114 2269 multi
2138 2241 2340 2279 particulares
2357 2240 2496 2278 effectus,

1436 2287 1471 2311 ut
1495 2282 1695 2322 arguebatur,
1721 2282 1777 2322 qui
1800 2292 1818 2312 a
1841 2282 1909 2312 sola
1936 2284 2104 2314 universali
2136 2293 2230 2314 causa
2259 2285 2496 2324 producuntur:

1435 2325 1490 2356 sed
1514 2326 1613 2367 quod,
1639 2327 1694 2356 ubi
1718 2327 1750 2356 in
1775 2326 1940 2357 effectibus
1959 2328 2200 2367 particularibus
2224 2339 2241 2358 a
2264 2330 2445 2369 particulari
2468 2336 2499 2360 et

1436 2371 1606 2401 universali
1637 2381 1732 2402 causa
1763 2371 1928 2411 productis
1959 2372 2080 2412 aliquid
2109 2373 2268 2403 invenitur
2297 2374 2342 2404 illi
2371 2374 2499 2405 effectui

1435 2416 1603 2455 proprium
1628 2422 1658 2446 et
1688 2415 1809 2455 aliquid
1837 2416 1896 2446 sibi
1921 2422 1951 2446 et
1974 2417 2042 2447 aliis
2070 2427 2255 2454 commune,
2280 2424 2435 2458 quantum
2459 2419 2498 2449 ad

1434 2461 1603 2501 proprium
1633 2460 1767 2491 refertur
1796 2461 1829 2490 in
1860 2470 1988 2491 causam
2019 2462 2182 2501 propriam
2207 2468 2238 2492 et
2265 2463 2497 2501 particularem,

1435 2511 1592 2546 quantum
1618 2515 1693 2535 vero
1717 2505 1757 2535 ad
1781 2514 1956 2535 commune
1987 2505 2121 2536 refertur
2142 2507 2175 2536 in
2200 2516 2327 2537 causam
2351 2517 2497 2538 commu-

1435 2559 1525 2586 nem;
1550 2557 1581 2580 et
1605 2551 1649 2580 sic
1674 2549 1806 2580 effectus
1831 2550 1933 2579 causis
1957 2551 2251 2589 proportionantur.

1489 2594 1615 2625 Dicitur
1644 2593 1798 2630 secundo,
1824 2594 1913 2633 quod
1944 2595 2039 2624 etiam
2070 2595 2125 2625 ubi
2155 2604 2173 2624 a
2204 2604 2298 2625 causa
2328 2596 2496 2625 universali

1433 2639 1630 2678 particularis
1650 2638 1782 2668 effectus
1805 2637 2002 2677 producitur,
2020 2644 2068 2668 est
2082 2639 2124 2668 ibi
2140 2639 2308 2678 proportio
2324 2640 2406 2669 inter
2422 2649 2496 2670 cau-

1433 2693 1501 2713 sam
1532 2689 1563 2714 et
1593 2682 1757 2713 effectum:
1789 2683 1982 2722 inquantum
2013 2692 2107 2713 causa
2138 2683 2320 2713 universalis
2346 2683 2496 2723 producit

1432 2728 1530 2758 talem
1553 2727 1704 2758 effectum
1728 2737 1785 2767 per
1808 2728 1956 2757 virtutem
1980 2727 2012 2756 in
2036 2728 2107 2766 ipso
2135 2732 2320 2757 contentam
2344 2736 2426 2767 quae
2449 2727 2494 2757 illi

1433 2772 1561 2803 effectui
1592 2771 1798 2811 adaequatur,
1822 2771 1896 2801 licet
1925 2771 1978 2801 illa
2008 2771 2106 2801 virtus
2134 2770 2347 2801 identificetur
2375 2772 2408 2801 in
2437 2771 2493 2801 illo

1432 2817 1540 2847 virtuti
1564 2816 1691 2847 alterius
1707 2817 1753 2846 rei
1768 2815 1987 2856 productivae.
2010 2815 2184 2845 Possumus
2204 2816 2289 2845 enim
2305 2816 2337 2845 in
2353 2815 2406 2845 tali
2421 2816 2493 2845 uni-

1431 2861 1544 2893 versali
1567 2871 1663 2891 causa
1686 2860 1823 2891 diversas
1847 2861 1977 2890 virtutes
2001 2859 2178 2890 secundum
2200 2860 2357 2890 rationem
2384 2859 2493 2889 distin-

1430 2916 1539 2946 guere,
1564 2906 1764 2936 diversorum
1788 2904 1962 2935 effectuum
1985 2904 2198 2945 productivas.

1488 2952 1526 2981 V.
1547 2950 1685 2986 Quarto.
1703 2950 1790 2980 Deus
1814 2959 1871 2989 per
1894 2950 2062 2979 essentiam
2086 2958 2176 2979 suam
2196 2954 2242 2978 est
2259 2957 2323 2983 ens,
2340 2948 2399 2977 alia
2415 2956 2491 2977 vero

1431 3005 1489 3036 per
1504 2995 1794 3036 participationem:
1817 2994 1892 3033 quia
1908 2994 1996 3023 Deus
2012 2999 2059 3023 est
2074 2994 2180 3033 ipsum
2196 3001 2272 3022 esse.
2291 2992 2368 3021 Tale
2384 2997 2491 3021 autem

1431 3050 1499 3070 non
1523 3045 1570 3070 est
1593 3040 1653 3069 nisi
1677 3048 1790 3075 unum,
1807 3044 1843 3068 ut
1858 3044 2023 3068 ostensum
2040 3043 2086 3068 est
2101 3038 2134 3067 in
2150 3037 2267 3067 Primo.
2292 3036 2376 3075 Ergo
2393 3041 2452 3066 etc.
2469 3054 2491 3058 —

1430 3085 1521 3115 Patet
1537 3084 1778 3123 consequentia.
1802 3083 1887 3120 Quia
1911 3081 1999 3122 quod
2023 3087 2070 3111 est
2092 3090 2148 3121 per
2171 3081 2337 3111 essentiam
2356 3080 2427 3116 tale,
2445 3085 2491 3110 est

1431 3139 1526 3160 causa
1550 3130 1698 3159 omnium
1723 3137 1805 3167 quae
1829 3136 1886 3167 per
1908 3126 2183 3166 participationem
2207 3124 2364 3154 dicuntur.

1485 3174 1534 3204 De
1558 3172 1769 3203 fundamento
1800 3172 1894 3201 huius
1924 3170 2055 3200 rationis
2078 3170 2180 3200 visum
2209 3174 2255 3198 est
2281 3169 2314 3198 in
2338 3168 2444 3198 Primo
2461 3169 2488 3198 ἦ

1430 3219 1504 3249 Hoc
1534 3216 1762 3248 tantummodo
1791 3217 1844 3246 hic
1873 3213 2103 3245 attendendum
2133 3219 2187 3249 est,
2219 3211 2308 3252 quod
2338 3221 2405 3242 esse
2427 3222 2491 3252 per

1429 3263 1598 3294 essentiam
1615 3262 1680 3292 tale
1694 3262 1757 3291 hoc
1773 3260 1847 3290 loco
1867 3259 2020 3298 accipitur
2042 3267 2101 3297 pro
2126 3267 2165 3287 eo
2190 3256 2279 3297 quod
2295 3262 2342 3286 est
2357 3265 2425 3286 esse
2439 3262 2490 3286 to-

1428 3308 1531 3338 taliter
1554 3307 1656 3347 ipsam
1673 3305 1841 3335 essentiam
1859 3309 1890 3333 et
1905 3303 2067 3333 entitatem
2086 3301 2270 3341 praedicati3
2295 3310 2362 3330 esse
2381 3306 2489 3330 autem

1422 3362 1487 3392 per
1504 3350 1787 3391 participationem
1812 3353 1858 3378 est
1880 3347 1994 3377 habere
2018 3347 2050 3376 in
2073 3355 2106 3375 se
2134 3345 2350 3385 praedicatum
2379 3345 2488 3385 aliquo

1429 3396 1540 3431 modo,
1557 3395 1612 3425 sed
1628 3404 1694 3424 non
1711 3402 1779 3423 esse
1795 3393 1863 3422 eius
1887 3391 2054 3421 essentiam
2077 3390 2223 3425 totaliter,
2248 3390 2349 3419 immo
2373 3390 2489 3419 habere

1429 3440 1548 3480 aliquid
1561 3438 1647 3470 aliud
1663 3448 1719 3478 per
1731 3436 1820 3477 quod
1835 3436 1995 3466 limitetur.
2013 3435 2088 3464 Non
2104 3439 2211 3464 autem
2224 3434 2378 3473 accipitur
2393 3439 2490 3473 prout

1429 3494 1496 3515 esse
1513 3494 1569 3514 ens
1585 3493 1642 3523 per
1658 3482 1825 3513 essentiam
1842 3485 1888 3510 est
1909 3479 1995 3509 idem
2019 3478 2108 3518 quod
2131 3487 2198 3508 esse
2220 3477 2489 3517 perfectissimum

1428 3534 1459 3559 et
1475 3528 1650 3558 infinitum:
1669 3533 1704 3557 ut
1719 3526 1834 3565 accipit
1854 3524 1979 3559 Scotus‚
1997 3522 2068 3553 dist.
2082 3532 2135 3552 vm
2158 3522 2264 3558 Primi,
2279 3531 2309 3562 q.
2322 3533 2343 3558 1,
2362 3531 2378 3552 2
2397 3527 2487 3562 part„

1427 3573 1467 3603 ad
1485 3582 1502 3602 2
1517 3574 1542 3608 ³⁶,
1560 3573 1615 3602 ubi
1639 3571 1714 3602 dicit
1736 3568 1856 3609 aliquid
1880 3567 1941 3598 dici
1965 3577 2022 3607 per
2044 3567 2320 3607 participationem
2343 3566 2420 3607 quia
2443 3572 2490 3597 est

1422 3627 1503 3657 pars
1527 3620 1669 3655 respectu
1693 3614 1761 3644 eius
1783 3612 1869 3653 quod
1892 3617 2002 3642 natum
2032 3616 2079 3641 est
2108 3620 2175 3641 esse
2198 3611 2368 3652 infinitum,
2387 3616 2491 3651 prout

1428 3670 1522 3691 omne
1546 3661 1650 3689 minus
1674 3659 1792 3688 dicitur
1810 3666 1899 3696 pars.

2314 3716 2345 3739 38

2527 1799 2534 1807 “
2550 1797 2586 1820 Cf.
2606 1798 2735 1820 comment.

2527 1830 2577 1851 cap.
2587 1831 2664 1851 xxxiv,
2673 1831 2735 1846 num.

2527 1857 2550 1872 xi
2566 1857 2617 1879 sqq.

2518 3172 2526 3179 ·
2543 3170 2578 3191 Cf.
2596 3170 2728 3192 Comment.

2518 3202 2568 3224 cap.
2583 3203 2639 3218 xxn.

2516 3572 2525 3579 ·
2538 3570 2588 3591 Fol.
2599 3568 2628 3591 60
2636 3577 2647 3590 v
2660 3571 2725 3598 (Veu.

2518 3597 2589 3624 1497)-
