2768 4134
303 331 334 356 et
357 334 498 365 quorum
522 333 590 354 esse
613 323 701 363 prius
724 331 792 353 non
817 326 892 352 erat.
916 320 1084 361 Multaque
1101 329 1169 351 esse
1185 317 1373 350 huiusmodi

301 370 408 410 genita
430 370 463 399 in
487 374 599 398 natura
622 366 709 407 apud
732 367 820 407 ipsos
845 371 980 396 constat.

356 413 408 444 Ad
427 414 568 453 primum
585 421 661 452 ergo
679 410 869 442 conceditur
885 409 1018 451 quidem
1034 409 1125 450 quod
1141 418 1209 440 esse
1226 408 1372 439 divinum

301 463 349 489 est
370 458 525 488 terminus
547 456 733 497 temporalis
755 455 971 496 generationis
986 454 1115 491 Christi,
1132 463 1190 495 per
1205 454 1302 484 talem
1317 462 1372 494 ge-

299 502 501 533 nerationem
523 502 686 532 humanae
708 506 840 531 naturae
864 500 1138 531 communicatus:
1167 508 1236 529 non
1263 504 1373 529 tamen

300 552 347 578 est
369 547 525 578 terminus
549 547 617 577 eius
640 552 796 587 tanquam
818 554 876 586 per
898 545 1003 586 ipsam
1019 543 1059 575 de
1074 553 1162 574 novo
1182 542 1372 584 productus,

299 591 479 623 secundum
502 600 602 632 quem
624 599 756 622 sensum
772 589 812 621 de
827 590 966 620 termino
989 589 1205 630 generationis
1227 588 1373 628 loquitur

299 636 436 667 Sanctus
459 635 615 667 Thomas.

353 681 415 711 Per
426 681 490 712 hoc
503 681 600 712 etiam
616 685 703 721 patet
719 679 887 720 responsio
904 677 945 710 ad
960 677 1151 709 secundum.
1164 677 1258 707 Valet
1273 676 1371 712 enim,

297 725 358 756 Est
371 726 504 768 genitus
527 731 682 766 tanquam
706 724 745 755 de
769 734 854 754 novo
878 729 910 755 et
932 723 972 754 de
987 733 1053 753 non
1070 732 1139 753 esse
1154 721 1198 752 ad
1213 730 1281 752 esse
1290 730 1372 761 pro-

298 769 425 807 ductus,
449 770 543 812 Ergo
569 779 634 800 non
659 774 707 800 est
728 774 898 806 aeternus‚·
914 773 945 799 et
961 777 979 798 e
995 772 1117 802 contra,
1133 766 1193 796 Est
1208 771 1371 800 aeternus,

297 814 392 857 Ergo
417 825 482 846 non
508 820 555 846 est
579 814 706 845 noviter
727 818 914 855 generatus.
939 812 1040 842 Filius
1063 816 1173 841 autem
1196 811 1231 840 in
1257 809 1373 840 divinis

298 869 367 890 non
390 865 437 891 est
459 859 641 891 secundum
663 858 862 889 divinitatem
884 857 1011 888 noviter
1033 856 1160 896 genitus
1176 860 1207 885 et
1222 863 1280 896 per
1299 863 1372 885 mu-

297 905 455 935 tationem
478 903 518 935 de
542 914 611 935 non
635 912 703 934 esse
727 902 767 933 ad
791 911 874 933 esse:
899 901 955 932 sed
979 900 1179 931 aeternaliter
1202 908 1259 940 per
1274 898 1372 939 gene-v

297 950 456 980 rationem
473 958 556 989 quae
573 954 620 979 est
635 947 771 988 sim'plex
783 946 967 988 productio,
981 950 1028 976 est
1043 955 1062 975 a
1074 945 1165 975 Patre
1182 943 1371 985 productus.

298 993 375 1024 Ideo
399 994 495 1024 simul
519 998 566 1024 est
589 998 621 1024 et
643 993 771 1033 genitus
799 997 830 1022 et
861 996 1020 1022 aeternus.
1050 989 1127 1020 Non
1152 994 1199 1020 est
1222 998 1299 1029 ergo
1323 989 1372 1019 in-

297 1039 411 1069 stantia
435 1038 475 1069 ad
497 1038 718 1079 propositum:
743 1037 819 1077 quia
842 1035 988 1076 loquitur
1002 1034 1056 1065 hic
1072 1033 1209 1066 Sanctus
1225 1033 1372 1065 Thomas

297 1082 337 1113 de
360 1083 569 1123 generatione
592 1091 676 1122 quae
700 1087 747 1112 est
774 1081 910 1112 mutatio
935 1079 975 1110 de
998 1089 1067 1110 non
1090 1088 1160 1110 esse
1183 1077 1224 1109 ad
1247 1087 1316 1109 esse
1340 1084 1373 1110 et

296 1137 354 1168 per
377 1136 476 1167 quam
500 1126 622 1168 aliquid
645 1126 685 1157 de
708 1135 797 1156 novo
821 1124 1021 1166 producitur,
1038 1123 1079 1154 de
1095 1133 1160 1165 qua
1182 1123 1372 1164 philosophi

295 1172 490 1212 loquuntur;
507 1171 607 1202 Filius
623 1176 732 1202 autem
748 1170 811 1201 Dei
826 1179 894 1201 non
911 1174 958 1200 est
973 1168 1155 1200 secundum
1171 1167 1371 1199 divinitatem

295 1217 351 1247 illo
375 1215 477 1247 modo
501 1217 638 1256 genitus.

350 1260 405 1291 VI.
430 1260 539 1291 Sexto.
573 1260 669 1291 Tunc
699 1269 768 1291 esse
799 1258 972 1290 cuiuslibet
1001 1258 1047 1289 rei
1078 1259 1137 1289 erit
1159 1259 1199 1290 ab
1223 1263 1370 1289 aeterno:

295 1315 371 1336 cum
395 1315 464 1336 esse
487 1304 634 1336 divinum
658 1305 698 1336 sit
721 1310 899 1336 aeternum.
923 1303 1011 1344 Ergo
1035 1312 1103 1334 non
1128 1303 1187 1334 erit
1204 1303 1369 1344 generatio

294 1350 346 1381 vel
370 1350 546 1390 corruptio.
570 1368 593 1372 -
615 1350 773 1381 Probatur
803 1349 917 1380 ultima
948 1348 1191 1389 consequentia.
1223 1348 1320 1387 Quia,
1344 1348 1371 1379 si

294 1395 335 1425 sit
349 1395 524 1435 generatio,
537 1400 668 1436 oportet
682 1393 774 1436 quod
789 1393 869 1425 illud
885 1403 955 1425 esse
970 1398 1139 1424 aeternum
1154 1393 1371 1434 praeexistens

295 1439 335 1470 de
357 1449 447 1470 novo
471 1440 656 1480 acquiratur
686 1445 742 1470 aut
772 1439 861 1480 prius
891 1438 1049 1474 existenti,
1074 1443 1129 1468 aut
1151 1438 1244 1469 nullo
1268 1437 1370 1469 modo

293 1485 382 1525 prius
406 1484 564 1515 existenti.
589 1483 623 1515 Si
646 1485 800 1525 primum,
825 1493 902 1524 ergo
926 1493 977 1514 res
1001 1492 1085 1524 quae
1107 1489 1279 1523 generatur
1301 1492 1371 1514 non

294 1529 412 1570 accipit
427 1538 553 1560 novum
569 1538 648 1566 esse,
665 1528 721 1560 sed
736 1538 861 1560 novum
876 1527 1015 1559 modum
1031 1526 1171 1558 essendi:
1189 1537 1266 1559 cum
1281 1528 1372 1568 prius

295 1579 387 1610 esset,
412 1579 443 1604 et
467 1573 507 1604 sit
534 1583 639 1604 unum
670 1583 739 1604 esse
770 1573 931 1609 omnium,
955 1571 1137 1604 secundum
1167 1572 1256 1603 illam
1282 1572 1371 1613 posi-

294 1619 428 1650 tionem.
452 1617 539 1658 Ergo
562 1628 631 1649 non
654 1623 835 1659 generatur,
859 1617 916 1648 sed
940 1617 1100 1648 alteratur.
1125 1616 1159 1648 Si
1177 1617 1370 1653 secundum,

294 1673 371 1704 ergo
394 1662 451 1694 fiet
474 1672 513 1693 ex
536 1663 650 1694 nihilo.
674 1662 776 1701 Quod
798 1662 1000 1703 generationi
1021 1667 1190 1702 repugnat.

351 1717 381 1738 2.
407 1707 502 1738 Circa
525 1707 605 1738 illud
623 1707 716 1748 quod
730 1708 837 1748 inquit
852 1707 989 1738 Sanctus
1005 1706 1161 1743 Thomas,
1178 1705 1269 1747 quod
1285 1706 1371 1737 acci-

288 1762 370 1793 pere
394 1761 513 1783 novum
538 1752 669 1783 modum
693 1751 830 1789 essendi,
855 1761 921 1782 non
945 1756 1054 1782 autem
1070 1761 1190 1782 novum
1207 1760 1286 1787 esse,
1304 1760 1370 1781 non

284 1797 377 1839 facit
386 1797 645 1839 generationem,
659 1796 832 1828 dubitatur.
850 1796 1004 1837 Sequitur
1016 1796 1103 1827 enim
1120 1795 1211 1836 quod
1223 1795 1371 1826 Christus

293 1851 363 1872 non
385 1842 425 1872 sit
448 1842 667 1882 temporaliter
697 1842 836 1882 genitus,
862 1846 893 1872 et
915 1850 974 1881 per
1003 1849 1209 1880 consequens
1238 1850 1307 1871 non
1332 1841 1372 1871 sit

293 1885 380 1917 filius
403 1886 521 1917 Beatae
544 1887 698 1927 Virginis:
724 1887 818 1917 cuius
840 1885 1032 1926 oppositum
1063 1884 1226 1916 Catholici
1248 1890 1370 1915 tenent.

293 1931 354 1961 Per
376 1931 633 1962 incarnationem
656 1931 744 1962 enim
767 1930 976 1971 suppositum
999 1929 1147 1961 divinum
1170 1939 1239 1960 non
1255 1929 1372 1970 accipit

292 1984 418 2006 novum
442 1985 521 2011 esse,
545 1974 602 2006 sed
624 1984 750 2006 novum
773 1974 911 2006 modum
935 1973 1072 2010 essendi,
1088 1974 1156 2004 sive
1175 1983 1295 2005 novam
1315 1974 1371 2004 ha-

292 2019 474 2051 bitudinem
486 2019 527 2051 ad
542 2020 719 2051 humanam
735 2025 897 2050 naturam:
915 2028 992 2050 cum
1004 2019 1043 2049 sit
1054 2019 1087 2049 in
1101 2018 1231 2049 Christo
1243 2023 1371 2049 tantum

292 2074 397 2095 unum
421 2074 491 2096 esse
513 2064 731 2095 substantiale.
756 2063 791 2095 Si
814 2073 892 2105 ergo
915 2064 1062 2105 accipere
1086 2072 1211 2094 novum
1231 2062 1370 2094 modum

293 2108 420 2140 essendi
449 2119 517 2140 non
548 2108 625 2140 facit
653 2109 908 2150 generationem,
932 2109 1079 2149 sequitur
1103 2107 1271 2139 Christum
1300 2117 1370 2140 non

293 2163 362 2185 esse
384 2154 542 2194 genitum.

348 2198 382 2229 Si
410 2198 534 2230 dicatur
565 2197 666 2239 quod,
690 2198 765 2230 licet
794 2207 863 2229 non
894 2198 1031 2239 accipiat
1060 2207 1186 2229 novum
1215 2207 1284 2229 esse
1314 2197 1370 2229 sed

292 2252 418 2274 novum
447 2242 586 2274 modum
615 2243 752 2280 essendi,
777 2243 894 2284 accipit
923 2248 1032 2274 tamen
1062 2252 1183 2273 novam
1210 2248 1369 2279 naturam,

293 2288 370 2328 quia
384 2288 498 2328 incipit
514 2297 583 2318 esse
598 2288 805 2329 suppositum
828 2288 990 2319 humanae
1013 2293 1161 2318 naturae:
1186 2293 1218 2318 et
1238 2293 1371 2328 propter

292 2332 358 2363 hoc
381 2331 497 2363 dicitur
519 2332 661 2373 genitus:
678 2351 701 2355 -
715 2333 781 2364 hoc
796 2342 864 2363 non
881 2332 974 2363 valet.
999 2331 1096 2370 Quia,
1113 2337 1148 2362 ut
1164 2332 1270 2372 inquit
1291 2332 1370 2363 San-

294 2382 365 2408 ctus
387 2377 533 2408 Thomas
562 2377 597 2407 in
626 2376 831 2417 praecedenti
861 2378 996 2413 ratione,
1021 2376 1096 2407 dato
1127 2376 1218 2417 quod
1248 2376 1371 2417 aliquid

293 2421 431 2462 accipiat
453 2421 603 2458 formam,
628 2422 654 2452 si
676 2422 730 2453 illa
754 2421 858 2453 forma
873 2431 943 2452 non
959 2421 1053 2452 faciat
1073 2430 1152 2458 esse,
1169 2431 1238 2452 non
1254 2420 1371 2452 dicitur

293 2465 374 2497 illud
396 2467 551 2507 generari.

350 2510 380 2542 3.
406 2511 531 2542 Dicitur
555 2510 656 2552 quod,
680 2521 756 2542 cum
780 2510 930 2542 nondum
953 2511 993 2542 sit
1016 2510 1099 2542 facta
1119 2511 1243 2542 mentio
1260 2510 1300 2542 de
1316 2511 1370 2542 tri-

293 2555 392 2586 nitate
408 2555 589 2587 divinarum
600 2555 826 2593 Personarum,
843 2556 989 2597 loquitur
1003 2555 1056 2587 hic
1073 2555 1209 2586 Sanctus
1224 2555 1371 2587 Thomas

294 2599 334 2631 de
356 2601 565 2641 generatione
595 2600 777 2632 secundum
808 2600 899 2642 quod
930 2610 947 2631 a
974 2600 1179 2642 philosophis
1203 2600 1369 2641 accipitur.

293 2644 391 2686 Apud
415 2645 504 2686 ipsos
527 2650 636 2676 autem
659 2645 776 2676 dicitur
791 2644 913 2687 aliquid
929 2645 1117 2686 simpliciter
1132 2645 1277 2685 generari
1294 2654 1370 2676 cum

292 2690 405 2730 incipit
427 2690 461 2720 in
485 2689 592 2731 aliqua
615 2695 728 2721 natura
752 2690 934 2721 subsistere.
959 2690 1034 2721 Hoc
1058 2695 1167 2721 autem
1191 2691 1224 2721 in
1241 2695 1370 2721 natura-

292 2734 376 2765 libus
399 2740 448 2765 est
471 2744 548 2766 cum
570 2744 621 2766 res
644 2735 833 2776 simpliciter
855 2735 970 2776 incipit
993 2744 1062 2766 esse
1085 2744 1276 2775 novumque
1301 2744 1369 2766 esse

292 2779 418 2820 accipit.
444 2778 521 2810 Ideo
545 2778 625 2811 illud
640 2785 767 2810 tantum
783 2779 895 2811 dicunt
911 2779 1099 2821 simpliciter
1113 2780 1258 2820 generari
1278 2779 1370 2820 quod

292 2833 416 2855 novum
433 2833 502 2855 esse
518 2824 645 2865 accipit,
661 2834 731 2855 non
747 2830 856 2855 autem
880 2823 971 2865 quod
994 2824 1080 2865 capit
1102 2834 1227 2855 novum
1243 2823 1370 2855 essendi

292 2868 439 2900 modum.
464 2868 655 2900 Secundum
678 2878 734 2900 eos
759 2878 835 2910 ergo
854 2869 908 2899 illa
924 2869 1106 2910 propositio
1124 2875 1171 2900 est
1186 2879 1275 2900 vera:
1293 2869 1368 2910 quia

291 2914 535 2954 generationem
558 2913 662 2944 solam
685 2923 794 2944 rerum
817 2913 1012 2944 naturalium
1044 2913 1299 2945 considerabant.
1328 2914 1370 2945 Et

292 2959 318 2988 si
341 2963 482 2999 ponatur
505 2957 597 2999 quod
620 2957 767 2989 divinum
791 2967 860 2989 esse
884 2958 1034 2989 omnium
1059 2964 1106 2989 est
1129 2968 1198 2989 esse
1222 2957 1368 2995 formale,

291 3008 446 3043 sequetur
460 3002 584 3033 nullam
599 3012 669 3034 esse
684 3002 864 3034 naturalem
883 3003 1137 3044 generationem.
1161 3002 1261 3044 Apud
1276 3004 1368 3034 theo-

291 3047 386 3088 logos
400 3057 478 3078 vero
494 3046 617 3088 aliquid
632 3047 746 3089 incipit
765 3057 834 3078 esse
857 3048 1065 3088 suppositum
1081 3048 1218 3079 alicuius
1236 3054 1368 3079 naturae

293 3097 324 3122 et
339 3097 448 3123 tamen
463 3101 533 3123 non
548 3092 662 3133 incipit
679 3092 867 3133 simpliciter
891 3101 974 3123 esse:
999 3093 1082 3124 sicut
1097 3093 1305 3133 suppositum
1321 3092 1368 3124 di-

292 3137 404 3168 vinum
419 3137 534 3178 incipit
549 3146 618 3167 esse
641 3137 849 3178 suppositum
869 3137 1031 3168 humanae
1054 3142 1186 3168 naturae
1210 3138 1243 3168 in
1265 3147 1367 3178 eaque

291 3182 472 3218 subsistere,
490 3186 521 3212 et
537 3186 646 3212 tamen
661 3191 730 3212 non
746 3181 860 3222 incipit
875 3181 1062 3222 simpliciter
1079 3191 1158 3218 esse,
1176 3191 1251 3213 cum
1267 3188 1368 3213 aeter-

291 3235 371 3257 num
387 3226 503 3257 habeat
519 3235 597 3257 esse.
618 3225 705 3264 Quia
721 3235 798 3267 ergo
814 3225 961 3257 Christus
976 3226 1090 3267 incipit
1105 3227 1138 3257 in
1155 3227 1297 3258 humana
1312 3237 1368 3258 na-

292 3276 363 3301 tura
385 3271 566 3307 subsistere,
583 3270 701 3302 dicitur
724 3281 742 3302 a
765 3271 927 3312 theologis
946 3280 1020 3302 vere
1043 3271 1171 3312 genitus
1195 3281 1274 3308 esse,
1294 3271 1369 3303 licet

292 3324 360 3346 non
386 3316 546 3356 acceperit
572 3324 697 3347 novum
725 3325 803 3352 esse,
828 3315 885 3347 sed
912 3320 1039 3346 tantum
1062 3325 1182 3346 novam
1205 3316 1369 3357 quandam

293 3359 513 3392 habitudinem
538 3359 578 3391 ad
599 3360 776 3392 humanam
800 3366 948 3391 naturam
971 3360 1181 3401 incipientem
1211 3370 1269 3401 per
1300 3371 1369 3392 esse

294 3403 438 3435 divinum
463 3405 597 3436 existere
620 3414 681 3436 suo
705 3404 817 3437 modo.
843 3404 938 3436 Unde
958 3404 1011 3435 illa
1026 3405 1209 3446 propositio
1226 3415 1244 3436 a
1260 3405 1369 3437 Sancti

294 3447 452 3486 Thomae,
469 3449 509 3480 de
533 3455 642 3480 mente
665 3449 940 3491 philosophorum
955 3455 1130 3490 assumpta,
1147 3459 1216 3481 non
1232 3455 1279 3481 est
1294 3460 1369 3481 vera

294 3493 355 3523 nisi
378 3493 498 3534 aliquid
521 3494 657 3535 accipiat
679 3503 804 3526 novum
828 3494 966 3526 modum
990 3493 1127 3531 essendi,
1151 3495 1217 3525 sive
1247 3504 1368 3526 novam

294 3537 524 3574 habitudinem,
549 3548 606 3579 per
628 3539 693 3570 hoc
717 3539 808 3580 quod
837 3539 951 3580 incipit
981 3548 1049 3570 esse
1081 3539 1288 3580 suppositum
1312 3539 1368 3570 ali-

295 3581 387 3611 cuius
402 3587 532 3613 naturae
549 3584 641 3614 cuius
656 3584 744 3624 prius
760 3594 828 3615 non
845 3589 911 3615 erat
926 3583 1144 3625 suppositum.
1169 3583 1270 3623 Quod
1293 3594 1368 3615 sane

295 3625 382 3666 apud
401 3626 623 3667 philosophos,
639 3627 791 3659 inferiora
806 3629 885 3660 haec
902 3627 1152 3665 considerantes,
1169 3628 1368 3669 impossibile

881 242 1068 279 SUMMA
1099 239 1322 278 CONTRA
1350 238 1627 288 GENTILES,
1659 241 1770 295 CAP.
1791 242 1927 279 XXVI.

1427 325 1523 350 esset:
1548 319 1636 360 apud
1659 321 1832 362 theologos
1854 331 1932 352 vero
1957 322 1990 352 in
2008 320 2151 352 vChristo
2174 330 2288 352 verum
2319 326 2376 352 est.
2407 321 2503 352 Tunc

1426 364 1515 394 enim
1539 370 1571 394 et
1593 364 1674 395 illud
1696 375 1771 396 vere
1795 365 1911 397 dicitur
1933 366 2090 407 genitum,
2116 366 2264 406 quamvis
2286 375 2412 396 novum
2435 375 2503 397 esse

1426 418 1494 439 non
1518 409 1633 449 capiat,
1657 409 1714 440 sed
1736 415 1863 442 tantum
1885 420 2010 442 novum
2033 410 2172 442 modum
2195 409 2334 441 essendi.

1483 452 1584 491 Quod
1607 459 1717 485 autem
1740 453 1818 485 dixit
1839 454 1975 487 Sanctus
1999 455 2155 492 Thomas,
2172 455 2341 496 quoniam,
2357 455 2384 485 si
2399 454 2504 486 forma

1426 507 1495 528 non
1519 497 1614 528 faciat
1637 507 1717 535 esse,
1741 499 1902 540 accipiens
1932 499 2072 531 formam
2101 510 2170 531 non
2202 499 2319 531 dicitur
2342 501 2502 539 generari:

1426 542 1572 573 similiter
1593 543 1842 583 intelligendum
1860 550 1917 582 est,
1941 545 2123 576 secundum
2138 545 2322 585 theologos,
2340 545 2404 576 nisi
2419 544 2503 576 acci-

1420 587 1517 627 piens
1541 587 1638 618 talem
1647 588 1800 629 somnam
1817 589 1952 630 incipiat
1965 599 2034 620 esse
2047 591 2249 631 suppositum
2265 590 2298 620 in
2315 589 2374 620 illa
2383 589 2504 631 forma

1425 631 1601 662 subsistens
1606 639 1618 668 ‚·
1641 632 1728 672 quia,
1745 633 1772 663 si
1793 633 1928 674 incipiat
1945 643 2015 665 esse
2030 635 2238 676 suppositum
2257 634 2343 666 illius
2359 639 2503 670 naturae,

1427 675 1552 708 dicetur
1574 677 1729 717 generari,
1753 677 1829 708 licet
1851 687 1910 718 per
1931 679 2030 710 talem
2052 684 2201 710 naturam
2224 679 2411 720 simpliciter
2434 687 2503 710 esse

1426 730 1494 752 non
1518 721 1643 752 habeat.
1667 721 1768 762 Apud
1791 722 2007 763 philosophos
2029 732 2107 754 vero
2131 724 2320 765 simpliciter
2343 728 2391 754 est
2413 733 2502 754 vera:

1427 766 1504 806 quia
1527 766 1608 797 nihil
1630 766 1745 807 incipit
1774 766 1809 797 in
1837 766 1934 798 rebus
1963 767 2162 800 naturalibus
2190 769 2225 799 in
2256 768 2364 809 aliqua
2390 774 2504 799 natura

1426 810 1598 842 subsistere
1621 811 1683 841 nisi
1705 820 1832 842 novum
1854 820 1924 842 esse
1947 821 2007 852 per
2028 811 2117 843 illam
2138 818 2286 844 naturam
2309 813 2435 844 habeat.

1482 855 1551 886 VII.
1576 854 1798 887 Confirmatur
1821 855 1991 887 conclusio
2010 857 2200 888 auctoritate
2215 856 2408 898 Scripturae‚
2425 857 2504 891 dum

1426 900 1522 940 ponit
1544 900 1653 931 Deum
1675 910 1775 941 super
1798 901 1910 931 omnia
1933 900 2105 938 elevatum,
2128 906 2166 932 ut
2188 901 2269 932 Isai.
2281 911 2328 939 vn
2353 908 2385 933 et
2405 912 2505 944 super

1427 945 1538 975 omnia
1555 954 1634 981 esse,
1651 950 1687 976 ut
1702 945 1796 976 Rom.
1814 955 1856 976 rx.
1880 945 1976 982 Nam,
1996 946 2024 976 si
2046 950 2130 976 esset
2153 954 2222 976 esse
2244 946 2405 983 omnium,
2424 952 2503 979 tunc

1426 999 1494 1020 non
1519 995 1602 1020 esset
1625 999 1723 1031 super
1746 991 1868 1026 omnia,
1891 989 1948 1021 sed
1971 988 2095 1031 aliquid
2118 990 2279 1021 omnium.
2442 1016 2444 1018 .

1483 1033 1706 1066 Confirmatur
1734 1034 1891 1071 secundo,
1923 1035 2000 1076 quia
2029 1034 2147 1066 rediret
2175 1033 2386 1066 idolatrarum
2415 1044 2504 1066 error

1427 1088 1544 1110 nomen
1576 1079 1640 1110 Dei
1669 1079 1771 1121 lignis
1799 1084 1831 1110 et
1860 1079 2022 1120 lapidibus
2051 1079 2296 1120 imponentium,
2320 1079 2379 1120 qui
2401 1079 2506 1120 repel-

1426 1123 1537 1155 luntur
1553 1123 1629 1164 Sap.
1646 1134 1709 1154 xxv.
1732 1123 1847 1155 Posset
1870 1125 1969 1160 enim,
1993 1124 2077 1155 sicut
2099 1133 2174 1155 vete
2197 1123 2324 1160 dicitur,
2343 1124 2444 1165 Lapis
2458 1129 2507 1156 est

1426 1178 1493 1204 ens,
1506 1169 1551 1199 ita
1561 1178 1637 1200 vere
1653 1167 1727 1205 dici,
1745 1169 1843 1210 Lapis
1858 1173 1906 1199 est
1921 1169 2021 1200 Deus.
2039 1167 2324 1200 Considerandum
2339 1173 2388 1200 est
2402 1168 2504 1209 quod,

1425 1214 1509 1244 sicut
1532 1223 1589 1244 ens
1612 1223 1686 1244 vere
1710 1212 1827 1245 dicitur
1850 1212 1942 1254 quod
1964 1213 2062 1244 habet
2077 1222 2147 1244 esse
2163 1218 2319 1254 tanquam
2334 1212 2506 1245 formalem

1426 1259 1476 1289 sui
1492 1257 1720 1294 actualitatem,
1736 1258 1780 1288 ita
1794 1267 1870 1289 vere
1886 1257 2003 1289 dicitur
2017 1258 2118 1294 Deus,
2135 1263 2295 1298 quantum
2311 1257 2352 1289 ad
2367 1257 2505 1290 modum

1425 1302 1639 1344 significandi,
1663 1302 1755 1344 quod
1776 1303 1874 1334 habet
1896 1302 2050 1334 deitatem
2074 1307 2110 1333 ut
2133 1301 2283 1334 formam.
2315 1302 2404 1334 Cum
2426 1311 2504 1344 ergo

1425 1357 1495 1379 esse
1518 1347 1666 1379 divinum
1694 1347 1783 1379 idem
1813 1348 1854 1378 sit
1885 1346 1977 1388 quod
2000 1346 2110 1383 deitas,
2134 1347 2162 1378 si
2184 1346 2265 1379 illud
2290 1347 2332 1378 sit
2361 1346 2505 1379 formalis

1425 1392 1591 1424 actualitas
1620 1391 1746 1433 lapidis,
1769 1402 1845 1424 vere
1874 1391 2000 1424 dicetur
2029 1392 2110 1433 lapis
2137 1391 2255 1423 habere
2285 1391 2439 1424 deitatem
2468 1397 2506 1424 ut

1426 1436 1576 1474 formam,
1601 1442 1634 1468 et
1656 1437 1702 1468 sic
1725 1446 1795 1469 esse
1818 1437 1920 1468 Deus.

1481 1482 1565 1513 VIII.
1589 1481 1759 1520 Quantum
1783 1481 1824 1513 ad
1846 1480 2029 1513 secundum
2044 1482 2072 1518 ⁹,
2097 1486 2239 1522 quatuor
2268 1480 2400 1512 adducit
2430 1480 2505 1513 fun-

1426 1526 1578 1558 damenta
1592 1527 1765 1567 positionis
1780 1525 1979 1558 huiusmodi.
1995 1526 2142 1557 Primum
2158 1531 2214 1562 est,
2227 1526 2306 1566 quia
2316 1526 2504 1568 Dionysius,

1425 1582 1458 1603 rv
1480 1581 1551 1612 cap.
1577 1571 1667 1602 Cael.
1687 1571 1796 1608 Hier„
1819 1571 1864 1602 ait
1887 1570 1979 1612 quod
2001 1580 2071 1602 esse
2094 1571 2240 1602 omnium
2263 1575 2312 1602 est
2331 1569 2505 1612 supersub-

1425 1617 1590 1648 stantialis
1613 1616 1777 1647 divinitas.
1802 1615 1867 1647 Sed
1882 1615 1960 1647 dicit
1974 1614 2042 1646 duo
2059 1615 2195 1647 Sanctus
2210 1615 2367 1646 Thomas.
2382 1615 2504 1653 Primo,

1425 1661 1518 1702 quod
1541 1671 1580 1692 ex
1603 1661 1670 1692 istis
1693 1661 1804 1692 haberi
1826 1670 1895 1692 non
1918 1665 2027 1701 potest
2049 1659 2141 1701 quod
2169 1659 2271 1691 deitas
2299 1660 2340 1691 sit
2368 1659 2505 1692 formale

1425 1716 1494 1738 esse
1518 1706 1683 1737 omnium:
1709 1706 1812 1737 immo
1827 1705 1938 1746 potius
1953 1705 2089 1736 habetur
2104 1705 2306 1746 oppositum,
2322 1714 2399 1736 cum
2419 1703 2505 1737 dicat

1426 1750 1626 1782 divinitatem
1650 1759 1719 1782 esse
1742 1759 1840 1792 super
1863 1750 1984 1781 omnia.
2009 1748 2111 1788 Quod
2133 1750 2232 1781 etiam
2261 1748 2444 1780 ostenditur
2465 1759 2506 1781 ex

1425 1796 1475 1827 his
1491 1805 1575 1836 quae
1591 1795 1751 1826 habentur
1765 1805 1789 1826 11
1804 1804 1875 1836 cap.
1891 1794 1967 1826 Div.
1984 1794 2082 1825 Nom.
2098 1812 2122 1818 -
2137 1793 2224 1825 Dicit
2238 1793 2396 1831 secundo,
2413 1793 2506 1835 quod

1425 1840 1616 1881 intelligitur
1630 1840 1676 1871 sic
1692 1839 1784 1880 quod
1800 1838 1950 1871 divinitas
1965 1845 2013 1870 est
2029 1848 2098 1870 esse
2115 1839 2281 1870 omnium:
2300 1839 2377 1879 quia
2392 1847 2411 1870 a
2431 1838 2504 1871 Deo

1424 1886 1459 1916 in
1482 1885 1636 1916 omnibus
1660 1883 1822 1925 quaedam
1845 1883 1946 1915 divini
1970 1893 2039 1914 esse
2063 1882 2242 1914 similitudo
2265 1883 2432 1923 reperitur.

1480 1929 1544 1960 Pro
1567 1929 1682 1960 notitia
1705 1929 1802 1960 huius
1821 1928 2005 1965 solutionis,
2021 1927 2293 1958 considerandum
2309 1927 2411 1968 quod,
2427 1936 2506 1960 cum

1425 1983 1494 2005 esse
1518 1974 1777 2014 uniuscuiusque
1800 1973 1856 2010 rei,
1881 1978 1918 2004 ut
1940 1973 2047 2013 inquit
2076 1971 2214 2003 Sanctus
2237 1971 2384 2003 Thomas
2407 1971 2435 2004 1·
2456 1971 2505 2010 P„

1425 2028 1456 2060 q.
1474 2029 1524 2056 cv,
1541 2028 1569 2049 a.
1589 2019 1618 2055 5,
1643 2019 1683 2049 sit
1706 2018 1845 2049 maxime
1869 2017 2023 2048 intimum
2046 2017 2103 2054 rei,
2127 2026 2169 2048 eo
2190 2015 2282 2058 quod
2297 2017 2338 2048 sit
2353 2017 2506 2049 omnium

1424 2073 1508 2105 quae
1531 2064 1564 2094 in
1588 2072 1623 2094 re
1646 2068 1722 2094 sunt
1745 2062 1921 2099 actualitas,
1945 2067 2076 2103 oportet
2091 2066 2128 2093 ut
2143 2060 2184 2093 ad
2198 2062 2246 2093 rei
2267 2066 2416 2093 naturam
2431 2059 2505 2103 per-

1423 2109 1523 2140 tineat
1549 2113 1706 2149 tanquam
1735 2107 1836 2139 totius
1865 2112 1998 2138 naturae
2027 2111 2060 2138 et
2090 2106 2241 2138 omnium
2271 2106 2342 2138 eius
2364 2107 2506 2147 partium

1424 2153 1600 2184 actualitas.
1625 2153 1667 2184 Et
1689 2153 1734 2184 sic
1757 2161 1827 2184 non
1850 2157 1959 2193 potest
1978 2160 2047 2183 esse
2063 2150 2186 2192 aliquid
2202 2152 2340 2182 omnino
2356 2156 2505 2184 natum

1425 2199 1494 2230 eius
1518 2199 1611 2230 cuius
1635 2203 1682 2229 est
1705 2196 1877 2229 excedens:
1904 2206 1975 2228 esse
1998 2196 2086 2228 enim
2101 2196 2284 2227 humanum
2299 2195 2341 2227 ad
2355 2201 2505 2228 naturam

1424 2243 1577 2279 hominis,
1595 2248 1627 2274 et
1643 2251 1711 2274 esse
1727 2242 1805 2283 equi
1820 2241 1862 2274 ad
1875 2247 2025 2273 naturam
2041 2241 2118 2282 equi
2133 2246 2182 2272 est
2196 2240 2380 2272 limitatum.
2397 2239 2504 2278 Unde,

1424 2288 1450 2319 si
1475 2297 1544 2319 esse
1568 2286 1715 2318 divinum
1738 2286 1997 2327 uniuscuiusque
2015 2285 2062 2317 rei
2077 2291 2226 2318 naturam
2249 2285 2387 2316 omnino
2410 2294 2505 2317 exce-

1425 2331 1488 2369 dat,
1505 2333 1642 2373 eiusque
1658 2337 1771 2362 natura
1787 2340 1885 2372 super
1900 2331 2052 2362 omnium
2074 2335 2204 2362 naturas
2224 2330 2265 2361 sit
2281 2329 2451 2367 collocata,
2467 2335 2505 2362 ut

1425 2377 1603 2418 Dionysius
1626 2376 1740 2413 voluit,
1764 2376 1911 2416 sequitur
1933 2381 1970 2407 ut
1993 2385 2062 2407 esse
2086 2374 2222 2406 formale
2244 2383 2354 2406 rerum
2368 2383 2438 2407 non
2453 2375 2503 2407 sit.

1481 2421 1534 2452 lx.
1565 2420 1750 2452 Secundum
1782 2426 1839 2457 est,
1867 2421 1944 2461 quia
1975 2419 2131 2461 praedicti
2162 2420 2425 2453 existimaverunt
2455 2418 2504 2451 di-

1424 2467 1538 2498 vinum
1562 2475 1642 2503 esse,
1667 2466 1720 2497 cui
1749 2465 1839 2497 nulla
1868 2464 1904 2496 fit
1934 2464 2067 2502 additio,
2084 2474 2161 2497 ¹non
2188 2473 2258 2496 esse
2281 2463 2405 2505 aliquid
2427 2473 2504 2506 pro·

1424 2511 1543 2553 prium,
1568 2510 1624 2542 sed
1647 2519 1716 2542 esse
1740 2519 1918 2542 commune
1942 2510 2107 2541 omnium:
2133 2518 2174 2540 eo
2192 2508 2284 2550 quod
2298 2508 2332 2540 id
2348 2508 2440 2550 quod
2455 2514 2504 2541 est

1425 2565 1603 2587 commune
1633 2564 1691 2596 per
1723 2554 1924 2586 additionem
1957 2553 2162 2596 specificetur
2191 2553 2244 2586 vel
2273 2553 2502 2590 individuetur.

1425 2599 1488 2632 Sed
1505 2600 1611 2641 inquit
1627 2599 1764 2631 Sanctus
1780 2599 1926 2631 Thomas
1950 2598 2042 2640 quod
2065 2609 2134 2630 esse
2155 2598 2302 2630 divinum
2318 2604 2366 2630 est
2381 2598 2504 2640 absque

1426 2645 1590 2676 additione
1613 2654 1682 2676 non
1705 2644 1813 2676 solum
1833 2644 2044 2685 cogitatione,
2068 2643 2126 2676 sed
2148 2644 2246 2675 etiam
2268 2644 2302 2675 in
2323 2652 2432 2676 rerum
2445 2653 2504 2676 na·

1424 2696 1505 2722 tura.
1531 2690 1572 2720 Et
1594 2699 1663 2721 non
1687 2689 1795 2721 solum
1818 2688 1983 2720 additione
2007 2694 2104 2726 caret,
2127 2688 2186 2720 sed
2208 2689 2306 2720 etiam
2333 2688 2503 2730 receptibi-

1425 2735 1512 2766 litate
1537 2733 1719 2766 additionis.
1745 2733 1780 2765 ld
1803 2739 1912 2765 autem
1936 2733 2028 2775 quod
2051 2739 2099 2765 est
2122 2742 2310 2770 commune,
2334 2733 2402 2765 sive
2431 2733 2503 2765 uni·

1424 2779 1556 2817 versale,
1580 2780 1649 2810 sine
1672 2778 1837 2811 additione
1861 2788 1931 2810 esse
1954 2788 2022 2810 non
2046 2783 2164 2820 potest,
2181 2777 2238 2810 sed
2252 2778 2322 2810 sine
2337 2776 2503 2810 additione

1425 2823 1660 2856 consideratur:
1684 2833 1752 2855 non
1776 2829 1885 2854 tamen
1909 2824 1978 2855 sine
2001 2823 2246 2865 receptibilitate
2265 2821 2449 2860 additionis,
2466 2828 2503 2855 ut

1424 2874 1511 2910 patet
1535 2869 1632 2900 etiam
1655 2868 1696 2900 de
1720 2868 1875 2906 animam
1898 2878 1975 2900 nam
1998 2868 2024 2899 si
2047 2868 2107 2899 sibi
2129 2867 2219 2900 nulla
2234 2866 2413 2899 differentia
2428 2866 2503 2900 addi

1424 2919 1544 2955 posset,
1560 2923 1663 2955 genus
1679 2923 1747 2944 non
1765 2919 1856 2945 esset.
1875 2913 1970 2945 Unde
1985 2914 2066 2944 ratio
2083 2913 2184 2954 magis
2200 2911 2360 2944 deducere
2376 2911 2503 2944 videtur

1424 2959 1464 2990 ad
1488 2959 1693 3000 oppositum:
1718 2965 1754 2990 ut
1778 2959 1876 2990 etiam
1899 2964 2032 2999 apparet
2055 2967 2094 2989 ex
2117 2957 2190 2989 libri
2212 2957 2253 2989 de
2271 2957 2388 2989 Causis
2409 2966 2502 2989 com·

1423 3010 1615 3035 mentatore.

1479 3047 1620 3080 Adverte
1643 3047 1735 3090 quod
1751 3057 1820 3079 esse
1837 3046 1985 3079 divinum
2000 3057 2070 3079 non
2085 3052 2194 3088 potest
2209 3047 2326 3078 habere
2341 3047 2502 3078 rationem

1424 3102 1492 3124 esse
1517 3093 1702 3124 communis
1725 3092 1961 3124 communitate
1980 3091 2168 3124 universalis
2183 3090 2420 3133 praedicabilis:
2444 3089 2502 3123 sed

1423 3138 1506 3169 bene
1531 3143 1578 3169 est
1601 3147 1671 3169 esse
1695 3146 1871 3169 commune
1895 3137 2131 3169 communitate
2154 3135 2279 3168 formae
2299 3135 2500 3176 exemplaris,

1424 3183 1501 3224 quia
1524 3191 1624 3214 omne
1648 3191 1716 3214 esse
1741 3187 1789 3213 est
1812 3181 1973 3223 quaedam
1995 3182 2098 3223 ipsius
2120 3179 2308 3212 similitudo.

1479 3226 1620 3258 Adverte
1636 3227 1733 3258 etiam
1749 3225 1915 3268 duplicem
1931 3225 2144 3258 differentiam
2158 3225 2241 3266 poni
2251 3225 2315 3256 hoc
2330 3224 2406 3255 loco
2418 3224 2501 3255 inter

1424 3281 1492 3303 esse
1517 3281 1694 3303 commune
1710 3277 1742 3303 et
1757 3281 1826 3303 esse
1842 3270 2000 3303 divinum.
2024 3271 2116 3302 Licet
2138 3269 2227 3301 enim
2250 3269 2447 3300 conveniant
2465 3269 2500 3300 in

1423 3317 1486 3347 hoc
1511 3316 1602 3357 quod
1625 3322 1673 3347 est
1695 3316 1775 3347 nihil
1806 3316 1923 3347 habere
1953 3314 2110 3351 additum,
2132 3331 2157 3338 -
2179 3313 2290 3344 divino
2314 3314 2402 3344 enim
2430 3322 2499 3344 esse

1422 3361 1502 3392 nihil
1526 3360 1673 3392 additum
1697 3366 1754 3398 est,
1779 3370 1856 3392 cum
1886 3360 1998 3392 omnia
2029 3360 2062 3391 in
2092 3358 2165 3390 Deo
2195 3358 2259 3389 sint
2282 3358 2390 3399 ipsum
2414 3367 2498 3395 esse;

1423 3406 1568 3437 similiter
1591 3415 1660 3437 esse
1684 3414 1862 3437 commune
1884 3404 1975 3441 nihil,
1992 3410 2029 3435 ut
2051 3403 2107 3440 sic,
2123 3402 2220 3434 habet
2235 3411 2294 3443 per
2309 3402 2401 3443 quod
2416 3403 2500 3434 limi-

1423 3456 1517 3487 tetur,
1533 3468 1557 3474 -
1572 3450 1724 3482 differunt
1747 3455 1866 3487 tamen,
1891 3449 2009 3490 primo,
2033 3447 2109 3489 quia
2133 3456 2202 3478 esse
2226 3447 2372 3478 divinum
2395 3447 2500 3479 existit

1423 3495 1456 3526 in
1480 3505 1588 3527 rerum
1611 3501 1724 3526 natura
1747 3495 1787 3526 ab
1811 3493 1903 3525 omni
1926 3493 1988 3524 alia
2009 3502 2044 3524 re
2067 3497 2250 3533 separatum
2273 3492 2394 3533 absque
2411 3491 2500 3524 addi-

1422 3540 1512 3571 tione
1537 3540 1655 3581 aliqua.
1680 3539 1759 3571 Esse
1782 3544 1892 3570 autem
1923 3537 2114 3574 universale,
2138 3537 2222 3568 sicut
2244 3546 2306 3568 nec
2337 3536 2398 3568 alia
2427 3538 2500 3568 uni-

1423 3584 1565 3621 versalia,
1591 3585 1724 3616 existere
1747 3592 1817 3615 non
1840 3587 1947 3624 potest
1970 3582 2092 3623 absque
2116 3580 2281 3613 additione
2311 3581 2390 3613 illud
2416 3581 2499 3613 limi-

1422 3634 1509 3660 tante
1534 3635 1565 3660 et
1588 3628 1809 3660 contrahente.
1830 3645 1853 3650 —
1876 3625 2039 3663 Secundo,
2065 3626 2141 3667 quia
2169 3635 2237 3658 esse
2261 3625 2408 3658 divinum
2431 3636 2500 3658 non

2531 1477 2542 1488 ·
2551 1475 2590 1500 cf.
2602 1475 2655 1499 init.
2670 1475 2743 1499 con-

2531 1506 2604 1527 ment.
