2742 4152
8 3873 10 3879 v
0 3802 7 3856 ⁷—-

874 266 1065 303 SUMMA
1094 267 1316 305 CONTRA
1344 269 1620 321 GENTILES,
1650 273 1761 310 CAP.
1782 271 1876 311 XIII.
2427 278 2471 321 3J1

73 397 80 403 ἱ
279 353 317 405 et
343 345 488 405 habere
515 352 661 395 partes:
691 356 793 404 cum.
813 355 932 382 omne
961 345 1070 394 quod
1098 354 1281 383 movetur
1308 347 1355 384 sit
1463 349 1676 388 Sciendum
1696 359 1826 389 autern
1845 354 1953 402 quod
1972 355 2092 403 Plato,
2113 355 2181 405 qui
2203 357 2334 406 posuit
2356 368 2475 395 omne

35 395 249 451 ᾗξῗξῇἶὸξέξ
278 399 479 458 d1v1sibile,
499 405 542 436 ut
568 398 757 458 probatur
783 409 824 434 1n
849 398 902 457 yl
921 399 1070 447 Physic.
1086 398 1107 420 ²⁸
1408 412 1574 439 movens
1615 404 1765 441 moveri
1787 405 1817 451 ²¹²,
1851 407 2100 445 communius
2141 410 2287 459 accepit
2327 420 2474 449 nomen
2503 408 2716 458 'fihagfg'sszigp

35 455 158 498 ¹¹1·‚³2‚⁸‘³<¹·‘
174 448 248 471 ⁸·T¹¹·
332 452 403 489 His
431 459 642 501 supposms
669 451 724 489 sic
751 458 885 499 arguit.
916 451 1004 488 Hoc
1037 451 1145 500 quod
1174 463 1198 488 a
1225 452 1352 501 seipso
1408 460 1528 490 motus
1546 467 1667 503 quam
1685 456 1915 495 Aristoteles
1945 459 2163 498 Aristoteles
2187 463 2291 500 enim
2313 464 2474 513 proprie
2501 434 2715 510 {ifhffl'ffy'hs‘ss

277 505 438 557 ponitur
455 504 619 551 moveri,
640 512 697 541 est
714 503 844 554 primo
863 511 1030 541 motum.
1052 505 1156 553 Ergo
1175 504 1225 541 ad
1245 505 1353 554 quie·
1408 506 1555 555 accepit
1586 515 1752 555 motum,
1782 511 1999 549 secundum
2031 515 2138 562 quod
2175 523 2231 552 est
2262 523 2368 553 actus
2396 517 2473 555 exi·
2510 496 2546 514 ἰ’
2580 495 2618 516 '⁷⁸

276 568 361 597 tem
384 558 502 596 unius
529 557 647 608 partis
674 557 770 605 eius,
799 556 975 606 sequitur
1010 557 1122 607 quies
1153 557 1281 594 totius.
1312 557 1353 595 Si
1375 566 1386 586 ⁵
1409 559 1539 596 stentis
1567 559 1607 596 in
1639 562 1809 608 potentia
1840 565 2059 602 secundum
2090 568 2198 615 quod
2230 569 2470 607 huiusmodi:

277 613 396 660 enim,
417 611 638 662 quiescente
657 622 738 648 una
765 618 885 660 parte,
906 610 980 648 alia
998 622 1087 660 pars
1106 610 1190 648 eius
1218 622 1353 648 move·
1408 611 1572 660 qualiter
1597 624 1679 649 non
1716 621 1772 651 est
1806 614 1875 652 nisi
1911 616 2159 655 divisibilium
2187 627 2223 656 et
2250 633 2470 671 corporum.

277 674 392 713 retur,
425 673 519 703 tunc
545 664 677 714 ipsum
709 671 836 701 totum
864 675 946 701 non
979 672 1078 701 esset
1105 663 1235 714 primo
1267 675 1352 701 mo·
1408 672 1451 701 ut
1477 665 1665 713 probatur
1682 665 1722 703 in
1741 667 1790 704 VI
1805 669 1953 716 Physic.
1969 669 1989 691 ‘¹⁵
2018 671 2243 709 Secundum
2272 662 2472 714 Platonem
2500 678 2508 686 '
2525 676 2630 698 2⁰0³st

275 728 372 765 tum,
392 719 460 756 sed
479 729 569 768 pars
592 716 676 754 eius
695 729 797 767 quae
817 725 1000 755 movetur
1025 717 1099 755 alia
1117 717 1351 767 quiescente.
1407 725 1540 755 autem
1572 729 1738 756 movens
1774 719 1946 770 seipsum
1982 734 2063 759 non
2096 731 2151 760 est
2188 736 2347 774 corpus:
2378 728 2472 765 acci-

275 771 385 811 Nihil
411 779 545 809 autem
572 771 681 820 quod
710 769 872 820 quiescit
899 770 1121 820 quiescente
1149 770 1238 816 alio,
1267 782 1352 808 mo·
1407 770 1536 820 piebat
1564 771 1666 808 enirn
1688 780 1843 810 motum
1869 785 1941 823 pro
1969 776 2139 824 qualibet
2166 779 2398 826 operatione,
2423 781 2473 818 ita

274 833 389 864 vetur
415 837 439 862 a
475 823 622 874 seipso:
653 824 765 862 cuius
800 824 907 861 enim
943 824 1055 874 quies
1091 824 1142 861 ad
1179 823 1351 873 quietem
1367 843 1394 859 ιο
1408 824 1517 873 quod
1545 823 1751 873 intelligere
1772 833 1809 862 et
1827 826 1977 875 opinari
2005 828 2051 865 sit
2078 830 2279 878 quoddam
2307 833 2471 878 moveri;

275 878 450 929 sequitur
467 877 634 926 alterius,
655 885 808 927 oportet
835 877 945 927 quod
964 884 1096 914 motus
1123 876 1174 914 ad
1197 885 1352 914 motum
1408 889 1528 926 quem
1543 877 1659 914 etiarn
1678 878 1844 916 modurn
1863 881 2049 930 loquendi
2064 882 2282 920 Aristoteles
2300 885 2417 933 tangit
2435 886 2474 923 in

274 932 429 971 alterius
457 938 660 981 sequatur3
693 939 731 968 et
758 930 812 968 sic
839 942 922 968 non
949 938 1133 967 movetur
1159 942 1183 967 a
1210 929 1350 980 seipso.
1407 931 1454 967 111
1473 931 1519 967 de
1536 932 1678 968 Anima
1691 931 1723 968 ²².
1754 932 1980 971 Secundum
2010 935 2087 972 hoc
2114 947 2204 984 ergo
2233 936 2382 974 dicebat
2400 939 2474 987 pri·
2501 935 2559 983 'ff‘
2578 942 2635 984 33¹¹*
2653 944 2675 963 ¹³
2690 943 2710 958 ⁸·

275 987 378 1034 Ergo
407 986 484 1023 hoc
512 984 622 1034 quod
639 984 861 1034 ponebatur
878 996 902 1021 a
929 983 1058 1033 seipso
1086 983 1249 1031 moveri,
1270 996 1351 1022 non
1407 995 1521 1020 mum
1549 996 1715 1021 movens
1734 985 1907 1035 seipsum
1933 999 2095 1025 movere
2123 989 2231 1038 quod
2249 988 2417 1038 intelligit
2435 1004 2474 1029 se
2542 978 2573 984 ..
2611 978 2616 983 ’

274 1046 457 1077 movetur
475 1051 498 1076 a
521 1038 662 1088 seipso.
691 1038 862 1075 Necesse
890 1044 947 1074 est
973 1048 1065 1086 ergo
1094 1048 1214 1074 omne
1242 1038 1352 1087 quod
1408 1044 1445 1074 et
1458 1038 1542 1074 vult
1559 1039 1622 1074 vel
1641 1046 1745 1075 amat
1764 1050 1818 1076 se.
1839 1039 1960 1086 Quod
1979 1040 2020 1078 in
2038 1041 2169 1090 aliquo
2189 1054 2270 1079 non
2289 1053 2476 1092 repugnat

274 1098 469 1139 movetur,
499 1091 548 1129 ab
577 1091 653 1129 alio
681 1089 845 1129 moveri.
1367 1108 1391 1129 ις
1408 1089 1622 1128 rationibus
1641 1091 1871 1129 Aristotelis:
1893 1092 1988 1130 nihil
2016 1094 2121 1131 enim
2145 1094 2271 1132 differt
2294 1096 2475 1135 devenire

328 1146 415 1184 Nec
450 1144 583 1182 obviat
623 1144 717 1182 huic
757 1142 895 1181 rationi
932 1143 1042 1192 quod
1080 1143 1176 1180 forte
1213 1143 1352 1194 aliquis
1408 1143 1458 1181 ad
1486 1143 1647 1193 aliquod
1665 1144 1840 1194 primum
1858 1147 1967 1195 quod
1995 1155 2151 1185 moveat
2178 1160 2229 1196 se,
2259 1150 2474 1188 secundum

273 1206 406 1250 posset
433 1197 560 1235 dicere
592 1197 701 1247 quod
739 1196 823 1234 eius
859 1196 969 1246 quod
997 1196 1157 1246 ponitur
1190 1209 1351 1234 movere
1408 1198 1631 1243 Platonem;
1651 1205 1688 1234 et
1706 1198 1890 1236 devenire
1909 1200 1959 1237 ad
1977 1200 2150 1249 primum
2178 1201 2286 1251 quod
2314 1203 2475 1241 omnino

274 1251 461 1304 seipsum,
488 1262 579 1300 pars
615 1262 695 1289 non
731 1257 858 1300 potest
892 1249 1111 1299 quiescere;
1146 1257 1183 1287 et
1211 1250 1352 1288 iterum
1407 1249 1454 1288 sit
1481 1250 1695 1297 immobile,
1725 1252 1943 1290 secundum
1971 1253 2224 1292 Aristotelem.

273 1303 530 1357 quodpartis
558 1310 639 1342 non
676 1311 734 1341 est
765 1303 966 1354 quiescere
1002 1304 1065 1340 vel
1099 1303 1251 1341 moveri
1279 1304 1352 1342 nisi
1460 1303 1589 1341 Aliam
1621 1312 1753 1342 autem
1787 1305 2106 1354 propositionem,
2136 1307 2275 1346 scilicet
2302 1309 2409 1358 quod
2437 1311 2474 1346 in

49 1349 346 1412 mgfpet
371 1357 571 1406 accidens3
600 1365 645 1396 ut
677 1356 879 1395 Avicenna
912 1356 1172 1394 calumniatur
1185 1356 1217 1394 *.
1246 1357 1352 1405 Quia
1366 1379 1394 1394 »ο
1407 1359 1638 1395 moventibus
1656 1364 1691 1395 et
1708 1360 1816 1395 motis
1831 1371 1905 1396 non
1921 1361 1965 1397 sit
1977 1361 2183 1408 procedere
2196 1363 2233 1398 in
2250 1364 2432 1410 infinitum
2442 1362 2473 1410 ³⁸,
2503 1362 2511 1370 '
2526 1361 2575 1389 ³⁰¹³
2590 1367 2612 1388 ⁷·

55 1414 143 1441 ΨΦ·
273 1411 334 1451 vis
352 1411 519 1451 rationis
545 1409 587 1450 in
615 1411 693 1449 hoc
719 1410 903 1457 consistit,
923 1410 1044 1460 quod,
1065 1409 1097 1447 si
1120 1409 1265 1460 aliquid
1294 1423 1352 1449 se·
1407 1410 1547 1460 probat
1574 1410 1696 1448 tribus
1725 1411 1948 1449 rationibus.

273 1466 408 1518 ipsum
433 1472 595 1511 moveat
619 1464 750 1515 primo
769 1472 807 1501 et
824 1476 896 1514 per
913 1476 966 1511 se,
987 1475 1070 1501 non
1088 1463 1237 1501 ratione
1264 1476 1352 1514 par·
1461 1464 1644 1511 Quamm
1666 1466 1796 1514 prima
1818 1465 1901 1502 talis
1925 1473 1981 1503 est
1999 1465 2030 1503 ²⁸⁸.
2060 1466 2102 1504 Si
2129 1466 2169 1503 in
2197 1467 2412 1505 motoribus
2439 1476 2476 1505 et
2503 1466 2711 1516 ζῑζῐζῗῆῗηξξῗ·

272 1520 384 1567 tium,
404 1524 559 1570 oportet
576 1518 686 1569 quod
705 1529 824 1556 suum
843 1516 995 1555 moveri
1023 1528 1105 1555 non
1133 1517 1353 1567 dependeat
1407 1517 1522 1555 motis
1549 1517 1773 1567 proceditur
1790 1518 1831 1556 in
1850 1518 2059 1567 infinitum,
2071 1527 2231 1569 oportet
2254 1520 2385 1558 omnia
2404 1522 2475 1558 hu-

272 1574 324 1612 ab
343 1572 492 1623 aliqu03
513 1571 817 1610 moveriautem
835 1570 958 1621 ipsius
977 1570 1188 1617 divisibilis,
1204 1570 1301 1609 sicut
1315 1579 1352 1609 et
1407 1570 1578 1608 iusmodi
1607 1570 1756 1608 infinita
1784 1583 1950 1621 corpora
1977 1585 2077 1610 esse:
2107 1573 2199 1622 quia
2227 1585 2344 1610 omne
2369 1575 2475 1623 quod

273 1626 359 1667 eius
377 1637 474 1673 esse,
492 1625 689 1676 dependet
706 1637 730 1663 a
747 1624 939 1675 partibus;
968 1631 1006 1662 et
1033 1624 1088 1662 sic
1114 1636 1196 1662 non
1224 1632 1390 1675 potestas
1406 1632 1590 1662 movetur
1617 1632 1673 1661 est
1700 1624 1889 1663 divisibile
1918 1634 1954 1663 et
1981 1638 2136 1675 corpus,
2156 1634 2199 1664 ut
2225 1627 2411 1676 probatur
2437 1627 2477 1665 in

273 1678 449 1731 „ipsum
471 1690 634 1717 movere
652 1678 782 1729 primo
801 1686 839 1715 et
857 1689 928 1728 per
946 1690 999 1715 se.
1030 1678 1125 1715 Non
1144 1678 1352 1727 requiritur
1406 1679 1456 1715 Vl
1476 1678 1626 1727 Physic.
1642 1678 1662 1700 '¹‘
1691 1678 1823 1716 Omne
1859 1686 1992 1717 autem
2029 1691 2172 1729 corpus
2203 1680 2311 1729 quod
2346 1689 2477 1718 movet
2504 1682 2512 1690 '
2528 1681 2583 1702 ΙΝ·
2599 1681 2638 1703 0³¹·

274 1744 366 1784 ergo
403 1733 454 1771 ad
486 1732 690 1771 veritatem
726 1731 988 1770 conclusionis
1023 1730 1205 1769 inductae
1241 1732 1351 1781 quod
1406 1739 1573 1778 motum,
1594 1731 1711 1769 simul
1730 1731 1828 1769 dum
1847 1740 1982 1770 movet
1999 1740 2193 1771 movetur.
2222 1734 2325 1782 Ergo
2346 1733 2477 1771 omnia

274 1793 520 1838 supponatur
545 1794 694 1837 partem
725 1784 918 1824 moventis
945 1784 1119 1834 seipsum
1152 1784 1350 1834 quiescere
1406 1785 1477 1822 ista
1504 1784 1655 1822 infinita
1682 1784 1799 1823 simul
1826 1794 2036 1824 moventur
2062 1787 2160 1824 dum
2188 1798 2314 1824 unum
2340 1799 2478 1824 eorum

273 1839 386 1892 quasi
404 1839 608 1890 quoddam
621 1851 764 1878 verum
777 1839 970 1877 absolute:
991 1838 1060 1876 sed
1079 1846 1231 1888 oportet
1250 1839 1352 1877 hanc
1406 1846 1600 1876 movetur.
1641 1838 1719 1876 Sed
1751 1851 1879 1877 unum
1915 1851 2067 1886 eorum,
2101 1852 2194 1877 cum
2228 1839 2276 1877 sit
2310 1839 2476 1887 finitum,

273 1892 579 1934 conditionalem
606 1905 690 1931 esse
713 1905 818 1940 vera,
839 1892 960 1942 quod,
979 1894 1012 1930 si
1029 1894 1231 1942 quiesceret
1243 1905 1349 1942 pars,
1367 1911 1393 1931 ³0
1407 1899 1590 1930 movetur
1607 1899 1784 1941 tempore
1803 1892 1926 1930 finito.
1956 1894 2059 1941 Ergo
2079 1893 2213 1931 omnia
2240 1893 2303 1931 illa
2330 1893 2478 1931 infinita

274 1948 384 1999 quod
402 1946 618 1998 quiesceret
635 1954 774 1984 totum.
804 1947 920 1994 Quae
937 1945 1100 1995 quidem
1123 1953 1249 1995 potest
1267 1958 1351 1983 esse
1407 1952 1616 1983 moventur
1642 1953 1819 1995 tempore
1838 1945 1961 1984 finito.
1992 1947 2080 1984 Hoc
2107 1954 2239 1984 autem
2263 1954 2319 1984 est
2337 1947 2478 1997 impos-

274 2013 368 2040 vera
387 1999 504 2038 etiam
523 1999 554 2038 si
569 2000 802 2038 antecedens
821 1999 867 2037 sit
886 1998 1143 2049 impossibile:
1164 1998 1263 2036 sicut
1281 1999 1351 2037 ista
1407 1998 1526 2036 sibile.
1557 1999 1660 2046 Ergo
1679 1998 1917 2048 impossibile
1937 2007 1993 2037 est
2011 2000 2120 2049 quod
2139 1999 2179 2037 in
2206 2000 2423 2038 motoribus
2442 2007 2478 2038 et

275 2053 544 2093 conditionalis
563 2061 619 2092 est
637 2065 742 2100 vera,
764 2055 805 2091 Si
821 2054 934 2091 homo
953 2058 1005 2090 est
1023 2054 1161 2098 asinus,
1182 2058 1235 2089 est
1254 2054 1351 2090 irra-
1406 2051 1523 2090 motis
1550 2052 1785 2102 procedatur
1811 2052 1851 2090 in
1880 2052 2087 2090 infinitum.

274 2109 435 2147 tionalis.
1461 2105 1583 2153 Quod
1602 2113 1734 2143 autem
1753 2105 1800 2143 sit
1817 2105 2055 2156 impossibile
2074 2106 2183 2156 quod
2202 2105 2352 2144 infinita
2369 2118 2478 2156 prae-

33 2159 247 2215 2vfflf⁸fgt¹¹¹³
329 2162 514 2208 Secundo,
533 2159 674 2210 probat
696 2171 768 2209 per
786 2157 1065 2205 inductionem,
1086 2158 1140 2196 sic
1158 2158 1189 2196 ²¹².
1220 2159 1352 2197 Omne
1367 2176 1391 2197 ,ς
1407 2158 1509 2196 dicta
1528 2167 1762 2196 moveantur
1780 2167 1956 2209 tempore
1974 2159 2099 2206 finito,
2119 2159 2174 2197 sic
2191 2160 2331 2209 probat
2339 2160 2370 2196 *.
2391 2161 2477 2197 Mo—
2505 2157 2712 2212 {UZPT‘ssf'sL‘gsigss

275 2215 385 2266 quod
413 2221 596 2253 movetur
622 2224 694 2263 per
720 2212 911 2258 accidens,
932 2224 1010 2249 non
1038 2220 1221 2250 movetur
1248 2224 1271 2250 a
1295 2225 1352 2250 se-
1407 2224 1504 2250 vens
1533 2220 1570 2249 et
1596 2220 1750 2249 motum
1789 2220 1941 2263 oportet
1975 2212 2092 2250 simul
2123 2225 2224 2250 esse:
2262 2221 2306 2251 ut
2341 2213 2479 2262 probat

276 2268 374 2319 ipso.
403 2268 590 2306 Movetur
617 2266 724 2303 enim
752 2266 802 2304 ad
830 2273 986 2303 motum
1004 2265 1171 2303 alterius.
1191 2288 1218 2293 -
1238 2265 1352 2304 Simi-
1408 2265 1632 2303 inducendo
1660 2265 1700 2303 in
1728 2265 1885 2315 singulis
1903 2266 2106 2316 speciebus
2125 2274 2267 2304 motuS.
2297 2267 2375 2304 Sed
2394 2279 2476 2304 cor-

275 2321 360 2360 liter
377 2333 506 2372 neque
525 2320 635 2371 quod
654 2327 838 2357 movetur
855 2331 926 2369 per
943 2319 1189 2357 violentiam:
1210 2327 1254 2356 ut
1271 2331 1354 2358 ma·
1407 2331 1506 2370 pora
1519 2331 1600 2356 non
1614 2327 1779 2369 possunt
1793 2319 1909 2357 simul
1924 2332 2006 2358 esse
2021 2319 2094 2357 nisi
2108 2332 2179 2370 per
2187 2319 2477 2358 continuitatem

276 2375 459 2414 nifestum
473 2382 539 2413 est.
552 2397 578 2402 -
592 2374 734 2423 Neque
749 2385 851 2423 quae
866 2380 1078 2410 moventur
1089 2385 1161 2423 per
1173 2381 1353 2411 naturam
1408 2374 1471 2410 vel
1499 2372 1838 2422 contignationem.
1874 2373 1978 2411 Cum
2006 2385 2096 2422 ergo
2126 2373 2258 2411 omnia
2285 2373 2478 2423 praedicta

247 2435 250 2438 ’
276 2437 321 2467 ut
348 2441 396 2466 ex
423 2441 464 2466 se
492 2436 613 2475 mota,
642 2427 741 2464 sicut
771 2425 966 2474 animalia,
991 2438 1094 2476 quae
1127 2434 1276 2465 constat
1303 2427 1353 2464 ab
1367 2444 1396 2465 ⁴⁶
1409 2426 1608 2464 moventia
1635 2434 1672 2464 et
1699 2434 1806 2464 mota
1825 2426 1899 2464 sint
1917 2439 2093 2477 corpora,
2114 2435 2156 2464 ut
2178 2427 2385 2476 probatum
2409 2435 2475 2473 est,

277 2482 409 2521 anima
435 2481 599 2520 moveri.
614 2502 641 2508 —-
665 2481 752 2518 Nec
770 2479 912 2518 iterum
931 2492 1033 2530 quae
1052 2488 1265 2518 moventur
1283 2492 1355 2531 per
1409 2487 1562 2531 oportet
1579 2480 1688 2530 quod
1707 2480 1781 2517 sint
1808 2480 1919 2530 quasi
1938 2493 2064 2518 unum
2093 2480 2237 2518 mobile
2261 2493 2331 2530 per
2357 2480 2476 2518 conti*

277 2543 459 2574 naturam
484 2542 528 2573 ut
550 2533 682 2584 gravia
701 2541 738 2571 et
761 2533 872 2571 levia.
902 2533 1008 2582 Quia
1027 2534 1125 2571 haec
1143 2542 1355 2572 moventur
1409 2533 1638 2572 nuationem
1655 2535 1719 2571 vel
1746 2534 2086 2583 contignationem.
2115 2535 2164 2571 Et
2187 2534 2241 2572 sic
2268 2546 2394 2572 unum
2421 2534 2476 2571 in-

277 2601 302 2628 a
335 2596 542 2638 generante
575 2595 612 2625 et
643 2595 872 2626 removente
908 2587 1133 2637 prohibens.
1162 2609 1189 2615 —
1222 2588 1354 2626 Omne
1409 2587 1566 2626 finitum
1585 2587 1768 2625 movetur
1779 2595 1956 2638 tempore
1978 2587 2099 2625 finito.
2121 2588 2241 2635 Quod
2259 2595 2315 2625 est
2333 2587 2476 2637 impos-

278 2651 411 2681 autem
425 2642 535 2692 quod
553 2649 747 2689 movetur,
762 2642 826 2678 vel
843 2649 1027 2678 movetur
1045 2652 1116 2691 per
1134 2653 1187 2688 se,
1203 2643 1266 2679 vel
1284 2654 1356 2692 per
1409 2641 1529 2688 sibile,
1555 2648 1598 2678 ut
1615 2641 1804 2691 probatur
1825 2641 1865 2679 in
1884 2643 1933 2678 VI
1951 2643 2199 2690 Physicorum
2213 2641 2243 2677 ²³⁶.
2503 2634 2711 2689 I‚‘,³,⁶‚¹¹³·V¹¹³⁵·T¹¹·

278 2696 469 2734 accidens.
495 2697 544 2734 Et
562 2695 594 2733 si
612 2707 684 2745 per
702 2707 754 2742 se,
774 2695 838 2732 vel
856 2699 930 2744 per'
945 2694 1183 2740 violentiam,
1203 2696 1266 2732 vel
1285 2707 1356 2745 per
1368 2718 1394 2739 ⁴5
1464 2695 1635 2732 Secunda
1654 2697 1750 2732 ratio
1779 2695 1827 2732 ad
1855 2694 1959 2732 idem
1984 2694 2232 2744 probandum
2259 2693 2341 2730 talis
2369 2701 2424 2730 est
2442 2693 2473 2730 *.
2502 2695 2673 2748 }.*†'¹f‚¹.¹='.''3⁵''
2690 2700 2712 2719 ’ἱ

278 2757 470 2788 naturam.
500 2750 549 2787 Et
576 2749 664 2795 hoc,
689 2749 752 2785 vel
780 2755 935 2785 motum
963 2760 1010 2785 ex
1037 2760 1091 2795 se,
1121 2756 1164 2785 ut
1190 2748 1352 2794 animal3
1409 2749 1453 2785 In
1477 2747 1726 2786 moventibus
1745 2755 1782 2785 et
1800 2748 1914 2786 motis
1934 2747 2127 2793 ordinatis,
2148 2759 2318 2797 quorum
2338 2746 2476 2783 scilicet

278 2804 342 2841 vel
369 2815 451 2841 non
478 2810 635 2840 motum
668 2813 715 2838 ex
747 2813 800 2848 se,
834 2808 878 2838 ut
908 2813 1026 2849 grave
1058 2809 1095 2838 et
1124 2803 1219 2839 leve.
1250 2802 1354 2851 Ergo
1410 2813 1538 2839 unum
1556 2813 1627 2851 per
1644 2801 1824 2839 ordinem
1844 2802 1893 2839 ab
1912 2801 1986 2839 alio
2006 2808 2196 2849 movetur,
2216 2801 2292 2837 hoc
2319 2811 2474 2836 necesse

278 2867 399 2894 omne
421 2856 532 2906 quod
560 2862 754 2901 movetur,
783 2854 833 2891 ab
861 2854 937 2892 alio
966 2862 1159 2892 movetur.
1410 2863 1467 2893 est
1498 2854 1675 2902 inveniri,
1704 2855 1825 2905 quod,
1854 2863 2004 2892 remoto
2041 2854 2168 2904 primo
2205 2860 2386 2890 movente
2412 2853 2475 2889 vel

62 2905 250 2960 ζξῙξ,ἷ-’.“,ζῖ,,ζ,
337 2911 476 2956 Tertio,
496 2908 635 2959 probat
654 2907 708 2945 sic
726 2907 757 2945 ²⁸.
787 2907 896 2945 Nihil
923 2907 1028 2945 idem
1048 2916 1104 2945 est
1123 2908 1239 2946 simul
1267 2916 1355 2946 actu
1410 2916 1583 2946 cessante
1602 2921 1625 2946 a
1643 2908 1830 2956 motione,
1851 2910 2002 2946 nullum
2030 2908 2195 2946 aliorum
2222 2906 2394 2944 movebit
2411 2918 2474 2942 ne-

54 2965 96 2986 ·⁴·
279 2971 318 3000 et
343 2962 515 3013 potentia
542 2968 720 3011 respectu
757 2960 947 2998 eiusdem.
977 2961 1053 2998 Sed
1091 2973 1210 2999 omne
1245 2962 1355 3011 quod
1370 2984 1397 3006 5⁰
1411 2974 1488 3012 que
1512 2962 1752 3000 movebitur:
1782 2962 1875 3011 quia
1893 2961 2064 3012 primum
2084 2969 2139 2998 est
2157 2973 2273 2998 causa
2290 2958 2474 2997 movendi

279 3023 474 3062 movetur,
495 3015 730 3065 inquantum
750 3014 992 3060 huiusmodi,
1012 3022 1069 3052 est
1096 3015 1136 3052 in
1164 3015 1353 3064 potentia:
1411 3015 1596 3053 omnibus
1624 3015 1717 3052 aliis.
1748 3015 1825 3053 Sed
1854 3015 1885 3052 si
1913 3015 1987 3052 sint
2014 3014 2210 3052 moventia
2228 3021 2266 3051 et
2283 3020 2389 3050 mota
2406 3023 2476 3062 per

280 3069 373 3120 quia
391 3076 523 3107 motus
551 3076 607 3106 est
626 3074 729 3106 actus
756 3070 943 3105 existentis
970 3070 1007 3105 in
1031 3070 1198 3118 potentia
1225 3081 1355 3106 secun·
1411 3069 1591 3107 ordinem
1619 3068 1658 3106 in
1687 3068 1895 3114 infinitum,
1919 3080 2000 3107 non
2028 3068 2097 3105 erit
2124 3067 2280 3116 aliquod
2304 3065 2474 3115 primurn

38 3119 115 3167 Lu..
129 3133 187 3167 .„‚·’
208 3134 215 3145 ’
243 3125 249 3145 ³
280 3124 370 3161 dum
390 3123 490 3174 quod
506 3122 720 3160 huiusmodi
730 3120 762 3158 ³¹³.
791 3121 922 3159 Omne
942 3129 1075 3158 autem
1094 3122 1204 3172 quod
1221 3130 1356 3167 movet
1411 3134 1589 3167 movens,
1610 3122 1678 3159 sed
1697 3121 1831 3159 omnia
1859 3129 1972 3159 erunt
1990 3120 2100 3171 quasi
2119 3119 2247 3158 media
2265 3118 2471 3156 moventia.

281 3184 337 3214 est
369 3176 410 3214 in
446 3183 548 3222 actu,
577 3176 813 3225 inquantum
850 3174 1097 3212 huiusmodi:
1131 3174 1231 3225 quia·
1259 3175 1356 3213 nihil
1411 3177 1514 3225 Ergo
1543 3177 1693 3212 nullum
1723 3174 1889 3212 aliorum
1908 3174 2046 3224 poterit
2063 3172 2224 3211 moveri.
2244 3173 2293 3209 Et
2311 3171 2364 3208 sic
2382 3171 2475 3208 nihil

281 3230 357 3279 agit
383 3229 457 3268 nisi
475 3229 695 3268 secundum
715 3228 824 3278 quod
852 3235 909 3265 est
935 3227 975 3265 in
999 3236 1099 3266 actu.
1130 3229 1233 3278 Ergo
1259 3229 1356 3266 nihil
1371 3250 1396 3271 ςς
1411 3228 1634 3267 movebitur
1660 3228 1700 3265 in
1728 3228 1891 3266 mundo.

282 3291 338 3321 est
365 3291 543 3333 respectu
566 3282 743 3320 eiusdem
771 3288 902 3319 motus
930 3293 1096 3319 movens
1123 3290 1161 3319 et
1188 3290 1353 3320 motum.
1469 3284 1594 3320 Tertia
1621 3283 1791 3331 probatio
1810 3281 1831 3303 ’¹‘
1858 3281 1895 3319 in
1923 3281 2027 3318 idem
2056 3279 2160 3323 redit,
2185 3276 2256 3315 nisi
2284 3277 2391 3326 quod
2419 3284 2476 3314 est
2501 3277 2511 3287 ''
2525 3276 2585 3297 “³³⁶¹-

283 3338 332 3374 Et
358 3337 413 3375 sic
440 3336 536 3374 nihil
563 3344 697 3374 movet
725 3335 910 3385 seipsum.
1411 3335 1547 3373 ordine
1565 3342 1831 3382 transmutato,
1847 3333 2066 3384 incipiendo
2085 3331 2259 3369 sciliceta
2273 3329 2471 3379 superiori.

338 3452 352 3478 5
372 3454 429 3478 eius
447 3459 492 3478 om
511 3453 539 3478 Z.
612 3451 740 3486 sequitur]
761 3459 813 3477 non
831 3451 950 3485 sequitur
968 3451 1016 3476 Pd.
1090 3449 1106 3474 6
1124 3451 1180 3475 eius
1193 3458 1237 3474 om
1256 3450 1313 3481 DG,
1327 3453 1392 3475 ante
1410 3450 1460 3476 alia
1473 3451 1503 3476 Z.
1578 3456 1607 3474 ιι
1624 3449 1742 3482 sequitur
1755 3452 1821 3481 post
1838 3447 1943 3473 alterius
1962 3447 2014 3471 NZ.
2094 3452 2127 3476 ¹4
2139 3450 2180 3469 est
2197 3451 2239 3468 om
2253 3452 2279 3469 α.
2353 3450 2385 3477 ι9
2404 3445 2476 3476 quod

283 3496 326 3514 om
340 3496 380 3514 «c.
460 3495 494 3521 27
513 3487 585 3522 ergo]
599 3495 635 3513 an
649 3488 726 3514 etiam
739 3487 904 3522 legendum?
981 3485 1166 3519 conclusionis]
1180 3485 1263 3519 ipsius
1276 3485 1451 3511 conclusionis
1465 3486 1495 3518 E,
1509 3485 1688 3511 conditionalis
1704 3485 1733 3509 P.
1811 3483 1844 3508 28
1863 3480 2031 3515 supponatur]
2046 3480 2208 3513 supponebat
2218 3480 2247 3510 Z,
2261 3484 2392 3512 supponat
2403 3480 2476 3505 NPd.

285 3524 315 3549 31
338 3524 411 3557 quod
429 3531 472 3549 om
492 3524 631 3549 GNWYZ.
720 3531 757 3555 44
774 3524 817 3548 vel
836 3526 950 3555 utroque
962 3521 1028 3556 loco]
1049 3526 1094 3546 aut
1113 3522 1199 3547 aNPc.
1289 3520 1323 3553 45
1342 3521 1377 3546 Et
1394 3521 1426 3555 si]
1447 3522 1473 3547 Si
1492 3522 1554 3546 αΡε.
1640 3528 1676 3554 49
1694 3520 1763 3544 idem
1777 3518 1825 3553 est]
1845 3524 1885 3544 est
1899 3518 1968 3542 enim
1982 3518 2011 3542 Z.
2103 3521 2160 3540 actu
2179 3520 2205 3539 et
2222 3514 2345 3548 potentia]
2366 3515 2392 3540 in
2417 3520 2474 3540 actu

285 3564 311 3585 et
328 3560 355 3585 in
374 3560 490 3592 potentia
508 3560 552 3585 Pc.
636 3558 669 3584 56
687 3558 786 3593 motus]
805 3564 878 3584 actus
897 3558 990 3589 GWY,
1009 3563 1067 3583 actu
1088 3558 1136 3583 Pd.
2269 3585 2275 3591 ⁴

340 3602 354 3620 ι
374 3595 541 3620 communius
559 3602 643 3627 supra
662 3602 718 3620 ras.
737 3595 789 3626 DZ,
808 3595 1005 3619 convenientius
1019 3592 1150 3626 E(pDZ?),
1170 3593 1315 3618 contrarius
1334 3593 1410 3626 NpY.
1497 3592 1511 3617 3
1530 3592 1684 3616 Aristoteles
1701 3598 1744 3622 pr.
1762 3588 1828 3623 Ioco]
1843 3588 1964 3613 Nominat
1976 3587 2045 3612 enlm
2059 3593 2166 3610 omnem
2178 3590 2356 3626 operationem
2375 3586 2475 3610 moveri

284 3630 364 3655 addit
381 3630 416 3662 Z;
435 3630 585 3656 Nominavit
602 3630 684 3663 (enim
707 3630 787 3655 addit
810 3630 836 3664 17)
867 3637 975 3655 omnem
998 3629 1177 3663 operationem
1201 3634 1304 3653 motum
1324 3629 1432 3653 addunt
1457 3629 1472 3653 b
1496 3631 1523 3653 et
1546 3634 1629 3659 supra
1656 3626 1805 3659 marginem
1830 3624 1946 3655 scriptor
1963 3623 2006 3647 W.
2083 3629 2101 3653 4
2120 3620 2224 3654 accepit]
2252 3626 2342 3662 accipit
2365 3621 2476 3646 EWYP.

288 3673 321 3690 ιο
339 3665 447 3700 opinari]
466 3666 566 3699 operari
586 3673 691 3694 omnes,-
708 3666 751 3691 vel
769 3665 869 3698 opinari
888 3669 966 3690 notat
983 3665 1101 3697 scriptor
1112 3664 1160 3694 W;
1175 3665 1211 3697 cf.
1223 3664 1255 3689 L.
1268 3664 1288 3688 11
1307 3671 1365 3697 cap.
1377 3663 1408 3689 61
1432 3664 1458 3689 in
1471 3664 1538 3696 fine.
1625 3669 1658 3693 ¹4
1677 3660 1738 3694 non]
1759 3660 1864 3692 quidem
1883 3659 1906 3683 b.
1988 3657 2021 3689 43
2042 3655 2169 3690 movetur]
2189 3656 2336 3681 movebitur
2355 3657 2403 3681 Pd.
