2768 4134
4 366 7 370 ’
56 363 128 387 Num.
143 369 174 392 π,
183 369 206 386 2.

3 719 5 721 “
0 691 6 695 '
10 641 21 682 χω
0 511 25 627 »ΑΨ-ἒξ,
16 476 23 502 2...

724 279 914 317 SUMMA
943 279 1162 318 CONTRA
1194 278 1469 324 GENTILES,
1497 279 1592 315 LIB.
1614 279 1656 325 II,
1686 278 1797 316 CAP.
1819 279 2028 317 LXXXIX.

333 355 387 386 Vl.
411 356 463 387 Ad
493 357 687 388 evidentiam
718 358 853 391 secundi
884 358 975 389 dubii
994 359 1022 395 *,
1046 357 1280 388 attendendum
1303 363 1352 388 est

275 400 394 441 primo,
419 411 457 432 ex
481 402 628 433 doctrina
647 402 756 434 Sancti
780 403 929 434 Thomae
947 403 987 434 de
1002 403 1125 443 Spirit„
1146 413 1173 433 a.
1193 402 1222 439 3,
1240 401 1280 433 ad
1297 411 1350 438 20,

276 445 368 485 quod
391 448 540 483 materia,
566 447 652 478 nude
674 448 802 488 quidem
826 448 1044 484 considerata,
1070 447 1295 488 indifferenter
1317 455 1351 476 se

275 489 370 520 habet
391 491 435 521 ad
459 501 571 523 omnes
585 493 742 534 formas:
769 493 846 532 quia
873 492 1023 523 videlicet
1049 491 1231 522 secundum
1258 500 1351 521 suam

276 535 488 567 substantiam
510 546 580 567 non
603 542 652 567 est
674 537 776 576 magis
791 537 831 567 ad
854 546 955 567 unam
978 536 1118 567 formam
1142 536 1352 567 determinata

277 587 376 619 quam
399 580 440 612 ad
471 581 576 620 aliam,
599 580 657 611 sed
687 581 945 622 uniuscuiusque
972 587 1020 612 est
1050 580 1232 612 secundum
1260 589 1352 611 suam

275 629 424 656 naturam
447 626 621 666 receptiva.
645 624 858 656 Considerata
873 633 982 657 autem
998 631 1035 656 ut
1057 625 1200 666 perfecta
1223 634 1280 665 per
1296 624 1352 655 ali·

277 677 377 708 quam
401 669 650 710 dispositionem
667 680 705 700 ex
729 671 846 701 virtute
866 671 1000 711 agentis,
1018 680 1088 701 non
1102 670 1233 711 respicit
1256 668 1352 700 indif-

276 712 417 744 ferenter
434 723 551 745 omnes
567 713 703 751 formas,
715 714 772 746 sed
787 716 910 756 aliquas
927 715 1149 746 determinate.
1166 714 1249 746 Sunt
1265 714 1353 744 enim

277 757 404 798 aliquae
428 758 553 790 formae
577 760 733 790 habentes
755 760 840 791 inter
863 769 896 791 se
920 760 1070 791 ordinem
1093 758 1275 790 secundum
1297 767 1353 798 ge-

275 802 490 840 nerationem,
506 810 543 834 ut
557 809 651 835 natae
674 805 738 835 sint
752 805 813 836 sibi
828 804 1015 836 immediate
1030 814 1089 845 per
1110 804 1353 844 generationem

276 846 461 879 succedere.
486 848 528 879 Et
550 849 637 886 ideo,
655 849 734 880 dum
749 850 883 880 materia
899 859 964 880 una
982 849 1111 880 illarum
1129 849 1268 885 exuitur,
1284 857 1353 878 non

275 895 385 931 potest
400 893 543 933 recipere
560 903 806 935 quamcumque
820 894 1077 930 indeterminate,
1089 893 1147 924 sed
1164 893 1253 924 illam
1269 901 1353 932 quae

275 940 352 966 nata
375 942 423 968 est
445 938 633 969 immediate
655 939 830 970 succedere
846 938 971 970 formae
994 939 1104 979 priori,
1121 947 1205 978 quae
1228 943 1295 974 erat
1313 937 1353 967 ab

277 986 392 1019 agente
407 982 592 1014 introducta
606 989 763 1024 tanquam
779 983 948 1024 dispositio
972 982 1012 1014 ad
1030 983 1184 1013 ultiorem
1200 981 1353 1012 formam:

277 1025 371 1074 ,⁸³⁶⁰ss
395 1027 473 1067 quia
501 1027 608 1058 forma
634 1029 799 1069 sanguinis
826 1028 922 1059 habet
950 1027 1175 1059 immediatum
1206 1026 1355 1058 ordinem

277 1077 312 1099 in
325 1073 536 1110 generatione
555 1073 701 1104 animalis
717 1073 758 1104 ad
781 1072 922 1103 formam
937 1072 1080 1108 seminis,
1099 1071 1174 1102 ideo
1191 1071 1270 1102 dum
1286 1080 1354 1102 ma-

277 1114 357 1144 teria
379 1118 509 1148 exuitur
531 1117 637 1148 forma
660 1117 802 1154 seminis,
827 1127 896 1148 non
918 1117 1033 1157 recipit
1047 1115 1235 1147 immediate
1259 1115 1354 1147 aliam

239 1162 243 1167 '
278 1156 419 1191 formam
443 1171 543 1202 quam
566 1161 706 1193 formam
729 1162 906 1202 sanguinis.
1096 1182 1098 1184 v

334 1204 582 1237 Attendendum
604 1206 750 1238 secundo
767 1206 868 1247 quod,
885 1207 960 1238 licet
974 1206 1108 1236 materia
1124 1204 1305 1243 secundum
1320 1214 1355 1235 se

279 1251 312 1278 et
333 1249 423 1281 nude
446 1251 649 1282 considerata
662 1250 882 1282 indifferenter
897 1260 932 1282 se
954 1251 1070 1281 habeat
1093 1249 1135 1281 ad
1157 1259 1272 1280 omnes
1290 1248 1355 1280 for-

278 1300 359 1342 ¹¹J⁸⁵‚
383 1300 420 1325 ut
442 1301 624 1329 autem-est
646 1305 704 1336 per
727 1296 871 1336 aliquam
885 1294 1026 1326 formam
1042 1295 1081 1325 ab
1105 1300 1221 1335 agente
1245 1294 1355 1335 dispo-

279 1341 361 1374 εκεῖ
371 1347 442 1370 non
464 1341 505 1371 sit
520 1340 561 1371 ad
584 1350 700 1372 omnes
715 1339 912 1377 indifferens,
928 1339 986 1370 sed
999 1340 1124 1380 aliquas
1144 1339 1356 1370 determinate

278 1383 443 1423 respiciat:
464 1391 575 1416 tamen
597 1385 697 1416 alium
714 1384 863 1416 ordinem
886 1385 983 1416 habet
1005 1383 1047 1415 ad
1068 1383 1190 1415 formas
1213 1384 1356 1414 elemen-

279 1430 402 1465 torum,
419 1434 452 1460 et
466 1430 567 1461 alium
582 1429 623 1460 ad
639 1430 760 1461 formas
775 1428 995 1470 perfectiores.
1019 1428 1119 1468 Nam,
1131 1437 1208 1459 cum
1230 1427 1356 1459 formae

280 1470 520 1506 elementorum
535 1480 668 1506 teneant
689 1474 841 1505 infimum
857 1473 994 1514 gradum
1011 1474 1094 1504 inter
1117 1472 1250 1509 formas,
1274 1474 1357 1504 inter

279 1518 450 1549 materiam
471 1520 612 1560 primam
628 1524 661 1550 et
676 1518 797 1550 formas
813 1518 1053 1549 elementorum
1067 1527 1137 1548 non
1153 1517 1274 1548 mediat
1296 1517 1358 1547 alia

279 1559 388 1592 forma
401 1563 650 1604 imperfectioris
666 1563 799 1600 ordinis,
811 1568 927 1603 utpote
940 1571 1024 1602 quae
1036 1571 1094 1592 sua
1109 1560 1358 1602 imperfectione

279 1606 383 1646 magis
405 1607 447 1639 ad
467 1613 617 1639 naturam
640 1608 794 1638 materiae
813 1608 1072 1648 appropinquet:
1098 1612 1131 1637 et
1152 1605 1228 1636 ideo
1251 1606 1358 1645 inquit

279 1649 349 1682 hue
373 1651 452 1687 loco
476 1653 614 1684 Sanctus
638 1651 786 1682 Thomas
809 1651 900 1691 quod
929 1651 1094 1692 quodlibet
1124 1651 1358 1681 elementorum

279 1695 530 1739 kabnsormam
544 1696 763 1727 immediatam
776 1695 934 1726 materiae
941 1695 1081 1736 primae.
1094 1694 1232 1725 Formae
1249 1699 1358 1725 autem

279 1741 402 1772 altioris
416 1741 534 1783 gradus
550 1747 583 1772 et
597 1740 720 1785 ordinis
736 1741 814 1781 quia
827 1740 949 1771 habent
964 1740 1024 1770 sub
1040 1749 1074 1770 se
1090 1745 1223 1770 naturae
1244 1738 1358 1770 ordine

278 1784 402 1818 hamas
414 1786 577 1818 inferioris
592 1785 716 1816 ordinis
730 1791 763 1816 et
777 1784 908 1826 gradus;
926 1790 958 1816 et
973 1790 1097 1825 quanto
1114 1783 1219 1815 forma
1234 1789 1282 1814 est
1297 1784 1358 1814 im-

278 1830 482 1873 periectioris
505 1830 638 1867 ordinis,
661 1835 753 1862 tanto
777 1831 880 1870 magis
895 1829 936 1861 ad
953 1835 1102 1860 naturam
1125 1829 1278 1860 materiae
1301 1838 1357 1868 ap-

278 1872 491 1918 propinquat,
507 1877 585 1916 quia
608 1881 734 1916 quanto
750 1874 875 1914 aliquid
896 1875 1000 1914 magis
1022 1873 1144 1905 recedit
1167 1874 1206 1903 ab
1231 1878 1305 1904 actu
1326 1878 1358 1903 et

279 1919 492 1962 perfectione,
507 1926 599 1951 tanto
614 1920 717 1960 magis
733 1919 773 1950 ad
788 1919 970 1960 potentiam
985 1918 1123 1951 accedit:
1139 1917 1216 1948 ideo
1232 1917 1357 1948 formae

281 1974 367 2007 quae
389 1971 466 1997 sunt
489 1974 587 2006 supra
609 1964 780 2000 elementa,
795 1973 866 1994 non
881 1968 957 1994 sunt
974 1961 1181 1994 immediatae
1203 1962 1356 1992 materiae

279 2011 406 2052 primae
427 2009 611 2041 secundum
633 2014 767 2039 naturae
783 2007 942 2044 ordinem,
958 2007 1015 2038 sed
1037 2008 1121 2038 inter
1136 2007 1221 2047 ipsas
1240 2011 1271 2036 et
1286 2015 1355 2036 ma-

279 2055 395 2086 teriam
417 2054 562 2086 mediant
580 2053 706 2084 formae
722 2053 977 2089 elementorum;
1000 2057 1032 2082 et
1048 2057 1172 2092 quanto
1195 2050 1299 2082 forma
1315 2049 1356 2081 ad

280 2099 429 2132 altiorem
452 2098 602 2130 ordinem
625 2104 658 2129 et
672 2097 808 2138 gradum
823 2097 974 2138 pertinet,
988 2102 1080 2127 tanto
1098 2097 1181 2127 inter
1203 2096 1307 2136 ipsam
1324 2100 1356 2126 et

279 2145 449 2177 materiam
471 2144 580 2185 plures
602 2142 728 2174 formae
750 2147 885 2173 naturae
907 2141 1022 2172 ordine
1044 2140 1198 2172 mediant.
1222 2140 1264 2171 Et
1279 2141 1356 2180 quia

279 2195 395 2221 natura
417 2190 452 2220 in
478 2187 652 2220 educendo
675 2186 799 2228 aliquid
828 2187 868 2218 de
895 2186 1043 2227 potentia
1070 2185 1111 2216 ad
1142 2190 1251 2216 actum
1278 2195 1355 2226 pro-

279 2234 368 2266 cedit
390 2233 432 2265 de
454 2232 648 2274 imperfecto
672 2232 713 2263 ad
741 2230 935 2272 perfectum,
964 2230 1052 2269 ideo,
1079 2230 1160 2262 dum
1186 2230 1355 2261 materiam

281 2278 442 2310 deducere
468 2277 608 2309 intendit
629 2277 671 2308 ad
697 2282 807 2308 actum
837 2275 961 2307 formae
991 2274 1192 2316 perfectioris
1222 2274 1355 2312 ordinis,

279 2324 371 2365 prius
385 2323 518 2355 deducit
540 2322 582 2353 ad
597 2327 707 2353 actum
729 2321 854 2352 formae
872 2319 1120 2361 imperfectioris
1142 2325 1174 2350 et
1196 2320 1256 2350 sibi
1279 2329 1356 2360 pro-

279 2369 465 2410 pinquioris
488 2367 671 2398 secundum
693 2373 852 2397 naturam.
876 2365 919 2396 Et
947 2365 1028 2396 haec
1057 2370 1105 2396 est
1130 2365 1212 2395 ratio
1244 2373 1355 2404 quare,

280 2413 362 2445 dum
385 2413 514 2444 exuitur
543 2411 649 2442 forma
678 2411 776 2442 unius
804 2410 967 2447 elementi,
1000 2408 1218 2440 indifferenter
1248 2414 1356 2450 potest

279 2459 425 2499 recipere
441 2465 686 2498 quamcumque
700 2455 796 2486 aliam
807 2454 947 2486 formam
959 2454 1088 2485 alterius
1101 2454 1269 2485 elementi:
1287 2463 1355 2484 non

280 2508 401 2540 autem,
426 2502 506 2533 dum
530 2502 658 2532 exuitur
681 2500 743 2531 alia
765 2499 881 2539 forma,
904 2504 1014 2540 potest
1034 2498 1253 2530 indifferenter
1276 2499 1355 2529 reci-

279 2556 358 2588 pere
381 2555 627 2588 quamcumque
650 2545 746 2576 aliam
769 2543 909 2575 formam
938 2544 1114 2585 superioris
1139 2543 1271 2580 ordinis,
1298 2543 1355 2574 sed

281 2591 538 2628 determinatam,
562 2590 685 2621 scilicet
708 2599 780 2620 eam
804 2598 887 2630 quae
908 2594 955 2620 est
973 2588 1098 2620 formae
1120 2588 1221 2628 priori
1239 2597 1354 2618 secun-

280 2636 360 2668 dum
375 2636 512 2677 gradum
527 2641 560 2666 et
580 2634 730 2666 ordinem
743 2639 877 2666 naturae
891 2634 1081 2674 proximior.
1098 2632 1134 2663 In
1145 2633 1354 2673 generatione

280 2682 369 2712 enim
390 2680 530 2712 naturali
549 2679 654 2711 forma
675 2678 896 2719 imperfectior
909 2678 1126 2709 introducitur
1148 2687 1167 2708 a
1188 2683 1303 2708 natura
1318 2682 1354 2707 ut

280 2726 450 2767 dispositio
466 2724 508 2756 ad
522 2724 663 2756 formam
676 2723 863 2755 immediate
878 2728 954 2763 post
968 2723 1073 2763 ipsam
1087 2727 1220 2752 naturae
1239 2721 1353 2752 ordine

279 2770 489 2802 collocatam:
513 2770 548 2800 in
570 2769 780 2810 generatione
795 2777 873 2798 vero
897 2767 1050 2798 elementi
1073 2765 1178 2796 forma
1201 2765 1352 2806 imperfee

279 2814 389 2846 ctioris
405 2814 559 2845 elementi
572 2823 642 2844 non
658 2822 693 2844 se
707 2813 804 2843 habet
819 2817 856 2842 ut
872 2811 1042 2852 dispositio
1055 2817 1087 2841 et
1098 2816 1135 2841 ut
1149 2810 1296 2841 medium
1312 2810 1353 2841 ad

278 2859 419 2890 formam
441 2859 571 2889 alterius
595 2857 759 2893 elementi,
779 2866 855 2888 cum
871 2865 986 2887 omnes
1001 2855 1126 2886 formae
1142 2855 1352 2886 elementares

278 2904 320 2935 ad
342 2912 448 2935 unum
463 2902 613 2934 ordinem
635 2902 828 2943 pertineant,
847 2906 880 2932 et
903 2910 1018 2932 omnes
1040 2899 1228 2931 immediate
1249 2905 1352 2930 mate-

277 2949 360 2980 riam
383 2949 567 2989 respiciant.

333 2992 579 3024 Attendendum
601 2991 710 3030 tertio,
733 2989 825 3030 quod
855 2989 942 3021 aliud
965 2995 1013 3020 est
1047 2989 1190 3029 aliquam
1213 2988 1352 3019 formam

277 3047 347 3069 esse
369 3037 588 3069 immediatam
604 3036 779 3066 materiae:
802 3040 834 3066 et
856 3033 944 3065 aliud
959 3034 1048 3064 illam
1064 3033 1154 3064 uniri
1169 3033 1352 3064 immediate

277 3083 445 3114 materiae.
462 3081 550 3113 Cum
566 3082 654 3112 enim
670 3080 787 3111 dicitur
809 3078 950 3110 formam
971 3087 1040 3109 esse
1062 3079 1214 3109 materiae
1236 3079 1352 3108 imme-

277 3128 407 3166 diatam,
431 3126 630 3167 significatur
661 3125 804 3156 exclusio
835 3124 942 3154 omnis
965 3123 1095 3154 alterius
1122 3122 1246 3153 formae
1269 3122 1352 3153 infe-

275 3173 369 3204 rioris
392 3171 513 3202 ordinis
537 3177 568 3201 et
591 3169 708 3210 gradus
729 3169 813 3199 inter
845 3169 1013 3199 materiam
1036 3173 1068 3198 et
1102 3165 1250 3204 formam,
1274 3167 1351 3207 quia

275 3217 435 3253 videlicet,
459 3215 640 3246 secundum
663 3220 796 3245 naturae
820 3213 978 3251 ordinem,
1002 3211 1092 3242 nulla
1114 3217 1162 3242 est
1185 3221 1269 3252 quae
1297 3211 1350 3242 illa

276 3272 334 3293 sua
356 3260 603 3302 imperfectione
625 3259 727 3300 magis
763 3257 803 3289 ad
825 3258 977 3288 materiae
1006 3261 1154 3287 naturam
1178 3261 1210 3287 et
1237 3256 1350 3287 condi-

274 3307 400 3338 tionem
427 3305 685 3346 appropinquet:
709 3304 792 3334 sicut
819 3302 957 3333 dicimus
985 3301 1148 3336 hominem
1171 3306 1204 3332 et
1225 3301 1351 3331 animal

275 3359 346 3381 esse
367 3349 564 3388 immediata,
589 3350 665 3390 quia
691 3349 774 3379 inter
803 3356 841 3378 ea
870 3356 939 3377 non
968 3345 1088 3376 mediat
1115 3345 1176 3376 alia
1203 3346 1350 3386 superior

275 3395 400 3435 species
423 3404 508 3435 quae
531 3395 572 3424 sit
594 3395 682 3434 prior
701 3392 835 3423 homine
851 3397 883 3422 et
901 3390 1033 3421 inferior
1056 3389 1203 3426 animali;
1227 3399 1246 3420 e
1269 3399 1349 3420 con-

274 3439 371 3470 trario
386 3448 465 3470 vero
482 3439 621 3469 dicimus
637 3438 743 3469 vivum
760 3442 792 3467 et
806 3436 968 3466 hominem
983 3444 1052 3466 non
1068 3444 1137 3465 esse
1151 3433 1347 3473 immediata,

276 3484 353 3524 quia
375 3484 458 3514 inter
479 3483 534 3514 illa
557 3483 671 3514 ordine
695 3488 827 3513 naturae
850 3486 882 3511 et
903 3479 1004 3520 gradu
1027 3478 1147 3509 mediat
1170 3478 1304 3510 animal.
1325 3497 1348 3502 -—

275 3528 340 3559 Sed
363 3537 439 3558 cum
463 3527 580 3558 dicitur
595 3527 734 3558 formam
749 3526 833 3557 uniri
856 3524 1041 3555 immediate
1063 3524 1226 3560 materiae,
1250 3524 1347 3563 signi-

275 3572 389 3604 ficatur
410 3572 501 3613 quod
523 3571 628 3603 forma
644 3572 697 3602 dat
713 3581 782 3602 esse
798 3570 949 3601 materiae
964 3578 1032 3599 non
1048 3567 1211 3598 mediante
1234 3568 1345 3608 aliquo

275 3618 350 3656 alio,
368 3617 424 3648 sed
447 3626 506 3657 per
529 3617 678 3657 seipsam,
694 3617 738 3647 ita
761 3615 851 3656 quod
875 3613 1054 3645 excluditur
1077 3622 1176 3643 omne
1199 3611 1345 3643 medium

276 3662 367 3703 quod
390 3662 484 3693 unire
506 3661 623 3692 habeat
644 3661 785 3697 formam
808 3660 960 3691 materiae
983 3657 1163 3689 secundum
1187 3665 1267 3687 esse.
1292 3656 1345 3688 Sic

418 3725 511 3749 Suum
532 3723 642 3748 Con-rm
662 3723 795 3748 Grnmsss
815 3722 846 3746 D.
865 3721 979 3746 Turonis
998 3720 1066 3745 ΤοΜ.
1087 3720 1105 3744 1.

2405 281 2477 328 545

1409 364 1528 395 autem,
1553 364 1589 388 ut
1612 359 1789 399 superius*
1813 364 1860 389 est
1876 365 2054 397 ostensum,
2079 361 2186 392 omnis
2210 360 2314 392 forma
2334 363 2480 394 substan·

1407 403 1490 433 tialis
1513 402 1700 434 immediate
1723 403 1834 434 unitur
1856 404 2009 434 materiae
2030 405 2167 444 primae:
2193 415 2233 436 eo
2258 406 2349 446 quod
2373 408 2480 438 omnis

1408 446 1512 478 forma
1535 448 1710 488 superioris
1735 447 1856 478 ordinis
1880 448 2055 479 virtualiter
2078 450 2242 481 contineat
2266 460 2380 482 omnes
2397 452 2482 483 alias·

1407 491 1528 522 formas
1551 492 1744 523 inferiorum
1760 492 1923 529 ordinum,
1941 499 1972 523 et
1988 492 2042 524 det
2065 495 2216 525 materiae
2241 495 2398 536 quicquid
2414 495 2480 528 for-

1406 546 1480 567 mae
1503 535 1695 567 inferiorum
1719 537 1872 568 ordinum
1889 537 2010 568 darent.
2035 538 2110 569 Non
2128 545 2236 570 autem
2253 541 2360 572 omnIs
2375 539 2480 573 forma

1408 587 1457 612 est
1479 580 1594 611 ordine
1618 586 1751 611 naturae
1775 581 1961 612 immediata
1984 583 2146 620 materiae,
2163 589 2200 615 ut
2223 590 2271 614 est
2294 590 2478 617 ostensum:

1408 634 1485 656 cum
1508 626 1571 656 sint
1595 625 1711 656 diversi
1733 625 1851 665 gradus
1874 632 1906 656 et
1929 626 2045 657 diversi
2068 627 2198 658 ordines
2222 628 2409 661 formarum.

1464 670 1555 700 Patet
1573 670 1683 709 itaque
1707 679 1746 700 ex
1769 670 1807 700 iis
1831 671 1987 710 quoniam
2011 671 2094 702 bene
2118 672 2240 703 dictum
2257 680 2304 704 est
2320 684 2338 704 a
2360 673 2479 705 Sancto

1409 714 1539 745 Thoma
1553 714 1588 744 in
1607 715 1816 754 generatione
1832 714 1970 745 aliorum
1991 724 2167 756 corporum
2190 727 2287 757 supra
2310 718 2479 758 elementa,

1408 765 1559 799 oportere
1576 768 1645 789 esse
1660 759 1908 799 generationum
1921 759 2068 790 ordinem
2081 766 2213 801 propter
2227 762 2345 794 multas
2361 762 2480 795 formas

1407 802 1624 842 intermedias,
1641 803 1755 834 ordine
1779 803 1900 834 scilicet
1918 809 2061 841 naturae,
2080 805 2163 836 inter
2185 806 2322 846 primam
2342 807 2481 840 formam

1409 848 1562 879 elementi
1578 853 1610 878 et
1626 848 1774 879 ultimam
1790 847 1929 879 formam
1944 847 1985 879 ad
2001 858 2100 888 quam
2115 851 2280 889 generatio
2299 851 2479 883 ordinatur:

1409 893 1486 934 quia
1504 898 1618 924 natura
1635 892 1781 924 ordinate
1797 893 1831 923 in
1847 893 1913 923 suis
1929 894 2084 933 operibus
2098 894 2257 934 procedit,
2274 901 2305 926 et
2321 906 2389 927 non
2404 906 2481 936 pro·

1409 938 1499 968 ducit
1522 937 1645 977 aliquid
1672 938 1711 968 ab
1739 947 1808 968 uno
1836 943 1980 968 extremo
2011 938 2052 969 ad
2082 938 2170 969 aliud
2196 939 2257 970 nisi
2286 949 2344 980 per
2374 941 2480 972 media

1410 982 1619 1013 essentialiter
1642 988 1674 1013 et
1697 991 1755 1022 per
1777 981 1894 1022 gradus
1919 982 2075 1013 ordinata.

1464 1027 1534 1058 VII.
1550 1026 1602 1057 Ad
1625 1028 1767 1067 primum
1783 1036 1861 1067 ergo
1876 1027 1911 1057 in
1932 1028 2123 1067 oppositum
2135 1028 2152 1044 *
2175 1027 2239 1058 dici
2254 1034 2362 1068 potest
2377 1029 2482 1070 dupli-

1409 1073 1497 1103 citer.
1523 1072 1642 1108 Primo,
1667 1071 1759 1112 quod
1781 1081 1850 1102 non
1874 1071 2019 1111 loquitur
2041 1072 2086 1103 ibi
2110 1071 2246 1103 Sanctus
2269 1072 2415 1105 Thomas
2442 1074 2482 1106 de

1408 1117 1542 1147 materia
1565 1117 1663 1147 unius
1686 1116 1839 1147 elementi
1861 1116 1895 1146 in
1924 1115 2038 1147 ordine
2065 1116 2107 1147 ad
2134 1126 2249 1148 omnes
2274 1117 2403 1158 formas,
2427 1119 2483 1150 sed

1409 1162 1443 1192 in
1467 1161 1580 1192 ordine
1597 1160 1638 1191 ad
1660 1159 1781 1191 formas
1796 1160 1935 1191 aliorum
1952 1161 2200 1198 elementorum,
2225 1171 2309 1202 quae
2325 1172 2383 1203 per
2405 1163 2482 1194 sim-

1409 1206 1529 1246 plicem
1552 1206 1796 1246 generationem
1819 1205 1853 1235 in
1877 1206 1981 1245 ipsam
2003 1205 2264 1237 introducuntur.
2289 1207 2360 1248 Ipsa
2383 1208 2481 1245 enirn,

1410 1256 1506 1281 exuta
1525 1260 1591 1281 una
1613 1249 1719 1280 forma
1735 1250 1897 1288 elementi,
1922 1255 2029 1290 potest
2051 1249 2270 1282 indifferenter
2286 1252 2394 1292 plures
2417 1251 2482 1283 for-

1409 1305 1479 1326 mas
1502 1295 1712 1326 elementares
1734 1294 1900 1334 recipere:
1925 1294 2011 1334 quia,
2035 1300 2071 1325 ut
2094 1295 2147 1325 hic
2170 1294 2296 1332 dicitur,
2320 1296 2484 1337 quodlibet

1410 1349 1525 1370 eorum
1547 1339 1642 1370 habet
1655 1339 1809 1380 formam
1825 1339 2044 1369 immediatam
2060 1340 2218 1370 materiae
2226 1341 2367 1380 primae.
2388 1341 2483 1372 Unde

1411 1390 1443 1415 et
1458 1383 1615 1415 adducit*
1631 1384 1850 1422 Aristotelem,
1863 1382 1891 1413 11
1903 1383 1943 1414 de
1959 1383 2040 1414 Gen.
2053 1385 2098 1420 *⁴2
2115 1383 2278 1415 dicentem
2293 1385 2394 1426 quod,
2410 1395 2482 1416 cum

1411 1438 1452 1459 ex
1476 1434 1566 1459 terra
1579 1429 1627 1469 fit
1650 1428 1748 1469 ignis,
1773 1438 1837 1458 non
1856 1432 1984 1468 oportet
1995 1428 2079 1469 fieri
2099 1429 2273 1459 transitum
2291 1440 2355 1470 per
2377 1430 2483 1461 media

1411 1473 1578 1504 elementa.
1603 1473 1767 1513 Loquitur
1790 1478 1899 1503 autem
1925 1473 2157 1512 particulariter
2186 1473 2227 1504 de
2249 1473 2321 1513 illis,
2346 1475 2422 1514 quia
2445 1484 2483 1506 ex

1411 1519 1638 1548 contrarietate
1652 1517 1781 1548 illarum
1793 1517 1986 1557 arguebatur
2003 1527 2072 1548 esse
2089 1519 2347 1549 contrarietatem
2359 1519 2392 1549 in
2408 1520 2483 1550 sub-

1411 1563 1537 1593 stantia.
1554 1562 1626 1601 Ipse
1642 1567 1752 1592 autem
1769 1561 1910 1592 ostendit
1925 1561 2015 1601 quod
2031 1567 2164 1602 propter
2179 1562 2248 1593 illas
2271 1572 2339 1594 non
2355 1569 2484 1603 oportet

1411 1615 1536 1646 ponere
1552 1606 1812 1637 contrarietatem
1826 1606 1862 1636 in
1877 1606 2069 1636 substantia:
2087 1615 2163 1637 cum
2178 1616 2287 1646 neque
2302 1608 2384 1638 inter
2399 1609 2483 1649 ipsas

1411 1651 1594 1681 inveniatur
1610 1651 1749 1680 maxima
1765 1649 1924 1686 distantia,
1941 1650 1984 1680 ita
2009 1650 2099 1690 quod
2122 1651 2160 1680 ab
2184 1661 2250 1681 una
2272 1651 2399 1682 illarum
2414 1662 2483 1683 non

1412 1695 1514 1735 possit
1538 1695 1599 1725 nisi
1629 1704 1687 1734 per
1710 1694 1816 1725 media
1839 1694 2015 1734 perveniri;
2045 1703 2154 1734 neque
2181 1705 2250 1725 esse
2273 1695 2400 1727 illarum
2427 1706 2484 1737 per

1413 1740 1608 1770 continuum
1623 1744 1753 1770 motum
1769 1739 1893 1778 acquiri
1908 1738 2020 1778 possit.
2037 1738 2079 1769 Et
2094 1739 2150 1775 sic,
2167 1748 2243 1770 cum
2258 1749 2327 1770 non
2343 1741 2383 1771 sit
2402 1741 2484 1771 inter

1411 1783 1481 1814 illas
1505 1784 1714 1815 contrarietas
1738 1783 1778 1814 de
1802 1783 1921 1824 quibus
1944 1784 2084 1813 maxime
2098 1782 2226 1814 videtur
2248 1790 2381 1824 propter
2404 1794 2483 1816 con-

1411 1829 1521 1859 trarias
1543 1829 1687 1869 ipsarum
1711 1827 1891 1868 qualitates,
1906 1827 2012 1858 multo
2028 1828 2137 1858 minus
2160 1828 2243 1859 inter
2265 1829 2342 1859 alias
2366 1829 2484 1860 formas

1410 1873 1635 1904 substantiales
1648 1873 1708 1904 erit
1719 1873 1938 1903 contrarietas.
1949 1889 1972 1894 -
1984 1871 2047 1902 Hic
2059 1877 2169 1903 autem
2181 1873 2317 1904 Sanctus
2328 1873 2483 1911 Thomas,

1411 1918 1445 1948 in
1467 1917 1545 1948 loco
1568 1917 1721 1954 adducto,
1745 1926 1814 1948 non
1842 1917 1989 1956 loquitur
2012 1916 2053 1947 de
2082 1918 2216 1947 materia
2242 1918 2275 1948 in
2306 1917 2420 1949 ordine
2443 1918 2483 1953 ad

1410 1961 1531 1992 formas
1555 1962 1766 1992 elementares
1788 1962 1822 1991 in
1844 1961 1949 2001 ipsam
1965 1970 2022 2001 per
2040 1961 2222 2001 simplicem
2240 1963 2482 2002 generationem

1410 2005 1671 2042 introducendas,
1695 2005 1752 2036 sed
1774 2006 1809 2036 in
1832 2004 1946 2036 ordine
1969 2004 2010 2035 ad
2033 2005 2109 2036 alias
2133 2004 2253 2036 formas
2277 2015 2360 2046 quae
2386 2002 2482 2048 supra

1409 2050 1530 2082 formas
1553 2051 1763 2082 elementares
1785 2055 1871 2080 sunt.

1464 2096 1575 2127 Potest
1598 2094 1743 2126 secundo
1767 2093 1965 2134 responderi,
1989 2094 2078 2124 iuxta
2103 2103 2140 2124 ea
2167 2104 2250 2134 quae
2274 2094 2426 2126 dicuntur
2447 2097 2481 2127 in

1410 2140 1476 2179 Qu.
1489 2141 1528 2172 de
1543 2139 1784 2181 Spiritualibus,
1801 2139 1876 2169 loco
1893 2138 2030 2178 allegato
2040 2139 2067 2175 e,
2088 2139 2178 2179 quod
2189 2140 2334 2180 loquitur
2346 2139 2481 2171 Sanctus

1409 2185 1555 2216 Thomas
1578 2185 1612 2216 in
1627 2185 1656 2215 V
1672 2184 1889 2225 Plysicorum
1913 2182 1952 2214 de
1969 2183 2038 2223 ipsa
2053 2184 2186 2214 materia
2204 2183 2384 2215 secundum
2400 2194 2434 2216 se
2451 2190 2482 2216 et

1407 2230 1495 2261 nude
1512 2229 1722 2261 considerata.
1746 2229 1818 2269 Ipsa
1833 2229 1921 2259 enim
1938 2232 2033 2258 exuta
2049 2237 2114 2258 una
2129 2227 2243 2265 forma,
2262 2234 2299 2259 ut
2314 2229 2370 2266 sic,
2393 2229 2481 2260 vide—

1407 2275 1483 2305 licet
1498 2275 1620 2315 absque
1636 2273 1751 2312 forma,
1768 2278 1927 2313 quantum
1942 2278 1989 2303 est
2005 2281 2042 2302 ex
2054 2277 2168 2303 natura
2179 2283 2235 2304 sua
2249 2279 2280 2304 et
2292 2283 2350 2304 sua
2364 2279 2481 2314 poten—

1408 2319 1550 2358 tialitate,
1566 2318 1750 2350 indifferens
1766 2323 1814 2348 est
1829 2317 1870 2348 ad
1884 2326 2152 2358 unamquamque
2167 2316 2306 2348 formam
2324 2319 2481 2358 recipien-

1409 2363 1495 2403 dam,
1511 2374 1552 2395 eo
1569 2363 1661 2404 quod
1682 2371 1900 2403 unaquaeque
1915 2361 2020 2392 forma
2038 2362 2253 2393 substantialis
2275 2367 2350 2393 nata
2373 2363 2413 2393 sit
2435 2363 2481 2394 illi

1409 2408 1484 2440 dare
1504 2418 1573 2440 esse
1596 2407 1783 2439 immediate
1807 2413 1839 2438 et
1861 2407 1907 2437 illi
1929 2405 2115 2437 immediate
2137 2407 2232 2437 uniri.
2247 2425 2270 2429 —
2286 2407 2349 2438 Hic
2373 2413 2480 2438 autem

1408 2454 1554 2494 loquitur
1578 2452 1714 2484 Sanctus
1741 2452 1887 2483 Thomas
1911 2450 1950 2482 de
1974 2451 2107 2482 materia
2123 2450 2303 2482 secundum
2319 2451 2409 2492 quod
2423 2461 2481 2492 per

1408 2508 1507 2539 agens
1519 2498 1702 2538 disponitur
1715 2502 1746 2528 et
1759 2496 1925 2527 ordinatur
1937 2495 1977 2526 ad
1988 2496 2242 2536 generationem.
2252 2495 2304 2527 Sic
2317 2496 2414 2533 enim,
2422 2505 2481 2537 per

1408 2542 1543 2584 aliquod
1566 2552 1665 2583 agens
1688 2541 1844 2582 disposita
1867 2540 1908 2571 ad
1930 2540 2066 2570 alicuius
2088 2540 2342 2580 generationem,
2367 2546 2398 2570 et
2423 2550 2480 2581 per

1409 2588 1478 2618 eius
1501 2587 1664 2618 actionem
1681 2591 1777 2616 exuta
1793 2585 1896 2616 forma
1913 2593 2012 2625 quam
2027 2584 2175 2621 habebat,
2192 2589 2228 2615 ut
2251 2585 2307 2621 sic,
2330 2583 2480 2615 videlicet

1407 2641 1465 2672 per
1488 2632 1551 2662 tale
1570 2641 1668 2671 agens
1685 2635 1791 2666 exuta,
1806 2639 1877 2660 non
1893 2634 1940 2659 est
1955 2627 2140 2659 indifferens
2161 2628 2202 2659 ad
2217 2628 2325 2669 plures
2348 2626 2478 2666 formas,

1407 2676 1465 2708 sed
1488 2682 1536 2707 est
1559 2675 1770 2706 determinata
1785 2674 1826 2705 ad
1847 2673 1936 2704 illam
1952 2672 1993 2703 ad
2016 2682 2116 2713 quam
2131 2682 2230 2713 agens
2248 2673 2352 2713 ipsam
2369 2672 2478 2714 dispo-

1407 2726 1524 2752 suerat.
1548 2720 1644 2752 Unde
1666 2719 1757 2750 nulla
1780 2724 1828 2749 est
1850 2716 2075 2748 contradictio.

1464 2775 1494 2796 2.
1517 2764 1571 2795 Ad
1585 2763 1767 2795 secundum
1777 2764 1804 2800 *,
1814 2767 1902 2803 patet
1914 2771 1952 2792 ex
1967 2761 2059 2792 dictis
2076 2760 2166 2801 quod
2181 2760 2268 2792 aliud
2281 2766 2327 2792 est
2339 2761 2477 2792 formam

1406 2819 1476 2840 esse
1499 2815 1632 2840 naturae
1648 2807 1762 2840 ordine
1778 2806 1998 2839 immediatam
2020 2805 2188 2836 materiae:
2214 2811 2245 2835 et
2264 2805 2351 2836 aliud
2373 2806 2476 2846 ipsam

1406 2855 1492 2885 uniri
1503 2854 1656 2885 materiae
1671 2851 1869 2884 immediate.
1886 2851 2022 2882 Sanctus
2034 2850 2179 2881 Thomas
2192 2859 2269 2890 ergo
2281 2859 2350 2880 non
2360 2851 2476 2891 probat

1405 2899 1651 2939 generationem
1673 2897 1870 2938 simplicium
1894 2904 2071 2936 corporum
2093 2904 2162 2926 non
2190 2894 2367 2934 procedere
2391 2894 2474 2926 ordi-

1405 2949 1480 2974 nate
1493 2943 1570 2983 quia
1586 2941 1755 2984 quodlibet
1769 2941 2006 2972 elementorum
2022 2939 2138 2970 habeat
2154 2938 2292 2969 formam
2303 2948 2360 2979 per
2377 2949 2475 2979 quam

1405 2987 1592 3027 immediate
1603 2987 1714 3019 unitur
1729 2986 1896 3017 materiae:
1919 2984 1975 3015 sed
1990 2985 2066 3025 quia
2082 2983 2344 3024 unumquodque
2360 2993 2474 3014 eorum

1405 3033 1502 3063 habet
1524 3031 1664 3064 formam
1687 3037 1820 3062 naturae
1836 3029 1949 3060 ordine
1972 3028 2192 3059 immediatam
2214 3028 2376 3058 materiae.
2400 3028 2474 3059 Hoc

1406 3079 1515 3108 autem
1538 3086 1607 3108 non
1630 3076 1783 3107 convenit
1799 3074 1890 3105 omni
1913 3073 2047 3112 formae,
2063 3072 2120 3104 sed
2135 3078 2260 3103 tantum
2282 3071 2394 3103 formis
2410 3072 2474 3103 ele-

1404 3127 1603 3161 mentorum,
1627 3130 1667 3152 eo
1691 3119 1782 3161 quod
1803 3120 1892 3160 ipsae
1919 3117 2069 3149 infimum
2091 3117 2226 3158 gradum
2249 3117 2332 3147 inter
2355 3116 2474 3148 formas

1404 3171 1546 3197 teneant.

1460 3210 1543 3242 VIII.
1569 3210 1664 3241 Circa
1687 3214 1813 3240 sextum
1836 3207 1960 3238 dictum
1976 3207 2002 3246 *‚
2027 3216 2103 3237 cum
2127 3206 2243 3237 dicitur
2266 3205 2356 3246 quod
2372 3215 2474 3246 neque

1404 3255 1557 3287 alteratio
1581 3259 1650 3286 tota
1674 3259 1720 3285 est
1743 3252 1909 3288 continua,
1929 3261 2030 3292 neque
2054 3256 2155 3282 totum
2174 3255 2394 3291 augmentum,
2419 3249 2473 3280 ad-

1403 3299 1594 3331 vertendum
1610 3298 1701 3339 quod
1717 3308 1754 3329 ex
1778 3297 1971 3327 istis'verbis
1993 3305 2062 3326 non
2085 3295 2220 3326 habetur
2242 3303 2350 3334 neque
2373 3293 2472 3325 ullam

1402 3345 1624 3376 alterationem
1639 3353 1709 3374 esse
1724 3342 1914 3373 continuam
1929 3349 2036 3381 neque
2053 3339 2157 3370 ullum
2173 3343 2392 3379 augmentum,
2408 3339 2473 3370 hoc

1402 3390 1500 3428 enim,
1524 3398 1600 3420 cum
1624 3394 1750 3419 tantum
1775 3385 1954 3416 incidenter
1981 3385 2021 3415 sit
2047 3383 2180 3423 dictum,
2203 3383 2310 3414 noluit
2336 3382 2472 3414 Sanctus

1402 3434 1547 3464 Thomas
1571 3442 1720 3471 asserere,
1745 3440 1785 3461 eo
1803 3429 1893 3471 quod
1907 3429 2024 3460 multas
2040 3429 2155 3459 habeat
2171 3427 2389 3459 difficultates:
2415 3427 2471 3458 sed

1401 3479 1536 3509 habetur
1558 3483 1685 3508 tantum
1713 3473 1804 3516 quod
1826 3480 1895 3504 tota
1924 3474 2079 3512 alteratio,
2107 3482 2171 3513 qua
2200 3472 2323 3503 scilicet
2349 3471 2471 3512 aliquid

1400 3523 1550 3554 alteratur
1566 3532 1584 3552 a
1600 3531 1666 3552 non
1682 3520 1783 3561 gradu
1807 3519 1941 3549 alicuius
1966 3516 2125 3558 qualitatis
2149 3516 2188 3547 ad
2208 3517 2350 3557 aliquem
2365 3516 2470 3557 perfe-

1400 3573 1490 3598 ctum
1505 3566 1651 3608 gradum,
1667 3574 1737 3595 non
1754 3569 1802 3594 est
1817 3562 1857 3594 de
1872 3563 2062 3594 necessitate
2079 3562 2252 3598 continua;
2273 3561 2349 3602 quia
2363 3566 2471 3601 potest

1398 3612 1521 3642 mobile
1543 3610 1668 3642 moveri
1691 3609 1732 3640 ad
1755 3608 1897 3648 aliquem
1920 3606 2055 3647 gradum
2082 3606 2263 3643 remissum,
2292 3610 2333 3642 et,
2357 3610 2469 3646 postea

1401 3666 1500 3697 quam
1515 3656 1558 3686 ibi
1571 3665 1628 3696 per
1638 3653 1771 3694 aliquod
1783 3659 1911 3693 tempus
1924 3651 2090 3692 quieverit,
2103 3650 2227 3681 moveri
2240 3649 2280 3681 ad
2290 3649 2469 3691 perfectum

2292 3711 2326 3745 69

2508 363 2577 391 ‘Cap.
2583 370 2646 390 cxxi,
2653 363 2723 386 Com-

2509 394 2580 412 ment.
2592 396 2615 411 n.
2626 397 2648 412 v.

2509 1022 2518 1031 ‘
2533 1021 2603 1043 Num.
2615 1027 2648 1049 iv,
2661 1027 2681 1044 2.

2510 1381 2519 1390 ·
2534 1380 2589 1402 Loc.
2606 1381 2645 1403 cit.
2661 1388 2688 1403 ex
2703 1381 2724 1403 V

2510 1407 2580 1456 Rhgs.

2558 1440 2595 1461 ap.
2602 1440 2632 1461 xv,
2637 1440 2650 1463 3
2658 1441 2724 1463 seqq.

2510 2138 2519 2148 '
2533 2137 2604 2159 Num.
2614 2143 2646 2165 vr,
2656 2137 2708 2159 init.

2505 2754 2514 2764 ·
2524 2753 2596 2780 Num.
2605 2760 2635 2782 iv,
2642 2760 2662 2782 2,
2672 2755 2718 2776 Au-

2505 2782 2584 2808 getar-

2500 3207 2509 3217 ‘
2515 3205 2585 3229 Num.
2593 3206 2715 3234 1‚Sextum.
