2716 4302
36 694 128 718 §vah

31 1413 47 1438 5
56 1413 71 1428 v
84 1413 98 1430 ι
107 1412 163 1431 ει.-
172 1413 195 1436 p.
205 1388 266 1436 ⁵73

34 1977 48 1987 ⁶
62 1975 109 1999 vid
122 1975 154 1998 nd
168 1975 216 1999 loe.

38 2135 72 2160 5v
85 2130 100 2152 b
112 2137 132 2154 ι.

36 2185 48 2195 “
63 2182 118 2206 vid.
133 2183 164 2207 ad
178 2183 226 2206 loc.

37 2649 50 2660 ’
65 2653 112 2676 ¹7¹·
125 2647 192 2675 δεμ.

2 2696 169 2726 .·5νιιδ.

38 2808 75 2832 5v
89 2803 157 2831 b9.-
173 2807 255 2830 pau..

41 3119 68 3141 ⁸7
77 3118 91 3136 r
105 3113 166 3142 ¹³⁴5·

0 3450 10 3482 Ξ

40 3372 64 3409 ..-
69 3377 146 3420 'Emi
158 3378 209 3426 ¹pro
224 3403 260 3419 co-

41 3425 159 3453 anniane.

1260 200 1525 237 APPENDIX

281 277 328 308 rei
351 276 509 314 definitio,
538 277 719 308 secundum
745 278 835 319 quod
862 279 901 309 ab
925 279 1093 310 intellectu
1117 280 1283 320 accipitur,
1308 280 1358 310 vel

281 329 470 369 simpliciter
494 329 582 366 falsa,
599 331 625 360 si
649 336 755 370 partes
779 330 977 362 definitionis
1001 341 1069 362 non
1093 332 1287 362 cohaereant
1309 332 1359 362 in-

281 380 397 417 vicem,
422 386 459 411 ut
482 381 508 411 si
532 380 656 411 dicatur
672 382 790 412 animal
806 382 1001 418 insensibile,
1019 383 1068 412 vel
1086 382 1162 412 falsa
1178 382 1359 413 secundum

281 430 365 462 hanc
389 441 468 468 rem,
497 438 595 473 prout
626 431 772 463 definitio
805 433 915 463 circuli
946 434 1102 474 accipitur
1133 439 1167 463 ut
1198 434 1358 473 trianguli.

282 482 366 513 Dato
383 484 480 523 igitur
503 493 561 524 per
577 484 778 525 impossibile
795 484 885 524 quod
910 484 1092 515 intellectus
1109 483 1235 514 divinus
1252 485 1359 514 solum

280 535 489 576 incomplexa
512 540 698 565 consideraret
725 541 948 576 cognosceret,
979 535 1084 566 adhuc
1109 539 1254 564 intellectus
1278 542 1361 565 esset

281 595 376 616 verus
401 587 634 627 cognoscendo
659 597 751 618 suam
777 586 991 627 quidditatem
1015 593 1051 617 ut
1075 596 1176 617 suam.
1202 586 1359 625 §Adhuc

281 637 397 668 Divina
414 638 603 678 simplicitas
624 638 860 679 perfectionem
877 648 944 669 non
963 638 1113 677 excludit,
1131 646 1161 667 ut
1178 649 1271 674 supra,
1285 639 1361 678 quia

281 689 314 719 in
338 699 398 719 suo
424 699 492 720 esse
509 690 649 730 simplici
665 713 672 720 .
688 714 694 720 .
710 713 717 720 .
736 696 904 720 ostensum
928 695 984 720 est.
1010 690 1026 706 ὓ
1044 690 1228 721 Intellectus
1253 696 1361 720 autem

280 746 391 771 noster
409 764 415 770 .
430 763 438 771 .
453 763 460 771 .
478 746 628 781 respectu
652 742 763 772 totius.
783 745 858 770 Unde
871 750 898 769 et
910 744 1082 778 philosophus
1098 746 1123 769 in
1136 746 1211 769 tertio
1224 745 1256 770 de
1276 746 1363 770 anima

281 802 415 830 comparat
433 798 654 829 compositionem
681 798 826 823 intellectus
850 804 964 830 compar
983 797 1164 824 compositioni
1186 805 1254 830 quae
1278 802 1318 822 est
1336 798 1362 821 in

280 847 359 872 rebus
380 847 551 873 naturalibus.
571 845 660 875 Deus
677 845 774 885 igitur
787 868 794 875 .
810 868 817 876 .
833 867 841 875 .
854 845 1158 885 incomplexorum:
1168 844 1231 875 Sed
1249 845 1362 874 veritas

281 897 494 936 consequitur
517 896 719 927 intellectum
750 902 900 926 nostrum
935 897 969 926 in
1001 897 1051 926 sui
1084 894 1226 935 perfecta
1250 896 1362 935 cogni-

279 948 370 977 tione
399 947 532 987 quando
565 948 629 977 iarn
658 957 763 987 usque
790 946 830 977 ad
854 950 1030 982 cognitionem
1056 946 1360 986 (compositionem)

279 999 437 1038 pervenit.
455 999 542 1039 Ergo
560 1004 591 1029 et
615 999 647 1028 in
672 999 741 1039 ipsa
765 998 905 1038 simplici
930 998 989 1028 Dei
1014 997 1224 1037 intelligentia
1241 1002 1288 1027 est
1308 1006 1362 1027 ve-

279 1050 365 1080 ritas.
390 1050 512 1089 §Item.
533 1049 619 1081 Cum
637 1050 726 1080 Deus
745 1074 772 1081 ..
788 1074 794 1080 .
812 1050 844 1080 in
862 1050 933 1080 Deo
952 1056 1008 1080 est.
1034 1051 1051 1088 §
1069 1049 1109 1080 Et
1125 1049 1189 1079 hoc
1207 1055 1254 1079 est
1271 1048 1363 1089 quod

280 1100 398 1132 dicitur
421 1102 455 1132 in
478 1111 538 1142 ps„
564 1101 621 1132 Est
651 1108 761 1132 autem
790 1101 880 1132 Deus
912 1111 1005 1132 verax
1036 1110 1061 1129 et
1085 1104 1154 1133 alibi.
1179 1104 1281 1128 Omnes
1306 1104 1362 1127 viae

280 1160 341 1181 tuae
359 1157 463 1181 veritas.

497 1250 578 1292 Cap.
605 1252 672 1282 LX.
699 1251 796 1289 Quon
821 1251 908 1281 Deus
933 1261 986 1281 asr
1011 1260 1152 1280 vanitas.

408 1317 596 1357 Capitulum
620 1317 777 1357 scriptum
803 1317 836 1346 in
861 1321 1021 1357 quaterno
1046 1315 1240 1345 auxiliario.

325 1411 343 1449 §
368 1409 416 1440 Ex
452 1411 636 1450 praemissis
673 1415 782 1440 autem
814 1414 947 1449 apparet
976 1408 1067 1448 quod
1095 1409 1164 1448 ipse
1195 1408 1285 1438 Deus
1316 1414 1362 1437 est

281 1462 407 1494 veritas.
433 1466 553 1491 sienim
584 1463 709 1493 Veritas
735 1462 850 1503 (enim)
877 1461 1037 1502 quaedam
1062 1460 1219 1501 perfectio
1245 1466 1291 1490 est
1315 1461 1363 1490 in-

280 1513 477 1553 telligentiae
501 1514 568 1544 sive
592 1513 819 1544 intellectualis
843 1513 1043 1553 operationis
1068 1513 1118 1550 (ut
1142 1511 1266 1542 dictum
1290 1510 1362 1551 est).

280 1564 461 1606 Intelligere
478 1571 588 1596 autem
605 1588 612 1595 .
628 1588 634 1595 .
650 1588 657 1594 .
676 1565 744 1605 ipsa
760 1565 886 1595 veritas.
911 1565 929 1603 ἓ
947 1564 1036 1594 Item.
1054 1563 1179 1593 Veritas
1197 1585 1204 1592 .
1220 1586 1226 1592 .
1242 1586 1248 1592 .
1267 1563 1363 1592 etiam

280 1626 336 1647 sua
366 1618 492 1647 veritas.
516 1617 731 1656 §Praeterea.
759 1616 808 1646 De
840 1617 912 1646 Deo
941 1615 1022 1645 nihil
1053 1615 1273 1654 participative
1301 1614 1364 1644 dici

279 1674 399 1709 potest,
424 1677 502 1699 cum
525 1669 565 1698 sit
593 1677 690 1698 suum
719 1677 799 1703 esse,
825 1667 916 1707 quod
939 1667 1018 1697 nihil
1043 1667 1223 1706 participat,
1249 1675 1277 1694 ut
1295 1676 1365 1703 patet

280 1729 328 1755 per
345 1721 405 1748 boe.
425 1723 450 1747 in
470 1722 495 1748 ιί.
515 1722 548 1746 de
567 1722 626 1754 epd.
647 1717 710 1749 Sed
726 1718 842 1749 veritas
859 1724 906 1748 est
922 1718 955 1747 in
980 1717 1062 1752 Deo,
1080 1722 1116 1746 ut
1139 1725 1235 1756 supra
1256 1724 1364 1748 osten-

279 1778 354 1800 sum
379 1775 436 1800 est.
461 1769 495 1800 Si
519 1770 616 1810 igitur
639 1779 707 1800 non
732 1769 857 1800 dicatur
892 1769 1113 1809 participative
1145 1773 1175 1795 ut
1195 1778 1208 1795 s
1236 1774 1366 1809 oportet

280 1820 372 1863 quod
395 1820 520 1852 dicatur
544 1821 764 1852 essentialiter.
787 1825 822 1850 Ee
837 1825 876 1850 ita
900 1820 989 1851 Deus
1006 1829 1084 1860 ergo
1102 1826 1149 1850 est
1166 1829 1223 1851 sua
1239 1821 1364 1851 veritas,

280 1874 300 1913 fi
317 1873 480 1913 Amplius.
506 1873 597 1904 Licet
616 1883 728 1904 verum
753 1873 885 1914 proprie
906 1876 940 1900 eie
959 1875 1094 1901 intellectu
1115 1876 1225 1900 dicatur
1242 1882 1310 1902 non
1327 1873 1367 1902 sit

280 1924 316 1955 in
330 1924 428 1956 rebus
449 1923 507 1955 sed
523 1924 556 1954 in
573 1930 684 1955 mente
704 1933 732 1952 ut
750 1932 822 1960 patet
840 1935 888 1960 per
903 1922 1112 1965 (secundum)
1130 1923 1364 1963 philosophum

281 1979 308 2004 in
325 1986 352 2004 vi
371 1978 515 2012 memph.*,
540 1985 589 2005 res
612 1981 722 2006 tamen
746 1974 909 2005 interdum
933 1983 1007 2004 vera
1039 1973 1155 2004 dicitur
1185 1973 1365 2005 secundum

281 2027 374 2068 quod
397 2027 529 2068 proprie
554 2032 663 2057 actum
689 2027 838 2067 propriae
862 2032 996 2056 naturae
1020 2027 1241 2066 consequitur.
1271 2025 1365 2057 Unde

281 2079 451 2110 Avicenna
481 2078 559 2109 dicit
588 2079 621 2109 in
653 2088 710 2109 sua
735 2078 877 2118 metaph.
903 2077 994 2118 quod
1011 2078 1125 2109 veritas
1149 2078 1194 2108 rei
1219 2083 1266 2108 est
1290 2087 1365 2117 pro-

281 2131 400 2172 prietas
431 2139 500 2161 esse
531 2131 793 2170 uniuscuiusque
823 2130 869 2160 rei
901 2129 991 2169 quod
1016 2129 1192 2159 stabilitum
1217 2130 1233 2146 ³*
1250 2134 1297 2159 est
1324 2130 1364 2165 ei,

282 2191 308 2211 et
319 2185 371 2211 hoc
383 2191 424 2211 est
439 2182 667 2222 *inquantum
687 2180 757 2211 talis
776 2190 826 2211 res
849 2185 923 2210 nata
948 2185 995 2210 est
1018 2179 1058 2210 de
1075 2189 1109 2210 se
1134 2179 1238 2210 facere
1257 2189 1365 2210 veram

283 2234 556 2269 aestimationem,
575 2238 606 2263 et
622 2233 819 2272 inquantum
838 2232 1006 2272 propriam
1030 2231 1080 2261 sui
1103 2231 1264 2261 rationem
1282 2240 1365 2271 quae

283 2292 331 2317 est
353 2287 388 2317 in
416 2290 527 2316 mente
552 2283 670 2320 divina,
695 2283 847 2313 imitatur.
873 2281 937 2312 Sed
962 2282 1051 2312 Deus
1075 2287 1123 2312 est
1146 2291 1204 2312 sua
1228 2282 1364 2312 essentia

281 2348 309 2367 et
328 2344 393 2367 suus
413 2347 494 2367 actus.
515 2336 603 2376 Ergo
623 2359 628 2365 .
645 2358 652 2365 .
668 2359 675 2365 .
693 2344 751 2365 sua
782 2334 908 2364 veritas.
940 2334 958 2372 §
975 2333 1049 2363 Hoc
1074 2340 1182 2364 autem
1203 2340 1267 2362 auct
1286 2343 1364 2364 con-

282 2389 430 2421 firmatur
445 2389 636 2420 auctoritate
654 2387 779 2418 domini
796 2385 835 2416 de
853 2395 886 2416 se
903 2385 1038 2416 dicentis
1056 2385 1099 2415 io.
1117 2395 1179 2421 xxv,
1204 2385 1275 2425 Ego
1292 2395 1364 2416 sum

282 2442 345 2479 via,
369 2442 486 2472 veritas
510 2446 542 2471 et
566 2440 639 2470 vita.

398 2552 480 2593 Cap.
506 2550 588 2582 LXI.
616 2550 714 2588 Quon
739 2549 825 2580 Deus
850 2558 904 2579 εετ
928 2558 1087 2579 ΡυιὶῐεεῐΜΑ
1110 2557 1251 2578 vnaius.

330 2651 345 2666 ¹*
358 2650 376 2684 fi
389 2650 447 2675 Hoc
467 2654 555 2675 autem
574 2654 693 2679 ostenso,
713 2648 882 2674 manifestum
905 2653 946 2673 est
964 2648 1037 2681 quod
1060 2648 1086 2672 in
1112 2647 1197 2672 divina
1218 2646 1364 2679 cognitione

284 2701 404 2734 deceptio
423 2705 467 2726 aut
490 2700 589 2725 falsitas
614 2707 674 2724 esse
698 2707 750 2724 non
774 2703 869 2731 potest.
891 2698 907 2715 *
920 2696 948 2731 (fi
968 2698 1026 2722 Hoc
1045 2703 1133 2722 autem
1154 2702 1263 2721 ostenso
1283 2695 1365 2720 mani-

283 2752 381 2778 festum
401 2757 442 2776 est
460 2751 533 2784 quod
552 2751 577 2775 in
597 2750 683 2775 divina
702 2749 850 2783 cognitione
865 2754 905 2774 est
925 2756 990 2781 pura
1005 2747 1110 2778 veritas,
1125 2747 1166 2772 cui
1179 2747 1252 2771 nulla
1265 2746 1363 2771 falsitas

284 2808 329 2829 aut
346 2810 420 2828 error
437 2802 480 2827 vel
499 2802 618 2834 deceptio
636 2801 774 2825 admisceri
787 2799 894 2833 potest.)
905 2799 919 2814 *
934 2794 963 2837 (ξ
980 2795 1054 2825 Hoc
1087 2800 1197 2825 autem
1221 2799 1362 2828 ostenso,

285 2851 496 2883 manifestum
516 2855 563 2880 est
587 2848 679 2889 quod
702 2849 736 2878 in
761 2848 832 2878 Deo
863 2853 910 2877 est
938 2856 1017 2887 pura
1042 2846 1167 2882 veritas,
1197 2846 1250 2875 cui
1276 2844 1364 2875 nulla

284 2903 404 2934 falsitas
431 2902 483 2932 vel
508 2900 659 2940 deceptio
684 2899 852 2929 admisceri
877 2903 994 2938 potest.
1019 2898 1143 2927 Veritas
1167 2897 1254 2927 enim
1279 2895 1363 2926 falsi-

284 2960 384 2986 tatem
407 2962 475 2984 non
501 2951 706 2992 compatitur,
731 2951 814 2980 sicut
838 2959 898 2979 nec
915 2948 1030 2979 albedo
1055 2947 1267 2988 nigredinem.
1287 2951 1364 2975 inte!-

285 3011 368 3036 lectus
387 3008 474 3034 autem
495 3007 595 3032 divinus
617 3002 719 3043 [Deus
745 2999 869 3041 autern]
894 3009 962 3030 non
985 2999 1092 3029 solum
1117 3004 1163 3029 est
1180 3008 1283 3034 verus,
1308 2998 1364 3029 sed

286 3063 334 3089 est
356 3057 426 3097 ipsa
442 3055 567 3086 veritas.
585 3054 672 3093 Ergo
689 3053 722 3083 in
747 3062 788 3082 eo
805 3051 923 3081 falsitas
940 3060 1008 3081 esse
1025 3060 1092 3080 non
1109 3055 1226 3090 potest.
1251 3051 1269 3088 §
1286 3050 1364 3079 Am-

285 3107 394 3150 plius.)
413 3108 429 3124 *
442 3106 627 3137 Intellectus
644 3109 713 3133 enim
728 3113 797 3133 non
813 3102 973 3142 decipitur
985 3102 1018 3131 in
1031 3099 1260 3141 cognoscendo
1275 3100 1365 3140 quod

286 3158 366 3200 quid
391 3163 447 3194 est,
472 3158 555 3187 sicut
578 3165 639 3186 nec
663 3164 776 3185 sensus
801 3158 827 3182 in
845 3156 1031 3190 cognoscendo
1051 3153 1082 3182 in
1108 3153 1240 3191 proprio
1265 3151 1365 3181 sensi-

285 3211 352 3251 bili,
369 3219 398 3239 ut
416 3221 434 3238 a
453 3212 579 3245 probatur
593 3219 607 3236 a
619 3209 778 3243 philosopho
791 3210 816 3233 in
829 3216 855 3233 vi
869 3208 936 3241 phiS.
954 3204 1070 3234 omnis
1087 3209 1196 3233 autem
1220 3202 1364 3242 cognitio

286 3267 380 3292 divina
407 3262 506 3292 divini
538 3259 720 3290 intellectus
746 3267 780 3288 se
814 3257 910 3287 habet
943 3255 983 3285 ad
1013 3254 1150 3285 modum
1184 3253 1365 3283 intellectus

288 3313 517 3355 cognoscentis
534 3310 624 3352 quod
649 3309 728 3350 quid
753 3315 809 3347 est,
829 3314 866 3338 ut
889 3313 1056 3337 ostensum
1081 3311 1138 3335 est.
1164 3304 1365 3344 Impossibile

287 3371 336 3397 est
350 3366 447 3406 igitur
463 3365 480 3381 ⁴*
496 3364 530 3394 in
547 3363 655 3394 divina
672 3361 894 3400 cognitionem
907 3359 942 3375 *ᾗ
958 3366 1099 3388 errorem
1117 3357 1182 3386 sive
1199 3355 1365 3395 deceptio-

287 3425 366 3447 nem
381 3421 437 3446 aut
454 3414 625 3445 falsitatem
649 3421 728 3442 esse.
752 3412 770 3449 §
786 3411 962 3440 Praeterea.
989 3408 1172 3438 Intellectus
1198 3408 1229 3436 in
1254 3407 1365 3446 primis

287 3465 654 3508 principiiS...falsitas
678 3469 732 3494 aut
757 3462 918 3502 deceptio.
950 3460 1074 3499 §Item
1100 3458 1232 3496 Quanto
1258 3458 1365 3497 aliqua

288 3520 335 3549 vis
351 3519 573 3559 cognoscitiva
590 3522 637 3546 est
661 3515 754 3546 altior
777 3519 867 3544 tanto
885 3513 953 3543 eius
978 3509 1174 3551 (proprium)
1199 3510 1365 3539 obiectum

289 3575 338 3601 est
366 3568 578 3600 universalius
601 3572 640 3597 ad
654 3572 738 3604 plura
758 3577 786 3595 se
804 3565 896 3605 plura
920 3564 978 3594 sub
1003 3572 1036 3592 se
1065 3562 1244 3591 continens.
1270 3559 1365 3591 Unde

288 3620 371 3652 illud
394 3619 486 3661 quod
501 3621 588 3650 visus
612 3619 782 3659 cognoscit
805 3626 834 3645 ut
852 3618 974 3644 sensibile
993 3623 1049 3654 per
1069 3610 1227 3646 accidens,
1252 3619 1365 3640 sensus

289 3672 475 3703 communis
503 3677 559 3701 aut
581 3671 768 3711 imaginatio
794 3665 1005 3709 apprehendit
1024 3670 1058 3694 ut
1077 3663 1136 3693 sub
1151 3662 1282 3702 proprio
1307 3661 1365 3691 ob-

289 3723 375 3753 iecto
389 3727 592 3752 contentum.
606 3721 671 3752 Sed
687 3721 734 3751 vis
748 3744 755 3750 .
770 3744 777 3750 .
793 3743 799 3750 .
813 3721 847 3750 in
864 3714 1103 3758 cognoscendo.
1129 3713 1214 3752 Ergo
1235 3716 1291 3740 eius
1300 3722 1367 3746 pro-

283 3776 379 3810 priam
398 3777 531 3803 obiectum
550 3773 661 3803 omnia
685 3770 917 3812 cognoscibilia
941 3770 1168 3807 comparantur
1192 3763 1231 3794 ad
1257 3765 1365 3803 ipsum

290 3827 374 3857 sicut
389 3824 623 3866 cognoscibilia
646 3824 777 3865 proprie
795 3828 826 3853 et
849 3831 907 3862 per
922 3830 955 3850 se
977 3824 1008 3849 et
1024 3827 1091 3848 non
1108 3814 1288 3846 secundum
1313 3823 1365 3843 ac·
1381 3833 1391 3838 -

289 3877 412 3908 cidens.
433 3877 469 3907 In
493 3877 610 3907 talibus
623 3899 630 3906 .
645 3898 653 3906 .
668 3899 675 3905 .
694 3884 807 3906 errare.
831 3872 1022 3913 §Ammius
1039 3870 1147 3899 Virtus
1164 3867 1363 3897 intellectua-

289 3928 328 3958 lis
342 3952 349 3958 .
365 3951 372 3958 .
386 3951 393 3958 .
407 3937 476 3958 non
499 3932 608 3967 potest
632 3935 701 3956 esse
725 3925 853 3956 falsitas.
878 3925 896 3962 §
912 3922 1039 3953 Adhuc.
1060 3924 1125 3948 iliud
1144 3922 1214 3955 quod
1234 3925 1275 3946 est
1295 3920 1364 3952 prin-

290 3984 386 4016 cipium
410 3988 436 4008 et
455 3990 533 4008 causa
552 3983 580 4007 in
606 3981 724 4014 quolibet
745 3987 842 4014 genere
865 3984 907 4004 est
929 3985 1053 4003 mensura
1073 3975 1192 4000 omnium
1214 3980 1281 4006 quae
1304 3977 1365 3997 sunt

290 4035 316 4059 in
337 4041 434 4067 genere
455 4034 508 4064 illo,
531 4041 593 4058 nam
620 4032 830 4064 unumquodque
851 4035 924 4056 tanto
944 4029 1081 4063 perfectius
1103 4031 1143 4052 est
1161 4030 1258 4059 quanto
1280 4023 1363 4056 magis

1378 753 1403 767 to

1379 1011 1400 1029 ¹5

1378 1267 1404 1280 ²⁰

1379 1523 1401 1542 ²5

1383 1779 1407 1797 30

1383 2035 1404 2054 35

1383 2551 1403 2570 45

1381 2807 1406 2826 50

1381 3064 1402 3083 55

1379 3315 1406 3334 60

2421 200 2492 237 25³³

1415 283 1568 317 principium
1581 290 1630 310 est.
1645 286 1681 310 Ex
1693 285 1742 310 hoc
1761 286 1838 318 igitur
1855 286 1926 319 quod
1943 282 2083 313 Scientia
2106 281 2288 313 intellectus
2313 283 2446 313 humani
2471 293 2488 314 a

1414 332 1510 363 rebus
1538 332 1682 373 quodam
1707 333 1808 364 modo
1832 339 1989 370 causatur,
2015 333 2129 374 (unde)
2154 335 2304 374 provenit
2327 334 2417 374 quod
2445 344 2487 364 res

1415 389 1498 413 scitae
1516 392 1579 413 sunt
1597 396 1655 413 men
1681 386 1803 415 scibilia
1826 391 1901 415 sunt
1924 395 2074 416 mensura
2091 390 2239 414 intellectus
2254 386 2406 416 scientiae
2427 386 2488 416 hu-

1416 445 1547 467 manae:
1566 446 1604 466 ex
1620 437 1683 467 hoc
1701 437 1788 467 enim
1804 446 1916 467 verum
1933 442 1979 467 est
1997 437 2086 477 quod
2103 438 2267 468 intellectu
2285 436 2486 473 diiudicatur,

1417 489 1493 528 quia
1516 497 1566 518 res
1581 489 1625 518 ita
1648 497 1681 519 se
1706 489 1811 523 habet,
1829 495 1860 519 et
1883 498 1950 518 non
1968 498 1984 518 e
2002 498 2169 519 converso.
2188 493 2209 517 E
2228 500 2356 517 converso
2375 497 2461 517 autem
2473 492 2487 507 ⁸

1417 543 1449 567 de
1474 543 1604 567 intellectu
1626 543 1712 567 divino
1737 540 1934 579 (Intellectus
1959 545 2067 570 autem
2091 538 2232 580 divinus)
2252 544 2295 576 qui
2315 549 2373 580 per
2395 549 2487 570 suam

1417 593 1583 622 scientiam
1600 598 1646 622 est
1663 602 1758 622 causa
1775 602 1891 622 rerum.
1909 592 2002 623 Unde
2023 598 2152 632 oportet
2168 616 2175 622 .
2191 616 2198 622 .
2212 615 2220 623 .
2234 591 2273 623 ad
2289 592 2486 622 intellectum

1416 643 1606 673 humanum.
1628 654 1640 671 s
1659 643 1791 673 Falsitas
1814 648 1922 674 autem
1947 650 2075 674 causata
2098 654 2137 674 ex
2153 648 2371 672 disconvenientia
2386 642 2488 684 (inae-

1417 694 1584 734 qualitate)
1609 694 1790 724 intellectus
1810 701 1836 722 et
1855 698 1895 722 rer·
1913 696 2046 726 humani
2064 701 2095 726 et
2115 696 2160 726 rei
2183 705 2251 726 non
2269 701 2315 725 est
2333 695 2364 725 in
2382 695 2487 730 rebus,

1417 746 1473 776 sed
1492 747 1525 776 in
1543 746 1716 776 intellectu.
1736 746 1768 776 Si
1784 747 1880 785 igitur
1898 770 1903 776 .
1920 771 1926 777 .
1942 770 1948 777 .
1967 747 2087 777 divino.
2107 746 2189 787 (Nec
2206 745 2326 787 tamen)
2344 748 2376 776 in
2394 747 2488 776 rebus

1417 805 1503 825 autem
1523 807 1575 824 non
1593 803 1640 827 est
1657 796 1784 827 falsitas.
1801 797 1887 835 Quia
1904 821 1910 827 .
1926 821 1932 827 .
1949 821 1954 827 .
1974 804 2004 828 et
2021 808 2085 834 res;
2112 807 2172 828 nec
2189 797 2295 838 aliqua
2317 796 2435 827 falsitas
2455 797 2489 826 in

1417 848 1582 879 intellectu
1608 848 1717 879 divino
1743 858 1783 876 est
1807 847 1889 885 (esse
1913 848 2032 889 potest)
2058 854 2104 878 sed
2124 854 2211 878 solum
2233 853 2335 878 veritas.
2359 850 2377 887 §
2397 848 2487 878 Item.

1417 898 1507 930 Sicut
1536 909 1647 930 verum
1665 923 1672 930 .
1688 924 1694 930 .
1711 923 1717 930 .
1736 900 1852 940 decipi.
1882 900 2005 930 Malum
2034 907 2143 931 autem
2170 901 2203 931 in
2231 900 2302 930 Deo
2328 909 2396 930 esse
2420 908 2488 929 non

1418 957 1524 990 potest
1556 965 1571 978 e
1591 965 1606 978 υ
1627 965 1642 979 n
1656 955 1789 988 proprium
1808 956 1954 980 subiectum
1978 956 2092 988 potentia
2111 962 2159 985 est.
2179 956 2325 980 intellectus
2345 959 2432 979 autem
2451 953 2488 978 di-

1417 1005 1493 1030 vinus
1507 1014 1559 1030 non
1576 1012 1617 1030 est
1637 1007 1695 1038 (in)
1716 1007 1837 1036 potentIa,
1852 1007 1898 1031 sed
1912 1012 1982 1031 actus
1997 1014 2086 1039 purus,
2101 1012 2130 1031 ut
2142 1012 2279 1031 ostensum
2294 1011 2335 1030 est
2350 1000 2398 1042 (ut
2415 1010 2490 1040 pro-

1417 1053 1530 1083 batum
1554 1054 1625 1094 est.)
1651 1054 1726 1084 Non
1750 1059 1858 1094 potest
1874 1055 1970 1094 igitur
1986 1055 2019 1085 in
2037 1064 2076 1084 eo
2101 1063 2169 1084 esse
2188 1053 2315 1084 falsitas.
2341 1057 2354 1071 *
2369 1056 2384 1089 ς
2398 1055 2490 1080 Adhuc

1419 1109 1529 1140 (suum)
1556 1108 1696 1143 (divinum)
1721 1110 1864 1142 intelligere
1883 1115 1923 1134 est
1942 1118 2018 1135 suum
2040 1117 2107 1139 esse,
2127 1115 2155 1134 ut
2181 1117 2260 1142 supra
2283 1115 2422 1134 ostensum
2441 1113 2489 1133 est.

1419 1160 1483 1185 Esse
1503 1166 1590 1185 autem
1610 1160 1726 1184 divinum
1749 1166 1789 1185 est
1812 1160 2038 1193 perfectissimum,
2059 1161 2154 1185 nullius
2179 1160 2413 1192 <imper-fectionis>
2433 1158 2490 1192 (de-

1418 1211 1511 1243 fectus)
1530 1219 1618 1244 capax.
1640 1211 1732 1244 Neque
1750 1212 1826 1244 igitur
1848 1213 1874 1236 in
1893 1213 2060 1244 intelligendo
2079 1212 2189 1237 deficere
2208 1217 2304 1244 potest.
2323 1211 2401 1236 Nulla
2428 1218 2491 1243 ergo

1419 1263 1516 1287 falsitas
1541 1269 1581 1288 est
1603 1263 1629 1287 in
1657 1264 1712 1288 eius
1738 1263 1877 1288 intellectu.
1897 1261 1914 1299 §
1934 1260 2019 1290 Hinc
2051 1266 2098 1290 est
2123 1259 2214 1300 quod
2238 1259 2353 1290 dicitur
2372 1268 2420 1289 ro.
2445 1268 2490 1297 111,

1418 1311 1475 1341 Est
1507 1317 1616 1341 autem
1649 1311 1737 1342 Deus
1766 1321 1875 1347 verax;
1913 1317 1944 1342 et
1974 1322 2029 1342 nu.
2060 1322 2145 1347 xxm,
2170 1311 2246 1341 Non
2271 1316 2318 1341 est
2341 1311 2429 1341 Deus
2454 1316 2491 1340 ut

1418 1363 1520 1393 homo
1537 1369 1572 1393 ut
1592 1363 1781 1398 mentiatur;
1811 1369 1842 1393 et
1858 1363 1892 1402 p²
1909 1364 1951 1393 io.
1969 1367 2017 1403 ρ’),
2043 1363 2130 1393 Deus
2148 1362 2201 1392 lux
2219 1368 2274 1395 est.
2293 1367 2324 1392 et
2340 1362 2491 1392 tenebrae

1418 1414 1449 1444 in
1475 1424 1514 1445 eo
1535 1424 1602 1444 non
1627 1420 1702 1445 sunt
1725 1414 1819 1445 ullae.

1554 1517 1635 1558 Cap.
1660 1518 1756 1548 LXII.
1781 1517 1878 1555 Quor>
1902 1527 2010 1548 nrvma
2033 1527 2162 1548 vennas
2188 1527 2241 1547 Εετ
2266 1527 2359 1547 pamla

1795 1579 1832 1598 ar
1857 1578 1960 1598 summa
1984 1578 2124 1598 vnmras.

1545 1632 1731 1672 Capitulum
1755 1633 1909 1667 scriptum
1935 1632 1968 1662 in
1993 1637 2152 1672 quaterno
2177 1631 2369 1662 auxiliario.

1467 1718 1549 1757 §Ex
1573 1719 1621 1748 his
1651 1724 1758 1748 autem
1784 1728 1866 1758 quae
1898 1724 2027 1748 ostensa
2055 1723 2130 1748 sunt
2162 1717 2330 1748 manifeste
2359 1718 2494 1747 habetur

1422 1768 1512 1810 quod
1536 1769 1645 1800 divina
1669 1770 1784 1800 veritas
1808 1771 1848 1800 sit
1871 1771 1974 1810 prima
1994 1779 2024 1798 ve
2043 1775 2075 1800 et
2098 1778 2225 1799 summa
2256 1769 2379 1798 veritas.
2405 1767 2494 1798 Sicut

1422 1824 1510 1854 enim
1528 1849 1535 1856 .
1552 1847 1558 1854 .
1574 1847 1581 1854 .
1598 1825 1632 1854 in
1656 1823 1801 1854 secundo
1826 1824 1966 1864 metaph.
1992 1823 2033 1854 Et
2056 1824 2119 1854 hoc
2143 1823 2217 1853 ideo
2235 1824 2311 1863 quia
2334 1832 2446 1853 verum
2464 1827 2495 1852 et

1422 1884 1479 1906 ens
1503 1885 1536 1905 se
1560 1875 1701 1906 invicem
1721 1881 1978 1915 consequuntur,
1999 1879 2067 1904 illud
2085 1880 2132 1905 est
2149 1876 2235 1905 enirn
2251 1884 2363 1905 verum
2383 1885 2399 1910 q
2418 1883 2494 1904 cum

1422 1926 1538 1957 dicitur
1562 1936 1630 1956 esse
1647 1926 1739 1966 quod
1755 1932 1811 1962 est,
1829 1927 1879 1957 vel
1903 1936 1971 1957 non
1995 1936 2063 1957 esse
2081 1926 2171 1966 quod
2195 1936 2262 1957 non
2287 1933 2343 1957 est.
2369 1926 2431 1957 Sed
2448 1926 2495 1957 di—

1422 1978 1534 2008 vinum
1553 1978 1721 2017 ...prima
1746 1983 1777 2008 et
1800 1987 1937 2008 summa.
1969 1977 2093 2016 §Item.
2119 1977 2219 2015 Quod
2243 1987 2300 2017 per
2323 1978 2494 2008 essentiam

1421 2028 1517 2059 alicui
1541 2028 1703 2063 convenit,
1720 2027 1952 2068 perfectissime
1969 2029 1998 2058 ei
2022 2029 2184 2059 convenit.
2206 2028 2270 2059 Sed
2290 2031 2362 2056 Deus
2381 2029 2494 2059 veritas

1422 2079 1493 2110 Deo
1519 2079 1700 2109 attribuitur
1720 2079 1938 2115 essentialiter,
1968 2085 2002 2110 ut
2031 2086 2199 2110 ostensum
2229 2085 2286 2110 est.
2311 2079 2375 2110 Sua
2399 2080 2495 2120 igitur

1421 2131 1535 2161 veritas
1556 2136 1603 2160 est
1626 2140 1753 2161 summa
1778 2136 1809 2161 et
1825 2131 1927 2171 prima
1943 2131 2067 2162 veritas.
2087 2132 2105 2170 ἓ
2121 2131 2297 2162 Praeterea.
2315 2131 2437 2161 Veritas
2461 2132 2494 2162 in

1420 2188 1532 2213 nostro
1557 2182 1723 2213 intellectu
1800 2188 1836 2213 ut
1859 2187 1947 2222 patet
1970 2183 2003 2213 in
2026 2193 2047 2213 v
2070 2183 2212 2222 metaph.
2231 2182 2317 2213 Cum
2341 2183 2437 2223 igitur
2460 2184 2493 2213 in

1420 2233 1587 2264 intellectu
1612 2233 1722 2263 divino
1742 2234 1781 2263 sit
1797 2234 1934 2263 omnino
1959 2233 2045 2264 idem
2065 2245 2124 2262 esse
2143 2234 2324 2264 intellectus
2349 2239 2380 2264 et
2404 2233 2494 2273 quod

1420 2285 1618 2325 intelligitur,
1635 2294 1693 2316 sua
1710 2285 1824 2315 veritas
1840 2285 1899 2315 erit
1922 2286 2024 2325 prima
2041 2291 2072 2316 et
2089 2295 2217 2316 summa
2232 2286 2356 2316 veritas.
2381 2286 2398 2324 §
2414 2285 2494 2315 Am—

1421 2337 1517 2377 plius.
1535 2336 1617 2367 lllud
1634 2336 1724 2376 quod
1740 2342 1787 2367 est
1811 2346 1961 2367 mensura
1980 2361 1985 2367 .
2002 2361 2007 2367 .
2024 2361 2030 2367 .
2048 2337 2138 2377 quod
2165 2342 2324 2367 consonat
2350 2337 2404 2367 rei.
2430 2337 2494 2367 Ve-

1422 2389 1498 2419 ritas
1522 2394 1631 2419 autem
1654 2389 1700 2419 rei
1723 2394 1928 2419 mensuratur
1949 2388 1989 2419 ad
2013 2389 2213 2419 intellectum
2242 2388 2412 2426 (divinum,
2437 2389 2495 2427 qui

1422 2445 1469 2470 est
1489 2449 1585 2470 causa
1610 2449 1727 2476 rerum,
1753 2445 1788 2470 ut
1804 2439 1885 2470 infra
1900 2438 2101 2481 probabitur)
2119 2441 2202 2470 sicut
2217 2440 2331 2470 veritas
2348 2438 2494 2469 artificia-

1421 2497 1531 2522 torum
1558 2492 1597 2522 ab
1627 2497 1691 2522 arte
1716 2490 1859 2522 artificis:
1883 2497 1962 2522 tunc
1986 2492 2073 2521 enim
2098 2501 2171 2521 vera
2195 2497 2242 2522 est
2266 2501 2337 2521 arca
2361 2489 2493 2530 quando

1421 2548 1582 2573 consonat
1605 2543 1672 2573 arti.
1691 2542 1778 2573 Cum
1795 2543 1891 2573 etiam
1910 2554 1974 2572 suus
1990 2543 2078 2573 Deus
2102 2543 2142 2572 sit
2166 2542 2288 2582 primus
2312 2541 2493 2572 intellectus

1421 2600 1452 2624 et
1470 2595 1611 2634 primum
1630 2593 1839 2633 intelligibile,
1857 2600 1985 2634 oportet
2002 2592 2092 2633 quod
2109 2594 2222 2623 veritas
2239 2592 2420 2622 intellectus
2437 2601 2493 2622 cu-

1420 2645 1549 2675 iuslibet
1569 2656 1616 2672 sua
1645 2642 1741 2684 (eius)
1765 2645 1897 2675 veritate
1932 2650 2144 2681 mensuratur,
2170 2645 2195 2674 si
2231 2642 2493 2683 unumquodque

1421 2701 1626 2726 mensuratur
1657 2696 1763 2734 primo
1787 2696 1836 2726 sui
1863 2696 1998 2735 generis,
2027 2701 2062 2726 ut
2090 2695 2304 2735 philosophus
2332 2693 2427 2724 tradit
2458 2694 2492 2724 in

1419 2757 1438 2776 x
1456 2746 1597 2786 metaph.
1615 2746 1732 2776 Divina
1754 2746 1851 2786 igitur
1866 2747 1980 2777 veritas
1997 2752 2044 2776 est
2064 2746 2167 2786 prima
2185 2752 2212 2774 et
2230 2754 2357 2776 summa
2374 2750 2406 2775 et
2421 2754 2492 2785 per-

1420 2797 1595 2828 fectissima
1618 2797 1732 2828 veritas
1755 2801 1788 2826 Et
1811 2802 1870 2826 ideo
1889 2802 1980 2826 dicitur
1999 2802 2024 2826 in
2045 2809 2116 2832 apoc.
2137 2801 2197 2825 esdr
2215 2801 2285 2832 quod
2305 2807 2385 2831 super
2402 2800 2490 2824 omnia

1420 2846 1511 2871 fortior
1530 2851 1571 2871 est
1598 2847 1702 2872 veritas.

1495 2953 1712 2994 Cap..LXIII.
1737 2956 1898 2987 RArroNas
1922 2965 2101 2986 vomuntur
2124 2960 2322 2985 sum-amium:
2346 2953 2417 2983 Deo

1727 3017 1943 3037 coom‘rromm
1966 3015 2185 3037 smGULARmM.

1465 3102 1482 3138 §
1510 3100 1592 3130 Sunt
1617 3106 1726 3130 autem
1753 3100 1886 3140 quidam
1918 3101 1973 3140 qui
2002 3098 2193 3139 perfectioni
2224 3097 2350 3127 divinae
2381 3097 2492 3136 cogni-

1420 3151 1518 3181 tionis
1543 3151 1756 3191 singularium
1779 3152 1928 3182 notitiam
1951 3150 2136 3181 subtrahere
2158 3149 2314 3183 nituntur‚
2331 3158 2360 3175 ex
2380 3158 2492 3183 quorum

1422 3213 1534 3238 persona
1549 3206 1640 3231 dicitur
1655 3206 1712 3237 (in)
1733 3206 1783 3230 iob.
1798 3214 1856 3235 xxii,
1872 3206 1944 3230 Circa
1958 3205 2074 3229 cardines
2089 3204 2151 3228 caeli
2165 3202 2329 3235 perambulat
2343 3209 2391 3226 nec
2404 3207 2494 3226 nostra

1421 3258 1576 3282 considerat.
1593 3254 1645 3285 Ad
1661 3254 1751 3294 quod
1768 3253 1900 3294 quidem
1925 3251 2184 3284 confirmandum
2210 3255 2324 3287 quinque
2339 3247 2492 3290 (septem)

1420 3307 1479 3336 viis
1503 3305 1694 3345 procedunt.
1719 3306 1736 3344 §
1753 3305 1859 3335 Prima
1883 3310 1929 3335 est
1946 3327 1954 3334 .
1969 3329 1975 3335 .
1991 3329 1997 3335 .
2014 3304 2212 3335 huiusmodi.
2238 3302 2421 3333 Intellectus
2437 3310 2494 3331 au-

1420 3362 1487 3387 tem
1503 3354 1640 3398 (noster)
1654 3355 1679 3390 *,
1697 3356 1772 3396 quia
1790 3355 2005 3386 immaterialis
2025 3361 2081 3391 est,
2099 3355 2271 3395 singularia
2286 3362 2354 3383 non
2371 3359 2494 3391 cogno-

1421 3408 1489 3437 scit.
1515 3407 1620 3437 Multo
1645 3407 1741 3446 igitur
1764 3407 1940 3436 minus...
1958 3405 2088 3436 recedit.
2113 3405 2153 3435 Et
2178 3405 2222 3435 sic
2246 3403 2338 3434 nullo
2364 3399 2492 3443 (modo)

1421 3459 1547 3490 videtur
1572 3459 1662 3500 quod
1693 3459 1782 3490 Deus
1809 3459 1980 3499 singularia
2003 3467 2201 3498 cognoscere
2230 3456 2332 3497 possit
2361 3466 2421 3483 cum
2441 3465 2494 3482 non

1421 3516 1454 3540 sit
1470 3515 1495 3540 in
1509 3523 1541 3540 eo
1554 3515 1640 3547 aliqua
1653 3515 1692 3539 vis
1712 3514 1885 3547 cognoscitiva
1899 3513 2024 3546 corporali
2045 3521 2142 3546 organo
2161 3517 2246 3543 utens,
2262 3517 2290 3536 ut
2308 3519 2387 3544 supra
2405 3515 2493 3535 osten-

1421 3574 1480 3591 sum
1501 3571 1550 3590 est.
1568 3564 1586 3601 ἓ
1599 3561 1749 3593 Secunda
1761 3567 1808 3591 est
1821 3561 1911 3600 quod
1923 3561 2094 3600 singularia
2109 3569 2178 3590 non
2190 3568 2318 3600 semper
2329 3564 2413 3589 sunt.
2427 3558 2494 3588 Aut

1421 3614 1516 3654 igitur
1540 3622 1668 3653 semper
1691 3613 1833 3642 scientur
1856 3621 1874 3642 a
1898 3612 1979 3647 Deo,
2005 3620 2030 3639 et
2053 3615 2089 3639 sic
2113 3615 2160 3639 erit
2183 3615 2287 3639 scientia
2311 3614 2343 3638 de
2367 3621 2399 3638 eo
2421 3613 2493 3645 quod

1422 3677 1474 3693 non
1494 3673 1542 3699 est,
1559 3670 1614 3695 aut
1630 3664 1829 3704 quandoque
1846 3664 1986 3694 scientur
2002 3668 2034 3693 et
2050 3662 2248 3703 quandoque
2260 3671 2329 3692 non
2341 3662 2492 3692 scientur.

1422 3719 1453 3744 Si
1461 3719 1552 3751 primo
1568 3719 1647 3744 modo
1661 3721 1786 3751 sequetur
1798 3718 1870 3750 quod
1890 3714 2035 3744 Primum
2052 3723 2120 3744 esse
2142 3723 2210 3744 non
2234 3718 2342 3753 potest
2359 3736 2365 3742 .
2379 3736 2386 3742 .
2401 3736 2408 3742 .
2425 3721 2493 3742 non

1421 3772 1570 3807 possunt.
1584 3765 1773 3797 Secundum
1786 3766 1882 3795 etiam
1894 3774 1962 3795 esse
1975 3774 2044 3795 non
2056 3769 2173 3804 potest,
2185 3768 2246 3800 quia
2255 3767 2361 3791 variatio
2371 3766 2491 3791 scientiae

1421 3829 1480 3847 esse
1500 3830 1552 3846 non
1571 3826 1659 3854 potest
1677 3821 1733 3845 sine
1751 3821 1891 3844 variatione
1910 3820 2022 3845 scientis.
2047 3827 2100 3843 non
2118 3819 2187 3844 enim
2212 3818 2318 3843 scientia
2337 3822 2378 3842 est
2395 3816 2492 3842 relatio

1422 3874 1453 3898 de
1472 3874 1521 3898 illis
1539 3872 1708 3897 relationibus
1727 3878 1794 3904 quae
1813 3871 1934 3895 dicuntur
1950 3870 2111 3903 quandoque
2129 3870 2268 3895 convenire
2281 3874 2306 3894 et
2325 3876 2377 3893 non
2396 3874 2490 3892 conve-

1421 3924 1476 3949 nire
1495 3923 1595 3956 absque
1608 3923 1750 3948 mutatione
1763 3922 1818 3946 eius
1832 3922 1864 3946 de
1876 3929 1930 3954 quo
1943 3921 2071 3951 dicuntur,
2085 3920 2150 3945 sicut
2165 3920 2283 3944 dextrum
2302 3923 2329 3943 et
2346 3918 2489 3947 sinistrum,

1421 3980 1462 4000 est
1480 3975 1549 3999 enim
1570 3973 1675 3999 scientia
1694 3973 1791 4006 aliquid
1811 3973 1923 3997 scientis.
1946 3971 2030 4009 Deum
2052 3976 2137 3995 autem
2157 3977 2216 3994 esse
2239 3969 2346 3993 omnino
2368 3968 2488 3992 immuta-

1420 4026 1498 4051 bilem
1519 4033 1598 4057 supra
1616 4030 1752 4049 ostensum
1772 4029 1813 4048 est
1832 4019 1923 4060 (quia
1946 4019 2045 4049 divini
2069 4017 2250 4049 intellectus
2274 4015 2418 4054 cognitio
2443 4019 2490 4044 est

290 4093 354 4110 suae
367 4091 461 4110 causae
477 4085 600 4109 virtutem
613 4083 702 4115 recipit
719 4083 745 4107 in
764 4090 802 4113 se,
821 4082 891 4106 unde
910 4086 936 4106 et
954 4081 1040 4105 unitas
1060 4079 1178 4104 omnium
1194 4081 1364 4101 numerorum
1378 4083 1402 4103 75
1419 4073 1556 4103 omnino
1582 4070 1786 4108 invariabilis,
1811 4076 1846 4100 ut
1870 4075 2037 4100 ostensum
2062 4068 2132 4109 est.)
2157 4068 2174 4105 §
2191 4066 2309 4103 TertIa‚
2334 4067 2397 4100 quia
2419 4067 2491 4092 Inter

429 4143 525 4168 Sum
545 4141 657 4167 Counu
676 4141 810 4165 Gaurus
831 4140 862 4164 D.
881 4139 998 4164 Tnouaa
1017 4138 1087 4162 Tou.
1107 4137 1124 4161 l.

2313 4133 2346 4158 79

2516 490 2526 500 ‘
2540 490 2603 512 Casu
2617 495 2664 511 om.
2685 494 2716 511 eei

2519 1053 2628 1079 ¹7vbi.

2521 1721 2555 1742 5v
2572 1715 2716 1742 bi5.-p.¹7‹

2523 3089 2614 3110 isra!
2632 3094 2716 3115 -p.17

2521 3349 2530 3357 ·
2548 3347 2600 3368 Vid.
2616 3347 2645 3368 ad
2661 3348 2707 3368 loc.
