2768 4134
71 3116 80 3126 '
96 3115 131 3138 Cf.
147 3121 169 3137 n.
180 3122 211 3138 ιι.

72 3512 82 3522 ·
97 3510 133 3533 Cf.
148 3517 170 3534 n.
182 3518 223 3533 xn.

313 311 388 347 510

312 399 330 418 a
352 387 496 418 subiecto
521 374 668 425 respectu
693 384 784 414 cuius
804 382 918 412 dicitur
935 380 1130 414 accidentale
1146 379 1378 420 praedicatum,

312 433 432 470 absque
447 431 511 460 hoc
528 428 618 469 quod
634 428 714 458 ratio
732 427 867 457 subiecti
882 431 1102 461 removeatur3
1120 430 1151 455 et
1172 433 1271 455 omne
1286 432 1379 464 prae-

311 475 453 506 dicatum
477 473 568 513 quod
583 473 686 503 taliter
702 481 735 501 se
752 472 848 502 habet
864 470 903 501 ad
920 470 1103 500 subiectum
1127 475 1163 499 ut
1178 468 1280 509 possit
1295 467 1378 498 affir-

310 520 390 550 mari
406 524 438 549 et
460 518 569 558 negari
585 527 602 547 a
618 517 776 552 subiecto,
797 515 887 555 quod
904 520 950 545 est
966 523 1062 555 posse
1079 513 1190 544 adesse
1213 519 1245 544 et
1268 513 1379 543 abesse

311 565 349 594 ab
372 564 444 603 ipso
468 563 590 602 absque
606 561 800 592 detrimento
824 559 956 590 rationis
973 559 1052 595 eius,
1069 565 1117 589 est
1137 558 1296 594 accidens,
1313 557 1379 587 sive

310 606 504 638 accidentale
528 605 757 646 praedicatum.
781 622 804 627 —
827 604 860 635 Si
891 608 1000 634 autem
1031 603 1179 634 accidens
1207 602 1381 643 accipiatur

310 661 370 693 pro
393 651 548 681 materiali
571 655 697 681 tantum
720 654 751 680 et
774 648 910 680 naturali
927 647 1093 679 accidente
1116 653 1152 678 ut
1175 646 1381 686 distinguitur

311 701 422 727 contra
445 695 593 726 accidens
609 694 773 735 spirituale
797 699 830 724 et
851 693 1063 733 intelligibile,
1083 693 1127 723 sic
1143 693 1177 722 in
1193 691 1247 722 illa
1262 691 1380 721 descri-

309 741 421 781 ptione
436 741 570 770 nomine
585 739 719 771 subiecti
735 738 922 778 intelligitur
943 738 1162 777 compositum
1187 745 1225 767 ex
1249 735 1382 766 materia

311 790 342 815 et
364 784 478 815 forma.
495 784 591 815 Tunc
615 784 702 814 enim
726 792 825 813 omne
849 782 998 813 accidens
1015 786 1062 811 est
1084 781 1147 812 tale
1166 780 1257 821 quod
1272 785 1381 820 potest

311 829 420 860 adesse
437 834 470 860 et
484 829 606 865 abesse,
622 829 689 859 sive
705 827 886 858 secundum
910 835 978 857 esse
1002 826 1085 856 reale
1109 826 1175 856 sive
1199 824 1380 855 secundum

311 873 557 904 affirmationem
585 879 617 904 et
646 873 863 912 negationem,
895 872 1017 910 absque
1048 871 1098 900 sui
1127 870 1263 901 subiecti
1290 878 1380 900 com-

310 919 408 959 positi
432 928 470 950 ex
493 918 626 949 materia
650 923 681 947 et
704 916 807 947 forma
827 916 1050 955 corruptione:
1075 919 1183 954 potest
1206 914 1294 944 enim
1318 913 1381 944 tale

311 963 459 994 accidens
475 963 624 993 advenire
641 967 672 992 et
687 960 847 996 recedere,
863 965 919 989 aut
939 958 1121 989 secundum
1141 968 1209 989 esse
1226 958 1310 989 reale
1326 963 1382 988 aut

311 1007 491 1038 secundum
518 1006 809 1047 apprehensionem
831 1004 1024 1040 intellectus,
1048 1003 1170 1043 absque
1198 1003 1262 1033 hoc
1290 1002 1381 1043 quod

311 1052 435 1083 desinat
458 1061 527 1082 esse
550 1056 624 1081 actu
647 1050 840 1085 subiectum,
859 1054 915 1079 aut
938 1049 971 1078 in
995 1053 1108 1078 natura
1131 1053 1187 1078 aut
1209 1048 1242 1078 in
1266 1057 1382 1088 appre-

310 1097 477 1127 hensione.
502 1095 535 1126 Si
557 1095 644 1125 enim
668 1094 708 1124 sit
731 1093 879 1124 accidens
895 1092 1081 1132 separabile,
1103 1097 1181 1123 tunc
1205 1097 1313 1132 potest
1332 1102 1380 1122 se-

309 1141 412 1181 parari
435 1141 556 1180 absque
579 1139 642 1169 hoc
666 1137 757 1178 quod
780 1138 962 1168 subiectum
978 1138 1010 1168 in
1027 1142 1140 1167 natura
1164 1136 1289 1167 desinat
1312 1146 1381 1167 esse

310 1191 393 1222 actu,
417 1185 499 1215 sicut
521 1192 654 1214 somnus
677 1183 717 1212 ab
741 1182 881 1213 animali.
907 1182 939 1213 Si
963 1187 1073 1212 autem
1097 1182 1137 1212 sit
1160 1181 1310 1212 accidens
1332 1182 1381 1212 in·-

309 1229 483 1270 separabile
506 1227 687 1259 secundum
711 1237 780 1258 esse
803 1227 897 1263 reale,
922 1232 1030 1267 potest
1052 1226 1132 1257 illud
1154 1226 1289 1266 intelligi
1312 1235 1381 1257 non

308 1275 413 1305 inesse
436 1273 584 1304 subiecto
608 1273 729 1312 absque
756 1272 821 1302 hoc
851 1271 942 1312 quod
970 1271 1167 1311 intelligatur
1196 1271 1381 1302 subiectum

308 1328 376 1349 non
401 1327 470 1348 esse
493 1323 581 1348 actu:
602 1326 738 1357 possum
761 1317 849 1347 enim
865 1316 1043 1356 intelligere
1066 1325 1203 1346 corvum
1226 1325 1294 1346 non
1311 1325 1381 1346 esse

309 1363 449 1404 nigrum,
473 1368 505 1392 et
527 1368 636 1392 tamen
661 1360 902 1402 apprehendere
928 1361 1037 1401 ipsum
1064 1370 1133 1392 esse
1157 1365 1242 1397 actu,
1267 1370 1381 1401 appre-

309 1407 483 1438 hendendo
499 1407 607 1447 ipsum
623 1415 692 1437 esse
705 1406 825 1437 album.
843 1406 884 1436 Et
900 1406 1045 1436 similiter
1057 1415 1156 1436 omne
1168 1405 1259 1445 quod
1273 1411 1382 1446 potest

310 1452 420 1483 adesse
444 1457 476 1482 et
498 1452 608 1482 abesse
631 1456 756 1491 praeter
774 1451 910 1481 subiecti
935 1451 1110 1491 compositi
1125 1450 1380 1491 corruptionem,

310 1502 357 1527 est
369 1496 528 1527 accidens.
540 1513 562 1518 -
574 1495 651 1526 Non
667 1501 786 1532 autem,
803 1496 828 1526 si
845 1494 967 1535 aliquid
982 1496 1084 1536 possit
1095 1495 1207 1526 adesse
1223 1501 1255 1526 et
1271 1495 1382 1526 abesse

310 1542 489 1573 successive
512 1551 530 1571 a
553 1541 685 1571 materia
708 1541 811 1581 prima
834 1546 890 1571 aut
913 1550 930 1570 a
954 1539 1068 1577 forma,
1090 1549 1173 1580 quae
1196 1545 1273 1570 sunt
1294 1541 1382 1581 prin-

311 1587 394 1627 cipia
417 1586 600 1627 compositi,
624 1584 705 1616 illud
728 1591 776 1615 est
798 1585 957 1616 accidens.

367 1631 493 1662 Dicitur
517 1639 593 1670 ergo
617 1628 707 1670 quod
731 1630 867 1660 Sanctus
891 1629 1036 1660 Thomas
1058 1629 1175 1670 accipit
1197 1629 1281 1660 hanc
1298 1630 1383 1660 acci-

312 1677 415 1708 dentis
443 1675 695 1715 descriptionem
721 1680 758 1705 ut
788 1674 945 1705 accidenti
978 1673 1143 1706 dumtaxat
1172 1674 1328 1705 materiali
1351 1679 1384 1705 et

310 1720 446 1752 naturali
469 1719 633 1758 convenit,
653 1728 720 1759 quo
744 1718 845 1749 modo
869 1718 995 1749 videtur
1017 1719 1215 1759 Porphyrius
1239 1718 1278 1749 de
1299 1719 1383 1750 acci-

313 1766 408 1797 dente
423 1773 492 1795 esse
507 1764 654 1795 locutus:
678 1773 746 1794 non
771 1763 858 1794 enim
879 1763 919 1793 de
943 1763 1161 1803 spiritualibus
1179 1768 1211 1793 et
1234 1763 1383 1804 intelligi-

312 1810 429 1841 bilibus
445 1808 663 1839 accidentibus
679 1808 821 1848 aliquam
842 1808 1044 1839 mentionem
1068 1808 1153 1844 facit,
1177 1807 1234 1838 sed
1256 1813 1384 1839 tantum

313 1855 352 1886 de
381 1853 607 1885 materialibus.
639 1852 734 1884 Unde
762 1852 952 1883 conceditur
979 1852 1069 1893 quod
1092 1852 1328 1884 intellectiones
1353 1859 1383 1883 et

312 1899 498 1930 affectiones
514 1898 639 1928 animae
662 1897 877 1928 intellectivae
893 1905 961 1927 non
977 1903 1053 1927 sunt
1075 1896 1253 1927 accidentia
1268 1906 1383 1928 secun-

312 1944 390 1974 dum
414 1941 504 1982 quod
537 1941 686 1972 accidens
714 1951 770 1981 per
794 1942 877 1973 hanc
909 1942 1100 1981 assignatam
1131 1940 1383 1981 descriptionem

312 1987 515 2018 describitur:
532 1986 608 2016 licet
623 1986 769 2016 absolute
785 1986 848 2016 sint
864 1984 1041 2016 accidentia
1054 1991 1086 2016 et
1101 1985 1283 2025 praedicata
1300 1986 1383 2017 acci-

311 2031 449 2063 dentalia
471 2030 646 2070 spiritualia
669 2035 701 2060 et
724 2029 944 2069 intelligibilia.

368 2076 396 2107 3.
421 2076 532 2106 Potest
554 2075 650 2105 etiam
673 2074 763 2105 aliter
789 2073 991 2114 responderi:
1016 2073 1166 2105 videlicet
1189 2073 1279 2114 quod
1302 2074 1383 2106 illud

310 2121 432 2152 dictum
455 2129 523 2150 non
547 2119 663 2160 accipit
686 2118 822 2150 Sanctus
846 2118 991 2149 Thomas
1014 2119 1078 2149 hoc
1100 2118 1176 2149 loco
1197 2124 1233 2149 ut
1257 2124 1304 2149 est
1327 2119 1382 2150 de-

309 2166 440 2207 scriptio
456 2165 563 2205 quinti
578 2163 808 2205 praedicabilis,
826 2163 917 2204 quod
933 2163 1050 2194 dicitur
1064 2163 1285 2203 praedicatum
1298 2165 1382 2195 acci-

310 2210 451 2246 dentale;
476 2208 532 2240 sed
555 2214 653 2249 prout
668 2209 702 2239 in
718 2214 909 2249 argumento
930 2209 1021 2239 omni
1044 2207 1169 2239 formae
1193 2208 1382 2240 accidentali

309 2255 438 2286 attribui
465 2253 599 2285 videtur.
627 2253 711 2284 Nam
741 2263 809 2284 non
840 2259 887 2284 est
919 2253 971 2284 illa
1003 2253 1176 2293 descriptio
1207 2253 1382 2285 accidentis

310 2306 346 2331 ut
361 2299 565 2339 distinguitur
588 2304 700 2329 contra
722 2298 947 2334 substantiam,
972 2303 1004 2328 et
1026 2303 1062 2328 ut
1085 2297 1203 2328 dicitur
1226 2297 1266 2329 de
1289 2299 1382 2330 omni

310 2344 414 2375 forma
430 2343 628 2374 accidentali.
645 2343 749 2374 Immo
766 2342 883 2374 falsum
899 2349 956 2378 est,
972 2347 1009 2372 ut
1022 2343 1129 2383 inquit
1141 2342 1277 2374 Sanctus
1289 2344 1381 2374 Tho-

309 2399 389 2425 mas,
413 2388 505 2429 quod
528 2397 627 2419 omne
651 2387 742 2428 quod
765 2387 894 2418 advenit
917 2387 1012 2418 alicui
1036 2393 1068 2418 et
1093 2387 1214 2418 recedit
1240 2388 1281 2419 ab
1308 2389 1380 2429 ipso

311 2434 431 2474 absque
455 2434 524 2464 eius
540 2433 758 2472 corruptione,
775 2432 922 2463 adveniat
943 2433 972 2462 ei
995 2431 1242 2470 accidentaliter,
1260 2433 1381 2464 scilicet

310 2485 465 2518 tanquam
488 2477 593 2508 forma
616 2476 831 2508 accidentalis.
849 2477 924 2507 Non
947 2477 1035 2508 enim
1058 2477 1111 2507 illa
1135 2478 1317 2518 propositio
1333 2484 1382 2509 est

309 2522 530 2554 universaliter
551 2531 636 2558 vera,
652 2522 714 2554 nisi
736 2522 870 2552 nomine
885 2521 1020 2553 subiecti
1035 2521 1230 2562 intelligatur
1252 2528 1380 2554 tantum

310 2568 530 2608 compositum
554 2576 592 2597 ex
616 2567 748 2598 materia
765 2572 796 2597 et
812 2566 925 2597 forma.
950 2567 998 2597 Ex
1022 2567 1086 2597 hoc
1109 2573 1218 2598 autem
1242 2577 1311 2599 non
1330 2578 1380 2599 se-

310 2613 418 2653 quitur
441 2611 531 2653 quod
554 2611 662 2642 solum
684 2611 718 2643 id
741 2611 831 2652 quod
855 2611 984 2642 advenit
1003 2618 1035 2642 et
1058 2611 1179 2643 recedit
1201 2622 1220 2643 a
1243 2622 1380 2653 compo-

309 2658 382 2694 sito,
406 2657 446 2688 sit
469 2655 627 2693 accidens,
652 2662 687 2687 ut
717 2656 751 2687 in
782 2657 967 2687 obiectione
998 2657 1164 2697 accipitur.
1193 2656 1262 2688 Stat
1292 2658 1380 2689 enim

309 2702 405 2733 simul
440 2700 531 2742 quod
561 2709 660 2732 omne
691 2700 866 2732 adveniens
897 2702 1084 2742 composito
1115 2711 1154 2732 ex
1184 2702 1318 2733 materia
1348 2708 1381 2734 et

309 2745 412 2777 forma
435 2752 467 2777 et
482 2745 635 2777 recedens
651 2745 691 2776 ab
707 2754 748 2776 eo
765 2746 887 2786 absque
910 2747 980 2777 eius
995 2747 1217 2786 corruptione,
1233 2747 1274 2778 sit
1296 2747 1380 2778 acci-

309 2791 402 2822 dens:
428 2796 459 2822 et
482 2796 590 2822 tamen
614 2791 654 2821 sit
676 2790 809 2830 aliquod
831 2790 917 2822 aliud
941 2790 1100 2827 accidens,
1125 2791 1216 2831 quod
1232 2791 1380 2823 adveniat

309 2836 416 2867 solum
439 2835 572 2866 formae.

362 2880 402 2911 X.
426 2880 477 2911 Ad
499 2880 645 2921 quintam
660 2878 834 2919 respondet
850 2879 1000 2919 negando
1017 2879 1220 2912 antecedens.
1246 2881 1287 2912 Et
1303 2881 1380 2913 dicit

308 2926 425 2965 primo,
451 2924 541 2965 quod
557 2929 690 2955 manent
705 2925 738 2955 in
755 2925 862 2955 anima
877 2930 1021 2965 separata
1043 2925 1223 2966 intelligere
1239 2931 1271 2956 et
1287 2926 1380 2963 velle,

309 2979 393 3009 quae
415 2979 472 3010 per
495 2978 615 3009 organa
631 2978 699 3000 non
715 2975 913 3000 exercentur.
931 2968 1146 3009 operationes
1169 2976 1279 3001 autem
1295 2980 1380 3012 quae

308 3023 365 3054 per
380 3023 499 3054 organa
515 3023 672 3054 corporea
688 3019 886 3050 exercentur,
899 3023 967 3045 non
990 3020 1139 3045 manent:
1157 3015 1279 3046 scilicet
1294 3021 1379 3055 actu,

309 3058 364 3089 sed
387 3059 469 3089 bene
492 3059 526 3089 in
549 3058 666 3094 radice,
691 3064 846 3098 quae-est
870 3059 1006 3090 essentia
1029 3059 1165 3090 animae.

362 3103 447 3134 Dicit
470 3102 614 3134 secundo
626 3103 653 3139 *,
670 3102 760 3143 quod
776 3103 954 3143 intelligere
970 3113 1045 3135 cum
1062 3105 1283 3145 phantasmate
1300 3114 1380 3136 con-

308 3149 395 3178 venit
410 3149 535 3179 animae
551 3147 730 3179 secundum
747 3147 838 3188 quod
861 3154 908 3179 est
927 3149 1055 3189 corpori
1079 3149 1186 3180 unita:
1204 3149 1281 3190 quia
1296 3150 1380 3181 sicut

309 3201 426 3232 corpus
447 3198 494 3223 est
510 3192 675 3233 quoddam
692 3193 761 3223 eius
777 3198 999 3230 stramentum,
1016 3199 1047 3225 et
1070 3194 1253 3226 subiectum
1276 3195 1379 3235 ipsam

309 3238 477 3277 recipiens,
500 3237 575 3268 licet
591 3246 659 3268 non
683 3236 862 3277 dependeat
886 3248 903 3268 a
927 3247 1065 3279 corpore
1088 3238 1270 3270 secundum
1294 3248 1378 3275 esse;

309 3281 351 3311 ita
374 3281 560 3322 intelligere,
585 3282 644 3312 etsi
666 3291 733 3311 non
759 3281 939 3322 dependeat
955 3293 973 3313 a
989 3292 1126 3323 corpore
1150 3289 1306 3324 tanquam
1321 3293 1380 3325 per

310 3334 468 3365 organum
492 3326 661 3367 corporale
685 3327 870 3363 exercitum,
899 3327 995 3358 habet
1021 3333 1131 3359 tamen
1155 3328 1322 3359 obiectum
1343 3329 1378 3359 in

310 3378 456 3410 corpore,
481 3371 601 3401 scilicet
624 3371 823 3411 phantasma.
844 3389 862 3393 —
879 3371 1031 3403 Similiter
1046 3372 1209 3403 reminisci
1227 3373 1287 3404 sibi
1309 3381 1378 3404 non

311 3415 461 3444 convenit
484 3415 543 3445 nisi
569 3424 625 3455 per
647 3416 799 3446 virtutem
824 3417 1029 3456 cogitativam
1060 3422 1092 3447 et
1121 3418 1378 3455 memorativam,

310 3467 366 3497 per
389 3468 487 3498 quam
511 3465 739 3500 praeparantur
761 3461 993 3500 phantasmata.

365 3502 450 3534 Dicit
472 3504 567 3534 tertio
580 3505 606 3540 ⁹,
631 3504 721 3544 quod
749 3506 875 3536 animae
899 3510 1072 3546 separatae,
1089 3505 1166 3546 quia
1189 3505 1285 3537 habet
1309 3515 1379 3537 esse

312 3546 379 3576 sola
391 3547 511 3588 absque
523 3557 670 3588 corpore,
683 3558 751 3580 non
768 3550 919 3580 convenit
931 3549 1109 3590 intelligere
1121 3559 1179 3591 per
1193 3555 1378 3591 respectum

313 3589 351 3619 ad
372 3590 477 3630 aliqua
501 3593 626 3623 obiecta
649 3593 682 3623 in
699 3594 843 3633 corporis
860 3595 987 3634 organis
1011 3595 1187 3631 existentia,
1204 3603 1288 3635 quae
1303 3600 1378 3626 sunt

313 3634 543 3672 phantasmata:
568 3636 623 3667 sed
646 3637 792 3677 intelligit
816 3647 873 3678 per
895 3640 1043 3679 seipsam,
1060 3649 1118 3680 per
1140 3638 1279 3671 modum
1302 3639 1378 3670 sub-

313 3678 496 3709 stantiarum
520 3686 745 3720 separatarum,
769 3692 786 3712 a
810 3683 927 3722 quibus
952 3684 1082 3714 uberius
1105 3682 1307 3715 influentiam
1329 3693 1378 3714 re-

684 305 871 342 SUMMA
901 303 1122 340 CONTRA
1151 300 1426 346 GENTILES,
1454 301 1549 338 LIB.
1571 301 1613 345 ΙΙ,
1643 299 1755 336 CAP.
1776 300 1933 345 LXXX,
1962 301 2134 338 LXXXI.

1433 379 1539 418 cipere
1563 378 1683 418 poterit
1706 377 1746 408 ad
1768 377 1944 418 perfectius
1966 378 2224 420 intelligendum.
2255 380 2359 412 Cuius
2381 383 2510 423 signum

1433 427 1564 463 apparet
1587 423 1621 453 in
1642 423 1825 453 viventibus
1836 423 1863 453 ¹².
1889 422 1924 453 In
1940 423 2070 463 quibus,
2091 429 2215 463 quanto
2231 426 2340 456 anima
2353 428 2456 467 magis
2471 427 2511 458 ab

1433 467 1650 507 occupatione
1675 467 1759 498 circa
1785 476 1904 507 corpus
1927 467 2097 507 proprium
2121 474 2153 499 et
2180 469 2278 500 etiam
2301 479 2320 500 a
2347 472 2512 512 corporeis

1432 512 1579 542 sensibus
1594 511 1774 548 retrahitur,
1791 517 1882 542 tanto
1897 512 2000 552 magis
2015 513 2130 553 recipit
2149 514 2355 554 superiorum
2377 515 2511 556 impres-

1433 557 1577 587 sionem:
1595 561 1631 586 ut
1646 560 1735 596 patet
1749 556 1784 586 in
1800 555 2046 594 dormientibus,
2063 557 2121 598 qui
2136 557 2313 598 aliquando
2329 560 2513 600 percipiunt

1434 600 1475 631 de
1503 600 1618 631 futuris
1642 601 1907 640 contingentibus
1937 601 2046 642 aliqua
2074 611 2158 642 quae
2187 602 2327 634 modum
2350 604 2512 636 humanae

1432 645 1687 676 ratiocinationis
1707 644 1879 682 excedunt,
1896 654 1935 676 ex
1950 647 2157 686 superiorum
2173 647 2402 688 impressione;
2423 655 2455 680 et
2478 650 2512 681 in

1433 689 1719 730 syncopizantibus
1743 695 1775 721 et
1798 691 1933 721 extasim
1956 691 2067 731 passis.
2091 691 2197 729 Unde,
2222 692 2355 733 quando
2380 694 2439 724 erit
2462 700 2512 725 to-

1433 734 1537 765 taliter
1553 734 1659 764 anima
1676 744 1694 764 a
1711 743 1849 775 corpore
1866 741 2020 776 separata,
2036 736 2263 768 assimilabitur
2278 737 2421 778 perfecte
2437 739 2512 770 sub-

1434 779 1556 810 stantiis
1579 779 1731 819 separatis
1754 784 1914 819 quantum
1937 779 1978 810 ad
2001 780 2140 812 modum
2162 782 2363 823 intelligendi

1491 823 1578 854 Dicit
1600 829 1728 863 quarto,
1745 823 1837 864 quod
1852 825 2016 855 reminisci
2031 826 2174 866 proprie,
2190 835 2267 858 cum
2282 827 2323 858 sit
2345 833 2436 859 actus
2455 837 2513 869 per

1436 877 1633 908 corporeum
1649 877 1809 908 organum
1826 870 1995 906 exercitus,
2011 875 2048 900 ut
2063 870 2219 910 probatur
2233 871 2267 902 in
2283 871 2366 902 libro
2386 872 2426 904 de
2441 873 2513 904 Me-

1435 912 1542 943 moria
1567 917 1598 943 et
1619 913 1885 949 Reminiscenfia,
1909 923 1978 945 non
2001 919 2149 945 remanet
2170 915 2205 946 in
2228 916 2337 947 anima
2356 923 2512 958 separata.

1435 957 1468 988 Si
1485 963 1594 988 tamen
1618 958 1798 998 aequivoce
1815 963 1971 995 sumatur,
1987 958 2170 990 secundum
2186 959 2277 1000 quod
2300 962 2449 993 nominat
2463 963 2513 993 in-

1435 1001 1646 1042 telligentiam
1670 1011 1787 1034 eorum
1802 1012 1887 1043 quae
1911 1003 1985 1043 quis
2008 1003 2098 1043 prius
2115 1004 2218 1041 novit,
2242 1005 2288 1035 sic
2311 1011 2457 1038 remanet
2478 1007 2513 1038 in

1435 1047 1556 1078 anima:
1582 1056 1669 1083 cum,
1694 1053 1731 1078 ut
1752 1048 1902 1087 superius
1925 1053 1974 1079 est
1997 1053 2176 1085 ostensum,
2207 1049 2333 1090 species
2361 1050 2514 1091 intelligi-

1435 1091 1515 1122 biles
1538 1092 1572 1122 in
1595 1091 1764 1123 intellectu
1786 1091 2001 1123 indelebiliter
2022 1093 2228 1133 recipiantur.

1490 1135 1578 1167 Dicit
1601 1136 1730 1177 quinto,
1753 1136 1845 1177 quod
1869 1146 1986 1174 amare,
2010 1137 2161 1177 gaudere,
2185 1143 2219 1170 et
2240 1138 2441 1176 huiusmodi,
2465 1149 2515 1171 se—

1435 1180 1581 1212 cundum
1606 1180 1697 1221 quod
1720 1187 1796 1212 sunt
1823 1182 1950 1212 animae
1977 1182 2144 1222 passiones
2172 1188 2204 1213 et
2230 1187 2321 1214 actus
2351 1184 2515 1224 appetitus

1435 1226 1588 1262 sensitivi‚
1612 1235 1681 1257 non
1705 1231 1839 1257 manent
1861 1226 1895 1257 in
1919 1226 2027 1258 anima
2049 1232 2204 1268 separata.
2228 1226 2294 1259 Sed
2320 1228 2413 1265 bene,
2437 1237 2514 1259 cum

1435 1270 1585 1300 voluntas
1609 1271 1650 1301 sit
1664 1271 1811 1311 potentia
1823 1280 1892 1302 non
1909 1276 2005 1302 utens
2020 1281 2155 1312 organo,
2170 1277 2339 1303 remanent
2355 1277 2392 1304 ut
2407 1274 2514 1305 nomi-

1434 1321 1512 1346 nant
1527 1315 1710 1356 simplicem
1725 1321 1836 1346 actum
1851 1315 2037 1352 voluntatis,
2055 1317 2113 1356 qui
2135 1322 2186 1348 est
2200 1317 2324 1357 absque
2346 1318 2514 1358 passione:

1435 1369 1503 1400 quo
1527 1359 1630 1391 modo
1645 1359 1763 1391 dicitur
1778 1360 1836 1391 VII
1850 1360 1968 1396 Ethic„
1985 1360 2077 1401 quod
2091 1361 2183 1392 Deus
2198 1371 2266 1392 una
2282 1361 2422 1402 simplici
2439 1372 2516 1404 ope—

1435 1405 1566 1435 ratione
1585 1405 1727 1446 gaudet;
1743 1410 1775 1435 et
1789 1405 1824 1436 in
1842 1405 1872 1436 X
1895 1405 2051 1442 eiusdem,
2073 1405 2164 1446 quod
2179 1407 2214 1437 in
2238 1406 2516 1447 contemplatione

1435 1450 1612 1490 sapientiae
1628 1455 1675 1481 est
1687 1449 1859 1481 delectatio
1872 1450 2097 1487 admirabilis-,⁶
2113 1456 2145 1481 et
2159 1451 2194 1482 in
2210 1451 2294 1488 vm,
2311 1451 2403 1491 quod
2417 1461 2516 1485 anor

1435 1494 1600 1525 amicitiae
1622 1495 1662 1525 ab
1685 1495 1862 1530 amatione,
1887 1504 1972 1535 quae
1995 1501 2043 1526 est
2065 1495 2184 1536 passio,
2207 1495 2424 1536 distinguitur.

1489 1539 1542 1570 Sic
1565 1540 1662 1580 igitur
1685 1545 1774 1580 patet
1796 1539 1887 1581 quod
1909 1540 2031 1571 multae
2056 1541 2263 1581 operationes
2286 1546 2456 1573 remanent
2480 1542 2516 1574 in

1436 1584 1543 1615 anima
1566 1590 1720 1625 separata,
1745 1584 1821 1615 licet
1842 1594 1912 1616 non
1935 1584 2117 1616 secundum
2134 1585 2277 1616 eundem
2291 1585 2431 1617 modum
2446 1594 2516 1627 quo

1437 1634 1512 1660 sunt
1535 1629 1568 1660 in
1593 1629 1701 1660 anima
1723 1629 1824 1660 unita.

1493 1673 1547 1703 XI.
1573 1672 1667 1704 Circa
1690 1673 1872 1704 secundum
1896 1673 2020 1705 dictum
2043 1674 2140 1705 huius
2155 1675 2388 1715 responsionis,
2403 1674 2516 1707 adver-

1437 1717 1583 1755 tendum,
1605 1728 1682 1750 cum
1697 1718 1814 1749 dicitur
1829 1718 1973 1749 animam
1996 1718 2115 1750 habere
2131 1718 2290 1750 obiectum
2306 1719 2339 1750 in
2364 1728 2514 1760 corpore,

1437 1763 1561 1794 scilicet
1578 1763 1786 1803 phantasma,
1817 1763 1896 1804 quia
1919 1772 2039 1804 corpus
2069 1768 2118 1794 est
2147 1763 2218 1795 eius
2245 1768 2460 1795 stramentum
2483 1769 2516 1796 et

1437 1808 1624 1843 subiectum,
1648 1807 1749 1848 quod,
1774 1808 1800 1839 si
1832 1808 1939 1840 anima
1969 1809 2009 1838 sit
2038 1809 2072 1839 in
2096 1817 2246 1849 corpore,
2274 1814 2307 1839 et
2332 1817 2454 1849 corpus
2475 1809 2516 1841 sit

1438 1853 1507 1883 eius
1530 1858 1744 1883 stramentum
1768 1857 1800 1883 et
1823 1853 2017 1889 subiectum,
2037 1858 2170 1893 oportet
2191 1858 2228 1884 ut
2251 1862 2372 1894 corpus
2394 1853 2436 1886 ad
2456 1853 2516 1886 ali-

1438 1896 1517 1937 quid
1531 1896 1690 1928 deserviat
1700 1897 1827 1928 animae
1839 1897 2034 1937 operationi:
2049 1897 2207 1937 alioquin,
2219 1906 2298 1928 cum
2307 1906 2377 1929 esse
2388 1898 2516 1932 animae

1437 1941 1476 1971 ab
1500 1941 1572 1981 ipso
1595 1950 1664 1972 non
1688 1940 1880 1981 dependeat,
1897 1940 2014 1972 frustra
2036 1946 2120 1972 esset
2135 1941 2226 1972 unita
2241 1950 2282 1972 co

1437 1994 1513 2016 cum
1536 1995 1604 2016 non
1629 1985 1787 2016 deserviat
1810 1985 1870 2016 sibi
1892 1984 1934 2016 ad
1955 1985 2204 2026 intelligendum
2227 1995 2286 2026 per
2300 1986 2439 2019 modum
2461 1995 2516 2021 or-

1436 2030 1511 2070 gani
1535 2035 1567 2060 et
1589 2030 1806 2066 instrumenti,
1829 2038 1962 2061 necesse
1978 2035 2026 2061 est
2048 2036 2085 2061 ut
2107 2029 2266 2062 deserviat
2287 2031 2348 2062 sibi
2370 2039 2411 2063 ex
2425 2036 2516 2072 parte

1437 2075 1566 2105 obiecti.
1592 2074 1680 2106 Cum
1703 2075 1793 2106 enim
1815 2074 1959 2115 indigeat
1980 2075 2124 2115 recipere
2146 2075 2273 2116 species
2297 2075 2516 2117 intelligibiles

1436 2129 1455 2149 a
1478 2119 1701 2156 sensibilibus;
1718 2124 1751 2150 et
1765 2128 1816 2150 res
1831 2119 2010 2156 sensibiles,
2031 2119 2214 2152 secundum
2229 2120 2322 2161 quod
2336 2126 2413 2152 sunt
2427 2125 2516 2153 extra

1437 2164 1590 2200 animam,
1605 2173 1675 2195 non
1695 2164 1760 2195 sint
1774 2163 1991 2204 intelligibiles
2006 2164 2068 2195 nisi
2084 2164 2118 2195 in
2134 2165 2290 2205 potentia,
2307 2170 2340 2197 et
2353 2174 2424 2197 non
2437 2173 2516 2207 pos-

1437 2209 1500 2239 sint
1522 2209 1694 2240 immutare
1718 2208 1935 2240 intellectum:
1960 2209 1987 2240 si
2010 2207 2150 2240 debeant
2171 2208 2243 2241 fieri
2265 2215 2340 2243 actu
2362 2209 2515 2252 intelligi-

1436 2253 1526 2290 biles,
1550 2259 1682 2294 oportet
1703 2253 1773 2284 illas
1789 2254 1822 2284 in
1846 2252 1992 2294 quodam
2008 2263 2077 2285 esse
2100 2253 2212 2294 aliquo
2227 2254 2331 2286 modo
2355 2255 2514 2289 abstracto

1436 2299 1526 2339 poni,
1549 2298 1584 2328 in
1601 2307 1669 2339 quo
1693 2299 1828 2340 possint,
1845 2298 1942 2330 simul
1959 2307 2036 2329 cum
2050 2298 2217 2331 intellectu
2238 2305 2364 2339 agente,
2380 2308 2515 2332 moveto

1434 2343 1636 2374 intellectum
1648 2343 1847 2383 possibilem.
1860 2343 1936 2374 Hoc
1943 2348 2054 2389 autpm
2065 2342 2101 2374 fit
2113 2343 2192 2375 dum
2199 2352 2258 2384 per
2269 2344 2470 2384 phantasiam
2481 2350 2522 2376 et·

1435 2388 1505 2420 eius
1521 2396 1681 2428 organum
1693 2396 1891 2428 corporeum
1906 2387 1990 2419 fiunt
2005 2388 2228 2428 phantasmata
2238 2388 2382 2429 ipsarum
2394 2397 2514 2427 remm,

1433 2438 1467 2464 et
1490 2433 1536 2464 sic
1559 2433 1686 2464 animae
1710 2433 1859 2464 existenti
1877 2433 1913 2464 in
1927 2441 2068 2473 corpore
2090 2442 2189 2465 suum
2213 2433 2380 2465 obiectum
2403 2433 2515 2469 uniunt

1435 2483 1468 2508 et
1490 2476 1526 2508 fit
1549 2478 1786 2518 propinquum.
1802 2494 1825 2500 -
1842 2476 1876 2508 ln
1901 2477 2009 2509 anima
2031 2482 2141 2509 autem
2165 2477 2325 2515 sensitiva,
2345 2478 2422 2511 licet
2443 2486 2514 2512 non

1435 2522 1616 2563 requiratur
1638 2527 1675 2553 ut
1697 2531 1794 2553 suum
1818 2522 1985 2554 obiectum
2008 2521 2065 2553 fiat
2087 2523 2120 2554 in
2144 2527 2230 2559 actu,
2253 2523 2330 2563 quia
2353 2531 2404 2555 res
2426 2528 2515 2557 em

1436 2567 1578 2598 animam
1601 2566 1784 2598 secundum
1807 2576 1841 2598 se
1865 2572 1914 2598 est
1936 2572 2012 2598 actu
2041 2567 2210 2604 sensibilis,
2238 2572 2270 2598 et
2299 2576 2368 2599 non
2390 2567 2515 2609 indiget

1435 2612 1544 2653 aliqua
1559 2612 1773 2643 abstractione
1785 2611 1826 2643 ad
1841 2612 1906 2643 hoc
1921 2617 1958 2643 ut
1973 2617 2105 2643 moveat
2115 2621 2262 2649 sensum;
2278 2613 2312 2644 in
2323 2613 2388 2643 hoc
2403 2617 2514 2644 tamen

1435 2656 1598 2698 dependet
1621 2666 1639 2687 a
1663 2665 1812 2697 corpore,
1833 2655 1924 2698 quod
1947 2657 2018 2688 eius
2034 2657 2182 2697 operatio
2204 2666 2273 2689 non
2296 2656 2333 2688 fit
2356 2658 2427 2689 sine
2440 2666 2514 2691 cor-

1435 2711 1539 2743 poreo
1561 2702 1790 2733 instrumento.

1491 2745 1737 2778 Advertendum
1760 2746 1868 2782 etiam,
1892 2755 1969 2777 cum
1991 2745 2110 2778 dicitur
2125 2746 2283 2786 quoniam
2301 2755 2365 2787 per
2385 2746 2514 2789 cogita-

1435 2791 1533 2822 tivam
1558 2795 1589 2822 et
1615 2791 1864 2822 memorativam
1882 2795 2132 2831 praeparantur
2152 2790 2396 2831 phantasmata,
2421 2789 2514 2832 quod

1434 2836 1499 2867 hoc
1522 2845 1591 2867 non
1614 2837 1660 2867 sic
1682 2835 1931 2876 intelligendum
1947 2842 1995 2866 est
2018 2836 2111 2876 quasi
2125 2836 2205 2867 istae
2224 2837 2391 2876 potentiae
2413 2835 2448 2868 in
2462 2844 2513 2868 so-

1433 2881 1511 2921 ipsis
1527 2880 1749 2921 phantasmata
1763 2879 1916 2917 forment,
1931 2889 2008 2911 cum
2024 2879 2210 2921 phantasiae
2222 2885 2256 2912 et
2274 2880 2513 2921 imaginationis

1435 2925 1600 2957 dumtaxat
1615 2926 1656 2956 sit
1678 2926 1902 2966 phantasmata
1916 2925 1950 2956 in
1966 2933 2000 2956 se
2016 2925 2149 2956 habere:
2167 2924 2223 2956 sed
2244 2926 2322 2970 quia
2336 2924 2377 2957 ad
2400 2934 2512 2960 earum

1434 2970 1618 3002 motionem
1641 2969 1822 3002 formantur
1837 2970 1871 3002 in
1887 2970 2054 3011 phantasia
2074 2969 2297 3010 phantasmata
2318 2969 2465 3002 ordinata
2478 2974 2513 3006 ot

1434 3015 1538 3046 taliter
1554 3014 1710 3056 disposita
1733 3020 1770 3046 ut
1792 3015 1855 3045 sint
1878 3019 1953 3055 apta
1976 3020 2008 3045 et
2031 3014 2259 3046 convenientia
2287 3014 2510 3049 intenectioni.

1490 3059 1559 3090 XII.
1573 3059 1669 3091 Circa
1680 3069 1718 3090 ea
1731 3068 1815 3100 quae
1827 3059 1981 3090 dicuntur
1995 3059 2029 3090 in
2045 3058 2140 3090 tertio
2157 3058 2246 3091 dicto
2261 3059 2511 3101 responsionis·

1435 3104 1475 3135 de
1487 3105 1675 3145 cognitione
1691 3103 1877 3136 futurorum
1889 3113 1908 3134 a
1922 3104 2115 3140 viventibus,
2131 3103 2200 3135 duo
2215 3109 2292 3136 sunt
2306 3102 2509 3139 suadenda

1434 3149 1580 3180 Primum
1596 3154 1644 3180 est
1659 3148 1750 3190 quod
1766 3148 1902 3180 habetur
1916 3157 1937 3180 a
1950 3147 2070 3180 Sancto
2087 3148 2218 3180 Thoma
2230 3148 2257 3180 11
2273 3148 2339 3186 11⁸⁸,
2348 3158 2383 3190 q·-
2395 3156 2509 3184 am,

1434 3203 1462 3224 a.
1484 3195 1536 3231 ι’,
1554 3199 1585 3225 et
1607 3194 1714 3230 Ver-it„
1731 3203 1763 3234 q.
1781 3203 1835 3230 xn,
1852 3203 1880 3224 a.
1898 3193 1929 3230 3,
1946 3192 2048 3234 quod,
2071 3202 2148 3224 cum
2170 3194 2206 3225 in
2229 3193 2426 3234 cognitione
2440 3191 2508 3225 duo

1434 3239 1506 3276 sint,
1530 3238 1653 3270 scilicet
1677 3238 1818 3279 receptio
1842 3243 1874 3270 et
1898 3238 2054 3269 iudicium
2071 3237 2111 3270 de
2132 3237 2276 3279 receptis,
2293 3237 2319 3269 si
2334 3237 2510 3277 loquamur

1433 3288 1594 3324 quantum
1617 3283 1658 3314 ad
1681 3283 1904 3324 receptionem
1928 3289 1960 3314 et
1983 3283 2287 3324 apprehensionem,
2302 3281 2474 3313 abstractio
2490 3291 2509 3313 a

1433 3328 1591 3365 sensibus,
1607 3333 1644 3359 ut
1659 3327 1775 3359 accidit
1797 3328 1831 3358 in
1848 3326 2084 3359 dormientibus
2099 3332 2132 3358 et
2146 3326 2280 3359 extasim
2292 3325 2404 3367 passis,
2420 3326 2509 3358 iuvat

1433 3372 1473 3404 ad
1496 3373 1719 3414 receptionem
1747 3372 1999 3413 impressionum
2022 3381 2044 3402 a
2065 3370 2247 3403 substantia
2270 3370 2433 3411 separatis
2449 3375 2510 3403 aut

1432 3427 1452 3448 a
1469 3417 1663 3458 corporibus
1674 3417 1908 3458 superioribus,
1921 3422 1954 3448 et
1969 3415 2009 3448 ad
2025 3424 2136 3448 earum
2151 3415 2408 3456 perceptionem.
2421 3415 2508 3454 Quia

1432 3462 1539 3493 anima
1561 3462 1721 3503 vigilantis
1744 3467 1776 3494 et
1799 3461 1919 3493 utentis
1942 3460 2088 3492 sensibus
2115 3460 2199 3491 circa
2222 3460 2384 3492 sensibilia
2408 3468 2507 3493 oceu—

1432 3512 1542 3547 patur:
1568 3507 1681 3548 ligatis
1702 3512 1810 3538 autem
1827 3505 2046 3537 exterioribus
2060 3504 2215 3540 sensibus,
2233 3505 2408 3536 interiores
2422 3504 2509 3537 vim

1431 3551 1472 3581 ab
1495 3551 1699 3582 exteriorum
1730 3549 1930 3582 sensibilium
1961 3549 2151 3580 tumultibus
2180 3549 2379 3590 quietantur,
2403 3554 2436 3581 et
2458 3549 2507 3581 sic

1431 3596 1539 3637 magis
1556 3596 1728 3636 percipere
1744 3598 1887 3636 possunt
1909 3594 2084 3625 interiores
2099 3594 2328 3635 impressiones
2337 3594 2454 3636 saetas
2472 3593 2506 3625 in

1432 3640 1596 3671 intellectu
1619 3640 1671 3671 vel
1694 3639 1941 3681 imaginatione.
1966 3638 2002 3669 ln
2026 3638 2085 3670 hac
2110 3644 2218 3670 autem
2242 3638 2428 3670 futurorum
2451 3646 2507 3670 co·

1431 3685 1576 3724 gnitione
1590 3684 1741 3715 dicuntur
1753 3683 1950 3715 dormientes
1962 3683 2129 3723 percipere
2144 3683 2252 3724 aliqua
2269 3691 2353 3724 quae
2369 3681 2507 3715 modum

2539 432 2547 440 ·
2559 431 2593 453 Cf.
2601 434 2658 454 text.
2671 435 2694 453 et
2704 436 2754 453 var.

2284 1942 2384 1983 rpori.
2409 1941 2516 1980 Unde,
2566 1960 2568 1962 v

2538 3068 2547 3078 ·
2561 3066 2634 3089 Num.
2648 3073 2672 3089 x.

2538 3204 2546 3211 ·
2561 3201 2607 3224 Ad.
2621 3208 2640 3228 t,
2650 3206 2672 3223 a.
