2768 4134
46 3045 120 3074 'Cap.
128 3052 177 3074 v,5;
187 3045 256 3068 s.Th.

290 290 366 337 248

289 378 364 399 cum
376 368 451 398 velit
468 363 730 405 unumquodque
746 373 815 394 esse
831 362 1012 393 secundum
1029 361 1119 402 quod
1135 362 1168 392 in
1185 371 1218 391 se
1235 362 1360 391 bonum

288 418 344 448 est,
372 412 447 442 licet
471 419 574 441 unum
605 409 702 439 etiam
732 408 859 439 ordinet
889 408 922 438 in
953 408 1079 438 bonum
1109 406 1249 436 alterius.
1274 405 1360 446 Ergo

287 461 372 486 amat
388 464 462 485 vere
479 460 510 484 et
526 464 559 484 se
580 460 612 484 et
635 453 705 484 alia.
725 471 745 475 -
759 452 918 483 Probatur
941 451 1185 492 consequentia.
1210 449 1298 488 Quia
1321 449 1360 480 ad

287 501 452 530 veritatem
477 498 594 528 amoris
618 498 791 538 requiritur
815 496 905 538 quod
928 505 1039 527 amans
1055 495 1131 525 velit
1154 495 1281 525 bonum
1304 494 1361 524 ali-

287 545 379 575 cuius
401 549 501 584 prout
525 548 572 573 est
596 543 675 573 eius.
700 541 784 572 Nam
808 543 833 572 si
857 542 982 571 bonum
1004 541 1073 571 eius
1090 539 1185 570 vellet
1201 539 1309 570 solum
1324 544 1361 569 ut

285 590 318 619 in
335 590 460 619 bonum
475 588 606 618 alterius
622 587 717 622 cedit,
734 596 791 627 per
806 586 955 617 accidens
975 585 1056 615 illud
1079 589 1253 614 amaretur:
1277 584 1361 614 sicut

287 634 342 673 qui
366 633 434 663 vult
457 633 569 662 vinum
595 632 776 662 conservari
800 637 836 661 ut
859 630 939 661 illud
954 630 1051 666 bibat,
1067 635 1122 659 aut
1138 629 1308 659 hominem
1325 634 1361 659 ut

285 678 345 708 sibi
368 678 409 708 sit
432 677 518 707 utilis
541 677 592 707 vel
615 675 822 707 delectabilis.

340 721 584 752 Advertendum
601 721 692 762 quod
715 730 773 772 per
794 720 959 751 veritatem
976 718 1101 749 amoris
1115 717 1265 758 intelligit
1281 717 1360 748 San-

286 771 357 797 ctus
373 766 519 797 Thomas
536 767 604 796 eius
620 765 785 807 propriam
801 765 959 795 rationem
975 768 1006 793 et
1022 761 1268 803 perfectionem.
1285 762 1360 792 Per-

285 810 372 842 fecto
389 811 476 842 enim
493 820 614 847 amore,
631 817 663 841 et
679 819 736 850 per
750 819 793 846 se,
811 809 883 849 quis
907 808 1006 839 alium
1030 812 1116 838 amat
1140 806 1273 848 quando
1290 807 1360 838 eius

285 857 412 886 bonum
435 855 504 886 vult
527 861 563 886 ut
587 855 656 886 eius
680 860 737 891 est,
762 859 794 884 et
816 863 884 883 non
907 858 1033 883 tantum
1057 857 1191 892 propter
1210 851 1358 882 alterum.

285 900 330 932 Ut
353 901 440 932 enim
464 899 581 931 dicitur
603 900 709 930 Prima
732 897 910 933 Secundae,
935 906 966 937 q.
988 906 1071 933 xxv1,
1095 906 1123 928 a.
1140 906 1172 936 4,
1195 897 1280 927 sicut
1303 905 1360 927 ens

279 954 344 986 per
357 955 392 976 se
409 945 600 985 simpliciter
621 949 669 975 est
682 943 770 984 quod
784 943 879 973 habet
893 951 969 978 esse,
986 951 1043 972 ens
1058 946 1167 972 autem
1181 941 1359 972 secundum

285 989 363 1031 quid
378 989 466 1031 quod
480 994 527 1020 est
542 990 574 1019 in
592 989 678 1024 alio;
694 988 739 1029 ita
754 988 873 1018 bonum
889 986 1079 1027 simpliciter
1094 991 1141 1017 est
1152 985 1241 1028 quod
1256 986 1359 1027 ipsam

284 1034 379 1064 habet
400 1033 584 1070 bonitatem,
602 1025 720 1063 bonum
744 1037 852 1062 autem
875 1030 1052 1062 secundum
1067 1030 1146 1072 quid
1161 1035 1209 1062 est
1224 1030 1258 1062 id
1272 1030 1360 1071 quod

285 1084 333 1109 est
354 1079 473 1108 bonum
497 1078 643 1108 alterius.
667 1077 712 1107 Et
734 1077 806 1107 ideo
830 1085 926 1107 amor
947 1085 1011 1117 quo
1035 1081 1169 1106 amatur
1182 1074 1310 1116 aliquid
1325 1080 1361 1105 ut

285 1123 316 1153 ei
330 1123 373 1154 sit
386 1123 515 1158 bonum,
529 1127 576 1153 est
590 1132 686 1152 amor
700 1121 907 1162 simpliciter:
921 1130 1018 1151 amor
1029 1125 1137 1151 autem
1149 1129 1214 1161 quo
1226 1125 1360 1151 amatur

285 1167 410 1208 aliquid
425 1172 460 1198 ut
482 1167 525 1197 sit
538 1167 657 1197 bonum
674 1166 820 1202 alterius,
837 1170 885 1196 est
900 1175 996 1197 amor
1010 1165 1187 1197 secundum
1203 1164 1291 1206 quid.

339 1212 583 1243 Attendendum
606 1220 741 1252 quoque
767 1210 859 1251 quod
889 1220 958 1242 non
987 1210 1176 1241 inconvenit
1199 1219 1304 1241 unum
1328 1215 1360 1240 et

284 1256 371 1288 idem
401 1257 434 1287 in
465 1266 499 1287 se
529 1257 654 1287 bonum
686 1265 755 1286 esse
785 1261 941 1296 tanquam
968 1255 1090 1286 habens
1113 1255 1303 1291 bonitatem,
1328 1260 1359 1285 et

284 1307 392 1332 tamen
424 1311 491 1332 esse
522 1301 619 1332 etiam
650 1299 836 1331 ordinatum
867 1299 907 1330 ad
937 1299 1066 1331 alterius
1093 1300 1218 1331 bonum
1247 1299 1358 1341 aliquo

284 1346 399 1377 modo:
425 1347 508 1377 sicut
527 1345 688 1376 medicina
704 1344 807 1376 dulcis
823 1351 855 1376 et
869 1346 902 1376 in
919 1354 953 1375 se
969 1345 1066 1376 habet
1082 1344 1358 1386 appetibilitatem‚

284 1396 316 1422 et
331 1391 372 1422 ad
387 1391 555 1422 sanitatem
571 1390 749 1422 ordinatur.
771 1389 848 1421 Ideo
863 1391 961 1421 etiam
975 1399 1045 1420 non
1061 1390 1250 1420 inconvenit
1267 1388 1359 1430 quod

284 1435 406 1476 aliquid
428 1436 616 1476 simpliciter
638 1441 775 1471 ametur,
799 1434 879 1466 dum
903 1435 931 1465 ei
957 1440 1087 1476 optatur
1110 1435 1236 1465 bonum
1262 1443 1359 1466 suum

284 1486 320 1511 ut
336 1486 384 1511 est
399 1490 510 1518 suum;
535 1486 566 1511 et
589 1480 724 1520 ulterius
740 1479 907 1512 ordinetur
922 1479 963 1511 ad
978 1479 1107 1511 alterius
1123 1480 1260 1510 bonum.
1277 1478 1360 1510 Illud

284 1531 393 1556 autem
424 1525 604 1557 secundum
628 1524 707 1566 quid
738 1531 863 1555 amatur
886 1523 976 1565 quod
998 1533 1068 1555 non
1091 1530 1216 1555 amatur
1239 1524 1300 1555 nisi
1325 1529 1360 1555 ut

284 1571 411 1601 bonum
433 1570 572 1602 alterius.
597 1570 732 1610 Propter
745 1569 810 1600 hoc
825 1570 932 1610 inquit
955 1568 1091 1600 Sanctus
1106 1569 1253 1600 Thomas
1269 1568 1359 1610 quod

256 1638 264 1642 -
284 1616 411 1646 bonum
434 1615 693 1655 uniuscuiusque
717 1614 806 1645 Deus
830 1614 900 1645 vult
922 1618 959 1644 ut
981 1619 1030 1644 est
1051 1614 1130 1650 eius,
1156 1623 1192 1644 ac
1215 1622 1274 1654 per
1295 1614 1360 1644 hoc

285 1659 548 1700 unumquodque
571 1669 646 1690 vere
669 1665 768 1689 amat:
797 1659 873 1690 licet
896 1668 1000 1690 unum
1023 1659 1056 1689 in
1081 1660 1206 1690 bonum
1231 1658 1360 1689 alterius

285 1704 423 1736 ordinet.
446 1704 525 1736 Vult
547 1705 635 1735 enim
658 1704 748 1735 Deus
771 1709 808 1734 ut
830 1703 1095 1744 unumquodque
1115 1703 1156 1734 sit
1179 1702 1359 1744 perfectum

285 1749 466 1780 secundum
490 1748 715 1780 conditionem
731 1758 807 1779 suae
823 1754 972 1785 naturae;
998 1754 1029 1778 et
1045 1748 1123 1784 vult,
1141 1757 1217 1778 curn
1233 1748 1308 1784 hoc,
1325 1754 1361 1779 ut

286 1803 391 1825 unum
414 1803 472 1835 per
495 1794 631 1825 alterum
654 1794 792 1824 iuvetur.

342 1838 379 1869 11.
405 1838 468 1870 Sed
492 1839 632 1869 occurrit
662 1837 799 1868 dubium
829 1837 914 1868 circa
943 1837 1116 1877 praedicta.
1147 1837 1230 1868 Nam
1253 1837 1361 1868 Prima

285 1883 389 1919 Parte,
413 1892 445 1924 q.
468 1893 520 1919 xx,
543 1892 571 1913 a.
597 1892 626 1919 2,
651 1882 691 1913 ad
714 1882 744 1918 3,
769 1881 887 1913 dicitur
913 1881 1004 1922 quod
1031 1881 1131 1917 Deus,
1150 1882 1289 1922 proprie
1312 1882 1361 1912 lo-

285 1928 423 1968 quendo,
441 1937 507 1958 non
524 1933 614 1958 amat
635 1932 807 1958 creaturas
830 1926 1044 1957 irrationales
1065 1936 1180 1957 amore
1198 1926 1362 1957 amicitiae

285 1973 332 2012 (et
346 1972 434 2003 idem
448 1971 574 2003 videtur
589 1972 695 2002 dicere
711 1971 752 2002 de
767 1980 879 2002 amore
893 1971 1160 2010 benevolentiae),
1176 1970 1233 2001 sed
1247 1980 1362 2002 amore

284 2022 410 2047 tantum
434 2016 723 2057 concupiscentiae,
741 2016 933 2056 inquantum
950 2015 1084 2046 ordinat
1102 2024 1158 2046 eas
1173 2014 1218 2046 ad
1233 2020 1361 2046 creatu-

285 2070 340 2092 ras
357 2060 536 2091 rationales
556 2065 588 2091 et
609 2060 653 2091 ad
667 2060 816 2101 seipsum.
841 2058 943 2098 Quod
959 2065 1068 2090 autem
1089 2059 1220 2100 proprie
1236 2065 1361 2091 amatur

284 2115 393 2136 amore
418 2105 714 2146 concupiscentiae,
731 2110 856 2135 amatur
879 2103 1062 2135 secundum
1085 2103 1165 2145 quid
1188 2109 1220 2135 et
1244 2110 1279 2135 ut
1302 2105 1360 2135 bo·

283 2159 364 2181 num
380 2150 519 2186 alterius,
536 2159 603 2180 non
625 2155 734 2180 autem
757 2149 945 2190 simpliciter
960 2154 997 2180 ut
1011 2149 1119 2190 ipsum
1135 2149 1252 2180 habeat
1267 2149 1360 2180 boni-

283 2201 393 2231 tatem,
417 2200 454 2225 ut
476 2195 612 2225 habetur
635 2194 741 2225 Prima
760 2193 940 2229 Secundae,
957 2194 1013 2224 ubi
1037 2203 1143 2235 supra.
1168 2193 1255 2234 Ergo
1272 2194 1361 2225 Deus

284 2249 352 2270 non
371 2240 439 2270 vult
458 2240 583 2270 bonum
599 2245 763 2270 creaturae
783 2238 975 2270 irrationalis
998 2238 1181 2270 secundum
1199 2238 1291 2280 quod
1314 2245 1362 2270 est

285 2285 364 2322 eius,
388 2283 445 2315 sed
467 2289 592 2315 tantum
617 2290 653 2315 ut
676 2289 725 2315 est
747 2284 891 2314 alterius:
915 2288 948 2314 et
969 2284 1074 2325 ipsam
1089 2293 1158 2314 non
1173 2293 1248 2315 vere
1263 2290 1361 2320 amat

284 2329 340 2360 sed
363 2328 544 2360 secundum
568 2328 656 2370 quid.
682 2328 785 2360 Cuius
809 2328 1000 2369 oppositum
1023 2329 1075 2359 hic
1099 2327 1225 2359 dicitur.

343 2383 372 2404 2.
389 2372 440 2404 Ad
457 2374 552 2404 huius
569 2373 774 2409 evidentiam,
787 2372 1060 2404 considerandum
1077 2379 1124 2404 est
1139 2373 1257 2414 primo.
1270 2373 1360 2414 quod

284 2427 352 2449 non
376 2423 423 2448 est
446 2418 533 2448 idem
557 2418 674 2454 dicere,
691 2419 795 2448 Amor
809 2417 968 2448 dividitur
984 2418 1016 2448 in
1034 2427 1181 2449 amorem
1197 2418 1362 2449 amicitiae

285 2468 317 2494 et
338 2472 483 2494 amorem
507 2463 796 2503 concupiscentiae,
821 2468 863 2498 et,
887 2464 991 2494 Amor
1009 2462 1167 2494 dividitur
1190 2463 1223 2494 in
1247 2463 1360 2494 amici-

285 2508 362 2538 tiam
387 2513 418 2538 et
440 2507 744 2548 concupiscentiam.
775 2507 860 2538 Nam
889 2508 994 2549 prima
1017 2507 1132 2539 divisio
1163 2514 1211 2539 est
1240 2517 1361 2540 conve-

284 2553 389 2583 niens:
414 2558 445 2583 et
469 2558 516 2583 est
539 2552 654 2584 divisio
679 2562 746 2584 non
770 2553 804 2584 in
827 2551 970 2584 diversos
994 2558 1084 2584 actus
1107 2553 1280 2593 appetitus,
1304 2553 1360 2584 sed

285 2603 331 2628 est
348 2597 463 2628 divisio
480 2597 625 2628 eiusdem
642 2603 733 2628 actus
749 2597 867 2628 amoris
891 2598 924 2629 in
949 2597 1088 2628 diversas
1105 2598 1254 2629 rationes.
1273 2597 1360 2629 Cum

284 2642 371 2672 enim
395 2651 501 2672 amare
525 2642 564 2672 sit
587 2641 668 2672 velle
692 2643 818 2673 bonurn
835 2641 940 2678 alicui,
957 2641 1045 2673 idem
1061 2648 1162 2678 actus,
1178 2641 1359 2673 secundum

284 2686 374 2727 quod
399 2686 497 2717 fertur
519 2687 552 2717 in
577 2686 609 2717 id
632 2687 685 2717 cui
708 2686 863 2717 volumus
886 2687 1023 2722 bonurn,
1041 2686 1158 2718 dicitur
1173 2696 1266 2718 amor
1281 2688 1361 2719 ami-

284 2732 387 2767 citiae,
403 2731 598 2771 inquantum
615 2731 806 2762 assimilatur
821 2732 992 2767 amicitiae,
1009 2731 1133 2763 amicus
1149 2733 1237 2763 enim
1253 2733 1360 2763 amico

283 2776 351 2806 vult
372 2777 513 2806 bonum:
538 2775 719 2807 secundum
743 2786 820 2807 vero
845 2776 936 2817 quod
960 2775 1059 2807 fertur
1076 2777 1108 2807 in
1125 2777 1250 2808 bonum
1270 2776 1361 2818 quod

283 2821 435 2851 volumus
448 2821 554 2856 alicui,
568 2820 684 2851 dicitur
695 2830 787 2851 amor
799 2822 1095 2862 concupiscentiae,
1109 2827 1242 2862 propter
1258 2831 1360 2862 quan-

284 2865 357 2896 dam
374 2865 618 2896 similitudinem
641 2864 681 2896 ad
705 2866 1022 2907 concupiscentiam;
1047 2876 1123 2897 nam
1148 2872 1179 2897 et
1203 2867 1360 2908 concupi-

284 2911 404 2941 scentia
421 2909 521 2941 fertur
536 2910 569 2940 in
586 2910 712 2941 bonum
736 2909 827 2951 quod
851 2910 947 2942 alicui
971 2910 1134 2947 volumus,
1151 2911 1226 2942 licet
1242 2909 1361 2943 feratur

283 2956 316 2985 in
340 2954 420 2985 illud
443 2955 638 2995 inquantum
663 2960 711 2985 est
733 2955 858 2986 absens.
882 2972 905 2978 -
928 2955 1078 2986 Secunda
1109 2962 1217 2987 autem
1245 2955 1360 2987 divisio

284 3005 366 3030 esset
389 3000 579 3040 incongrua.
604 2999 692 3030 Turn
717 2999 803 3040 quia,
829 3008 904 3030 cum
936 3000 1076 3030 amicitia
1100 3001 1140 3031 sit
1163 3001 1301 3037 habitus,
1325 3006 1362 3033 ut

285 3044 400 3075 dicitur
416 3043 487 3074 VIII
503 3043 608 3074 Ethic.
625 3044 653 3080 *,
677 3053 746 3075 non
770 3049 877 3085 potest
901 3044 1042 3075 dividere
1066 3054 1223 3083 amorem,
1240 3046 1297 3086 qui
1314 3051 1362 3077 est

285 3095 384 3119 actus.
409 3088 497 3119 Tum
521 3088 598 3128 quia
622 3098 714 3119 amor
738 3095 785 3120 est
807 3095 898 3119 actus
921 3098 939 3119 a
963 3090 1229 3130 concupiscentia
1249 3089 1360 3121 distin-

286 3139 370 3164 ctus:
396 3138 427 3163 et
450 3134 495 3164 sic
519 3142 586 3164 non
611 3139 719 3174 potest
741 3134 774 3164 in
804 3134 1102 3174 concupiscentiam
1132 3141 1163 3165 et
1186 3135 1360 3166 amicitiam

287 3177 396 3208 dividi.

342 3221 625 3253 Considerandum
642 3222 787 3253 secundo
803 3222 904 3263 quod,
918 3223 992 3253 licet
1005 3233 1072 3253 non
1089 3224 1151 3254 sint
1167 3223 1254 3255 idem
1270 3234 1362 3256 amor

287 3267 444 3297 amicitiae
469 3273 500 3297 et
524 3267 674 3303 amicitia,
700 3273 731 3297 et
754 3277 846 3297 amor
877 3268 1160 3308 concupiscentiae
1185 3274 1216 3299 et
1240 3278 1361 3300 concu-

287 3311 450 3350 piscentia,
475 3311 652 3352 aliquando
676 3317 784 3342 tamen
816 3322 909 3342 amor
935 3313 1094 3343 amicitiae
1122 3314 1278 3353 accipitur
1301 3323 1361 3354 pro

287 3355 358 3395 ipso
382 3362 456 3386 actu
479 3357 649 3392 amicitiae,
674 3357 740 3387 sive
764 3366 824 3396 pro
847 3357 917 3397 ipsa
940 3357 1095 3393 amicitia;
1120 3363 1151 3389 et
1174 3367 1267 3388 amor
1283 3367 1362 3389 con-

288 3400 505 3439 cupiscentiae
528 3409 587 3441 pro
615 3401 684 3441 ipsa
715 3402 990 3442 concupiscentia,
1015 3408 1114 3443 prout
1137 3411 1229 3433 amor
1252 3408 1299 3434 est
1323 3403 1362 3434 de

288 3444 377 3474 bono
400 3445 548 3481 absente;
573 3445 629 3475 sed
652 3445 705 3476 illa
729 3455 797 3476 non
821 3452 869 3477 est
892 3447 1023 3487 propria
1047 3448 1194 3488 acceptio
1214 3447 1299 3478 illius
1315 3448 1363 3479 di-

290 3498 430 3519 visionis.

345 3532 626 3564 Considerandum
642 3535 748 3570 tertio,
766 3534 856 3575 quod
880 3535 1102 3566 benevolentia
1123 3535 1296 3577 dupliciter
1311 3547 1363 3568 ac-

291 3577 354 3615 cipi
378 3583 496 3616 potest:
523 3578 642 3609 scilicet
667 3580 895 3615 communiter,
912 3586 943 3610 et
967 3581 1107 3620 proprie.
1133 3580 1363 3613 Communiter

291 3627 418 3660 sumpta
442 3622 598 3661 significat
622 3629 729 3654 actum
746 3624 921 3655 voluntatis
938 3634 1005 3665 quo
1023 3625 1118 3656 alicui
1135 3625 1288 3656 volumus
1303 3627 1362 3657 bo-

290 3674 370 3695 num
387 3666 685 3708 quomodocumque
708 3674 744 3698 ut
767 3675 814 3699 est
837 3669 916 3700 eius.
941 3669 1075 3710 Proprie
1101 3676 1210 3701 autem
1233 3678 1362 3711 sumpta

888 283 1077 320 SUMMA
1107 282 1330 320 CONTRA
1359 281 1636 329 GENTILES⁷
1667 282 1779 319 CAP.
1799 283 1898 321 XCI.

1416 360 1575 401 significat
1598 367 1708 393 actum
1731 363 1906 394 voluntatis
1930 373 1997 403 quo
2021 364 2174 394 volumus
2198 364 2344 396 absolute
2368 365 2494 396 bonum

1416 405 1512 436 alicui
1537 410 1664 436 tantum
1688 411 1725 437 ut
1746 412 1794 438 est
1816 408 1886 438 eius
1909 408 2039 438 bonum.

1473 449 1502 480 3.
1527 450 1654 480 Dicitur
1677 460 1754 491 ergo
1778 452 1896 492 primo,
1921 452 2012 493 quod
2036 452 2076 483 ad
2098 453 2294 484 irrationalia
2312 453 2406 485 Deus
2425 463 2493 486 non

1415 495 1511 525 habet
1541 494 1729 531 amicitiam,
1761 497 1892 537 proprie
1925 503 2058 538 accepta
2091 497 2241 528 amicitia.
2267 496 2352 536 Quia
2384 508 2494 539 neque

1415 544 1552 579 possunt
1583 539 1691 570 Deum
1714 549 1868 578 reamare,
1892 551 2000 582 neque
2023 542 2069 572 illi
2093 542 2125 572 in
2143 543 2207 572 vita
2230 541 2440 574 intellectuali
2463 548 2495 574 et

1415 584 1508 614 beata
1532 585 1776 615 communicare
1806 591 1954 626 possunt,
1980 596 2064 627 quae
2092 592 2167 617 sunt
2194 586 2235 617 de
2264 587 2390 618 ratione
2413 588 2493 618 ami-

1416 629 1509 659 citiae
1533 628 1672 660 divinae.

1471 673 1597 703 Dicitur
1616 673 1773 710 secundo,
1799 674 1891 714 quod
1913 675 2004 706 Deus
2027 685 2065 706 ea
2088 682 2174 707 amat
2194 686 2308 707 amore
2330 677 2495 708 amicitiae

1386 706 1388 713 ¹
1414 718 1546 758 proprie
1570 723 1713 758 sumpto.
1738 718 1822 749 Nam
1846 718 1908 750 illis
1931 720 2001 751 vult
2022 720 2110 751 bona
2132 721 2289 751 naturalia
2313 727 2345 752 et
2368 730 2448 752 esse.

1471 762 1597 793 Dicitur
1612 764 1719 799 tertio,
1736 763 1827 804 quod
1851 772 1889 793 ea
1911 769 1997 794 amat
2017 774 2131 795 amore
2145 765 2388 796 benevolentiae
2403 775 2494 797 com-

1414 807 1557 837 muniter
1572 807 1671 838 dicto.
1690 807 1770 838 Vult
1785 808 1873 838 enim
1889 808 1935 838 eis
1951 817 2066 839 eorum
2086 810 2213 840 bonum
2234 810 2431 851 inquantum
2447 817 2495 841 est

1415 860 1531 882 eorum
1555 853 1695 883 bonum:
1721 861 1798 883 cum
1820 853 1861 883 sit
1883 861 1999 883 eorum
2023 862 2130 884 causa.
2153 853 2196 885 Et
2213 854 2280 886 hoc
2294 855 2400 886 voluit
2414 855 2494 887 San-

1415 902 1486 927 ctus
1503 896 1649 928 Thomas
1672 897 1714 928 111
1737 897 1837 933 Sent„
1861 896 1893 928 d.
1917 907 2014 934 xxxn,
2037 908 2066 929 a.
2087 908 2119 935 2,
2140 898 2181 930 ad
2203 908 2235 930 2.

1470 941 1596 973 Dicitur
1612 947 1739 983 quarto,
1756 940 1848 983 quod
1863 951 1901 973 ea
1916 952 1985 974 non
2007 948 2094 974 amat
2116 942 2339 975 benevolentia
2363 946 2494 986 proprie

1414 984 1508 1017 dicta.
1533 985 1619 1025 Quia
1642 996 1710 1018 non
1731 986 1800 1018 vult
1823 987 1869 1018 eis
1893 987 2019 1018 bonum
2042 997 2150 1019 suum
2163 993 2200 1019 ut
2223 993 2272 1019 est
2293 994 2421 1025 tantum
2437 999 2494 1020 eo-

1413 1039 1487 1060 rum
1510 1031 1648 1068 bonum,
1669 1031 1726 1062 sed
1745 1031 1843 1062 etiam
1863 1032 1990 1062 bonum
2014 1041 2129 1063 eorum
2147 1033 2181 1063 in
2205 1032 2332 1064 bonum
2355 1033 2493 1065 aliorum

1414 1075 1552 1106 ordinat.

1474 1120 1600 1151 Dicitur
1627 1121 1755 1161 quinto,
1783 1120 1875 1161 quod
1901 1121 1992 1152 Deus
2019 1131 2057 1152 ea
2083 1127 2170 1152 amat
2198 1130 2314 1154 amore
2341 1122 2495 1164 concupi-

1413 1165 1555 1196 scentiae
1577 1166 1710 1206 proprie
1731 1171 1876 1206 sumpto.
1900 1165 1987 1205 Quia
2001 1166 2071 1197 vult
2087 1167 2213 1198 bonum
2227 1167 2377 1207 ipsorum
2390 1168 2426 1199 in
2441 1177 2495 1199 or·-

1415 1209 1490 1240 dine
1513 1209 1554 1240 ad
1577 1216 1757 1242 creaturam
1780 1210 1982 1242 rationalem.

1470 1254 1598 1286 Dicitur
1621 1261 1723 1292 sexto,
1747 1254 1839 1296 quod
1861 1265 1931 1287 non
1955 1260 2040 1286 amat
2064 1265 2102 1287 ea
2124 1256 2387 1298 concupiscentia
2416 1266 2494 1299 pro-

1414 1299 1483 1339 prie
1510 1299 1605 1330 dicta.
1633 1299 1720 1338 Quia
1742 1299 1814 1330 talis
1841 1306 1932 1331 actus
1961 1300 1995 1331 in
2025 1299 2098 1331 Deo
2121 1310 2195 1333 non
2213 1301 2391 1333 invenitur:
2417 1311 2493 1333 cum

1414 1344 1697 1385 imperfectionem
1719 1344 1874 1376 includat.

1471 1389 1520 1420 Ex
1543 1389 1593 1420 his
1611 1390 1759 1430 sequitur
1781 1389 1873 1430 quod
1897 1389 1986 1421 Deus
2009 1389 2070 1420 ista
2085 1394 2118 1420 et
2139 1398 2252 1421 amore
2279 1391 2440 1422 amicitiae
2462 1397 2495 1423 et

1414 1442 1527 1465 amore
1542 1434 1829 1476 concupiscentiae
1844 1440 1944 1466 amat:
1961 1435 2159 1475 inquantum
2174 1440 2207 1466 et
2221 1435 2291 1466 vult
2307 1434 2353 1466 eis
2367 1436 2495 1468 bonum

1414 1483 1451 1509 ut
1474 1485 1522 1510 est
1545 1489 1661 1510 eorum
1691 1480 1828 1516 bonum,
1853 1484 1885 1510 et
1907 1488 1946 1511 ea
1969 1478 2010 1510 ad
2038 1478 2246 1511 rationalium
2276 1485 2495 1518 creaturarum

1414 1523 1587 1555 utilitatem
1603 1523 1740 1555 ordinat.
1764 1524 1806 1555 Et
1828 1524 1893 1555 hoc
1908 1522 2100 1565 significavit
2116 1523 2253 1556 Sanctus
2268 1524 2415 1557 'nioman
2429 1525 2495 1560 hoc

1414 1567 1490 1599 loco
1516 1567 1595 1599 dum
1618 1569 1726 1609 inquit
1748 1568 1840 1610 quod
1862 1568 1954 1600 Deus
1969 1569 2039 1600 vult
2053 1568 2173 1600 bonum
2189 1569 2445 1612 uniuscuiusque
2455 1571 2498 1604 sut

1415 1619 1463 1645 est
1484 1613 1564 1649 eius,
1589 1613 1664 1644 licet
1687 1623 1788 1644 unum
1812 1613 1910 1644 etiam
1934 1613 2066 1644 ordinet
2088 1613 2122 1644 in
2145 1614 2266 1645 bonum
2290 1614 2438 1655 alterius.
2467 1613 2483 1620 ”

1470 1667 1501 1698 4.
1526 1658 1579 1689 Ad
1601 1657 1740 1689 dubium
1763 1659 1874 1699 itaque
1897 1658 2015 1690 dicitur
2037 1657 2130 1698 quod
2145 1658 2284 1690 Sanctus
2298 1652 2470 1691 Thomas
2459 1668 2495 1691 m

1415 1703 1522 1734 Prima
1544 1702 1637 1734 Parte
1650 1703 1779 1755 ‚accipit
1801 1712 1948 1734 amorem
1972 1703 2139 1736 amicitiae
2159 1712 2221 1745 pro
2245 1704 2315 1745 ipsa
2337 1702 2495 1741 annicitia,

1416 1754 1452 1779 ut
1474 1753 1564 1789 patet
1587 1757 1626 1779 ex
1648 1748 1688 1779 iis
1710 1757 1795 1789 quae
1811 1748 1855 1779 ibi
1870 1747 1959 1784 dicit,
1975 1757 2045 1779 non
2061 1754 2172 1780 autem
2194 1757 2256 1790 pro
2277 1758 2394 1780 amore
2412 1748 2495 1785 arni·-

1416 1792 1512 1824 citiae
1534 1793 1666 1833 proprie
1689 1791 1788 1824 dicto.
1812 1791 1966 1824 Similiter
1987 1793 2244 1824 benevolentiam
2273 1793 2392 1836 accipit
2416 1802 2495 1841 pro—

1415 1838 1496 1878 prie,
1520 1846 1588 1867 non
1612 1841 1722 1868 autern
1745 1837 1966 1868 communiter
1996 1836 2126 1868 dictam.
2157 1837 2311 1876 Quorum
2341 1838 2496 1876 neutrum

1416 1887 1464 1912 est
1487 1881 1527 1912 ad
1550 1882 1756 1912 irrationalia.
1781 1881 1858 1912 Non
1882 1887 1992 1912 autem
2014 1887 2112 1922 negat
2135 1891 2212 1913 eum
2235 1891 2344 1914 amare
2369 1882 2496 1923 imito-

1415 1926 1500 1957 nalia
1530 1935 1645 1957 amore
1674 1925 1840 1957 amicitiae
1868 1926 2000 1967 proprie
2029 1931 2175 1967 sumpto,
2208 1932 2241 1958 et
2271 1926 2496 1960 benevehau·

1417 1971 1636 2002 communiter
1651 1976 1792 2011 sumpta,
1807 1976 1846 2002 ut
1860 1970 2017 2002 hocloco
2032 1970 2148 2002 voluit.
2172 1970 2250 2002 Ideo
2265 1980 2335 2003 non
2350 1972 2499 2013 sequ&

1417 2014 1508 2056 quod
1524 2024 1563 2046 ea
1578 2020 1665 2046 amet
1680 2021 1808 2046 tantum
1823 2014 2006 2047 secundum
2021 2015 2112 2057 quid,
2129 2021 2162 2048 et
2177 2015 2269 2057 quod
2284 2016 2377 2048 nullo
2391 2015 2497 2055 ιιοᾲο·

1416 2060 1492 2091 νεῙίι
1515 2059 1642 2091 bonum
1665 2065 1830 2092 creaturae
1852 2059 2044 2092 irrationalis
2067 2066 2104 2092 ut
2127 2066 2176 2092 est
2198 2060 2278 2103 eius.

1472 2103 1574 2143 Quod
1586 2109 1695 2135 autem
1706 2104 1833 2136 videtur
1843 2104 1889 2136 ibi
1901 2104 2008 2136 dicere
2019 2105 2177 2146 quoniam
2190 2115 2228 2136 ea
2236 2106 2354 2143 'amore
2369 2109 2496 2138 tantum

1416 2149 1697 2190 concupiscentiae
1716 2154 1815 2186 amat,
1832 2149 2079 2190 intelligendum
2103 2155 2152 2181 est
2174 2148 2214 2181 de
2237 2158 2349 2182 amore
2372 2156 2498 2182 concu-

1416 2194 1593 2234 piscentiae
1619 2199 1657 2225 ut
1679 2203 1698 2225 a
1720 2203 1796 2226 vera
1825 2194 1971 2226 amicitia
1997 2194 2222 2236 distinguitur:
2245 2194 2337 2236 quod
2361 2193 2496 2236 quiden

1416 2248 1562 2270 amorem
1585 2239 1750 2270 amicitiae
1771 2248 1842 2270 non
1868 2238 2021 2271 excludit.
2051 2239 2136 2271 Nam
2158 2240 2236 2280 quia
2257 2238 2498 2272 irrationalibus

1415 2293 1485 2315 non
1501 2283 1571 2315 vult
1585 2284 1712 2315 bonum
1735 2289 1772 2315 ut
1794 2289 1844 2315 est
1864 2289 1993 2316 tantum
2015 2284 2163 2325 ipsorum
2186 2285 2323 2322 bonum,
2339 2283 2397 2317 ned
2411 2289 2497 2323 ᾳμι

1417 2334 1464 2359 est
1486 2329 1634 2369 ipsorum
1658 2334 1690 2360 et
1713 2328 1811 2360 etiam
1834 2333 1872 2360 ut
1894 2329 1928 2360 in
1952 2328 2124 2361 utilitatem
2146 2329 2286 2361 aliorum
2306 2329 2403 2367 cedit,
2418 2327 2495 2373 ideo

1416 2373 1533 2404 dicitur
1554 2373 1608 2404 illa
1631 2383 1739 2404 amare
1763 2373 2049 2414 concupiscentiae
2075 2383 2197 2411 amore,
2222 2379 2254 2405 et
2276 2383 2345 2405 non
2367 2378 2495 2418 tantum

1416 2427 1527 2449 amore
1543 2418 1703 2450 amicitiae
1721 2418 1810 2459 (licet
1825 2417 1866 2449 ad
1882 2417 1935 2449 illa
1954 2418 2129 2450 amicitiam
2149 2427 2218 2451 non
2234 2418 2379 2459 habeat).
2403 2417 2495 2461 quod

1416 2469 1463 2494 est
1480 2472 1518 2494 ea
1533 2472 1640 2494 amare
1656 2472 1768 2494 amore
1791 2462 2077 2504 concupiscentiae
2091 2469 2219 2495 tantum
2234 2468 2271 2494 ut
2287 2468 2401 2495 contra
2415 2463 2496 2495 uni·

1416 2508 1525 2539 citiam
1547 2507 1765 2548 distinguitur,
1788 2517 1859 2539 non
1880 2513 1991 2539 autem
2014 2513 2051 2539 ut
2074 2513 2188 2540 contra
2213 2515 2361 2540 amorem
2383 2507 2496 2540 dhan·

1415 2553 1524 2594 guitur
1547 2553 1719 2589 amicitiae,
1742 2553 1831 2584 iuxta
1855 2562 1893 2584 ea
1915 2561 2000 2593 quae
2023 2552 2187 2594 praedicta
2210 2558 2295 2584 sunt.

1471 2597 1582 2628 Primo
1605 2606 1683 2638 ergo
1706 2596 1808 2628 modo
1839 2597 1986 2638 loquitur
2015 2597 2068 2629 hic
2099 2597 2236 2629 Sanctus
2260 2597 2421 2639 Thomas:
2445 2604 2495 2631 ne·

1417 2641 1526 2673 cundo
1550 2647 1660 2673 autem
1684 2641 1786 2673 modo
1810 2642 1844 2673 in
1867 2641 1974 2673 Prima
1998 2641 2101 2673 Parte.

1472 2686 1524 2717 111.
1545 2687 1656 2718 Tertio
1666 2687 1692 2717 ⁹.
1711 2685 1747 2718 ld
1770 2685 1858 2718 unde
1882 2687 1994 2717 omnia
2010 2687 2168 2718 uniuntur
2184 2686 2268 2723 Deo,
2285 2686 2409 2718 scilicet
2424 2682 2495 2718 eiua

1416 2732 1553 2767 bonitas,
1578 2740 1678 2772 quam
1702 2732 1814 2762 omnia
1836 2731 2013 2767 imitantur.
2030 2738 2078 2763 est
2098 2732 2278 2763 maximum
2294 2737 2327 2763 et
2340 2730 2494 2764 intimum

1416 2777 1504 2807 Deo:
1530 2786 1607 2807 cum
1630 2777 1670 2807 sit
1693 2777 1762 2817 ipsa
1791 2776 1930 2807 bonitas.
1961 2776 2048 2817 Ergo
2080 2777 2114 2807 in
2143 2776 2216 2807 Deo
2239 2782 2288 2808 est
2310 2785 2404 2808 amor
2423 2785 2495 2808 nun

1415 2821 1524 2852 solum
1549 2831 1653 2857 verus,
1677 2820 1733 2852 sed
1764 2821 1861 2852 etiam
1892 2820 2145 2862 perfectissimus
2175 2827 2207 2852 et
2235 2820 2448 2852 firmissimus.
2472 2838 2495 2844 -

1415 2866 1575 2897 Probatur
1598 2866 1843 2907 consequentia.
1868 2865 1955 2904 Quia
1978 2875 2089 2897 amans
2113 2875 2147 2897 se
2170 2866 2267 2897 habet
2287 2865 2328 2897 ad
2350 2871 2495 2905 amatum

1415 2911 1499 2942 sicut
1522 2910 1563 2942 ad
1586 2910 1619 2942 id
1643 2910 1735 2951 quod
1759 2916 1807 2942 est
1829 2910 1942 2951 aliquo
1965 2909 2068 2942 modo
2092 2919 2197 2942 unum
2213 2920 2290 2942 cum
2304 2910 2390 2951 ipso
2405 2909 2496 2942 Tum

1416 2957 1502 2996 quia,
1527 2965 1603 2987 cum
1627 2954 1892 2996 unumquodque
1914 2955 2103 2986 naturaliter
2124 2955 2202 2986 velit
2225 2961 2258 2987 et
2280 2961 2412 2996 appetat
2432 2963 2496 2986 suo

1416 3000 1517 3032 modo
1542 3001 1712 3042 proprium
1736 3000 1874 3036 bonum.
1897 3000 1924 3031 si
1947 3000 2012 3031 hoc
2034 3000 2151 3031 habeat
2170 3000 2290 3031 amoris
2305 3000 2388 3031 ratio
2404 2999 2496 3042 quod

1417 3055 1528 3077 amans
1551 3045 1627 3076 velit
1650 3046 1777 3076 bonum
1800 3045 1908 3081 amati,
1925 3045 2071 3086 sequitur
2094 3043 2186 3086 quod
2209 3054 2321 3076 amans
2344 3043 2386 3077 ad
2407 3048 2496 3082 am·

1416 3097 1487 3122 tum
1504 3100 1538 3121 se
1554 3090 1670 3121 habeat
1685 3090 1768 3121 sicut
1783 3089 1824 3121 ad
1838 3089 1872 3121 id
1889 3089 1980 3131 quod
1992 3095 2039 3121 est
2054 3089 2166 3130 aliquo
2182 3089 2285 3121 modo
2298 3098 2404 3122 unum
2418 3098 2496 3123 mm

1417 3145 1469 3166 eo.
1495 3135 1583 3166 Tum
1600 3135 1686 3176 quia,
1703 3140 1740 3165 ut
1756 3134 1934 3176 Dionysius
1957 3135 2075 3175 inquit,
2091 3143 2188 3165 amor
2210 3139 2258 3166 est
2281 3134 2329 3166 vis
2353 3133 2497 3165 unm:

1417 3186 1541 3221 quanto
1566 3185 1676 3210 autem
1700 3178 1733 3210 id
1756 3178 1844 3210 unde
1868 3188 1980 3210 amans
2004 3185 2052 3210 est
2075 3188 2179 3210 unum
2210 3187 2287 3210 cum
2317 3183 2425 3209 amato
2448 3182 2496 3209 est

1417 3226 1531 3261 maius,
1549 3230 1639 3255 tanto
1663 3230 1712 3255 est
1734 3233 1826 3254 amor
1849 3224 2020 3261 intensior;
2045 3230 2235 3265 quantoque
2259 3227 2307 3254 est
2329 3222 2431 3263 magis
2447 3222 2496 3254 in·

1416 3270 1535 3300 timum
1559 3275 1591 3300 et
1614 3269 1744 3299 unitum
1768 3269 1900 3305 amanti.
1923 3274 2015 3300 tanto
2039 3277 2132 3300 amor
2155 3273 2204 3299 est
2226 3266 2360 3298 firmior.

1472 3313 1567 3346 Circa
1595 3313 1682 3344 illam
1714 3314 1988 3354 propositionem,
2017 3311 2276 3354 Unumquodque
2298 3311 2497 3342 naturaliter

1419 3359 1488 3390 vult
1509 3368 1570 3389 suo
1594 3358 1691 3389 modo
1710 3358 1886 3399 proprium
1908 3357 2039 3394 bonum,
2064 3355 2297 3388 attendendum
2313 3355 2405 3396 quod
2419 3354 2496 3391 ideo

1418 3403 1498 3435 dixit
1512 3403 1650 3434 Sanctus
1657 3403 1804 3434 Thomas
1819 3411 1880 3434 suo
1896 3402 2004 3438 modo,
2016 3405 2151 3442 propter
2162 3400 2381 3432 diversitatem
2395 3401 2495 3442 appe·—

1418 3449 1547 3479 tituum.
1562 3447 1649 3479 Cum
1665 3447 1754 3479 enim
1770 3447 1810 3479 sit
1825 3447 1988 3488 appetitus
2001 3444 2133 3487 quidam
2149 3454 2239 3476 mere
2251 3445 2414 3482 naturalis,
2425 3454 2495 3476 non

1419 3501 1624 3533 consequens
1646 3492 1941 3533 apprehensionem
1956 3490 2138 3531 appetentis
2161 3489 2218 3521 sed
2240 3488 2379 3521 formam
2402 3495 2496 3522 natu·

1419 3538 1528 3573 talem.
1545 3538 1629 3568 sicut
1644 3537 1807 3578 appetitus
1821 3537 1924 3577 gravis
1947 3534 1988 3566 ad
2009 3535 2122 3566 locum
2146 3534 2315 3571 deorsum3
2339 3535 2380 3566 sit
2398 3535 2496 3566 etiam

1419 3582 1581 3623 appetitus
1601 3581 1748 3613 animalis
1771 3588 1977 3621 consequens
2001 3580 2295 3620 apprehensionem
2312 3588 2439 3616 sensus:
2465 3585 2497 3611 et

1419 3628 1459 3658 sit
1490 3627 1652 3667 appetitus
1684 3625 1849 3657 rationalis
1882 3633 2088 3665 consequens
2121 3624 2415 3665 apprehensionem
2447 3633 2496 3655 ra—

1419 3671 1531 3702 tionis:
1556 3669 1738 3702 secundum
1762 3669 1978 3701 diversitatem
2002 3674 2189 3700 naturarum
2212 3678 2431 3710 unaquaeque
2447 3678 2498 3700 res

2521 2673 2749 2710 *animusve-a:

2521 2698 2672 2736 dmm.
