2768 4134
78 2858 288 2914 {geresten

77 2912 210 2934 Comment.

325 286 401 326 562

375 374 407 404 4.
433 364 527 395 Circa
549 369 717 392 excessum
739 359 939 390 nobiliorum
955 367 1052 398 supra
1075 356 1279 397 ignobiliora,
1296 355 1390 385 intel·

320 407 486 450 ligendum
510 411 557 437 est
579 406 697 446 primo,
721 403 813 444 quod
836 403 972 434 Sanctus
988 402 1134 432 Thomas
1157 400 1233 431 facit
1256 408 1390 440 compa-

319 454 478 484 rationem
501 451 583 481 inter
607 459 644 480 ea
667 458 752 489 quae
774 457 833 488 per
855 457 889 477 se
912 446 1075 487 pertinent
1094 444 1134 476 ad
1154 443 1390 486 perfectionem

319 497 470 532 universi,
494 500 530 526 ut
553 493 670 525 dicitur
699 493 848 528 Veritate‚
866 501 897 532 q.
915 501 945 527 V,
962 501 990 521 a.
1009 490 1038 521 3.
1059 490 1151 521 Haec
1179 494 1288 520 autem
1315 493 1391 519 sunt

319 551 403 583 quae
425 541 545 571 habent
567 539 828 579 perpetuitatem,
852 541 888 567 ut
919 535 1116 566 substantiae
1145 533 1389 569 intellectuales,

319 595 456 626 corpora
479 583 637 619 caelestia,
667 587 699 612 et
729 582 852 622 species
880 589 990 611 rerum
1019 579 1294 620 corruptibilium:
1322 587 1391 608 non

318 636 427 661 autem
449 628 563 659 talium
586 627 769 667 specierum
784 625 961 656 individua.
979 623 1056 655 Ideo
1075 623 1258 665 propositio
1282 621 1390 654 Sancti

318 675 467 706 Thomae
498 673 532 703 in
562 672 630 702 istis
659 676 708 702 est
732 669 951 711 intelligenda.
977 669 1110 708 Quanto
1139 669 1227 699 enim
1257 665 1391 707 aliquod

317 720 455 750 istorum
485 726 569 758 quae
598 716 850 756 perpetuitatem
880 715 1009 750 habent,
1039 719 1087 744 est
1117 712 1272 748 nobilius,
1298 715 1390 741 tanto

318 762 442 795 excedit
465 762 645 802 quantitate
667 760 719 791 vel
742 769 880 791 numero
904 758 1108 799 ignobiliora.

373 805 622 847 Intelligendum
645 804 801 841 secundo,
826 803 916 845 quod
942 802 1093 834 nobilitas
1115 802 1253 831 istorum
1283 799 1390 840 dupli-

317 853 396 883 citer
413 856 521 893 potest
538 849 744 881 considerari.
761 850 836 880 Uno
853 847 967 884 modo,
984 845 1167 877 secundum
1184 844 1302 886 gradus
1317 852 1391 884 spe-

317 895 427 927 cificos
442 900 584 927 tantum:
601 899 638 926 ut
653 894 774 925 scilicet
789 892 869 924 illud
885 892 1009 923 dicatur
1027 890 1170 921 nobilius
1185 889 1277 931 quod
1294 888 1390 920 nobi-

315 941 390 972 liori
401 940 580 972 differentia
591 937 742 980 specifica
756 937 972 968 constituitur.
989 935 1065 966 Alio
1077 934 1190 971 modo,
1207 933 1390 965 secundum

315 985 432 1026 gradus
448 985 570 1016 ordinis
585 992 692 1014 rerum
707 983 741 1013 in
757 982 919 1017 universo,
943 981 1001 1021 qui
1016 979 1192 1010 attenditur
1206 978 1389 1010 secundum

317 1031 460 1062 diversos
482 1028 600 1060 modos
624 1026 762 1058 essendi:
791 1032 827 1057 ut
850 1026 972 1056 scilicet
1003 1024 1128 1055 dicatur
1156 1023 1332 1065 perfectius
1354 1023 1389 1053 in

315 1076 412 1106 rebus
435 1073 526 1115 quod
555 1072 595 1103 ad
625 1071 826 1112 superiorem
857 1076 889 1101 et
918 1068 1147 1110 perfectiorem
1174 1068 1325 1100 ordinem
1354 1067 1389 1098 in

316 1120 466 1151 universo
490 1117 638 1158 pertinet.
664 1115 751 1147 Cum
784 1124 862 1156 ergo
892 1114 1010 1146 dicitur
1038 1113 1201 1145 nobiliora
1230 1113 1266 1144 in
1292 1112 1389 1144 rebus

316 1168 466 1205 oportere
489 1161 643 1193 excedere
666 1169 805 1192 numero
834 1160 885 1191 vel
908 1158 1088 1200 quantitate
1110 1157 1316 1199 ignobiliora,
1339 1158 1388 1188 in-

315 1206 525 1248 telligendum
548 1211 606 1242 est,
629 1214 699 1236 non
729 1204 781 1249 de¹
800 1204 1016 1236 nobilioribus
1042 1202 1225 1235 secundum
1251 1202 1388 1244 gradum

314 1251 505 1294 specificum
519 1255 657 1287 tanturn,
674 1248 731 1280 sed
747 1249 787 1280 de
807 1249 1023 1281 nobilioribus
1039 1247 1222 1279 secundum
1238 1246 1387 1279 ordinem

315 1303 348 1328 et
369 1295 506 1327 modum
530 1294 668 1331 essendi,
692 1294 815 1326 scilicet
838 1294 879 1325 de
901 1294 940 1325 iis
965 1302 1050 1335 quae
1073 1292 1113 1324 ad
1137 1293 1340 1334 superiorem
1357 1297 1390 1323 et

314 1342 496 1383 digniorem
517 1339 665 1371 ordinem
682 1345 714 1370 et
733 1338 773 1370 ad
797 1339 998 1380 superiorem
1017 1337 1156 1369 modum
1172 1337 1300 1369 essendi
1315 1346 1388 1378 per-

314 1387 427 1418 tinent.
451 1383 547 1418 Unde
570 1384 695 1415 tollitur
718 1385 869 1415 instantia
893 1393 977 1424 quae
1000 1382 1070 1414 fieri
1093 1388 1204 1424 posset
1232 1382 1272 1414 de
1295 1391 1386 1419 auro,

314 1436 458 1472 argento,
482 1429 643 1471 lapidibus
666 1429 825 1470 pretiosis,
849 1428 1005 1465 balsamo,
1030 1433 1063 1459 et
1086 1427 1286 1464 huiusmodi,
1303 1436 1387 1468 quae

314 1475 448 1517 quidem
471 1479 547 1506 sunt
568 1474 679 1505 multis
704 1473 772 1505 aliis
796 1473 989 1515 corporibus
1013 1472 1184 1509 nobiliora,
1216 1478 1249 1504 et
1277 1477 1388 1503 tamen

313 1529 422 1562 neque
444 1518 667 1560 magnitudine
683 1528 792 1559 neque
807 1517 1016 1550 multitudine
1032 1517 1093 1548 alia
1109 1516 1280 1548 excedunt.
1297 1516 1389 1548 Con-

313 1571 375 1596 stat
398 1565 486 1596 enim
509 1563 601 1605 quod
624 1562 665 1594 de
688 1564 757 1595 istis
780 1573 849 1594 non
872 1563 1062 1604 intelligitur
1079 1562 1262 1603 propositio
1278 1561 1388 1593 Sancti

313 1610 478 1641 Thomae:
510 1610 588 1650 quia
616 1618 685 1640 non
715 1614 791 1639 sunt
817 1608 994 1649 superioris
1025 1606 1148 1638 ordinis
1171 1607 1204 1638 in
1234 1607 1388 1638 universo

314 1654 414 1696 quam
437 1654 499 1685 alia
522 1653 754 1695 corruptibilia,
779 1662 856 1684 cum
880 1658 912 1683 et
934 1653 1005 1694 ipsa
1029 1652 1069 1683 de
1093 1651 1208 1683 ordine
1229 1652 1389 1693 corrupti-

314 1699 430 1730 bilium
452 1699 530 1735 sint;
554 1699 630 1730 licet
653 1699 717 1728 sint
739 1698 900 1729 nobiliora
932 1696 1115 1728 secundum
1145 1696 1281 1737 gradum
1316 1705 1390 1738 spe-

315 1743 456 1775 cificum.
812 1742 814 1744 '

371 1789 424 1819 lx.
452 1787 591 1825 Quarto.
609 1787 748 1818 Formae
764 1797 849 1828 quae
865 1791 942 1818 sunt
965 1792 1052 1817 extra
1074 1786 1254 1823 materiam,
1270 1786 1391 1816 habent

315 1842 384 1864 esse
409 1832 604 1873 completius
621 1837 653 1862 et
668 1832 882 1863 universalius
899 1840 998 1872 quam
1014 1830 1140 1862 formae
1156 1840 1240 1871 quae
1259 1835 1334 1861 sunt
1356 1830 1390 1861 in

313 1878 456 1914 materia,
473 1886 556 1918 quae
575 1877 776 1917 recipiuntur
790 1877 825 1907 in
840 1876 974 1907 materia
996 1875 1179 1906 secundum
1202 1875 1272 1906 eius
1295 1884 1390 1915 capa-

314 1923 453 1953 citatem.
481 1921 568 1962 Ergo
592 1930 661 1951 non
684 1926 760 1952 sunt
789 1921 926 1952 minoris
955 1919 1173 1951 multitudinis
1196 1928 1296 1960 quam
1327 1919 1391 1950 sint

313 1967 437 2008 species
452 1974 560 1997 rerum
576 1965 803 1996 materialium.
818 1983 841 1988 -
857 1964 1015 1996 Probatur
1034 1964 1279 2004 consequentia.
1303 1963 1391 2002 Quia

314 2012 411 2043 etiam
433 2010 558 2052 species
580 2019 689 2041 rerum
719 2010 934 2041 materialium
957 2018 1025 2040 non
1053 2008 1310 2050 multiplicantur
1332 2017 1391 2049 per

313 2056 490 2092 materiam,
514 2054 571 2086 sed
594 2063 652 2095 per
674 2054 824 2086 formam.

368 2099 468 2132 Addit
490 2105 599 2131 autem
622 2099 700 2130 huic
729 2098 847 2130 rationi
870 2098 1008 2130 Sanctus
1031 2098 1188 2135 Thomas,
1213 2103 1250 2129 ut
1278 2097 1390 2128 falsam

314 2145 476 2176 dictorum
505 2153 641 2175 suorum
675 2144 976 2185 interpretationem
1008 2142 1172 2179 excludat,
1203 2141 1295 2184 quod
1320 2151 1388 2173 non

313 2195 446 2232 propter
468 2190 532 2220 hoc
557 2189 647 2230 (cum
671 2189 793 2220 scilicet
823 2188 979 2230 ponimus
1009 2188 1203 2219 substantias
1230 2192 1391 2229 separatas

258 2267 260 2270 ,
314 2235 432 2266 habere
455 2243 526 2265 esse
549 2233 745 2275 completius
765 2239 797 2265 et
819 2233 1032 2265 universalius
1048 2241 1148 2274 quam
1163 2231 1289 2263 formae
1305 2241 1390 2273 quae

314 2285 389 2310 sunt
410 2280 445 2310 in
467 2279 610 2315 materia,
634 2284 666 2310 et
687 2279 756 2310 illas
780 2276 949 2318 excedere)
971 2276 1109 2309 dicimus
1132 2277 1326 2309 substantias
1340 2286 1390 2308 se·-

314 2330 438 2365 paratas
462 2333 531 2355 esse
555 2323 678 2364 species
701 2324 821 2355 horum
845 2322 1056 2359 sensibilium,
1081 2327 1118 2354 ut
1140 2322 1310 2359 Platonici,
1333 2321 1390 2356 de-

316 2369 402 2410 cepti
425 2378 464 2400 ex
488 2378 527 2400 eo
553 2367 643 2409 quod
666 2368 700 2399 in
724 2377 836 2400 earum
856 2368 1007 2399 notitiam
1021 2377 1091 2399 non
1106 2368 1169 2398 nisi
1193 2377 1231 2398 ex
1255 2367 1390 2398 sensibi-

315 2414 400 2444 libus
422 2414 531 2444 venire
554 2408 697 2454 possent,
722 2418 916 2455 posuerunt:
942 2421 1018 2444 cum
1041 2413 1174 2444 materia
1201 2411 1390 2443 universalis

316 2459 356 2489 sit
372 2457 412 2489 de
427 2459 551 2489 ratione
567 2458 687 2498 speciei
703 2458 822 2489 horum
842 2457 1053 2489 sensibilium.
1071 2457 1135 2489 Sed
1151 2457 1290 2489 dicimus
1304 2457 1391 2498 ipsas

317 2512 385 2534 esse
408 2503 485 2534 alias
508 2503 631 2544 species
654 2503 830 2534 nobiliores
860 2503 937 2539 istis,
962 2507 1086 2544 quanto
1109 2511 1230 2544 purum
1257 2507 1306 2533 est
1328 2511 1389 2533 no-

316 2547 411 2578 bilius
434 2548 604 2588 permixto.

372 2601 402 2623 2.
427 2592 522 2624 Circa
536 2593 631 2623 istam
646 2592 918 2633 propositionem,
934 2592 1078 2624 Formae
1095 2601 1180 2633 quae
1201 2596 1280 2623 sunt
1292 2596 1390 2623 extra

316 2637 496 2673 materiam,
527 2637 646 2668 habent
673 2645 742 2668 esse
765 2637 954 2678 completius
985 2642 1016 2668 et
1045 2636 1266 2668 universalius
1291 2646 1389 2678 quam

307 2682 446 2723 somnae
467 2691 552 2723 quae
565 2686 643 2713 sunt
666 2681 698 2712 in
723 2682 871 2718 materia,
889 2681 1124 2713 attendendum
1140 2681 1232 2723 quod
1254 2691 1325 2713 non
1340 2681 1390 2713 lo-

317 2727 425 2767 quitur
446 2726 511 2757 hoc
534 2726 610 2757 loco
632 2725 768 2758 Sanctus
785 2726 931 2758 Thomas
947 2726 987 2758 de
1010 2726 1248 2758 universalitate
1264 2726 1390 2768 praedi·

317 2772 451 2802 cationis
467 2777 499 2802 et
514 2771 698 2812 potentialis
718 2772 948 2808 continentiae,
965 2770 1245 2813 quemadmodum
1265 2771 1392 2803 animal

317 2821 363 2846 est
386 2815 597 2847 universalius
623 2816 774 2847 homine:
804 2816 861 2847 sed
891 2816 931 2847 de
954 2817 1192 2848 universalitate
1217 2815 1391 2858 perfectio·

317 2860 396 2891 nalis
419 2860 649 2892 continentiae.
669 2860 713 2892 Ut
736 2862 824 2892 enim
840 2870 879 2892 ex
895 2862 1145 2902 superioribus*
1168 2866 1266 2902 patet,
1291 2866 1323 2892 et
1338 2861 1391 2892 hic

318 2905 412 2936 etiam
436 2905 587 2946 tangitur,
610 2904 735 2936 formae
758 2915 842 2946 quae
865 2906 1066 2952 recipiuntur
1095 2907 1129 2937 in
1155 2906 1298 2943 materia,
1322 2915 1391 2937 non

318 2950 436 2981 habent
459 2959 593 2981 omnem
615 2949 852 2991 perfectionem
875 2950 1002 2982 essendi
1030 2956 1139 2982 natam
1167 2951 1287 2992 speciei
1311 2960 1391 2982 con-

318 2995 436 3031 venire,
461 2994 537 3035 quia
553 2995 695 3036 aliquam
714 2994 942 3027 limitationem
964 2996 998 3026 in
1015 3005 1084 3026 esse
1100 3005 1178 3026 suae
1201 2996 1322 3036 speciei
1338 3005 1391 3027 ac-

318 3039 442 3080 cipiunt
458 3048 497 3070 ex
520 3039 667 3071 subiecto
687 3040 721 3070 in
745 3048 814 3081 quo
829 3040 1045 3081 recipiuntur:
1069 3039 1193 3071 formae
1209 3046 1318 3072 autem
1334 3049 1392 3082 per

318 3092 351 3114 se
367 3084 576 3115 subsistentes
592 3084 729 3115 omnino
753 3094 771 3115 a
787 3085 920 3116 materia
935 3090 1109 3126 separatae,
1129 3094 1199 3116 non
1214 3085 1392 3117 limitantur

319 3127 359 3158 ad
370 3128 511 3168 aliquem
527 3129 663 3169 gradum
679 3128 805 3160 essendi
820 3138 897 3160 suae
913 3130 1043 3171 speciei,
1056 3129 1113 3160 sed
1124 3130 1243 3161 habent
1257 3139 1390 3162 omnem

319 3173 553 3214 perfectionem
569 3172 695 3205 essendi
711 3178 819 3204 natam
842 3174 889 3205 illi
904 3174 1026 3215 speciei
1042 3175 1231 3211 convenire;
1256 3175 1344 3206 unde
1360 3181 1392 3207 et

320 3218 469 3250 dicuntur
488 3227 557 3250 esse
581 3218 736 3260 infinitae,
754 3217 836 3249 idest
858 3219 1045 3255 illimitatae,
1070 3219 1103 3250 in
1127 3228 1188 3250 sua
1205 3219 1319 3260 speeie.
1339 3219 1392 3251 Ad

320 3263 406 3294 hunc
431 3273 507 3304 ergo
524 3272 656 3294 sensum
671 3262 823 3295 dicuntur
838 3263 956 3295 habere
977 3273 1046 3295 esse
1062 3263 1257 3304 completius
1273 3270 1305 3295 et
1318 3266 1393 3296 uni·

322 3308 481 3344 versalius,
506 3308 583 3348 quia
612 3307 732 3339 habent
759 3317 860 3339 omne
889 3309 1171 3350 complementum
1199 3314 1230 3340 et
1258 3318 1392 3341 omnem

322 3351 554 3392 perfectionem
578 3352 704 3383 essendi
727 3362 803 3384 suae
827 3354 965 3395 speciei:
997 3358 1130 3384 naturae
1159 3358 1268 3384 autem
1291 3359 1392 3385 mate-

323 3396 413 3427 riales
435 3406 503 3427 non
526 3397 646 3428 habent
668 3406 767 3428 omne
791 3398 1071 3439 complementum
1088 3398 1138 3430 sui
1161 3407 1240 3435 esse,
1265 3399 1321 3430 sed
1337 3400 1392 3430 ha-

324 3441 399 3471 bent
421 3450 490 3472 esse
513 3442 595 3472 intra
617 3443 760 3482 speciem
776 3442 960 3474 limitatum.
980 3443 1055 3474 Hoc
1071 3448 1182 3474 autem
1206 3447 1252 3474 est
1275 3444 1392 3475 habere

325 3493 392 3515 esse
414 3486 624 3516 universalius
651 3486 831 3518 secundum
855 3488 1089 3518 continentiam
1115 3487 1392 3528 perfectionalem.

381 3528 410 3559 3.
428 3529 522 3560 Circa
535 3530 761 3570 probationem
774 3532 1037 3573 consequentiae,
1053 3531 1287 3564 attendendum
1303 3532 1393 3573 quod

326 3578 433 3611 posset
456 3574 570 3614 aliquis
593 3574 698 3606 dicere
720 3576 962 3607 multitudinem
982 3577 1165 3618 specierum
1180 3567 1393 3609 m'aterialium

327 3624 394 3646 esse
421 3617 575 3649 maiorem
605 3620 812 3651 multitudine
842 3621 1093 3653 substantiarum
1122 3621 1392 3659 immaterialium,

327 3660 403 3700 quia
425 3660 496 3692 illae
519 3672 576 3702 per
599 3665 764 3695 materiam
788 3665 1053 3706 multiplicantur,
1077 3675 1161 3707 quae
1189 3671 1236 3697 est
1262 3667 1296 3697 in
1320 3666 1392 3698 infi-

814 279 1003 317 SUMMA
1031 277 1254 315 CONTRA
1282 275 1559 320 GENTILES,
1587 274 1683 311 LIB.
1704 274 1746 320 IL
1776 273 1888 311 CAP.
1909 274 2024 312 XCII.

1445 355 1551 385 nitum
1575 353 1752 389 divisibilis,
1768 351 1848 383 dum
1864 352 2034 383 subiicitur
2049 354 2236 393 quantitati3
2258 355 2393 386 materia
2414 361 2525 388 autem

1445 408 1513 429 non
1530 403 1578 428 est
1601 398 1635 428 in
1655 397 1840 428 substantiis
1855 396 2031 428 abstractis.
2048 396 2138 434 Ideo,
2154 398 2220 429 hoc
2242 399 2428 437 excludens,
2445 400 2525 432 San-

1446 448 1516 474 ctus
1539 442 1686 473 Thomas
1702 441 1747 472 ait
1765 440 1856 482 quod
1870 441 2098 482 multiplicatio
2120 442 2235 474 talium
2257 444 2441 484 specierum
2455 455 2523 476 non

1446 493 1493 518 est
1508 496 1566 528 per
1581 487 1761 522 materiam,
1778 485 1835 516 sed
1849 495 1908 526 per
1924 485 2075 517 formam.
2087 486 2266 528 Propterea
2275 497 2345 519 non
2357 494 2406 520 est
2419 490 2525 521 maior

1446 541 1544 563 causa
1566 530 1848 572 multiplicationis
1870 531 1906 561 in
1929 531 2101 571 speciebus
2123 531 2343 563 materialibus
2367 542 2468 573 quam
2489 535 2524 565 in

1445 577 1631 608 substantiis
1654 575 1829 607 abstractis.
1853 574 1943 612 lde0,
1970 585 2048 607 cum
2077 576 2218 608 habeant
2244 576 2420 618 perfectius
2443 588 2524 615 esse,

1445 626 1587 662 oportet,
1611 621 1700 652 iuxta
1723 619 1973 661 praecedentem
1995 621 2167 658 rationem,
2191 626 2229 653 ut
2251 627 2308 652 aut
2329 622 2394 653 sint
2415 622 2524 663 plures

1445 666 1518 702 illis,
1543 671 1599 696 aut
1622 665 1737 696 saltem
1758 674 1830 696 non
1852 665 1917 695 sint
1938 666 2122 706 pauciores.
2144 665 2242 698 Unde
2264 667 2346 698 haec
2368 667 2451 699 ratio
2475 673 2524 700 est

1444 709 1667 751 praecedentis
1689 709 1824 740 rationis
1847 708 2066 742 confirmatio.

1499 754 1747 786 Advertendum
1768 759 1880 785 tamen
1896 753 1998 795 quod,
2021 755 2098 786 licet
2121 754 2208 786 dicat
2223 755 2360 787 Sanctus
2377 755 2524 789 Thomas

1444 800 1570 840 species
1592 808 1702 831 rerum
1725 798 1935 839 multiplicari
1957 808 2016 840 per
2038 798 2180 831 formam
2202 805 2235 832 et
2256 810 2326 832 non
2340 810 2400 842 per
2421 807 2526 834 mate-

1444 845 1534 881 riam,
1558 854 1618 885 per
1639 844 1704 875 hoc
1727 849 1838 875 tamen
1860 853 1930 875 non
1953 844 2024 875 vult
2046 843 2219 876 excludere
2241 846 2411 877 materiam
2434 856 2454 878 a
2475 856 2526 878 ra-

1444 890 1536 920 tione
1558 894 1591 920 et
1614 887 1794 930 quidditate
1816 889 2001 929 specierum
2014 888 2250 920 materialium:
2275 899 2352 921 cum
2366 890 2421 922 hic
2439 890 2526 923 dicat

1444 934 1613 965 materiam
1636 943 1706 965 esse
1729 933 1771 965 de
1794 934 1921 964 ratione
1943 933 2128 974 specierum
2150 934 2364 966 sensibilium.
2387 934 2453 967 Sed
2474 936 2525 968 in—

1443 978 1547 1010 tendit
1569 978 1662 1019 quod
1683 979 1754 1019 ipsa
1774 978 2005 1019 multiplicatio
2021 983 2070 1009 est
2091 988 2112 1010 a
2133 977 2240 1010 forma
2253 984 2411 1020 tanquam
2425 979 2466 1012 ab
2482 989 2524 1012 eo

1443 1033 1462 1054 a
1477 1032 1546 1064 quo
1562 1023 1701 1055 sumitur
1719 1022 1901 1054 differentia
1923 1023 2112 1060 essentialis,
2135 1022 2318 1055 secundum
2341 1033 2442 1065 quam
2458 1034 2526 1056 una

1443 1069 1568 1109 species
1580 1068 1620 1099 ab
1636 1068 1698 1099 alia
1712 1067 1828 1099 differt.
1842 1067 1977 1099 Materia
1988 1068 2077 1099 enim
2091 1067 2169 1099 licet
2182 1067 2380 1109 ingrediatur
2395 1068 2525 1110 quiddi-

1441 1118 1523 1144 tates
1535 1122 1644 1144 rerum
1659 1113 1886 1150 materialium,
1899 1118 2034 1154 propter
2049 1112 2275 1145 conditionem
2289 1112 2427 1151 formae,
2439 1123 2524 1155 quae

1443 1158 1541 1190 talem
1553 1163 1609 1189 aut
1624 1157 1723 1189 talem
1733 1158 1904 1189 materiam
1918 1157 2026 1198 exigit,
2038 1157 2079 1188 ab
2091 1158 2162 1199 ipsa
2174 1163 2287 1190 tamen
2299 1168 2372 1190 non
2385 1159 2525 1191 sumitur

1442 1202 1622 1234 differentia
1638 1202 1826 1240 essentialis,
1841 1202 1899 1234 sed
1913 1203 2016 1243 magis
2030 1202 2112 1234 ratio
2127 1203 2265 1243 generis.
2282 1203 2379 1236 Unde
2389 1213 2460 1235 non
2475 1209 2525 1236 est

1442 1249 1524 1279 ratio
1546 1247 1828 1288 multiplicationis
1850 1246 2033 1289 specificae,
2048 1247 2107 1279 sed
2124 1257 2198 1279 eam
2213 1249 2464 1280 concomitatur.

1497 1302 1530 1333 4.
1555 1292 1651 1324 Circa
1665 1292 1755 1324 illam
1769 1292 2032 1334 propositionem
2049 1292 2171 1324 ultimo·
2181 1293 2260 1325 loco
2274 1294 2427 1334 positam,
2442 1293 2525 1326 Sab-

1441 1337 1583 1369 stantiae
1615 1342 1791 1378 separatae
1822 1342 1902 1369 sunt
1933 1337 2056 1378 species
2089 1337 2270 1370 nobiliores
2302 1338 2522 1376 sensibilibus,

1441 1388 1564 1424 quanto
1582 1392 1708 1423 purum
1731 1387 1780 1414 est
1802 1382 1946 1413 nobilius
1968 1382 2149 1423 permixto,
2172 1382 2408 1416 advertendum
2432 1383 2524 1425 quod

1442 1436 1512 1460 non
1535 1427 1694 1468 accipitur
1710 1437 1837 1469 purum
1860 1432 1893 1458 et
1909 1427 2114 1468 permixtum
2142 1432 2181 1459 ut
2209 1427 2298 1460 idem
2327 1433 2406 1460 sunt
2431 1428 2529 1470 quod

1442 1473 1581 1514 simplex
1603 1478 1636 1504 et
1658 1472 1874 1514 compositum
1897 1482 1941 1503 ex
1963 1472 2076 1503 multis
2095 1472 2255 1510 alteratis,
2277 1482 2320 1505 eo
2334 1472 2438 1504 modo
2454 1483 2524 1515 quo

1442 1516 1596 1549 definitur
1617 1517 1732 1548 mixtio
1748 1517 1783 1548 in
1799 1517 1812 1548 1
1829 1517 1869 1548 de
1886 1516 2040 1548 Generat.
2053 1518 2080 1554 *,
2093 1516 2185 1558 quod
2196 1523 2245 1549 est
2255 1518 2465 1550 miscibiliun
2472 1519 2525 1551 al·-

1443 1567 1625 1594 teratorum
1642 1562 1736 1593 unio:
1747 1561 1805 1593 sed
1817 1566 1854 1593 ut
1865 1561 1955 1594 idem
1966 1567 2043 1593 sunt
2058 1561 2151 1603 quod
2166 1568 2357 1604 separatum
2373 1563 2415 1595 ab
2433 1564 2525 1595 omni

1443 1608 1555 1639 viliori
1577 1617 1612 1638 se
1635 1613 1667 1638 et
1689 1607 1900 1638 coniunctum
1927 1606 2049 1643 viliori,
2077 1612 2114 1638 ut
2139 1606 2228 1639 ida-
2255 1608 2298 1639 sit
2319 1608 2524 1650 permixtum

1443 1652 1535 1694 quod
1559 1651 1735 1694 impurum.
1758 1651 1812 1683 Sic
1835 1652 1924 1682 enim
1946 1657 2075 1683 constat
2098 1651 2191 1693 quod
2213 1662 2334 1694 purum
2358 1658 2408 1685 est
2426 1653 2524 1686 nobi·-

1443 1697 1507 1728 lius
1530 1697 1702 1738 permixto,
1725 1696 1809 1728 idest
1831 1697 1974 1737 impuro.

1500 1742 1540 1772 X.
1568 1741 1704 1778 Quinto.
1728 1741 1933 1773 Substantiae
1955 1746 2121 1782 separatae
2147 1746 2226 1772 sunt
2247 1741 2282 1773 in
2309 1750 2380 1773 esse
2405 1741 2525 1775 intelli-

1444 1786 1534 1827 gibili
1557 1786 1740 1818 secundum
1759 1795 1854 1817 suam
1868 1791 2029 1817 naturam.
2051 1786 2139 1827 Ergo
2162 1786 2269 1817 maior
2291 1791 2340 1818 est
2361 1786 2524 1828 possibilis

1445 1830 1666 1872 multiplicitas
1689 1831 1724 1862 in
1747 1831 1794 1862 eis
1817 1840 1918 1871 quam
1940 1831 1975 1861 in
2002 1831 2100 1862 rebus
2129 1830 2360 1868 materialibus,
2390 1837 2525 1873 pomata

1444 1875 1642 1916 proprietate
1666 1881 1699 1906 et
1720 1881 1836 1906 natura
1857 1876 1986 1915 generis
2011 1875 2195 1915 utriusque.
2219 1875 2307 1916 Ergo
2337 1877 2382 1907 ita
2411 1882 2462 1908 eat
2489 1876 2524 1908 in

1444 1925 1530 1950 actu.
1546 1937 1569 1942 —
1585 1920 1745 1950 Probatur
1767 1920 1872 1960 prima
1894 1919 2142 1960 consequentia.
2158 1919 2248 1958 Quia
2269 1921 2372 1961 magis
2395 1926 2445 1952 est
2465 1921 2525 1953 alis·

1444 1963 1524 2005 quid
1535 1963 1782 2005 multiplicabile
1797 1963 1981 1995 secundum
1995 1973 2094 1995 suum
2114 1973 2185 1996 esse
2198 1964 2402 2006 intelligibile
2423 1974 2526 2007 qm-

1443 2008 1626 2040 secundum
1649 2018 1747 2040 suurn
1763 2017 1834 2040 esse
1851 2008 2029 2045 materiale,
2045 2014 2083 2040 ut
2105 2014 2195 2049 patet
2215 2009 2251 2041 in
2266 2009 2366 2041 linea:
2391 2010 2526 2043 cuilibet

1444 2053 1533 2084 enim
1555 2054 1662 2085 lineae
1684 2052 1796 2084 finitae
1819 2058 1928 2095 potest
1951 2052 2021 2084 fieri
2043 2052 2167 2085 additio
2189 2054 2431 2093 mathematice,
2453 2064 2524 2088 non

1444 2103 1554 2130 autem
1576 2098 1774 2130 naturaliter.
1798 2097 1890 2130 Idem
1912 2103 1960 2129 est
1983 2097 2024 2129 de
2047 2100 2177 2131 raritate
2199 2107 2390 2141 corporum,
2403 2099 2449 2132 de
2463 2109 2525 2132 ,νο-

1443 2143 1574 2174 locitate
1602 2148 1767 2180 motuum,
1791 2149 1823 2175 et
1853 2142 2038 2175 diversitate
2067 2143 2256 2185 figurarum,
2280 2154 2367 2186 quae
2387 2146 2424 2177 in
2447 2144 2525 2177 infi-

1443 2188 1550 2219 nitum
1573 2188 1684 2229 augeri
1707 2193 1846 2229 possunt
1868 2187 2052 2220 secundum
2078 2189 2293 2227 intellectum,
2317 2199 2388 2222 non
2412 2195 2524 2223 auten

1442 2232 1626 2264 secundum
1647 2238 1808 2264 naturam.
1823 2250 1848 2256 —
1863 2232 2015 2265 Secunda
2030 2242 2167 2275 quoque
2186 2234 2424 2275 consequentia
2446 2243 2526 2277 μο-

1443 2278 1547 2309 batur.
1571 2278 1659 2317 Quia
1682 2278 1716 2309 in
1734 2278 1904 2319 perpetuis
1927 2287 1994 2309 non
2018 2278 2132 2321 differt
2152 2287 2223 2310 erae
2243 2282 2277 2310 et
2291 2288 2403 2321 posse-

1501 2331 1531 2354 2.
1548 2322 1644 2354 Circa
1659 2328 1864 2364 assumptum
1876 2321 1919 2354 ad
1932 2322 2164 2364 probationem
2175 2323 2302 2365 primae
2316 2333 2524 2366 consequen-

1443 2367 1518 2405 tiae,
1541 2367 1718 2400 dubitatur.
1741 2367 1827 2399 Nam
1855 2367 1982 2409 species
2011 2368 2186 2400 materialis
2213 2369 2248 2400 in
2279 2368 2449 2402 intellectu
2472 2374 2524 2401 est

1443 2418 1571 2444 tantum
1594 2422 1676 2444 una:
1700 2413 1736 2444 in
1758 2413 1894 2444 materia
1921 2418 2034 2444 autem
2062 2413 2308 2455 multiplicatur.
2338 2413 2428 2456 Ergo
2452 2422 2523 2447 non

1444 2462 1492 2489 est
1515 2467 1630 2489 verum
1646 2456 1741 2499 quod
1754 2458 1859 2499 magis
1873 2457 1998 2499 aliquid
2012 2458 2054 2489 sit
2076 2458 2325 2500 multiplicabile
2339 2457 2523 2491 mundun

1443 2511 1514 2534 esse
1535 2502 1738 2544 intelligibile
1761 2511 1861 2544 quam
1883 2502 2067 2534 secundum
2090 2513 2160 2535 esse
2182 2503 2358 2535 materiale.
2490 2527 2491 2530 η

1498 2547 1729 2588 Respondetur
1744 2547 1836 2588 quod
1852 2548 2035 2589 propositio
2059 2554 2108 2580 est
2122 2548 2345 2581 universaliter
2361 2557 2449 2586 vera,
2460 2557 2524 2581 no-

1443 2592 1531 2623 mine
1555 2602 1624 2624 esse
1647 2592 1864 2634 intelligibilis
1887 2592 2199 2634 comprehendendo
2223 2594 2322 2625 etiam
2344 2601 2415 2625 ease
2441 2592 2523 2625 ima·

1442 2637 1599 2679 ginabile.
1625 2637 1900 2678 Unumquodque
1923 2638 2022 2674 enim,
2039 2647 2102 2669 suo
2124 2637 2230 2670 modo
2248 2647 2317 2679 quo
2341 2643 2391 2669 est
2411 2637 2523 2670 multi·-

1443 2682 1605 2723 plicabile‚
1628 2682 1732 2723 magis
1754 2681 2001 2723 multiplicabile
2031 2688 2080 2714 est
2109 2682 2293 2715 secundum
2319 2682 2523 2717 intellectum

1444 2736 1544 2768 quam
1556 2726 1739 2759 secundum
1749 2732 1910 2758 naturam.
1923 2727 2153 2768 Multiplicatio
2169 2728 2260 2759 enim
2276 2728 2399 2769 speclei
2414 2733 2464 2760 est
2472 2736 2524 2760 aa·-

1445 2771 1591 2804 cundum
1606 2771 1788 2809 individua;
1804 2771 2034 2813 multiplicatio
2048 2772 2176 2813 generis
2191 2778 2240 2804 est
2254 2772 2438 2804 secundum
2448 2781 2524 2814 spe-

1445 2817 1528 2854 cies;
1552 2817 1781 2858 multiplicatio
1805 2826 1884 2848 vero
1900 2815 2026 2848 formae
2043 2817 2247 2855 intensibilis,
2270 2823 2309 2848 ut
2330 2818 2388 2855 sic,
2405 2821 2456 2849 est
2469 2826 2524 2849 se-

1445 2861 1591 2894 cundum
1625 2862 1785 2894 maiorem
1818 2862 2050 2894 intensionem.
2084 2862 2181 2894 Plura
2215 2867 2325 2894 autem
2356 2860 2524 2894 individua

1445 2916 1622 2948 possumus
1645 2907 1826 2948 intelligere
1854 2912 1887 2938 et
1916 2906 2085 2948 imaginari
2118 2916 2189 2939 esse
2217 2907 2253 2938 in
2275 2906 2386 2948 aliqua
2412 2907 2525 2948 speeie

1445 2961 1544 2993 quam
1567 2952 1666 2984 simul
1689 2961 1759 2983 esse
1775 2951 1903 2993 possint
1924 2952 1959 2982 in
1983 2957 2108 2988 natura,
2131 2951 2335 2984 considerata
2357 2951 2526 2984 dumtaxat

1445 3002 1579 3029 natiuae
1602 2997 1768 3039 potentia;
1793 3002 1825 3028 et
1848 2996 1958 3038 plures
1981 2996 2108 3037 species
2130 3005 2231 3038 quam
2254 2997 2382 3038 possint
2403 3005 2475 3028 essa
2488 2996 2524 3028 in
2546 2990 2552 2997 “

1445 3051 1564 3082 genere
1586 3041 1770 3074 secundum
1799 3046 1965 3079 naturam
1997 3046 2030 3072 et
2230 3041 2334 3083 magis
2361 3042 2525 3074 intensam

1446 3096 1546 3128 quam
1569 3086 1673 3128 possit
1696 3095 1766 3118 esse
1789 3086 1823 3118 in
1847 3091 1971 3117 natura.

1501 3131 1554 3163 Ad
1576 3132 1737 3164 rationem
1759 3132 1795 3163 in
1817 3131 2009 3172 oppositum
2033 3130 2152 3162 dicitur
2174 3130 2277 3172 quod,
2300 3130 2377 3163 licet
2398 3129 2523 3172 spadas

1445 3176 1479 3208 in
1494 3175 1662 3208 intellectu
1684 3177 1726 3208 sit
1740 3181 1868 3208 tantum
1883 3185 1949 3207 una
1963 3175 2146 3208 secundum
2160 3176 2322 3208 rationem

1447 3226 1479 3252 et
1501 3221 1684 3253 secundum
1707 3230 1778 3254 esse
1800 3219 2003 3262 specificam,
2026 3219 2210 3252 secundm
2231 3226 2343 3252 tamen
2365 3227 2435 3251 ease
2460 3227 2523 3250 nu-

1445 3266 1567 3298 merale
1590 3275 1688 3298 suum
1714 3266 1956 3307 apprehensum
1979 3270 2089 3307 potest
2110 3265 2215 3307 magis
2239 3273 2300 3306 per
2319 3263 2522 3295 intellectum

1446 3316 1503 3342 aut
1521 3311 1789 3352 imaginationem
1804 3310 2013 3351 multiplicari
2028 3310 2126 3342 simul
2141 3318 2242 3351 quam
2256 3307 2438 3340 seeundum
2452 3317 2523 3340 esse

1446 3356 1612 3388 materiale
1634 3361 1723 3387 extra
1745 3355 1957 3387 intellectum.

1502 3400 1532 3431 3.
1554 3399 1650 3432 Circa
1673 3409 1711 3432 ea
1734 3409 1819 3441 quae
1840 3403 2011 3432 enumerat
2032 3399 2171 3431 Sanetus
2196 3396 2344 3428 Thomas
2365 3402 2523 3439 tanquam

1447 3445 1697 3486 augmentabilis
1718 3446 1753 3477 in
1775 3443 1942 3477 infinitum
1964 3442 2146 3475 secundum
2167 3442 2382 3479 intellectum,
2410 3441 2523 3474 adver-

1447 3489 1594 3527 tendum,
1618 3489 1801 3522 secundum
1831 3488 2014 3520 doctrinam
2041 3487 2147 3528 ipsius
2176 3486 2220 3518 Vl
2250 3487 2391 3529 ἦγε),
2419 3485 2523 3529 quod.
2551 3495 2561 3521 ἐ

1447 3543 1525 3566 cum
1541 3534 1664 3575 aliquid
1679 3535 1783 3575 possit
1796 3541 1978 3575 repugnare
1992 3531 2090 3563 alicui
2105 3531 2232 3562 rarione
2254 3532 2376 3573 speciei
2399 3537 2432 3564 et
2453 3540 2523 3564 non

1446 3579 1572 3610 ratione
1588 3579 1730 3620 generis;
1750 3584 1782 3610 et
1805 3577 1989 3610 intellectus
2004 3576 2108 3617 possit
2122 3585 2227 3617 genus
2242 3576 2451 3608 considerare
2463 3584 2522 3617 per

1447 3623 1698 3656 abstractionem
1721 3633 1741 3654 a
1761 3621 1948 3664 speciebus:
1972 3629 2041 3652 non
2065 3621 2256 3653 inconvenit
2279 3620 2373 3663 quod
2398 3619 2523 3662 aliquid

1448 3669 1623 3700 convenire
1646 3668 1750 3709 possit
1772 3666 1883 3708 generi
1906 3664 2088 3697 secundum
2112 3666 2204 3707 quod
2234 3675 2294 3708 per
2321 3665 2524 3698 intellectum

2553 1526 2562 1536 ·
2569 1524 2767 1554 camanum„-
