2768 4134
50 1539 100 1559 Μ
112 1540 242 1563 amant.»
257 1543 262 1547 '

238 1573 262 1585 ns(

875 280 1063 317 SUMMA
1093 281 1314 318 CONTRA
1342 281 1618 327 GENTILES,
1649 281 1760 319 CAP.
1781 283 1898 319 LXV.
2414 296 2484 332 179

613 433 1101 494 CAPITULUM
1122 433 1745 494 'SEXAGESIMUM
1783 439 2158 515 QUINTUM

1190 565 1253 595 18r
1291 564 1364 594 b28
1397 565 1466 596 sine
1489 564 1595 595 titulo.

789 661 965 715 QUOD
999 662 1164 704 DEUS
1197 662 1574 705 SINGULARIA
1609 660 1983 704 COGNOSCAT

309 850 315 857 ,
355 838 400 863 ..5
467 837 471 846 .
501 822 591 848 mmo
624 809 738 860 igitur
770 809 1022 847 ostendemus
1055 809 1163 858 quod
1196 809 1360 858 singula·
1415 817 1666 858 cognosceret
1684 809 1874 858 singulare
1889 809 1920 847 si
1935 820 2183 858 cognosceret
2202 811 2391 850 rationem
2409 814 2484 852 sin-

296 886 299 893 ·
355 894 360 906 Α
402 863 417 906 ἱ·
456 869 485 894 ῑ-ἰ
514 864 617 902 rium
646 863 813 913 cognitio
842 863 928 900 Deo
957 874 1037 900 non
1061 869 1187 912 potest
1214 863 1359 900 deesse.
1415 862 1622 911 gularitatis
1651 870 1687 900 et
1715 874 1796 899 non
1824 871 2073 912 cognosceret
2101 865 2177 901 hoc
2205 866 2266 902 vel
2293 865 2387 903 illud
2410 867 2484 905 sin-

570 918 784 956 Ostensum
821 916 927 954 enim
965 923 1021 953 est
1062 928 1180 966 supra
1196 915 1217 937 '¹‘
1252 917 1360 966 quod
1415 917 1557 965 gulare.
1589 916 1752 966 Oportet
1780 915 1894 965 igitur
1920 917 2029 966 quod
2053 917 2160 954 Deus
2188 930 2248 955 res
2277 918 2485 968 singulares

298 1012 303 1021 ⁶
514 971 624 1008 Deus
633 969 830 1020 cognoscit
843 969 917 1007 alia
931 969 1164 1019 inquantum
1176 977 1231 1006 est
1245 981 1362 1007 causa
1416 976 1634 1018 cognoscat.

286 1024 351 1063 e'ss.
382 1026 554 1063 Effectus
573 1032 705 1062 autem
725 1023 798 1061 Dei
822 1030 909 1060 sunt
937 1034 997 1060 res
1026 1021 1247 1071 singulares.
1274 1023 1361 1060 Hoc
1383 1038 1392 1058 ς
1470 1022 1623 1060 Adhuc.
1654 1022 1760 1060 Sicut
1788 1023 1895 1060 Deus
1924 1030 1980 1060 est
2007 1022 2137 1071 ipsum
2165 1036 2283 1062 suum
2311 1037 2405 1073 esse,
2435 1026 2486 1064 ita

286 1079 392 1116 enim
411 1078 533 1116 modo
553 1078 662 1115 Deus
681 1083 813 1114 causat
837 1089 908 1123 res,
935 1076 1166 1126 inquantum
1187 1076 1273 1113 facit
1296 1088 1361 1113 eas
1416 1084 1472 1113 est
1500 1088 1617 1113 suum
1646 1087 1890 1125 cognoscere,
1911 1084 1954 1113 ut
1977 1084 2177 1114 ostensum
2206 1085 2261 1114 est
2274 1077 2305 1115 *.
2337 1079 2414 1116 Sed
2438 1092 2484 1117 ex
2513 1082 2520 1089 '

286 1132 444 1193 esse-in
480 1139 588 1170 actu:
627 1129 860 1168 universalia
896 1137 1027 1167 autem
1063 1140 1143 1166 non
1179 1137 1268 1166 sunt
1301 1142 1360 1166 res
1416 1130 1492 1166 hoc
1521 1129 1628 1179 quod
1658 1137 1713 1166 est
1741 1141 1857 1166 suum
1887 1141 1971 1167 esse
1998 1137 2150 1180 oportet
2181 1131 2290 1180 quod
2327 1131 2367 1168 in
2399 1132 2483 1183 ipso

286 1185 547 1232 subsistenteS,
577 1183 645 1221 sed
679 1183 823 1221 habent
858 1195 941 1220 esse
970 1184 1098 1220 solum
1128 1182 1166 1219 in
1196 1182 1359 1231 singula·
1416 1182 1663 1219 inveniantur
1691 1194 1828 1219 omnes
1857 1183 2109 1233 perfectiones
2142 1184 2292 1221 essendi
2321 1184 2417 1222 sicut
2444 1185 2483 1223 in

241 1251 258 1294 ’ξ
286 1239 404 1301 ribus
441 1245 484 1276 ut
510 1236 699 1297 probatur
726 1236 767 1274 in
794 1236 860 1274 Vll
890 1237 1176 1287 Metaphysicae
1191 1236 1222 1273 ⁸⁸.
1252 1236 1360 1273 Deus
1415 1235 1542 1285 prima
1578 1235 1731 1273 essendi
1763 1234 1921 1284 origine,
1951 1245 1993 1274 ut
2031 1249 2148 1287 supra
2162 1236 2387 1275 *habitum
2416 1247 2482 1277 est.

285 1298 616 1352 ιβιωτρᾳὸῃοεοιξ
638 1290 814 1350 res-alias
836 1302 859 1327 a
883 1301 923 1326 se
952 1301 1032 1326 non
1058 1291 1187 1327 solum
1210 1289 1250 1326 in
1274 1289 1359 1326 uni·
1376 1306 1401 1320 ιο
1416 1289 1518 1337 Ergo
1547 1296 1698 1338 oportet
1721 1289 1828 1339 quod
1853 1288 1892 1326 in
1919 1290 2001 1327 eius
2027 1289 2245 1340 cognitione
2268 1290 2485 1330 inveniatur

279 1346 434 1393 ἡεῐέΞιΙι,
464 1345 532 1382 sed
561 1351 678 1381 etiam
707 1355 745 1380 1n
775 1343 968 1392 Singulari.
1416 1342 1543 1379 omnis
1562 1342 1790 1391 cognitionis
1809 1343 1990 1392 perfectio
2016 1343 2113 1381 sicut
2136 1343 2174 1380 in
2199 1344 2326 1394 primo
2355 1345 2484 1395 cogni-

295 1392 301 1411 ''
331 1391 445 1436 ⁵Item.
476 1396 647 1446 Cognitis
666 1396 864 1448 principiis
885 1408 930 1433 ex
955 1395 1098 1446 quibus
1117 1394 1361 1433 constituitur
1415 1395 1528 1432 tionis
1556 1395 1672 1432 fonte.
1703 1396 1790 1432 Hoc
1813 1402 1944 1433 autern
1973 1409 2052 1434 non
2077 1404 2175 1434 esset
2198 1396 2229 1434 si
2257 1397 2291 1434 ei
2320 1397 2483 1447 singula—

284 1451 450 1509 essentia
468 1451 535 1498 rei,
555 1463 712 1488 necesse
728 1457 784 1488 est
803 1462 887 1487 rem
906 1449 1010 1487 illam
1030 1448 1228 1498 cognosci:
1250 1448 1357 1495 sicut7
1416 1448 1518 1485 rium
1547 1448 1679 1486 notitia
1704 1449 1868 1486 deesset:
1894 1461 1986 1487 cum
2010 1449 2049 1487 in
2073 1451 2149 1487 hoc
2175 1450 2395 1500 aliquorum
2419 1463 2483 1489 co-

284 1511 437 1598 §affin
474 1504 606 1543 anima
641 1502 815 1542 rationali
854 1510 890 1540 et
917 1514 1081 1552 corpore
1110 1502 1186 1549 tali,
1216 1513 1359 1550 cogno·
1415 1501 1683 1550 gnoscentium
1712 1501 1893 1551 perfectio
1927 1503 2117 1540 consistat.
2155 1503 2393 1552 Impossibile
2429 1512 2485 1542 est

307 1599 328 1616 (Ι,
429 1560 566 1597 homo.
602 1556 814 1606 Singularis
851 1564 984 1594 autem
1019 1555 1183 1593 essentia
1220 1555 1360 1593 consti·
1376 1569 1398 1589 ις
1416 1554 1527 1603 igitur
1555 1566 1648 1592 eum
1677 1554 1929 1604 singularium
1959 1556 2134 1593 notitiam
2162 1569 2242 1594 non
2270 1557 2423 1594 habere.

284 1609 405 1664 tfditur
423 1623 471 1650 ex
489 1611 651 1650 materia
670 1610 868 1659 designata
890 1617 927 1646 et
953 1609 1079 1646 forma
1103 1608 1358 1646 individuata:
1470 1608 1682 1645 Praeterea.
1712 1609 1755 1645 In
1775 1607 1959 1646 omnibus
1978 1609 2182 1646 virtutibus
2202 1609 2384 1647 ordinatis
2407 1611 2484 1648 hoc

284 1658 384 1704 sicut
413 1665 584 1704 Socratis
622 1663 786 1702 essentia
821 1675 868 1700 ex
905 1662 981 1699 hoc
1013 1673 1178 1712 corpore
1214 1670 1251 1699 et
1287 1663 1361 1699 hac
1416 1661 1678 1698 communiter
1710 1661 1904 1698 invenitur
1937 1662 2044 1711 quod
2076 1662 2198 1699 virtus
2231 1663 2407 1712 superior
2435 1664 2484 1702 ad

284 1719 428 1768 anima,
457 1727 500 1757 ut
524 1717 688 1756 essentia
711 1716 883 1754 hominis
907 1715 1135 1754 universalis
1158 1728 1205 1753 ex
1229 1714 1360 1752 anima
1416 1715 1527 1763 plura
1555 1727 1595 1752 se
1625 1713 1792 1751 extendit
1815 1722 1851 1751 et
1877 1722 2007 1752 tamen
2029 1723 2085 1752 est
2104 1715 2231 1761 unica,
2251 1716 2372 1753 virtus
2390 1728 2484 1753 vero

250 1787 256 1806 =
284 1781 326 1822 et
340 1785 518 1823 corpore,
538 1780 581 1810 ut
599 1779 703 1822 patet
722 1770 762 1808 in
781 1771 849 1808 VII
870 1770 1157 1819 illetaphysicae
1171 1768 1202 1805 ³¹⁸.
1233 1769 1358 1816 Unde,
1417 1767 1572 1805 inferior
1599 1780 1639 1804 se
1669 1767 1837 1805 extendit
1865 1768 1914 1805 ad
1942 1768 2138 1818 pauciora,
2160 1776 2196 1805 et
2214 1769 2486 1818 multiplicatur

285 1824 383 1869 sicut
410 1828 508 1865 haec
526 1825 671 1864 cadunt
694 1824 734 1862 in
756 1822 982 1862 definitione
1009 1821 1180 1860 hominis
1205 1821 1359 1859 univer·
1376 1836 1401 1850 ²⁰
1415 1828 1546 1859 tamen
1575 1829 1752 1870 respectu
1780 1820 1950 1859 illorum:
1981 1821 2078 1859 sicut
2105 1829 2208 1871 patet
2235 1821 2274 1859 in
2303 1821 2485 1870 imagina-

284 1880 384 1929 saEs,
413 1880 465 1918 ita
493 1879 555 1917 illa
582 1879 764 1916 caderent
800 1877 839 1914 in
877 1875 1103 1914 definitione
1133 1875 1300 1913 Socratis
1328 1875 1359 1912 si
1413 1874 1519 1912 tione
1557 1882 1593 1911 et
1630 1887 1763 1919 sensu;
1802 1887 1892 1911 nam
1928 1887 2007 1912 una
2040 1875 2098 1912 vis
2135 1875 2416 1923 imaginationis
2444 1888 2485 1912 se

283 1933 416 1985 posset
443 1931 607 1970 definiri.
639 1931 887 1980 Cuicumque
916 1929 1029 1978 igitur
1056 1929 1163 1966 adest
1191 1928 1358 1976 cognitio
1415 1927 1582 1965 extendit
1611 1928 1659 1964 ad
1689 1927 1822 1964 omnia
1850 1939 1951 1976 quae
1979 1928 2153 1977 quinque
2172 1927 2274 1965 vires
2297 1940 2484 1966 sensuum

284 1986 480 2033 materiae,
504 1994 541 2023 et
564 1997 703 2022 eorum
727 1995 797 2034 per
820 1994 920 2032 quae
940 1981 1100 2019 materia
1125 1981 1356 2030 designatur,
1414 1988 1653 2029 cognoscunt
1682 1988 1718 2017 et
1745 1980 1794 2017 ad
1823 1981 1943 2029 plura.
1967 1981 2043 2018 Sed
2072 1980 2129 2017 vis
2158 1981 2416 2028 cognoscitiva
2443 1981 2483 2018 in

285 2049 322 2079 et
349 2041 498 2078 formae
518 2039 558 2076 in
582 2037 743 2076 materia
769 2035 1044 2082 individuatae,
1065 2034 1099 2072 ei
1129 2047 1209 2072 non
1233 2042 1359 2084 potest
1415 2034 1499 2071 Deo
1537 2041 1593 2070 est
1629 2033 1806 2083 superior
1842 2046 1962 2082 quam
2000 2033 2040 2070 in
2073 2034 2245 2070 homine.
2285 2034 2482 2083 Quicquid

285 2094 419 2132 deesse
439 2092 606 2142 cognitio
627 2089 838 2139 singularis.
858 2089 935 2127 Sed
955 2088 1027 2126 Dei
1046 2088 1213 2136 cognitio
1234 2101 1358 2137 usque
1374 2101 1396 2121 ²5
1414 2099 1504 2135 ergo
1534 2087 1656 2124 homo
1689 2086 1850 2123 diversis
1878 2086 2024 2123 viribus
2057 2086 2262 2135 cognoscit,
2291 2086 2482 2124 intellectu

285 2148 334 2186 ad
362 2146 565 2184 materiam
601 2153 638 2182 et
671 2143 882 2182 accidentia
910 2141 1189 2179 individuantia
1218 2149 1253 2178 et
1286 2142 1359 2178 for·
1415 2140 1564 2180 scilicet.
1586 2139 1856 2187 imaginatione
1877 2147 1913 2176 et
1934 2152 2060 2186 sensu,
2082 2141 2158 2176 hoc
2177 2140 2283 2176 Deus
2309 2152 2390 2176 uno
2410 2152 2481 2177 suo

285 2212 369 2238 mas
391 2199 579 2250 pertingit.
601 2199 706 2235 Cum
730 2197 835 2235 enim
856 2208 974 2233 suurn
999 2195 1204 2244 intelligere
1225 2194 1270 2231 sit
1289 2207 1359 2231 sua
1415 2193 1577 2243 simplici
1606 2193 1797 2230 intellectu
1826 2192 2053 2230 considerat.
2084 2194 2151 2229 Est
2179 2193 2291 2242 igitur
2319 2193 2482 2240 singula-

284 2253 449 2292 essentia
458 2253 489 2300 ¹⁸,
511 2258 663 2302 oportet
677 2250 787 2301 quod
807 2249 987 2298 intelligat
1006 2248 1139 2286 omnia
1154 2260 1254 2298 quae
1271 2255 1360 2284 sunt
1415 2246 1517 2283 rium
1546 2243 1841 2294 cognoscitivus‚
1872 2257 1971 2294 quae
1994 2258 2065 2282 nos
2093 2258 2208 2283 sensu
2237 2254 2273 2282 et
2300 2245 2482 2294 imagina-

284 2309 539 2359 q'uocumque
554 2305 676 2343 modo
696 2303 736 2342 in
751 2303 835 2341 eius
850 2302 1029 2348 essentia;
1046 2301 1086 2338 in
1101 2314 1180 2351 qua
1199 2299 1360 2350 quidem
1415 2299 1519 2337 tione
1546 2298 1888 2349 apprehendimus.

284 2360 425 2400 virtute
445 2368 545 2407 sunt,
571 2359 669 2396 sicut
693 2357 733 2395 in
761 2356 888 2406 prima
912 2355 1071 2404 origine,
1096 2354 1230 2392 omnia
1258 2366 1360 2403 quae
1377 2368 1402 2387 ³0
1472 2352 1662 2402 Amplius.
1692 2352 1858 2389 Divinus
1893 2351 2103 2389 intellectus
2136 2365 2182 2389 ex
2211 2353 2326 2389 rebus
2354 2351 2478 2400 cogni·

284 2427 368 2453 esse
396 2425 652 2464 quocumque
676 2411 799 2448 modo
819 2410 975 2454 habent,
1000 2421 1093 2446 cum
1121 2407 1168 2445 sit
1186 2407 1359 2457 primurn
1416 2405 1563 2443 tionem
1597 2417 1677 2442 non
1711 2405 1840 2451 sumit,
1871 2404 1967 2442 sicut
1995 2413 2136 2452 noster,
2171 2406 2238 2443 sed
2266 2405 2387 2453 magis
2414 2417 2484 2454 per

284 2475 322 2507 et
339 2468 559 2506 universale
578 2465 730 2503 essendi
748 2463 983 2514 principium
998 2462 1035 2508 *ς
1065 2474 1088 2499 a
1116 2461 1259 2511 quibus
1279 2473 1360 2498 ma·
1417 2471 1529 2496 suam
1567 2458 1828 2508 cognitionem
1867 2466 1923 2495 est
1959 2470 2075 2495 causa
2113 2470 2255 2505 rerum,
2286 2467 2327 2495 ut
2355 2458 2484 2495 infra*

283 2521 377 2572 teria
405 2529 442 2558 et
469 2518 649 2558 accidens
682 2530 762 2556 non
796 2524 886 2554 sunt
914 2515 1050 2560 aliena,
1081 2527 1172 2552 cum
1201 2514 1361 2551 materia
1416 2513 1656 2550 ostendetur:
1687 2520 1722 2548 et
1751 2511 1804 2549 sic
1833 2511 1915 2549 eius
1944 2511 2109 2560 cognitio
2138 2523 2258 2561 quam
2286 2513 2334 2548 de
2368 2511 2482 2548 rebus

283 2574 331 2614 sit
347 2587 428 2622 ‘ens
457 2573 496 2612 in
528 2572 702 2624 potentia
739 2579 776 2608 et
808 2569 987 2608 accidens
1022 2568 1068 2606 sit
1097 2580 1166 2606 ens
1199 2567 1239 2605 in
1271 2567 1357 2605 alio.
1415 2566 1496 2603 aliis
1525 2566 1652 2611 habet,
1674 2572 1729 2602 est
1757 2565 1805 2602 ad
1834 2565 1999 2602 modum
2027 2564 2215 2614 practicae
2244 2564 2480 2613 cognitionis,

283 2629 370 2667 Deo
398 2627 512 2676 igitur
538 2625 708 2675 cognitio
736 2623 991 2673 singularium
1019 2634 1100 2660 non
1129 2621 1246 2659 deest.
1376 2634 1397 2653 π
1415 2619 1585 2657 Practica
1611 2626 1742 2655 autem
1766 2617 1932 2665 cognitio
1958 2630 2039 2654 non
2067 2625 2123 2654 est
2150 2618 2314 2666 perfecta
2342 2617 2412 2654 nisi
2432 2617 2481 2654 ad

337 2682 528 2732 Amplius.
563 2681 714 2718 Natura
745 2677 896 2726 generis
930 2677 1097 2726 perfecte
1125 2687 1206 2712 non
1234 2682 1360 2723 potest
1415 2671 1619 2721 singularia
1647 2670 1911 2720 perveniatur:
1932 2683 2025 2707 nam
2044 2670 2230 2720 practicae
2255 2670 2480 2718 cognitionis

283 2735 466 2785 cognosci
485 2734 559 2771 nisi
578 2733 662 2771 eius
680 2731 919 2769 differentiae
938 2730 1088 2780 primae
1103 2736 1140 2765 et
1158 2727 1359 2777 passiones
1414 2725 1502 2762 finis
1517 2733 1573 2762 est
1591 2724 1777 2774 operatio⁷
1798 2736 1899 2773 quae
1919 2723 1958 2760 in
1978 2723 2233 2771 singularibus
2253 2731 2318 2759 est.
2339 2722 2480 2759 Divina

283 2788 464 2840 propriae
479 2793 781 2837 cognoscantur:
803 2796 884 2823 non
898 2783 1005 2832 enim
1019 2782 1183 2833 perfecte
1199 2780 1360 2817 sciretur
1414 2778 1526 2827 igitur
1540 2777 1705 2826 cognitio
1725 2789 1845 2827 quarn
1861 2777 1908 2814 de
1929 2776 2009 2813 aliis
2024 2777 2138 2813 rebus
2158 2776 2284 2822 habet,
2301 2787 2340 2812 se
2355 2787 2479 2824 usque

283 2839 422 2881 natura
449 2840 604 2880 numeri
623 2840 655 2878 si
683 2851 754 2889 par
773 2846 810 2876 et
834 2837 961 2888 impar
978 2837 1257 2886 ignorarentur.
1281 2833 1358 2871 Sed
1414 2832 1462 2869 ad
1492 2831 1695 2879 singularia
1724 2829 1903 2868 extendit.

284 2896 494 2935 universale
522 2903 559 2932 et
585 2894 782 2944 singulare
809 2900 899 2929 sunt
927 2888 1177 2933 differentiae,
1198 2888 1260 2924 vel
1287 2899 1358 2936 per
1371 2904 1399 2924 40
1466 2885 1619 2922 Adhuc.
1659 2883 1837 2921 Primum
1874 2882 2018 2920 mobile
2056 2890 2237 2920 movetur
2274 2894 2296 2918 a
2327 2889 2478 2918 motore

283 2961 325 2986 se
352 2949 554 2999 passiones
586 2947 695 2986 entis.
726 2946 768 2984 Si
796 2945 909 2995 igitur
936 2945 1054 2990 Deus,
1084 2940 1356 2989 cognoscendo
1413 2946 1597 2975 movente
1617 2950 1687 2987 per
1705 2937 1939 2974 intellectum
1959 2944 1995 2972 et
2023 2935 2247 2985 appetitum,
2269 2943 2311 2971 ut
2329 2934 2479 2983 supra*
2506 2936 2515 2944 '

283 3002 490 3040 essentiam
509 3013 634 3047 suam,
655 3000 821 3050 perfecte
835 2997 1032 3047 cognoscit
1051 3003 1229 3033 naturam
1250 3005 1356 3030 com-
1413 2999 1613 3028 ostensum
1642 2998 1708 3027 est.
1743 2991 1837 3027 Non
1865 2997 1996 3026 autem
2024 2996 2153 3038 posset
2185 2995 2312 3025 motor
2343 2986 2478 3036 aliquis

283 3067 450 3094 munem
482 3054 590 3102 entis⁷
625 3061 777 3104 oportet
809 3052 928 3103 quod
951 3050 1116 3101 perfecte
1150 3054 1357 3096 cognoscat
1411 3057 1482 3094 per
1509 3044 1745 3081 intellectum
1769 3055 1927 3080 causare
1956 3050 2108 3078 motum
2138 3041 2208 3078 nisi
2234 3048 2479 3089 cognosceret

283 3109 501 3148 universale
526 3116 563 3146 et
582 3107 785 3157 singulare.
801 3106 916 3144 ⁴Sicut
937 3112 1068 3142 autem
1092 3113 1173 3139 non
1191 3100 1356 3150 perfecte
1412 3097 1557 3135 mobile
1586 3097 1819 3146 inquantum
1847 3103 1983 3133 natum
2004 3103 2059 3132 est
2086 3093 2235 3131 moveri
2262 3093 2478 3130 secundum

282 3170 532 3212 cognosceret
551 3161 770 3199 universale
790 3159 821 3198 si
835 3164 1084 3207 cognosceret
1103 3153 1358 3192 intentionem
1371 3170 1395 3190 45
1412 3153 1556 3189 locum.
1578 3151 1666 3187 Hoc
1680 3158 1811 3187 autem
1831 3157 1887 3186 est
1901 3149 2133 3197 inquantum
2152 3155 2207 3184 est
2222 3146 2284 3183 hic
2302 3154 2338 3182 et
2356 3158 2475 3183 nunc:

283 3215 578 3254 universalitatis
602 3222 639 3252 et
661 3227 744 3252 non
771 3219 1020 3262 cognosceret
1049 3221 1131 3246 rem
1160 3207 1358 3244 universa·
1413 3213 1449 3241 et
1476 3217 1546 3254 per
1574 3216 1818 3252 consequens
1845 3203 2076 3251 inquantum
2105 3208 2159 3237 est
2188 3199 2388 3247 singulare.
2419 3200 2477 3235 In-

283 3272 372 3318 lem,
406 3278 450 3307 ut
483 3269 687 3306 hominem
719 3275 784 3305 aut
813 3266 974 3310 animal3
1005 3264 1055 3300 ita
1083 3273 1164 3298 non
1192 3260 1357 3309 perfecte
1412 3259 1583 3295 tellectus
1613 3257 1726 3305 igitur
1749 3256 1816 3305 qui
1845 3263 1900 3292 est
1929 3263 2058 3291 motor
2084 3253 2198 3302 primi
2226 3252 2390 3297 mobilis,
2413 3264 2477 3288 co-

339 3391 349 3409 1
371 3383 543 3408 ostendemus
562 3383 586 3407 A
603 3383 690 3412 solus;
708 3381 889 3406 ostendamus.
981 3377 994 3402 5
1015 3377 1062 3401 Dei
1081 3375 1122 3400 vel
1141 3374 1218 3400 divini
1237 3375 1272 3404 A;
1292 3373 1370 3398 divini
1390 3373 1452 3403 aEc,
1472 3380 1513 3397 om
1530 3372 1583 3402 DN,
1604 3371 1776 3395 subsistentes
1797 3369 1863 3399 GW,
1883 3369 2028 3393 subsistens
2050 3367 2098 3400 pY,
2118 3366 2288 3391 subsistentes
2309 3365 2385 3390 divini
2399 3366 2438 3390 sY
2452 3370 2478 3391 et

283 3419 379 3444 ordine
399 3422 504 3444 mutato
523 3419 588 3444 de.
681 3424 714 3442 10
733 3425 748 3442 a
767 3424 796 3441 se
815 3423 857 3441 om
878 3414 971 3439 GWY.
1064 3419 1096 3444 ¹7
1117 3408 1238 3442 Socratis]
1258 3409 1340 3433 Sortis
1361 3409 1404 3433 DZ
1425 3412 1454 3433 ut
1472 3408 1536 3432 alibi
1548 3414 1653 3438 semper
1667 3407 1689 3430 A
1704 3409 1730 3430 et
1742 3412 1840 3430 omnes.
1931 3403 1963 3429 18
1983 3403 2020 3435 ut]
2040 3408 2068 3427 ut
2087 3402 2163 3426 etiam
2183 3402 2230 3427 Pd.
2322 3401 2352 3426 32
2373 3401 2478 3426 essendi

279 3458 344 3488 post
357 3455 513 3488 principium
527 3454 613 3479 αΕΡο.
699 3451 732 3478 36
745 3452 859 3485 perfecte
873 3452 896 3475 Α
909 3450 993 3478 squs;
1008 3456 1060 3473 om.
1147 3445 1178 3478 37
1198 3444 1306 3478 primae]
1320 3445 1440 3477 propriae
1455 3444 1538 3468 wa.
1626 3442 1658 3475 39
1677 3439 1863 3473 ignorarentur]
1878 3440 2038 3472 ignoraretur
2050 3438 2078 3465 Ζ,
2093 3438 2242 3470 ignorentur
2257 3437 2285 3461 Ρ.
2371 3444 2407 3468 44
2425 3444 2477 3461 non

282 3495 347 3517 ante
364 3495 391 3516 et
406 3494 471 3523 post
488 3490 603 3523 perfecte
618 3489 722 3518 BCHX,
737 3491 802 3520 post
821 3487 934 3520 perfecte
953 3486 983 3510 F.
1072 3490 1106 3515 47
1126 3490 1179 3506 non
1197 3485 1261 3506 ante
1279 3485 1306 3505 et
1322 3483 1384 3512 post
1403 3480 1517 3512 perfecte
1535 3479 1584 3503 αΕ.

338 3525 354 3552 6
373 3525 544 3559 cognoscere]
563 3525 707 3557 intelligere
726 3523 824 3554 GWY;
843 3523 870 3547 in
890 3523 913 3546 Α
938 3523 1001 3546 ante
1026 3525 1186 3551 cognoscere
1210 3517 1314 3541 deletur
1337 3516 1417 3540 intell.
1519 3513 1552 3539 16
1571 3513 1620 3538 hoc
1639 3513 1696 3543 NZ;
1716 3520 1768 3537 om.
1869 3518 1900 3534 20
1920 3515 2006 3534 tamen
2025 3516 2067 3533 om
2091 3508 2120 3539 Z,
2138 3511 2202 3543 ante
2228 3507 2412 3540 multiplicatur
2430 3508 2478 3532 Pd.

285 3561 317 3587 25
337 3562 469 3587 intellectu
488 3560 596 3595 scilicet]
616 3559 779 3585 intellectivis
799 3559 826 3590 d,
844 3557 975 3583 intellectu
995 3555 1024 3580 P.
1121 3552 1154 3577 26
1174 3560 1223 3576 suo
1241 3551 1322 3582 DFN;
1342 3556 1368 3575 et
1385 3551 1429 3581 W,
1448 3558 1490 3575 om
1510 3549 1538 3580 Ζ,
1559 3549 1608 3573 Iac.
1627 3548 1660 3579 G,
1680 3556 1729 3572 suo
1749 3553 1774 3572 et
1792 3546 1880 3571 ceteri.
1979 3544 2010 3568 32
2031 3551 2107 3568 causa
2126 3542 2223 3576 rerum]
2250 3550 2328 3568 causa
2345 3550 2433 3567 rerum
2453 3547 2478 3568 et

283 3605 407 3623 mensura
425 3604 514 3622 earum
534 3597 620 3622 NZPd
638 3603 698 3621 cum
713 3595 764 3628 pA.
863 3593 896 3624 34
914 3589 1050 3625 practicae]
1071 3589 1165 3621 (prime
1184 3587 1218 3619 X)
1237 3587 1348 3620 practice
1367 3587 1430 3611 scite
1449 3593 1475 3616 α,
1495 3586 1544 3610 lac.
1564 3585 1595 3613 Η,
1622 3584 1746 3617 praescire
1771 3582 1838 3607 GW.
1935 3579 1967 3605 35
1987 3578 2110 3611 Praetica1
2136 3584 2269 3611 praeterea
2292 3583 2363 3603 tanta
2388 3578 2478 3610 nepF,

283 3634 410 3667 praescita
423 3633 457 3664 G,
472 3632 608 3666 praeterita
623 3631 697 3660 ΕρΥ.
783 3629 817 3655 36
831 3626 1004 3662 perveniatur}
1018 3625 1151 3658 perveniat
1163 3623 1232 3648 Gw.
1317 3621 1452 3655 practicae]
1468 3620 1621 3654 praeteritae
1634 3617 1821 3649 BCEGXpFY.
1901 3623 1935 3647 4²
1951 3620 2037 3639 motor
2046 3618 2109 3647 post
2121 3615 2213 3647 aliquis
2228 3614 2290 3639 αΡε.
2370 3613 2404 3646 45
2420 3614 2479 3638 Hoc

283 3674 371 3695 autem
390 3668 439 3702 est]
458 3668 510 3694 hoc
527 3674 568 3694 eat
586 3667 696 3697 GWYb,
715 3674 758 3692 om
778 3666 807 3691 Z.
897 3663 934 3695 46
952 3668 978 3688 et
996 3661 1051 3695 per]
1072 3668 1118 3692 per
1136 3659 1231 3683 «EGZ.
1321 3665 1356 3690 47
1377 3656 1471 3689 motor]
1491 3663 1568 3681 causa
1588 3655 1630 3679 NZ
1649 3662 1708 3679 cum
1728 3655 1777 3686 pA,
1797 3657 1882 3676 motor
1899 3652 1940 3676 vel
1961 3658 2038 3675 causa
2057 3650 2104 3675 Pd.

2512 1243 2520 1251 “
2536 1240 2592 1268 Cap.
2603 1247 2685 1262 xan.

2510 2456 2518 2464 ·
2535 2454 2584 2476 Lib.
2597 2455 2624 2477 H.
2636 2461 2696 2476 xxiv.
