2768 4134
289 289 363 325 288

807 282 995 320 SUMMA
1025 281 1248 318 CONTRA
1277 279 1553 324 GENTILES,
1582 279 1678 315 LlB.
1705 279 1746 324 11,
1777 278 1888 315 CAP.
1917 279 1980 316 Xl.

286 367 428 408 Aliquod
452 375 567 396 nomen
593 364 784 395 relationem
809 363 852 393 ad
874 367 1045 392 creaturas
1073 361 1254 401 importans
1283 369 1361 390 con·
1417 359 1528 389 stentis
1549 359 1583 389 in
1599 358 1700 389 altero
1717 364 1873 395 extremo,
1890 368 1908 388 a
1924 367 1988 399 qua
2012 359 2189 390 extrinsece
2211 360 2246 390 in
2269 369 2340 391 esse
2362 360 2496 391 relativo

287 412 452 443 venienter
473 409 545 440 Deo
569 409 769 439 attribuitur.

340 455 506 486 Probatur.
532 454 619 484 Tum
639 454 716 493 quia
739 452 885 493 potentia
908 451 980 481 Deo
1005 450 1167 486 convenit,
1192 455 1228 480 ut
1251 455 1360 479 osten·

285 509 357 530 sum
381 505 438 530 est.
469 499 617 529 Potentia
649 503 757 528 autem
786 496 863 527 dicit
890 495 1114 526 habitudinem
1140 494 1291 535 principii
1320 493 1360 524 ad

285 544 523 585 principiatum.
551 560 574 566 -
602 542 690 573 Tum
718 542 794 582 quia
822 546 985 571 creaturae
1012 539 1165 570 dicuntur
1188 539 1229 570 ad
1251 538 1360 569 Deum

284 589 424 620 relative.
449 588 525 619 Non
548 593 657 628 potest
676 594 786 618 autem
805 585 940 625 intelligi
955 583 1079 625 aliquid
1094 584 1224 614 relative
1241 583 1304 614 dici
1320 583 1360 614 ad
1387 601 1389 606 ·

284 634 420 664 alterum
442 633 504 663 nisi
528 642 546 663 e
569 641 728 663 converso
751 630 831 662 illud
855 629 985 660 relative
1006 629 1131 660 dicatur
1147 628 1188 659 ad
1202 629 1321 669 ipsum.
1337 646 1360 650 -

284 678 372 708 Tum
397 679 473 718 quia
489 678 578 708 Deus
594 678 659 717 agit
681 676 741 707 sibi
764 675 877 706 simile.
903 673 1089 705 Similitudo
1112 679 1223 704 autem
1245 673 1359 704 relatio

285 729 340 753 est.
357 741 380 745 -
397 723 485 753 Tum
509 723 585 763 quia
609 722 704 752 habet
728 720 768 751 de
791 720 860 750 aliis
883 719 1061 750 scientiam.
1087 718 1227 749 Scientia
1250 723 1360 749 autem

283 767 417 798 refertur
441 767 482 798 ad
504 767 624 798 scibile.
641 785 663 789 —
680 766 767 796 Tum
784 765 860 805 quia
877 770 925 795 est
938 773 1077 795 movens
1093 769 1125 794 et
1140 773 1248 803 agens.
1265 763 1359 802 Quae

284 812 435 843 dicuntur
458 812 588 843 relative
619 811 659 842 ad
686 816 815 841 motum
839 815 871 840 et
894 808 1026 840 factum.
1049 827 1071 831 -
1099 808 1188 839 Tum
1212 809 1290 849 quia
1313 814 1361 839 est

283 858 426 897 primum
457 863 488 887 et
518 865 683 887 summum
714 856 849 885 bonum.
882 854 973 884 Haec
1003 859 1112 884 autem
1137 853 1360 884 habitudinem

284 902 406 933 dicunt.

339 945 583 978 Advertendum
608 944 708 985 quod,
725 945 799 975 licet
823 943 1023 984 quandoque
1041 943 1188 984 primum
1211 944 1360 984 negative

284 992 416 1028 dicatur,
441 997 477 1021 ut
499 991 532 1021 in
564 989 727 1029 Scriptura
757 989 873 1019 dicitur
894 988 1139 1030 primogenitus
1161 993 1236 1019 ante
1260 997 1360 1029 quem

283 1037 392 1068 nullus
416 1042 462 1067 est
485 1036 611 1075 genitus
627 1035 659 1070 ὓς
685 1033 861 1074 aliquando
885 1039 994 1064 tamen
1018 1033 1135 1064 dicitur
1159 1034 1255 1064 etiam
1279 1033 1359 1064 rela-

283 1083 356 1118 tive,
374 1088 410 1111 ut
426 1081 549 1111 dicatur
572 1079 713 1120 primum
738 1078 828 1119 quod
852 1079 912 1109 alia
935 1079 1046 1109 omnia
1061 1077 1226 1119 praecedit
1244 1087 1360 1109 secun-

283 1127 361 1157 dum
387 1126 528 1166 aliquem
553 1124 711 1155 ordinem.
737 1124 772 1154 ln
796 1123 942 1154 secundo
958 1133 1055 1154 sensu
1071 1123 1188 1164 accipit
1203 1123 1268 1154 hoc
1283 1123 1359 1154 loco

276 1172 421 1212 primum
445 1169 581 1201 Sanctus
597 1169 753 1205 Thomas,
777 1178 845 1199 non
869 1174 978 1199 autem
1002 1169 1036 1199 in
1060 1169 1178 1209 primo.

337 1215 374 1246 ΙΙ.
400 1215 549 1245 Occurrit
572 1219 681 1245 autem
709 1213 846 1244 dubium
877 1214 961 1244 circa
990 1214 1251 1254 propositionem
1275 1213 1358 1243 hanc

282 1266 479 1301 assumptam
502 1260 535 1290 in
560 1258 702 1290 secunda
725 1259 866 1289 ratione:
892 1258 968 1289 Non
992 1263 1102 1299 potest
1132 1258 1275 1300 intelligi
1297 1258 1359 1288 ali-

280 1305 358 1347 quid
381 1305 516 1335 relative
538 1304 603 1335 dici
626 1303 670 1334 ad
692 1304 832 1335 alterum
857 1303 921 1334 nisi
943 1313 961 1334 e
983 1313 1142 1334 converso
1167 1303 1250 1335 illud
1273 1303 1359 1334 rela-

281 1351 344 1381 tive
359 1350 489 1381 dicatur
504 1349 548 1380 ad
563 1349 677 1390 ipsum.
702 1348 838 1379 Videtur
854 1349 942 1379 enirn
958 1349 1041 1379 velle
1061 1348 1200 1380 Sanctus
1212 1349 1358 1379 Thomas

41 1039 50 1047 ·
60 1037 96 1059 Ct.
105 1036 188 1058 Manli.
196 1043 211 1063 1,
218 1042 253 1064 25:

42 1064 94 1085 Luc.
107 1071 132 1089 ιι,
142 1070 162 1091 7.

280 1397 314 1426 in
330 1396 422 1426 omni
445 1395 585 1425 termino
608 1394 731 1425 relativi
755 1399 907 1434 oportere
932 1394 1011 1433 poni
1034 1393 1241 1430 relationem;
1266 1399 1298 1424 et
1312 1394 1358 1424 sic
1385 1434 1387 1438 ι

281 1441 378 1471 etiarn
400 1440 435 1471 in
459 1439 531 1470 Deo
555 1449 624 1470 esse
648 1439 839 1470 relationem
862 1438 903 1469 ad
926 1444 1116 1475 creaturam,
1134 1439 1211 1479 quia
1229 1438 1358 1469 relatio-

280 1495 356 1516 nem
379 1485 530 1515 terminat
553 1490 726 1515 creaturae.
751 1484 906 1524 Arguitur
930 1485 1018 1515 enim
1041 1490 1154 1515 contra
1182 1484 1247 1515 hoc
1274 1483 1358 1514 mul-

281 1530 431 1571 tipliciter
446 1530 473 1560 ff.

336 1575 456 1611 Primo,
474 1574 560 1615 quia,
583 1573 760 1604 secundum
777 1573 994 1609 Aristotelem,
1020 1573 1048 1603 V
1060 1574 1214 1614 Metaplt„
1231 1583 1301 1615 cap.
1319 1574 1359 1604 de

41 1534 48 1542 ·
59 1532 93 1554 Cf.
105 1539 127 1553 n.
138 1538 169 1554 vi.
177 1543 186 1547 -
196 1530 253 1552 Vide

40 1559 144 1583 Scotum,
161 1558 252 1583 isent„

41 1586 61 1608 d.
74 1593 127 1609 xxx.
144 1592 165 1614 q.
181 1592 196 1609 ι,
212 1585 251 1606 fol.

42 1619 109 1639 ro4v.
121 1619 158 1640 ¹⁰5
164 1619 180 1634 r.
186 1612 251 1640 (Ven.

40 1640 118 1688 24¹3>ss—
128 1666 169 1693 lv,
178 1673 217 1688 xv.

281 1620 325 1651 ad
347 1619 473 1661 aliquid
487 1620 514 1656 *‚
539 1618 635 1649 tertio
658 1618 755 1649 modo
772 1618 927 1650 dicuntur
942 1619 1081 1650 relativa
1097 1628 1181 1660 quae
1203 1618 1360 1649 dicuntur

281 1665 325 1696 ad
348 1664 474 1706 aliquid
496 1663 573 1704 quia
597 1663 737 1694 alterum
762 1663 909 1705 refertur
931 1663 976 1694 ad
998 1663 1159 1705 reliquum
1181 1663 1239 1694 sed
1259 1673 1324 1694 non
1342 1673 1360 1694 e

281 1719 450 1741 converso.
474 1708 662 1739 Relationes
685 1713 793 1739 autem
810 1709 896 1739 inter
911 1708 1016 1739 Deum
1033 1714 1065 1739 et
1079 1713 1267 1740 creaturam
1281 1718 1359 1749 per-

282 1755 385 1786 tinent
407 1754 451 1785 ad
474 1754 604 1784 tertium
636 1753 777 1784 modum.
809 1753 906 1793 Ergo,
931 1754 1080 1794 quamvis
1109 1759 1254 1784 creatura
1277 1753 1359 1784 refe-

281 1806 368 1830 ratur
391 1799 432 1830 ad
455 1799 573 1835 Deum,
597 1807 666 1829 non
690 1804 820 1839 oportet
843 1798 952 1829 Deum
982 1798 1022 1829 ad
1046 1805 1225 1830 creaturam
1250 1798 1358 1830 referri

282 1845 358 1885 quia
382 1845 451 1875 eius
475 1843 624 1874 terminet
647 1843 848 1874 relationem.

336 1888 499 1920 Secundo.
523 1889 623 1919 Actus
652 1893 700 1918 est
725 1887 823 1928 prior
847 1888 996 1928 potentia
1019 1888 1097 1929 quia
1120 1887 1277 1929 definitur
1296 1897 1360 1928 po—

281 1934 381 1965 tentia
399 1943 463 1974 per
485 1937 603 1969 actum,
628 1938 665 1963 ut
686 1932 808 1963 dicitur
824 1932 878 1963 IX
891 1933 1138 1974 Metaplgysicae
1153 1934 1179 1963 *.
1205 1932 1269 1963 Sed
1292 1942 1358 1963 non

280 1979 392 2020 definit
422 1982 515 2008 actus
538 1977 721 2018 potentiam
754 1977 818 2007 nisi
841 1982 878 2008 ut
899 1982 947 2007 est
969 1977 1039 2008 eius
1067 1977 1235 2008 terminus.
1260 1977 1358 2018 Ergo,

280 2029 315 2054 ut
331 2029 379 2054 est
395 2023 463 2053 eius
487 2023 653 2058 terminus,
678 2027 725 2053 est
749 2022 838 2062 prior
860 2023 1017 2062 potentia.
1041 2021 1106 2052 Sed
1121 2031 1190 2052 non
1207 2027 1254 2053 est
1270 2022 1359 2062 prior

280 2074 315 2099 ut
339 2067 576 2103 correladvum,
601 2066 657 2097 sed
680 2072 806 2097 tantum
832 2072 867 2097 ut
891 2066 1088 2098 absolutum.
1114 2067 1201 2107 Ergo
1222 2076 1290 2098 non
1311 2073 1359 2098 est

280 2114 436 2144 terminus
460 2118 495 2142 ut
519 2111 756 2148 correlativum,
782 2111 837 2142 sed
861 2118 897 2142 ut
920 2112 1116 2142 absolutum.
1142 2111 1229 2152 Ergo
1254 2121 1292 2142 ex
1317 2121 1357 2142 eo

280 2157 370 2198 quod
387 2156 508 2197 aliquid
526 2162 574 2187 est
590 2157 755 2193 terminus,
773 2165 840 2186 non
857 2162 987 2198 oportet
1010 2156 1118 2196 ipsum
1135 2156 1265 2187 relative
1282 2155 1356 2187 dici.

335 2202 457 2233 Tertio.
488 2202 683 2237 Relativum,
709 2206 745 2231 ut
772 2201 954 2237 relativum,
974 2202 1086 2242 primo
1116 2201 1272 2244 definitur
1294 2211 1359 2243 per

280 2247 463 2278 terminum.
488 2246 583 2288 Ergo
608 2246 774 2281 terminus,
800 2251 836 2277 ut
858 2246 1026 2282 terminus,
1052 2247 1152 2287 prior
1174 2250 1223 2277 est
1244 2246 1359 2288 affini-

280 2293 367 2323 tione
391 2293 460 2333 ipso
486 2291 633 2322 relativo.
661 2291 899 2332 Consequentia
919 2296 1011 2331 patet
1030 2301 1072 2322 ex
1094 2291 1157 2322 VII
1170 2292 1312 2332 Metaplt.
1330 2292 1357 2329 ἡ

280 2338 335 2368 ubi
351 2337 527 2367 substantia
542 2337 675 2377 ponitur
690 2335 857 2366 accidente
872 2336 960 2376 prior
977 2335 1166 2367 definitione
1183 2337 1259 2377 quia
1275 2337 1358 2367 acci-

280 2382 359 2413 dens
375 2391 432 2422 per
447 2381 658 2412 substantiam
682 2379 843 2412 definitur.
869 2381 955 2421 Ergo
972 2390 1040 2411 non
1056 2381 1230 2422 requiritur
1244 2381 1357 2412 relatio

279 2428 312 2457 in
337 2426 476 2457 termino
501 2431 537 2456 ut
559 2426 716 2456 terminus
740 2431 797 2456 est.

335 2471 472 2510 Quarto.
496 2470 596 2502 Nullo
620 2470 784 2501 intellectu
809 2469 1043 2507 considerante,
1068 2471 1200 2502 scientia
1224 2470 1358 2502 refertur

39 1942 48 1950 ·
63 1939 116 1962 Did.
129 1938 190 1965 vlu,
201 1945 250 1961 vni.

36 2303 45 2311 ·
61 2302 113 2322 nia.
126 2301 165 2327 νι,
180 2307 197 2323 ι.

280 2515 319 2546 ad
344 2516 464 2552 scibile,
489 2521 521 2546 et
544 2515 690 2546 similiter
712 2520 856 2546 creatura
880 2514 920 2545 ad
945 2515 1062 2546 Deum.
1088 2515 1152 2546 Sed
1174 2515 1288 2547 relatio
1309 2525 1358 2547 ra-

279 2562 377 2591 tionis
400 2570 468 2591 non
493 2565 549 2597 est,
566 2565 694 2591 remoto
718 2569 817 2600 opere
842 2559 1038 2591 intellectus:
1064 2569 1140 2591 cum
1156 2569 1225 2591 non
1242 2561 1358 2592 habeat

280 2615 349 2645 esse
372 2606 432 2636 nisi
456 2606 489 2636 in
513 2605 689 2636 intellectu.
722 2604 808 2645 Ergo
839 2605 952 2635 relatio
975 2605 1108 2636 rationis
1135 2606 1168 2636 in
1196 2606 1299 2637 scibili
1326 2611 1358 2636 et

279 2651 312 2681 in
336 2650 408 2681 Deo
433 2659 501 2681 non
526 2649 585 2680 fuit
610 2650 691 2681 ratio
715 2649 909 2681 terminandi
933 2650 1126 2681 relationem
1149 2651 1302 2682 scientiae
1326 2656 1359 2683 et

279 2700 452 2727 creaturae.
941 2734 944 2737 .

335 2739 427 2771 Esset
454 2739 550 2770 etiam
581 2738 718 2770 dubium
743 2738 916 2781 quomodo
947 2739 1036 2771 Deus
1060 2740 1092 2770 in
1117 2740 1209 2771 tertia
1232 2740 1357 2772 ratione

279 2785 395 2816 dicitur
418 2784 531 2815 similis
555 2791 729 2815 creaturae.
755 2785 819 2816 Sed
843 2784 884 2815 de
912 2784 975 2815 hoc
1004 2785 1079 2815 satis
1104 2783 1228 2816 dictum
1252 2791 1300 2816 est
1322 2785 1355 2816 in

279 2830 399 2867 Primo,
423 2830 529 2870 capite
553 2839 635 2860 xxix.

334 2874 386 2906 111.
405 2874 456 2905 Ad
471 2873 666 2905 evidentiam
683 2873 773 2905 dubii
792 2874 899 2909 huius,
912 2873 1185 2906 considerandum
1201 2881 1251 2906 est
1265 2874 1356 2916 quod

278 2919 406 2956 Scotus,
430 2919 463 2950 in
487 2919 608 2955 Primo,
634 2918 666 2950 d.
682 2929 754 2955 xxx,
776 2928 808 2959 q.
825 2929 846 2954 1,
870 2924 1004 2959 propter
1027 2918 1182 2950 adductas
1205 2920 1356 2957 rationes,

278 2969 366 2995 tenet
378 2963 468 3005 quod
479 2969 619 3005 propter
634 2963 895 2994 terminationem
913 2963 1110 2994 relationum
1126 2970 1356 2996 creaturarum

279 3019 320 3039 ex
344 3014 488 3050 tempore
510 3009 554 3040 ad
576 3009 692 3045 Deum,
718 3018 783 3039 non
809 3013 937 3049 oportet
953 3018 1080 3049 ponere
1102 3009 1247 3051 aliquam
1271 3010 1356 3041 rela-

280 3054 398 3085 tionem
423 3054 457 3084 in
482 3053 563 3090 Deo,
589 3062 648 3084 nec
671 3062 789 3084 novam
822 3062 880 3084 nec
909 3053 1087 3095 antiquam.
1121 3054 1225 3086 Cuius
1249 3063 1356 3096 oppo-

279 3099 377 3130 situm
401 3104 432 3130 et
455 3099 508 3129 hic
532 3104 565 3129 et
586 3098 695 3129 alibi·
718 3097 847 3129 videtur
869 3103 978 3128 tenere
1003 3098 1139 3130 Sanctus
1153 3099 1310 3131 Thomas.

337 3153 366 3174 2.
392 3143 583 3175 Thomistae
606 3149 715 3175 autern
740 3142 884 3183 quidam,
908 3148 1056 3175 tenentes
1079 3150 1231 3185 oportere
1247 3144 1355 3176 Deum

280 3188 410 3219 relative
435 3188 497 3219 dici
521 3189 546 3219 si
571 3187 686 3220 debeat
709 3188 900 3219 relationem
920 3194 1092 3220 creaturae
1115 3190 1298 3226 terminare,
1322 3191 1355 3221 in

281 3232 360 3263 duas
383 3233 558 3264 sententias
573 3232 771 3264 dividuntur.
796 3232 939 3271 Quidam
955 3233 1043 3263 enim
1060 3239 1171 3265 tenent
1187 3233 1278 3275 quod
1294 3241 1356 3266 ter-

281 3278 388 3308 minus
404 3277 525 3308 relativi
542 3287 712 3318 nunquam
737 3277 928 3308 relationem
952 3278 1137 3309 terminaret
1153 3279 1214 3310 nisi
1230 3280 1260 3310 ei
1277 3289 1356 3311 con·

281 3323 403 3352 veniret
430 3323 537 3363 aliqua
565 3322 679 3353 relatio
710 3323 754 3353 rei
785 3328 841 3353 aut
870 3323 1018 3353 rationis:
1043 3322 1099 3354 sed
1129 3323 1242 3355 dicunt
1265 3324 1356 3365 quod

281 3367 392 3397 relatio
415 3377 482 3397 non
508 3373 555 3398 est
578 3368 636 3398 sibi
661 3367 805 3398 formalis
829 3368 910 3398 ratio
940 3367 1143 3404 terminandi,
1168 3369 1224 3400 sed
1248 3370 1355 3410 ipsum

282 3412 477 3448 absolutum,
501 3413 625 3443 ratione
649 3412 800 3449 absoluti,
825 3412 984 3443 terminat.

340 3456 368 3486 3.
394 3457 455 3487 Alii
472 3466 550 3487 vero
574 3457 687 3488 dicunt
711 3457 777 3488 duo
794 3458 821 3488 ⁴*.
845 3457 990 3488 Primum
1015 3463 1062 3488 est
1085 3457 1175 3498 quod
1200 3459 1357 3490 terminus

282 3509 349 3530 non
373 3502 522 3532 terminat
551 3503 675 3533 ratione
706 3502 855 3538 absoluti,
881 3501 936 3533 sed
965 3502 1089 3532 ratione
1113 3501 1289 3534 relationis:
1315 3513 1356 3534 eo

284 3544 373 3584 quod
396 3546 544 3577 terminat
568 3553 603 3577 ut
627 3547 864 3578 correlativum.

339 3589 525 3621 Secundum
538 3592 555 3607 ⁴*
579 3597 625 3622 est
649 3591 739 3632 quod
756 3593 788 3622 in
806 3592 935 3623 duobus
959 3591 1070 3632 primis
1085 3590 1192 3622 modis
1208 3592 1356 3623 relativo-

42 3636 256 3684 '‘³‘·¹V⁸¹‘'‘¹5'''31
284 3634 384 3663 rum*
401 3636 550 3666 terminat
572 3636 696 3667 ratione
719 3637 883 3668 relationis
903 3637 936 3668 in
959 3637 1032 3677 ipso
1049 3636 1226 3672 existentis;
1251 3637 1284 3667 in
1307 3646 1355 3667 re—

41 3671 85 3717 }‘71‘
101 3663 178 3686 ιη’
220 3680 225 3689 ’
283 3677 386 3708 lativis
410 3684 516 3709 autem
541 3681 623 3711 tertii
654 3681 743 3711 modi
775 3682 924 3712 terminat
952 3682 1076 3712 ratione
1104 3681 1267 3712 relationis
1291 3682 1356 3712 exi-

39 3104 48 3113 ·
60 3103 218 3132 cf.1¹>.,1un.
227 3110 250 3131 7:

41 3130 69 3152 de
79 3131 137 3158 Poe„
151 3137 192 3158 vn,
203 3132 224 3152 8.

42 3462 51 3471 ·
66 3461 101 3482 Cf.
119 3467 140 3483 n.
151 3468 181 3487 ιν,
192 3469 211 3490 3.

42 3595 51 3603 '
66 3594 102 3616 Ct.
119 3599 142 3615 n.
158 3600 178 3616 v.

1416 403 1542 434 realiter
1566 403 1804 434 denominatur.

1473 449 1615 479 Probant
1631 453 1741 479 autem
1757 458 1850 479 suam
1866 448 2080 489 positionem:
2105 454 2177 478 tum
2195 448 2282 488 quia,
2298 449 2324 479 si
2339 450 2498 480 terminus

1417 494 1541 524 relativi
1564 500 1647 524 esset
1671 493 1869 530 absolutum,
1893 493 2032 534 duplum
2062 502 2132 523 non
2156 492 2316 524 diceretur
2340 493 2380 524 ad
2403 493 2498 525 dimi-

1418 538 1519 575 dium,
1543 548 1605 570 nec
1629 547 1740 570 servus
1768 538 1809 569 ad
1836 538 2026 575 dominum;
2051 538 2145 569 cuius
2169 537 2362 578 oppositum
2385 537 2499 569 dicunt

1418 584 1630 624 expositores.
1645 601 1669 606 —
1685 583 1774 614 Tum
1791 583 1868 624 quia
1892 589 2058 624 oporteret
2073 583 2107 613 in
2124 581 2315 613 definitione
2334 588 2498 614 creaturae

1418 629 1527 660 Deum
1551 628 1664 659 cadere
1687 628 1748 658 sub
1771 629 1904 669 propria
1925 628 2051 659 ratione
2080 628 2238 659 absoluta.
2261 645 2285 650 -
2309 627 2398 658 Tum
2421 628 2499 669 quia

1417 674 1587 704 relativum
1618 673 1658 705 de
1689 673 1880 704 necessitate
1910 674 2008 704 etiam
2039 673 2136 713 exigit
2164 673 2199 703 in
2226 681 2284 704 sua
2307 671 2498 703 definitione

1417 719 1645 750 correlativum
1662 723 1698 749 ut
1713 718 1747 749 id
1762 717 1803 748 ad
1818 717 1910 758 quod
1925 718 2053 749 dicitur.
2076 718 2119 749 Et
2134 718 2179 748 sic
2197 717 2288 748 nulla
2308 723 2392 749 esset
2414 717 2496 748 ratio

1417 773 1517 804 quare
1541 764 1682 804 exigeret
1701 763 1900 794 absolutum.
1917 779 1940 785 -—
1955 762 2044 794 Tum
2060 763 2137 803 quia
2152 763 2187 794 in
2202 762 2320 794 divinis
2335 772 2404 793 non
2420 771 2498 803 pos-

1417 815 1488 840 sent
1511 809 1624 840 salvari
1647 808 1820 839 relationes
1843 807 1884 838 ad
1906 808 1989 838 intra
2012 808 2073 838 nisi
2095 807 2252 848 ponendo
2276 807 2434 839 Personas
2450 807 2498 838 di-

1417 854 1536 894 stingui
1559 854 1687 885 realiter
1709 852 1892 884 secundum
1914 852 2073 884 absoluta.

1473 898 1526 929 IV.
1551 899 1632 929 Mihi
1656 903 1766 929 autem
1789 897 1917 929 videtur
1940 896 2117 929 dicendum
2133 896 2225 937 quod
2248 896 2420 938 dupliciter
2434 903 2496 928 ter-

1415 944 1526 975 minus
1540 944 1663 975 relativi
1679 942 1877 974 considerari
1895 948 2018 983 potest:
2043 951 2112 973 uno
2131 940 2245 978 mod0,
2261 942 2420 980 absolute,
2435 952 2496 984 pro

1417 998 1458 1019 eo
1482 988 1523 1020 ad
1546 988 1637 1030 quod
1668 989 1786 1020 dicitur
1814 988 1999 1025 relativum3
2025 987 2090 1018 alio
2120 986 2234 1023 modo,
2264 995 2325 1027 pro
2355 996 2396 1018 eo
2419 993 2456 1018 ut
2479 997 2497 1017 a

1416 1034 1512 1064 nobis
1528 1034 1712 1074 concipitur
1727 1043 1786 1074 per
1801 1033 1939 1064 modum
1955 1033 2085 1064 termini
2109 1031 2292 1063 definientis
2315 1031 2496 1063 relativum.

1417 1078 1450 1109 Si
1473 1079 1580 1119 primo
1604 1079 1707 1110 modo
1731 1078 1964 1115 consideretur,
1980 1079 2026 1109 sic
2042 1078 2076 1108 in
2095 1077 2236 1108 relativis
2252 1075 2386 1117 quidem
2400 1077 2498 1117 primi

1417 1130 1448 1154 et
1469 1123 1604 1154 secundi
1625 1123 1717 1155 modi
1734 1129 1865 1164 oportet
1881 1133 1951 1154 esse
1966 1123 2159 1154 relationem
2183 1131 2222 1153 ex
2244 1127 2336 1163 parte
2351 1122 2496 1152 termini:

1417 1168 1494 1209 quia
1516 1169 1550 1199 in
1573 1169 1714 1199 termino
1738 1174 1787 1200 est
1809 1168 1924 1199 eadem
1947 1169 2029 1199 ratio
2053 1173 2085 1198 et
2108 1177 2205 1198 causa
2228 1166 2394 1198 relationis
2413 1176 2496 1208 quae

1416 1219 1464 1244 est
1486 1214 1520 1244 in
1543 1213 1678 1244 relativo
1703 1214 1743 1245 ad
1766 1214 1876 1254 ipsum
1898 1213 2084 1244 terminato.
2110 1212 2145 1243 ln
2164 1212 2304 1243 relativis
2318 1221 2397 1243 vero
2412 1211 2497 1243 tertii

1415 1257 1507 1289 modi
1530 1267 1598 1289 non
1622 1263 1755 1300 oportet
1783 1268 1821 1289 ex
1852 1264 1942 1299 parte
1963 1258 2094 1289 termini
2121 1257 2285 1288 relationis
2311 1257 2404 1288 realis
2428 1266 2498 1288 esse

1415 1304 1622 1334 relationem:
1648 1313 1724 1335 cum
1753 1312 1822 1334 non
1853 1303 1894 1334 sit
1915 1303 1950 1334 in
1972 1304 2046 1344 ipso
2069 1311 2168 1334 causa
2196 1302 2304 1343 aliqua
2331 1302 2497 1333 relationis

1415 1348 1456 1379 ad
1478 1348 1649 1380 relativum
1680 1348 1772 1389 quod
1802 1347 1842 1378 ad
1872 1348 1982 1388 ipsum
2009 1348 2211 1379 terminatur.
2242 1348 2379 1390 Propter
2405 1346 2497 1388 quod

1415 1393 1532 1425 dicitur
1554 1394 1583 1423 V
1604 1394 1747 1435 Metaph.
1763 1395 1780 1411 ¹*
1805 1392 1898 1434 quod
1919 1393 1954 1424 in
1977 1393 2042 1424 hoc
2064 1402 2183 1433 genere
2206 1402 2311 1424 unum
2334 1398 2496 1424 extremo-

1415 1448 1487 1470 rum
1503 1437 1621 1470 dicitur
1635 1439 1777 1476 relative,
1794 1447 1863 1470 non
1887 1438 1964 1478 quia
1986 1438 2096 1478 ipsum
2119 1437 2161 1469 ad
2183 1437 2273 1469 aliud
2288 1438 2424 1475 dicatur,
2439 1436 2496 1469 sed

1415 1484 1493 1525 quia
1515 1483 1603 1515 aliud
1626 1483 1745 1515 dicitur
1766 1483 1807 1515 ad
1829 1483 1950 1524 ipsum.
1974 1481 2070 1515 Unde
2083 1484 2118 1514 in
2134 1491 2204 1514 uno
2218 1483 2354 1525 ponitur
2368 1489 2496 1514 tantum

1414 1529 1527 1560 relatio
1548 1529 1691 1566 rationis,
1708 1529 1857 1570 quamvis
1872 1528 1905 1559 in
1921 1528 2023 1559 altero
2046 1529 2087 1559 sit
2109 1528 2223 1559 relatio
2237 1529 2342 1560 realis.
2358 1527 2496 1560 Constat

1415 1579 1525 1605 autem
1541 1573 1634 1615 quod
1649 1573 1763 1605 relatio
1786 1573 1919 1605 rationis
1941 1582 2011 1604 non
2035 1578 2083 1604 est
2105 1573 2274 1604 actualiter
2291 1573 2326 1604 in
2342 1581 2388 1611 re,
2402 1571 2496 1605 nullo

1414 1619 1581 1650 intellectu
1597 1618 1836 1650 considerante:
1861 1624 1894 1649 et
1916 1623 2036 1655 tamen,
2053 1618 2146 1649 nullo
2164 1618 2331 1650 intellectu
2347 1617 2498 1650 conside-

1414 1670 1515 1701 rante,
1531 1663 1612 1694 illud
1636 1669 1816 1695 extremum
1840 1669 1888 1694 est
1910 1663 1944 1694 id
1967 1663 2007 1694 ad
2031 1663 2122 1703 quod
2145 1662 2264 1694 dicitur
2283 1662 2372 1695 aliud
2390 1662 2496 1696 relati-

1415 1718 1494 1740 vum
1509 1709 1605 1740 reale.
1622 1708 1700 1740 ldeo
1716 1714 1847 1749 oportet
1862 1707 1970 1739 dicere
1981 1707 2074 1749 quod
2089 1708 2121 1738 in
2134 1708 2324 1739 huiuamodi
2339 1707 2497 1740 terminus

1415 1755 1449 1786 in
1465 1763 1533 1794 quo
1549 1763 1617 1785 non
1642 1759 1690 1784 est
1713 1753 1807 1784 realis
1821 1752 1946 1789 relatio,
1963 1753 2114 1784 terminat
2128 1753 2254 1784 ratione
2269 1753 2411 1784 absoluti
2425 1758 2495 1785 tan-

1416 1805 1497 1835 tum,
1513 1808 1582 1830 non
1597 1805 1707 1830 autem
1723 1799 1847 1829 ratione
1864 1797 2001 1829 alicuius
2014 1797 2181 1829 relationis
2192 1797 2357 1829 existentis
2372 1798 2407 1829 in
2421 1798 2495 1839 ipso

1416 1850 1471 1875 aut
1494 1843 1677 1874 secundum
1700 1852 1769 1874 rem
1793 1848 1850 1874 aut
1872 1842 2056 1874 secundum
2079 1843 2249 1874 rationem.

1472 1888 1563 1919 Patet
1586 1893 1696 1919 autem
1719 1887 1784 1918 hoc
1807 1897 1878 1918 esse
1901 1887 1943 1918 de
1973 1892 2084 1918 mente
2107 1886 2217 1918 Sancti
2245 1887 2407 1924 Thomae,
2429 1886 2495 1919 flu·

1416 1933 1528 1969 tentia,
1553 1941 1585 1973 q.
1601 1942 1656 1969 vn,
1672 1942 1700 1963 a.
1723 1940 1772 1969 to,
1789 1931 1830 1963 ad
1844 1942 1878 1972 4,
1901 1932 1959 1962 ubi
1975 1937 2064 1963 tenet
2079 1930 2181 1972 quod,
2197 1940 2272 1963 cum
2293 1932 2357 1963 hoc
2375 1940 2494 1964 nonen

1419 1991 1432 2004 «
1452 1977 1606 2008 dominus
1625 1990 1638 2004 »
1673 1977 1739 2008 tria
1770 1977 1932 2018 importet,
1962 1976 2087 2007 scilicet
2107 1976 2292 2017 potentiam
2323 1975 2502 2009 coercendi>

1414 2022 1570 2058 subditos,
1595 2021 1744 2053 ordinem
1766 2021 1812 2052 ad
1832 2020 1988 2058 subditos,
2013 2026 2046 2052 et
2074 2020 2337 2053 terminationem
2368 2020 2496 2057 ord'nds

1414 2067 1616 2098 subditorum
1641 2067 1684 2098 ad
1707 2066 1885 2103 dominum,
1901 2066 1999 2097 huius
2023 2066 2165 2097 nominis
2186 2065 2386 2109 significatio
2407 2066 2495 2098 inve—

1415 2113 1507 2143 nitur
1530 2112 1563 2142 in
1588 2112 1670 2147 Deo,
1689 2121 1754 2143 non
1779 2116 1937 2153 quantum
1961 2110 2005 2142 ad
2028 2110 2178 2142 ordinem
2201 2110 2246 2142 ad
2266 2110 2422 2148 subditos,
2438 2111 2496 2143 sed

1414 2162 1571 2199 quantum
1596 2156 1641 2187 ad
1660 2157 1840 2198 potentiam
1857 2155 2029 2187 coercendi
2052 2161 2083 2187 et
2105 2161 2264 2197 quantum
2280 2156 2325 2187 ad
2339 2157 2495 2188 remina—
2516 2170 2521 2174 ·

1415 2203 1535 2234 tionem
1559 2201 1686 2233 ordinis
1708 2201 1912 2234 subditorum
1941 2201 1985 2232 ad
2012 2200 2191 2232 dominum.
2216 2201 2264 2232 Ex
2291 2201 2412 2242 quibus
2438 2210 2495 2243 ap-

1415 2253 1505 2288 paret
1520 2246 1628 2288 ipsum
1637 2245 1724 2278 velle
1739 2245 1832 2288 quod
1843 2245 1934 2277 Deus
1949 2245 2142 2277 relationem
2153 2251 2317 2277 creaturae
2329 2245 2369 2277 ad
2385 2246 2492 2288 ipsum

1415 2292 1565 2324 terminat
1588 2292 1711 2332 absque
1735 2291 1846 2332 aliquo
1863 2290 1976 2322 ordine
2000 2291 2101 2331 ipsius
2116 2289 2157 2322 ad
2181 2296 2369 2322 creaturam.
2386 2310 2408 2314 -
2424 2290 2493 2323 Nec

1415 2337 1499 2368 valet
1522 2337 1628 2368 dicere
1653 2336 1743 2378 quod
1766 2336 1917 2367 terminat
1947 2341 2073 2367 tantum
2101 2333 2395 2373 fundamentaliter,
2423 2345 2491 2368 non

1414 2388 1523 2414 autem
1548 2381 1735 2412 formaliter.
1756 2381 1842 2420 Quia
1866 2379 2047 2412 secundum
2075 2380 2158 2411 hanc
2186 2379 2492 2417 considerationem,

1414 2428 1585 2458 terminare
1602 2425 1780 2457 formaliter
1796 2432 1843 2457 est
1867 2435 1936 2457 esse
1959 2425 1992 2456 id
2008 2425 2049 2456 ad
2065 2425 2155 2466 quod
2171 2424 2289 2456 dicitur
2303 2425 2491 2457 relativum:

1414 2478 1541 2503 constat
1553 2477 1674 2508 autern,
1691 2470 1873 2502 secundum
1889 2471 1969 2502 haec
1986 2470 2082 2501 verba
2098 2469 2207 2501 Sancti
2223 2469 2384 2508 Thomae,
2401 2470 2491 2512 quod

1414 2523 1559 2548 creatura
1583 2515 1700 2548 dicitur
1723 2515 1763 2547 ad
1788 2515 1896 2547 Deum
1921 2515 2017 2546 etiam
2041 2514 2134 2546 nullo
2158 2515 2267 2556 posito
2405 2550 2408 2554 ¹
2428 2511 2492 2557 Dei

1414 2561 1454 2592 ad
1477 2566 1674 2598 creaturam;
1700 2569 1776 2592 cum
1799 2561 1863 2591 hoc
1888 2560 1947 2591 sibi
1971 2560 2146 2591 conveniat
2161 2560 2258 2591 etiam
2282 2569 2328 2592 nu
2352 2569 2375 2592 ο
2396 2551 2492 2593 hibl-

1414 2606 1500 2638 lectu
1524 2605 1761 2638 considerante.
2313 2603 2318 2619 ²
2383 2601 2388 2610 '
2438 2622 2440 2627 ν

1471 2660 1501 2682 2.
1526 2651 1560 2683 Si
1584 2656 1693 2682 autem
1716 2650 1874 2682 terminus
1897 2649 2042 2681 secundo
2065 2649 2168 2681 modo
2192 2648 2426 2688 consider-emt,
2442 2649 2492 2684 dc

1413 2702 1545 2738 oportet
1568 2696 1601 2727 in
1625 2695 1765 2727 termino
1789 2694 1980 2726 relationem
2003 2694 2085 2736 poni
2107 2694 2141 2726 in
2165 2694 2257 2726 omni
2283 2693 2387 2727 modo
2409 2694 2491 2727 reln-

1413 2741 1572 2772 tivorum:
1597 2741 1631 2771 in
1654 2740 1762 2782 primo
1786 2738 1919 2781 quidem
1944 2745 1975 2771 et
1999 2738 2146 2771 secundo
2169 2738 2272 2770 modo
2295 2739 2432 2777 realem3
2455 2738 2489 2772 in

1413 2786 1508 2817 tertio
1525 2795 1603 2816 vero
1619 2784 1720 2816 modo
1739 2784 1921 2816 secundum
1937 2785 2108 2816 rationem.
2129 2783 2214 2815 Nam
2230 2793 2299 2815 non
2314 2792 2490 2826 possumus

1413 2831 1592 2871 intelligere
1615 2831 1683 2862 sive
1706 2830 1881 2871 concipere
1903 2829 2028 2871 aliquid
2054 2829 2115 2860 sub
2137 2829 2263 2860 ratione
2285 2828 2415 2861 termini
2441 2837 2491 2860 re-

1413 2875 1548 2907 lativum
1560 2874 1744 2907 definientis
1755 2875 1817 2906 nisi
1828 2875 1937 2916 ipsum
1949 2883 2027 2906 cum
2039 2872 2185 2915 quodam
2199 2873 2314 2906 ordine
2326 2873 2367 2906 ad
2381 2874 2489 2915 ipsum

1413 2920 1583 2952 relativum
1607 2919 1900 2962 apprehendamus.
1917 2919 1958 2951 Et
1981 2919 2045 2950 hoc
2062 2924 2111 2950 est
2133 2918 2224 2960 quod
2239 2918 2396 2951 intellexit
2411 2918 2492 2954 San·

1413 2971 1484 2997 ctus
1500 2965 1647 2997 Thomas
1662 2965 1726 2996 hoc
1742 2965 1818 2996 loco
1834 2964 1914 2996 dum
1930 2963 2010 2996 dixit
2025 2963 2117 3005 quod
2132 2973 2198 2996 non
2217 2968 2327 3006 potest
2349 2963 2491 3007 intelligi

1412 3009 1539 3052 aliquid
1562 3010 1698 3041 relative
1720 3009 1786 3041 dici
1799 3009 1844 3040 ad
1866 3009 2006 3041 alterum
2030 3008 2094 3040 nisi
2117 3018 2135 3040 e
2155 3018 2314 3040 converso
2334 3007 2418 3040 illud
2439 3018 2490 3043 re-

1413 3055 1512 3087 lative
1526 3055 1659 3086 dicatur
1680 3054 1725 3086 ad
1748 3054 1871 3096 ipsum5
1886 3058 1918 3086 et
1939 3054 1952 3085 l
1969 3053 2068 3091 Sent„
2086 3053 2117 3085 d.
2134 3063 2206 3091 xxx,
2221 3063 2250 3085 a.
2268 3053 2299 3092 3,
2316 3052 2396 3085 dum
2412 3051 2492 3086 dixit

1413 3100 1504 3141 quod
1527 3100 1709 3132 intellectus
1733 3105 1844 3131 noster
1867 3108 1932 3130 non
1950 3103 2061 3140 potest
2082 3098 2230 3141 accipere
2256 3097 2382 3141 aliquid
2404 3086 2495 3131 nui-¹

1412 3146 1477 3177 tiue
1499 3145 1543 3176 acl
1565 3145 1707 3176 alterum
1730 3144 1796 3176 dici
1825 3144 1890 3175 nisi
1916 3144 2020 3184 ipsum
2042 3144 2103 3175 sub
2126 3143 2275 3185 opposita
2301 3141 2490 3175 habitudine

1413 3190 1518 3221 intelli
1542 3195 1587 3221 at.

1470 3235 1500 3266 3.
1516 3200 1678 3266 {tationes
1702 3234 1799 3266 etiam
1823 3233 1986 3265 secundae
2010 3233 2176 3275 opinionis
2199 3232 2444 3265 Themistarum
2460 3232 2487 3268 “,

1413 3285 1546 3320 excepta
1561 3284 1686 3320 quarta,
1702 3279 1766 3310 hoc
1783 3277 1964 3310 secundum
1981 3277 2105 3310 dictum
2119 3277 2268 3319 probant.
2285 3275 2361 3308 Non
2378 3281 2486 3307 autem

1413 3324 1536 3365 aliquid
1566 3324 1705 3365 probant
1736 3329 1849 3354 contra
1879 3323 2022 3364 primum
2052 3322 2187 3358 dictum,
2217 3326 2254 3352 ut
2284 3321 2358 3352 satis
2388 3326 2485 3362 patet.

1412 3369 1518 3400 Prima
1542 3369 1629 3400 enim
1653 3367 1802 3410 procedit
1824 3367 1865 3399 de
1888 3367 2026 3399 relativis
2049 3366 2146 3408 primi
2169 3371 2200 3397 et
2223 3365 2357 3397 secundi
2381 3365 2486 3397 modi:

1413 3415 1445 3445 in
1470 3414 1590 3455 quibus
1614 3413 1827 3445 concedimus
1842 3412 2034 3444 relationem
2056 3411 2091 3443 in
2113 3410 2254 3442 termino
2270 3410 2440 3442 contineri.
2465 3429 2486 3433 —

1413 3458 1464 3490 Ad
1480 3458 1657 3491 secundam
1674 3467 1762 3495 vero,
1777 3463 1913 3498 negatur
1927 3455 2171 3497 consequentia.
2188 3455 2279 3487 Licet
2295 3455 2382 3486 enim
2399 3455 2488 3486 Deus

1413 3503 1452 3534 sit
1475 3503 1623 3535 absolute
1647 3503 1804 3534 terminus
1827 3506 1986 3543 quantum
2010 3499 2051 3532 ad
2077 3509 2174 3532 suum
2198 3500 2395 3538 absolutum,
2418 3508 2485 3531 non

1412 3554 1521 3580 tamen
1545 3547 1658 3580 definit
1682 3547 1851 3579 relativum
1875 3546 1937 3577 nisi
1960 3551 1995 3577 ut
2018 3553 2095 3576 cum
2119 3544 2309 3577 habitudine
2335 3544 2486 3586 opposita

1414 3594 1606 3634 concipitur.
1615 3610 1638 3616 -—
1650 3591 1702 3624 Ad
1717 3591 1843 3623 tertiam
1858 3590 2003 3622 similiter
2014 3589 2131 3622 dicitur
2142 3589 2234 3632 quod
2247 3590 2364 3632 probat
2378 3589 2487 3620 termi-

1413 3647 1504 3674 num,
1521 3644 1557 3668 ut
1580 3642 1779 3678 conceptum
1794 3644 1852 3676 per
1870 3634 2007 3667 modum
2024 3635 2153 3667 termini
2173 3634 2366 3671 definientis
2382 3633 2486 3666 inclu-

1414 3682 1488 3714 dere
1511 3682 1712 3713 relationem.
1737 3680 1837 3718 Quod
1854 3680 1967 3721 utique
1983 3680 2206 3711 concedimus.
2222 3698 2245 3703 —
2260 3679 2312 3711 Ad
2328 3685 2485 3719 quartam,

2523 1389 2580 1421 131.
2591 1389 2632 1413 nb.
2639 1388 2682 1417 lv,
2691 1390 2739 1412 loc.

2522 1419 2562 1439 cit.

2515 3230 2525 3240 ·
2539 3229 2610 3253 Num.
2622 3235 2657 3258 ιιι,
2666 3236 2680 3259 ³
