2664 4120
193 317 295 348 mavit
319 316 502 357 capitulum
525 325 556 348 2.
582 321 614 347 et
633 316 806 351 exordium
831 317 870 348 3⁶.
895 317 1090 358 Capitulumv
1109 330 1198 352 nunc
1228 323 1277 362 15,

194 367 309 393 contra
331 361 555 398 Manichaeos,
582 362 618 392 in
640 361 694 402 pA
717 370 787 392 non
811 362 979 399 existebat,
1001 364 1053 394 vel
1077 366 1187 404 potius
1209 376 1278 397 non

192 406 332 441 habebat
348 405 490 438 formam
505 405 657 447 capituli:
673 406 801 437 Auctor
813 406 925 447 plures
939 408 1170 440 conclusiones
1185 416 1279 441 antea

194 459 319 492 sparsas
343 452 377 482 in
400 460 507 482 unum
537 460 660 492 corpus
688 450 838 491 collegit;
862 460 932 482 non
955 461 1092 492 possum
1121 455 1202 494 quin
1225 455 1279 486 hic

195 497 339 537 cogitem
369 495 410 527 de
441 496 561 527 celebri
590 495 649 529 illo
681 508 697 522 c
721 495 918 527 conclusum
948 502 997 527 est
1027 502 1141 528 contra
1174 499 1278 530 Mani-

194 541 315 573 cbaeos
330 554 359 573 .›.
377 540 416 572 ln
430 540 577 581 capitulo
594 541 637 571 25
659 538 779 582 (Quod
796 540 977 581 intelligere
1001 541 1111 572 Deum
1135 548 1183 572 est
1206 543 1279 573 finis

194 586 304 619 omnis
330 585 560 616 intellectualis
589 585 770 626 creaturae)
798 585 859 616 tria
891 591 1082 626 argumenta
1108 596 1280 627 suppressa

194 635 271 663 sunt
282 635 315 662 et
325 630 428 661 totius
440 629 524 660 ordo
534 629 665 670 logicus
673 635 823 661 mutatus
833 634 891 660 est.
908 629 1140 670 Capitulorum
1154 639 1194 670 4¹
1202 655 1210 668 ,
1222 641 1278 671 42,

194 680 309 707 contra
335 674 554 716 philosophos
576 675 711 712 Arabes,
741 675 836 716 longi
864 684 979 716 passus
1009 674 1108 706 deleti
1136 674 1279 707 fuerunt.

198 752 203 755 ,
250 718 392 754 Difficile
415 725 464 750 est
494 719 625 751 credere
656 719 749 761 quod
771 719 902 752 traditio
924 719 979 760 pA
1002 729 1151 760 unquam
1183 720 1280 751 fuerit

193 773 382 802 numerosa,
405 773 485 796 cum
506 764 591 796 inter
613 766 754 806 primam
777 770 811 796 et
833 764 1034 796 definitivam
1056 763 1279 796 redactionem

193 819 264 842 non
287 809 433 841 multum
446 810 606 851 temporis
621 809 824 842 intercedere
846 809 1002 851 potuerit,
1018 814 1051 840 et
1073 815 1150 849 post
1167 810 1280 850 ,publi-

184 855 359 888 eanon-
381 859 489 886 textus
512 855 607 886 revisi
629 864 733 886 nemo
746 855 808 885 sibi
831 854 982 886 codicem
1006 854 1123 895 prioris
1146 855 1277 886 rescribi

193 899 336 931 voluerit
369 900 485 931 sciens.
521 899 660 932 Certum
689 905 739 931 est
773 905 904 930 nostros
937 898 1070 930 codices
1103 908 1175 930 eam
1210 909 1278 930 non

193 945 364 976 continere
394 944 458 977 nisi
486 953 546 985 per
574 950 695 976 tractus
729 944 863 975 reiative
892 944 1008 975 breves
1039 949 1072 974 et
1105 953 1164 984 per
1192 945 1278 975 viam

193 989 355 1021 mixturae
377 999 508 1030 sparsos
530 991 565 1021 in
587 994 679 1020 textu
697 998 720 1019 α.
737 988 790 1020 vel
804 986 837 1028 β.

249 1034 505 1076 Autograpbum
522 1035 590 1066 iam
603 1043 676 1065 non
689 1034 726 1064 in
740 1033 850 1074 primo
865 1033 1061 1065 redactionis
1084 1033 1189 1064 stadio
1209 1043 1280 1064 ver-

193 1079 336 1117 sabatur,
350 1078 487 1121 quando
499 1080 646 1121 primum
665 1078 826 1120 publicari
840 1084 1002 1119 coeptum
1015 1083 1074 1109 est.
1091 1077 1280 1110 Fasciculus

193 1124 284 1156 enim
314 1124 514 1163 auxiliarius,
543 1124 708 1156 revisione
740 1123 934 1155 decurrente
968 1129 1070 1160 ortus,
1107 1128 1197 1154 totus
1232 1128 1281 1154 est

193 1168 232 1200 in
251 1168 321 1206 ΝΖ,
345 1174 378 1200 et
401 1168 548 1210 quidem,
564 1169 709 1210 exceptis
724 1167 857 1200 duobus
875 1168 957 1199 locis
984 1168 1046 1209 173
1064 1168 1085 1198 b
1103 1169 1133 1205 5,
1162 1176 1212 1205 10,
1229 1177 1279 1199 se-

193 1213 343 1246 cundum
364 1213 517 1246 ultimam
539 1220 646 1246 textus
670 1214 742 1245 eius
765 1213 1001 1245 redactionem.
1027 1212 1154 1244 Confer
1183 1213 1281 1244 etiam

198 1258 261 1298 148
275 1269 298 1291 ι.
311 1268 367 1300 29,
391 1258 451 1296 32;
476 1259 541 1300 295
557 1269 578 1290 a
591 1268 625 1299 4.
649 1258 777 1300 Siglum
800 1267 879 1300 ergo
894 1264 1046 1290 nostrum
1073 1271 1087 1285 ι
1103 1259 1158 1299 pA
1177 1272 1191 1285 ι
1210 1267 1280 1289 non

191 1304 339 1345 punse
359 1303 558 1346 intelligatur
574 1304 690 1346 prima
711 1313 835 1335 manus·
852 1303 895 1340 A,
911 1303 967 1334 cui
990 1309 1216 1344 opponeretur
1230 1313 1280 1334 se-

191 1349 438 1391 qfflam
452 1350 497 1387 A,
508 1350 594 1381 sicut
616 1358 641 1390 p
663 1354 697 1381 et
711 1358 728 1380 a
742 1349 866 1380 utimur
881 1348 971 1389 apud
986 1347 1129 1385 codices,
1145 1348 1204 1380 sed
1219 1358 1280 1390 po-

168 1391 259 1427 ‘ii-n
279 1393 479 1435 insulis-tur
495 1394 607 1436 prior,
623 1403 684 1426 seu
702 1403 770 1426 non
787 1393 935 1432 ultimus,
950 1398 1057 1424 uatus
1079 1393 1197 1434 integri
1213 1398 1281 1424 tex-

192 1443 246 1471 aa
266 1439 312 1477 A,
331 1439 379 1471 ita
404 1445 443 1471 ut
464 1439 512 1471 sA
533 1439 577 1470 sit
601 1444 709 1471 textus
733 1437 921 1470 definitivus
943 1439 984 1476 A,
1016 1438 1076 1479 qui
1104 1438 1175 1469 aliis
1198 1437 1280 1470 locis

191 1489 241 1516 eet
261 1484 296 1516 A
316 1483 519 1525 sinpliciter,
543 1484 615 1516 aliis
642 1483 788 1516 secunda
810 1485 882 1515 eius
909 1483 1066 1520 redactio,
1094 1483 1165 1514 aliis
1188 1484 1282 1515 tertia

193 1528 246 1560 vel
268 1528 422 1571 amplius.

214 1603 217 1607 .
247 1573 363 1613 Quare
391 1573 504 1606 nuilus
534 1574 690 1615 antiquus
720 1573 825 1605 codex
849 1574 903 1615 pA
925 1574 1077 1615 supersit,
1108 1573 1207 1604 etiam
1238 1582 1280 1604 an

190 1619 282 1661 pior
303 1623 411 1651 nstin
434 1618 543 1651 forma
564 1619 712 1651 Auctore
730 1619 960 1651 consentiente
983 1618 1148 1660 publicata
1171 1617 1279 1656 fuerit,

190 1662 300 1697 aab
320 1664 466 1705 ingenue
488 1661 630 1696 fatemur
652 1663 735 1696 nihil
749 1673 814 1695 nos
835 1664 918 1695 scire
938 1663 991 1695 vel
1014 1663 1182 1705 suspicari,
1198 1673 1280 1695 con—

190 1708 814 1751 icetur-revalimaginari-Mixmra
836 1709 891 1750 pA
910 1718 988 1740 cum
1005 1706 1066 1748 ιβ
1087 1714 1281 1749 praeterre—

190 1755 441 1797 euperationem
454 1759 507 1786 tot
519 1755 703 1786 lectionum
726 1754 782 1795 pA
796 1763 883 1795 quos
894 1755 1003 1786 bonos
1018 1753 1129 1786 tulerit
1144 1752 1280 1791 fructus,

191 1799 377 1842 penam
403 1800 609 1841 paragrapho
632 1799 856 1841 explicabitur.

332 1891 353 1930 5
375 1888 415 1921 u.
437 1904 484 1912 —-
506 1889 568 1921 DE
590 1888 908 1920 AFFILIATIONE
930 1887 1140 1920 CODICUM

429 1942 566 1974 mfrER
588 1942 641 1974 SE
665 1942 725 1974 ET
747 1941 980 1974 RESPECTU
1003 1942 1046 1973 A.

242 2034 280 2065 4.
293 2041 320 2049 -
339 2024 544 2066 Ἑταμικιιῇι
566 2024 623 2065 pA
643 2023 709 2055 sibi
727 2023 860 2060 relictis,
881 2023 1022 2064 primam
1045 2022 1280 2054 consideratio-

189 2079 273 2103 nem
284 2070 372 2102 circa
392 2069 520 2102 naeni-
543 2068 729 2100 collationis
745 2066 900 2100 codicum
918 2068 1122 2099 instituimus
1141 2068 1280 2099 omnino

189 2115 388 2158 moralem,
410 2120 450 2146 ut
471 2113 721 2156 particularibus
736 2114 898 2145 secuturis
921 2112 1141 2145 fundamento
1155 2113 1207 2144 sit.
1223 2112 1280 2144 Vi-

189 2159 339 2194 &mdum
360 2164 410 2191 est
431 2159 473 2191 de
495 2158 738 2191 necessitudine
757 2158 912 2190 codicum
934 2157 1079 2190 invicem
1101 2163 1135 2189 et
1157 2157 1199 2190 de
1222 2157 1279 2189 ha-

190 2204 340 2238 bitudine
363 2213 481 2236 eorum
504 2203 546 2235 ad
568 2204 610 2235 A.

245 2249 351 2290 Quod
365 2259 406 2282 ex
423 2254 476 2281 tot
497 2247 668 2280 codicibus
691 2249 801 2290 operis
823 2253 891 2280 tam
907 2247 998 2289 lonffl'
1021 2248 1136 2289 ingens
1152 2247 1278 2279 varian-

189 2297 275 2329 tim
299 2293 481 2327 miiititudo
503 2293 745 2326 conscribenda
769 2294 871 2331 venit,
899 2301 1000 2324 nemo
1026 2293 1215 2330 mirabitur3
1247 2298 1279 2324 at

188 2340 287 2383 pain
299 2341 398 2372 enam
416 2338 512 2371 facile
529 2338 723 2383 intelligent,
737 2347 951 2371 numerosam
970 2338 1060 2369 illam
1078 2338 1278 2375 varietatem,

190 2387 221 2419 κ’
239 2385 284 2418 de
304 2384 499 2427 genealogia
516 2384 588 2416 eius
603 2390 791 2425 quaeratur,
805 2384 1018 2415 vehementer
1040 2382 1155 2414 reduci
1168 2392 1277 2424 posse.

189 2431 256 2463 Vk
275 2431 367 2462 imin
388 2430 472 2462 ratio
496 2429 647 2461 iubenda
668 2435 718 2461 est
739 2429 924 2461 lectionum
945 2428 1181 2470 singularium,
1209 2428 1277 2460 sive

189 2475 431 2509 uuiuscodicis
441 2479 557 2507 contra
571 2474 777 2516 reliquorum
800 2474 1064 2511 unanimitatem,
1079 2472 1224 2514 quando,
1241 2479 1278 2505 ut

189 2520 263 2554 finni
277 2521 376 2558 soter,
389 2520 554 2562 originem
574 2519 664 2561 apud
686 2520 859 2561 proprium
874 2518 1069 2560 scriptorem
1091 2518 1178 2550 clare
1201 2528 1278 2560 pro-

189 2565 282 2598 dunt.
305 2566 406 2598 Error
427 2570 487 2597 nit
508 2563 591 2597 falsa
611 2565 702 2596 crisis
723 2565 801 2596 istas
824 2564 919 2596 facile
950 2562 1148 2595 manifestat.
1174 2563 1278 2595 Aliter

189 2610 368 2644 dicendum
398 2616 448 2642 est
474 2609 519 2642 de
546 2609 744 2641 lectionibus
775 2619 893 2650 quae,-
904 2609 1057 2651 quamvis
1086 2608 1277 2650 singulares,

187 2655 274 2689 bete
289 2655 526 2698 amero-'ori
541 2655 644 2696 stirpe
660 2660 755 2687 natae
771 2661 849 2686 sunt
864 2664 965 2695 quam
981 2664 1003 2685 a.
1015 2653 1175 2695 scriptore
1189 2653 1276 2685 male

189 2701 319 2743 legente
341 2700 396 2733 vel
417 2700 585 2732 arbitraria
598 2709 634 2732 se
657 2701 838 2741 ingerente.
858 2699 1052 2731 Praesertim
1068 2699 1153 2730 inter
1176 2708 1278 2730 reser-

187 2746 310 2778 vandas
324 2750 562 2787 computantur
577 2745 699 2777 multae
714 2745 875 2776 lectiones
891 2754 911 2776 e
926 2744 1097 2776 codicibus
1116 2743 1227 2775 classis
1242 2741 1275 2783 β,

189 2797 224 2824 et
233 2801 351 2823 omnes
367 2800 454 2832 quae
467 2791 522 2832 pA
538 2796 701 2831 saperent.
714 2789 833 2822 Cetera
844 2789 1057 2831 singularium
1069 2798 1176 2820 massa
1191 2788 1277 2820 valet

188 2842 318 2869 tantum
346 2836 390 2868 ad
415 2835 652 2868 aestimandam
680 2844 794 2867 curam
823 2841 855 2866 et
881 2835 1083 2866 habilitatem
1115 2834 1276 2875 cuiusque

189 2882 368 2923 acasptoris,
391 2881 482 2923 apud
505 2890 607 2922 quem
629 2882 850 2921 incoeperunt
871 2885 1085 2920 manentque.

242 2927 402 2968 Neglecta
425 2926 486 2957 hac
508 2927 670 2957 immensa
693 2926 858 2962 varietate,
883 2925 916 2955 in
940 2925 1083 2965 antiquis
1106 2923 1276 2955 codicibus

188 2981 259 3003 non
282 2972 410 3002 obtinet
433 2970 545 3012 aliqua
566 2970 721 3002 notabilis
736 2970 919 3002 lectionum
943 2968 1117 3006 discordia,
1140 2968 1276 3010 sedpo-

188 3017 252 3048 tius
275 3015 381 3048 solida
396 3021 505 3047 tenuis
518 3016 627 3047 unitas
650 3021 684 3046 et
696 3014 925 3046 indifferentia·-
941 3014 1117 3045 Rarissime
1140 3013 1276 3054 quidam

188 3071 227 3093 se
238 3062 280 3092 ab
295 3061 367 3092 aliis
380 3066 534 3101 separant
547 3061 619 3092 sine
633 3060 786 3101 tangibili·
798 3069 896 3091 causa
911 3059 1115 3090 secessionis.
1131 3058 1160 3090 E
1176 3065 1275 3090 coetu

188 3106 377 3138 mediorum
393 3111 426 3137 et
447 3105 620 3136 iufionnn
633 3105 732 3136 multi
746 3114 824 3136 cum
845 3104 990 3145 antiquis
1013 3105 1202 3145 propinqua
1218 3113 1275 3135 ne-

188 3151 387 3183 cessitudine
411 3151 606 3187 cohaeream
630 3151 658 3181 si
680 3150 815 3182 saeculo
837 3159 895 3181 xm
917 3149 1038 3181 exarati
1062 3149 1210 3186 fuissent,
1233 3150 1276 3180 si·

189 3196 352 3228 nisinun
379 3196 518 3236 antiquo
546 3196 653 3227 textui
680 3194 799 3226 faciem
828 3204 899 3226 non
929 3204 1007 3235 prae
1029 3203 1065 3225 se
1091 3193 1222 3225 ferrent.
1246 3193 1275 3225 E

188 3247 303 3272 contra
326 3251 366 3272 ex
389 3240 587 3282 quibusdam
609 3239 727 3271 mediis
754 3245 790 3270 et
809 3240 1005 3276 recentibus,
1028 3248 1127 3280 supra
1148 3238 1234 3279 siglo
1253 3236 1274 3277 β

188 3285 328 3323 donatia,
351 3292 401 3317 sat
426 3285 586 3326 ‚frequens
615 3285 797 3316 differentia
829 3285 972 3316 collecta
996 3289 1054 3322 est,
1078 3290 1111 3315 et
1140 3284 1276 3324 insuper

188 3331 353 3372 quaedam
374 3340 414 3362 se:
431 3330 652 3362 manifestavit
673 3331 708 3361 in
731 3330 932 3361 variantibus
953 3329 1101 3369 legendis
1123 3329 1273 3365 societas,

188 3376 334 3417 precaria
354 3381 469 3407 tamen
491 3381 525 3407 et
546 3376 691 3407 erratica.
722 3374 928 3406 Soliditatem
951 3379 1058 3405 textus
1083 3383 1106 3404 οι
1130 3373 1273 3404 multum

188 3422 281 3452 abest
301 3426 340 3452 ut
361 3421 530 3462 attingant.
549 3420 639 3452 Cum
654 3420 778 3461 pluries
793 3419 1011 3451 dissocientur
1029 3428 1130 3459 quam
1146 3419 1274 3450 socien-

189 3472 252 3503 tur,
275 3466 466 3497 restiterunt
487 3466 580 3497 omni
602 3471 718 3497 nostro
735 3465 869 3496 conatui
887 3470 925 3495 ut
947 3464 1092 3505 aliquam
1115 3463 1274 3504 siglorum

189 3511 472 3542 combinationem
488 3520 683 3542 erueremus.
693 3511 770 3541 satis
793 3509 952 3546 stabilem,
970 3518 1056 3550 quae
1079 3509 1275 3549 opinionem

189 3556 288 3587 unius
310 3556 499 3587 comunis
521 3555 716 3596 exemplaris
739 3555 987 3586 demonstraret.

244 3601 438 3641 Signaturae
450 3606 567 3632 autem.
578 3600 777 3631 mutabilitas
792 3599 890 3631 afficit
905 3605 1009 3630 totam
1024 3598 1274 3639 discrepantiam

188 3647 223 3676 in
246 3646 326 3678 §nu
335 3645 530 3683 traditionis,
545 3651 622 3677 tum·
634 3645 799 3686 antiquae,
815 3650 886 3676 tum
910 3645 994 3675 inter
1017 3643 1102 3675 hanc
1118 3648 1151 3674 et
1166 3642 1274 3673 iunio-

2336 268 2406 292 XVH

1332 333 1401 354 rem
1417 326 1594 356 inventam.
1611 327 1698 367 Ergo
1715 329 1840 359 etiamsi
1856 339 2117 371 supponeremus
2134 332 2224 372 quod
2240 334 2406 371 variantes,

1331 377 1420 399 nunc
1444 370 1477 399 in
1502 369 1634 400 diversis
1658 371 1746 402 libris
1769 374 1965 412 oberrantes,
1982 375 2158 416 aliquando
2181 378 2217 408 in
2232 387 2300 408 uno
2322 378 2406 409 iibro

1332 412 1493 463 affuerint,
1517 415 1681 454 exemplar
1696 416 1782 446 istud
1805 424 1956 458 respectu
1971 420 2152 451 traditionis
2174 423 2336 462 posterius
2353 423 2407 453 ad-

1332 456 1472 507 hibitum
1496 464 1544 508 est
1567 468 1667 498 quam
1694 461 1893 502 archetypon
1917 464 2042 504 antiqui
2065 470 2180 496 textus.
2211 466 2248 497 In
2273 467 2407 508 singulis

1333 510 1422 531 emm
1438 501 1609 533 codicibus
1627 509 1732 534 textus
1755 506 1968 537 traditionalis
1992 510 2112 539 saeculi
2132 519 2192 540 xm
2214 512 2325 552 regula
2349 517 2406 549 est,

1333 546 1494 576 variantes
1517 556 1607 582 vero,
1637 549 1807 587 pauciores
1831 551 1894 580 sint
1917 557 1973 582 aut
2004 553 2122 592 plures,
2146 556 2247 595 magis
2271 557 2334 587 sint
2355 557 2406 588 vel

1333 590 1443 620 minus
1459 589 1604 627 diffusae,
1621 594 1829 632 exceptiones
1845 600 1929 625 sunt.
1947 595 2062 627 Nullus
2079 598 2183 628 codex
2194 600 2343 631 inventus
2360 606 2407 632 est

1333 634 1392 674 qui
1415 634 1557 674 sigillum
1581 636 1753 677 antiquum
1786 647 1855 668 non
1888 640 2072 671 ostenderet
2106 642 2168 672 alte
2202 644 2405 684 impressum.

1332 678 1548 710 Reservantes
1578 681 1674 720 igitur
1705 682 1891 713 varietatem
1921 683 2048 715 futurae
2076 687 2328 719 considerationi
2356 690 2406 720 in—

1332 723 1427 754 terim
1452 724 1680 756 concludimus
1697 735 1811 757 omnes
1836 727 1966 758 codices
1983 735 2071 759 ortos
2088 740 2157 760 esse
2181 741 2219 761 ex
2242 742 2309 763 uno
2333 734 2405 764 solo

1334 768 1510 808 exemplari
1534 778 1700 809 supremo.

1391 812 1420 842 5.
1437 812 1548 844 -Iure
1572 815 1777 854 quaesiveris,
1795 825 1836 846 an
1854 816 1908 847 ille
1931 816 2032 848 codex
2050 819 2199 850 omnium
2214 826 2304 860 pater
2320 821 2406 852 idem

1333 856 1375 886 sit
1398 866 1435 887 ac
1458 864 1569 889 noster
1591 856 1640 888 A?
1670 859 1755 890 Nam
1778 860 1842 891 hoc
1866 871 1934 891 non
1962 863 2107 902 sequitur
2134 864 2180 894 sic
2210 865 2406 905 simpliciter,

1332 900 1421 932 illico
1438 908 1470 932 et
1494 911 1552 942 per
1575 913 1619 939 se,
1636 909 1669 934 et
1682 904 1719 935 in
1742 913 1818 935 casu
1835 906 2071 946 respondemus
2086 909 2250 948 negative:
2276 910 2305 939 A
2321 911 2407 941 enim

1332 955 1402 976 non
1426 953 1474 977 est
1496 947 1677 979 traditionis
1701 955 1801 989 pater,
1825 950 1883 981 sed
1905 960 1993 981 avus.
2191 977 2193 979 v

1386 990 1421 1021 in
1433 991 1636 1024 Praefatione
1650 993 1690 1024 ad
1702 993 1976 1034 Supplementum
1989 996 2116 1027 Tertiae
2124 996 2224 1028 Partis
2239 996 2324 1039 (pag.
2336 1009 2379 1029 xx
2387 999 2407 1029 b

1333 1034 1394 1076 fin)
1418 1037 1604 1077 scripsimus
1633 1038 1732 1069 haec:
1762 1052 1776 1067 ‹
1791 1040 1950 1070 Absoluta
1981 1040 2116 1071 Summa
2144 1041 2346 1083 Theologica
2368 1043 2407 1074 ad

1333 1080 1479 1112 studium
1510 1081 1664 1113 Summae
1696 1089 1809 1114 contra
1839 1083 1986 1115 Gentiles
2016 1085 2088 1116 Deo
2117 1085 2244 1117 favente
2275 1097 2408 1128 progre-

1334 1124 1451 1156 dimur.
1483 1125 1519 1157 In
1543 1136 1611 1167 quo
1638 1138 1749 1159 rursus
1772 1129 1902 1160 occasio
1931 1130 2103 1170 praebetur
2135 1132 2338 1163 examinandi
2367 1142 2407 1163 an

1333 1170 1431 1200 etiam
1454 1171 1535 1202 illud
1559 1181 1644 1212 opus
1667 1173 1763 1204 unius
1786 1174 1913 1204 tramite
1937 1175 2192 1216 transcriptionis
2208 1175 2407 1217 divulgatum

1333 1214 1384 1245 sit.
1408 1215 1472 1246 Sed
1497 1216 1611 1247 ordine
1634 1218 1763 1248 inverso
1788 1218 1828 1249 de
1852 1219 2055 1260 autographo
2073 1219 2112 1250 ad
2136 1220 2343 1252 traditionem
2358 1231 2406 1252 ar-

1332 1268 1433 1299 guere
1456 1259 1565 1292 licebit
1584 1274 1611 1292 ›.
1637 1261 1733 1293 Nunc
1758 1272 1847 1304 ergo,
1871 1270 2048 1305 postquam
2077 1274 2136 1305 per
2163 1265 2278 1296 decem
2300 1276 2404 1297 annos

1332 1304 1478 1335 studium
1501 1307 1698 1345 posteritatis
1713 1307 1744 1337 A
1758 1317 1817 1348 pro
1835 1309 1955 1339 viribus
1979 1315 2128 1340 accurate
2152 1311 2348 1351 peregimus,
2367 1310 2407 1342 de

1333 1349 1509 1381 traditione
1532 1350 1686 1382 Summae
1702 1358 1817 1383 contra
1833 1352 1978 1384 Gentiles
1994 1353 2082 1384 idem
2105 1354 2301 1386 affirmamus
2318 1355 2409 1396 quod

1333 1393 1375 1425 de
1398 1394 1571 1426 traditione
1592 1395 1761 1427 Secundae
1786 1397 1956 1428 Secundae
1972 1405 2003 1428 et
2027 1398 2156 1429 Tertiae
2178 1399 2279 1430 Partis
2301 1400 2407 1440 perhi-

1333 1439 1482 1470 buimus:
1506 1441 1590 1471 inter
1613 1446 1737 1472 textum
1754 1442 1784 1472 A
1799 1448 1831 1472 et
1846 1447 1971 1473 textum
1988 1442 2139 1474 codicum
2158 1444 2407 1484 supponendam

1333 1493 1404 1515 esse
1433 1494 1533 1515 unam
1566 1486 1850 1526 transcriptionem
1879 1497 1918 1518 ex
1947 1488 1988 1519 A.
2026 1487 2104 1518 Sola
2138 1487 2319 1519 differentia
2350 1495 2406 1526 est,

1333 1528 1426 1570 quod
1457 1530 1650 1571 autographi
1682 1532 1779 1571 copia
1808 1532 1958 1562 uberiora
1990 1537 2022 1562 et
2051 1533 2188 1563 certiora
2222 1539 2409 1574 argumenta

1333 1574 1493 1615 praebuit.
1519 1574 1676 1606 Uberiora
1705 1575 1851 1616 quidem,
1880 1577 1956 1617 quia
1985 1575 2065 1607 dum
2093 1583 2187 1608 antea
2214 1583 2340 1608 tantum
2370 1588 2408 1609 ex

1332 1619 1531 1651 lectionibus
1551 1621 1784 1651 communibus
1800 1620 1886 1652 falsis
1902 1626 1934 1652 et
1956 1621 2096 1661 indignis
2119 1623 2335 1662 argumentari
2349 1631 2409 1663 po—

1333 1665 1406 1701 tuit,
1441 1663 1543 1695 modo
1577 1665 1892 1705 irrepraehensibiles
1923 1666 2031 1696 omnis
2065 1667 2191 1706 generis
2226 1672 2258 1698 et
2292 1667 2411 1698 coloris

1333 1709 1367 1740 in
1393 1718 1415 1739 α
1440 1709 1591 1740 inventae
1614 1711 1687 1746 sint,
1705 1719 1786 1750 quas
1801 1711 1831 1741 A
1847 1720 1916 1741 non
1939 1711 2041 1742 novit.
2060 1710 2207 1742 Certiora
2229 1721 2318 1748 vero,
2334 1712 2410 1752 quia

1333 1763 1397 1796 pro
1417 1755 1686 1795 praesumptione
1711 1755 1820 1786 critica
1843 1755 2034 1786 subintravit
2055 1755 2242 1787 invincibile
2265 1757 2410 1787 testimo—

1333 1799 1430 1830 nium
1451 1798 1643 1830 documenti
1667 1799 1823 1831 officialis.
1848 1800 2008 1838 Quamvis
2030 1800 2125 1831 nobis
2149 1806 2227 1831 tunc
2254 1801 2410 1842 temporis

1334 1853 1528 1886 persuasum
1552 1850 1621 1875 erat
1644 1844 1735 1885 quod
1758 1850 1863 1876 textus
1887 1845 2052 1881 codicum,
2076 1845 2122 1876 sic
2146 1851 2182 1876 ut
2207 1845 2411 1876 indistinctus

1335 1894 1368 1920 et
1390 1889 1477 1920 mala
1499 1889 1596 1920 bonis
1620 1890 1820 1930 permiscens
1847 1900 1931 1921 unus
1962 1895 1994 1921 et
2024 1889 2147 1920 solidus
2178 1890 2312 1927 iacebat,
2343 1899 2410 1921 non

1332 1940 1404 1967 erat
1425 1939 1533 1966 textus
1547 1934 1702 1966 Auctoris
1717 1933 1773 1965 sed
1795 1935 1969 1975 scriptoris,
1985 1934 2166 1975 gaudemus
2188 1940 2296 1966 tamen
2321 1934 2411 1975 quod

1334 1989 1393 2020 per
1416 1978 1582 2020 quandam
1604 1980 1886 2020 repercussionem
1909 1990 1928 2010 a
1951 1980 2081 2011 criterio
2108 1980 2313 2020 inexcepibili
2342 1987 2411 2011 me-

1334 2023 1439 2056 thodo
1450 2029 1581 2056 nostrae
1593 2024 1691 2065 plena
1702 2024 1853 2065 probatio
1865 2025 2013 2056 accrevit.
2026 2024 2315 2056 Considerationes-
2323 2025 2410 2056 enim

1334 2078 1420 2110 quae
1436 2079 1455 2100 a
1470 2079 1560 2101 mera
1575 2069 1649 2100 crisi
1665 2068 1926 2110 proficiscuntur,
1943 2068 2073 2100 difficile
2093 2075 2140 2100 est
2156 2070 2195 2099 ab
2212 2069 2303 2100 omni
2319 2078 2410 2110 prae-

1332 2120 1501 2155 conceptu
1524 2113 1711 2152 defendere,
1742 2123 1839 2155 saepe
1870 2114 1987 2145 dubiae
2016 2119 2092 2145 sunt
2118 2113 2354 2155 applicationis,
2379 2119 2410 2144 et

1333 2168 1507 2200 nimquam
1536 2159 1646 2190 valent
1675 2165 1836 2200 quantum
1864 2158 2025 2190 evidentia
2052 2159 2229 2190 oculorum
2255 2166 2408 2199 corpora-

1333 2203 1426 2236 lium.
1442 2204 1628 2236 Praesentia
1643 2204 1838 2245 autographi
1853 2212 1954 2235 omne
1969 2203 2107 2235 dubium
2122 2203 2260 2234 sustulit.
2276 2203 2411 2244 Absque

1334 2248 1510 2283 formidine
1533 2250 1679 2290 oppositi
1702 2248 1911 2286 affirmamus,
1934 2250 2017 2280 inter
2040 2249 2071 2279 A
2089 2254 2121 2279 et
2136 2247 2411 2279 traditionemsu·

1333 2294 1502 2336 perstitem
1524 2294 1726 2326 intercedere
1750 2302 1855 2326 uuum
1878 2293 2104 2335 apographum
2132 2302 2171 2324 ex
2198 2293 2228 2323 A
2250 2298 2410 2324 transum—

1333 2345 1439 2381 ptum,
1470 2349 1510 2371 οι
1538 2348 1607 2380 quo
1636 2338 1729 2370 fluxit
1759 2345 1792 2370 et
1822 2338 1914 2379 quod
1942 2347 2058 2369 omnes
2090 2347 2268 2369 commune
2292 2338 2411 2369 habent

1333 2394 1411 2416 cum
1434 2385 1475 2422 A,
1500 2390 1533 2415 et
1555 2384 1648 2425 quod
1671 2393 1852 2415 commune
1875 2384 1959 2414 inter
1981 2393 2016 2414 se
2040 2388 2153 2414 contra
2176 2383 2215 2413 A.

1390 2429 1421 2460 6.
1437 2446 1462 2452 -
1476 2429 1623 2470 Scriptor
1646 2429 1742 2470 primi
1758 2428 1938 2470 apographi
1954 2429 2027 2469 quis
2046 2427 2142 2458 fuerit
2164 2427 2337 2463 nescimus,
2353 2436 2410 2457 ne—

1332 2483 1398 2515 que
1413 2484 1455 2505 an
1479 2473 1563 2505 forte
1586 2473 1697 2515 plures
1712 2483 1782 2504 sese
1806 2474 2002 2514 exceperint.
2026 2472 2173 2503 Forsitan
2189 2472 2314 2502 Auctor
2334 2480 2410 2502 eum

1332 2518 1372 2550 ad
1388 2519 1473 2550 latus
1488 2519 1630 2553 habebat
1643 2518 1839 2553 confratrem
1856 2524 1888 2549 et
1904 2527 2145 2548 amanuensem.
2167 2516 2409 2557 Philosophiam

1332 2570 1364 2595 et
1379 2563 1410 2595 T
1412 2563 1600 2604 heologiam
1617 2563 1735 2595 doctus
1750 2563 1849 2595 fuisse
1871 2562 1999 2594 videtur
2014 2572 2032 2593 a
2047 2562 2145 2602 signis
2167 2562 2296 2592 securis.
2313 2560 2409 2591 Erro-

1331 2618 1382 2640 res
1398 2608 1534 2650 quidem
1557 2609 1723 2640 commisit
1738 2609 1964 2644 transcribens,
1988 2616 2113 2647 eosque
2129 2607 2204 2637 satis
2224 2605 2408 2646 frequentes

1331 2664 1369 2685 ac
1393 2654 1568 2695 aliquibus,
1592 2653 1798 2695 paucissimis
1820 2662 1897 2684 sane
1920 2652 2012 2689 locis,
2037 2660 2110 2682 vere
2132 2660 2272 2691 grossos,
2297 2649 2408 2690 quales

1331 2699 1420 2740 apud
1442 2698 1549 2730 ullum
1578 2697 1780 2730 ordinarium
1808 2698 1999 2738 scriptorem
2022 2705 2091 2726 non
2114 2695 2254 2726 vidimus
2277 2702 2407 2734 supera-

1330 2750 1397 2775 tos:
1414 2743 1453 2775 L.
1477 2743 1502 2780 Ι,
1527 2753 1600 2784 cap.
1619 2743 1653 2780 6,
1676 2751 1747 2784 17a
1771 2752 1830 2774 22:
1858 2755 1872 2769 «
1895 2740 2177 2773 inmurmurabilis
2200 2740 2313 2770 turba.
2327 2738 2407 2769 ..ad

1331 2788 1430 2820 fidem
1455 2787 1679 2820 Christianum
1703 2787 1890 2819 convolavit
1904 2797 1933 2823 »;
1957 2795 2027 2826 cap.
2045 2785 2098 2822 86,
2124 2784 2187 2824 237
2205 2794 2223 2814 a
2243 2792 2299 2823 ¹7³
2317 2783 2405 2813 Deus

1330 2833 1401 2865 vult
1419 2847 1433 2861 ι
1450 2834 1639 2864 universum
1655 2842 1725 2864 esse
1740 2832 1829 2874 quod
1851 2831 1949 2863 adeat
1962 2831 2141 2861 bonitatem
2157 2829 2258 2869 ipsius
2277 2840 2305 2859 ιν.
2330 2828 2405 2858 Non

1329 2884 1445 2916 tamen
1463 2879 1559 2910 nobis
1580 2877 1825 2920 persuademus,
1845 2875 1936 2917 quod
1958 2876 2114 2916 interpres
2130 2873 2320 2914 autographi
2336 2871 2405 2902 vul-

1329 2924 1397 2965 gari
1420 2924 1598 2955 scribarum
1625 2922 1814 2954 fraternitati
1837 2920 2078 2962 appertinuerit.
2102 2919 2246 2959 Ingenue
2269 2916 2406 2948 fatemur

1329 2968 1428 3010 quod-
1443 2967 1567 3000 menda
1580 2967 1835 3008 transcriptionis
1851 2975 1966 3007 parum
1981 2974 2043 2996 nos
2058 2969 2201 2995 movent.
2218 2963 2294 2993 Post
2310 2970 2404 3001 expe-

1329 3014 1480 3045 rientiam
1496 3013 1577 3044 olim
1593 3019 1625 3044 et
1648 3022 1754 3053 nuper
1772 3016 1936 3051 sumptam
1960 3019 1998 3040 ex
2021 3009 2160 3040 textibus
2176 3008 2318 3038 virorum
2334 3015 2404 3036 aca-

1330 3058 1468 3090 demicis
1493 3058 1594 3089 titulis
1621 3057 1809 3098 insignium,
1833 3057 1898 3086 iam
1924 3064 1994 3085 non
2018 3055 2130 3084 animo
2161 3052 2262 3093 parati
2292 3060 2405 3081 sumus

1329 3103 1520 3135 scandalum
1535 3111 1664 3134 sumere
1680 3112 1698 3132 a
1713 3100 1840 3132 mendis
1856 3100 2000 3130 librariis.
2017 3098 2160 3138 Scriptor
2179 3097 2325 3137 quinque
2349 3104 2404 3125 co-

1330 3147 1443 3180 dicum
1473 3148 1628 3179 Summae
1651 3145 1874 3186 Theologicae
1905 3144 1990 3184 (Vat.
2013 3144 2083 3173 Lat.
2115 3141 2191 3181 726,
2221 3140 2297 3181 733,
2326 3146 2402 3180 742,

1329 3193 1396 3234 746
1420 3193 1500 3232 1-11)
1525 3191 1587 3224 fuit
1609 3192 1723 3223 Bruno
1746 3189 1985 3221 Daventriensis
2012 3201 2026 3214 ι
2042 3187 2255 3218 Decretorum
2279 3185 2404 3214 Doctor

1330 3239 1418 3268 urbis
1446 3238 1618 3268 Patavinae
1637 3246 1666 3272 ›;
1698 3236 1835 3275 scriptor
1858 3233 1979 3264 codicis
2010 3230 2226 3262 Berolinensis
2249 3229 2402 3259 Summae

1328 3288 1459 3314 nostrae
1482 3282 1544 3313 fuit
1567 3281 1750 3321 Stephanus
1773 3278 1995 3310 Fabrianensis
2015 3290 2028 3303 ‹
2045 3285 2131 3306 sacre
2155 3273 2319 3313 theologie
2342 3273 2403 3303 hu-

1328 3327 1415 3359 milis
1431 3326 1596 3368 professor
1615 3336 1648 3362 »3
1668 3325 1774 3356 neutri
1790 3329 1902 3354 contra
1918 3321 2070 3362 speciales
2087 3318 2319 3359 exemplarium
2342 3315 2402 3348 dif-

1328 3372 1490 3404 ficultates
1514 3369 1736 3402 dimicandum
1761 3374 1837 3404 erat,
1862 3373 1892 3397 et
1915 3373 2024 3396 tamen
2044 3369 2158 3394 neuter
2180 3364 2332 3393 inventus
2355 3367 2404 3392 est

1328 3423 1420 3448 tanto
1444 3417 1576 3456 longior
1591 3426 1609 3446 a
1632 3414 1817 3454 vulgaribus
1845 3410 1970 3442 mendis
1996 3414 2118 3449 quanto
2142 3407 2268 3438 doctior
2292 3405 2402 3436 fuisse.

1329 3462 1462 3502 Utique,
1487 3470 1571 3501 quae
1601 3460 1796 3499 scriptorum
1825 3456 1886 3486 dici
1917 3455 2023 3484 solent
2050 3452 2240 3493 ignorantia,
2268 3460 2403 3481 somno-

1328 3507 1437 3543 lentia,
1451 3506 1600 3536 oscitatio
1617 3509 1649 3534 et
1665 3503 1698 3533 id
1713 3511 1816 3543 genus
1832 3499 2005 3530 habitualia
2020 3498 2106 3533 vitia,
2123 3497 2162 3526 ab
2179 3495 2312 3527 eruditis
2328 3495 2402 3525 viris

1328 3559 1547 3586 removemus,
1564 3547 1621 3579 sed
1637 3548 1738 3578 cuivis
1763 3546 1860 3576 docto
1877 3542 1994 3574 sufficit
2015 3542 2185 3572 hominem
2209 3550 2288 3576 esse,
2314 3545 2350 3570 ut
2372 3540 2403 3570 ei

1329 3606 1386 3637 per
1416 3594 1555 3626 modurn
1585 3598 1676 3623 actus
1709 3589 1855 3621 accidant
1882 3597 1965 3628 quae
1993 3586 2193 3618 mercenario
2226 3585 2401 3616 scribarum

1327 3641 1439 3682 generi
1462 3638 1614 3669 accidunt
1634 3646 1672 3667 ex
1696 3635 1782 3665 malo
1806 3633 1917 3663 habitu
1941 3631 1991 3662 vel
2015 3631 2200 3662 nescientia.
2225 3629 2402 3660 Videmus
