2768 4134
283 300 364 347 254
878 293 1067 331 SUMMA
1096 290 1319 328 CONTRA
1348 288 1625 336 GENTILES,
1656 288 1768 326 CAP.
1796 288 1925 326 XCIII.

615 452 1103 528 CAPITULUM
1137 448 1745 505 NONAGESIMUM
1781 446 2166 504 TERTIUM

1159 568 1188 598 A
1215 576 1284 607 27v
1323 576 1394 597 a20
1419 567 1487 597 sine
1511 566 1616 597 titulo.

285 675 460 729 QUOD
488 673 549 714 IN
579 672 707 713 DEO
737 670 899 712 SUNT
923 667 1233 710 VIRTUTES
1261 666 1558 708 MORALES
1587 665 1761 719 QUAE
1791 665 1954 707 SUNT
1978 666 2162 707 CIRCA
2185 664 2496 707 ACTIONES

291 825 298 834 ’
340 838 348 843 -
377 825 554 858 qmw‘w
582 820 714 850 autem
741 811 900 848 virtutes
935 808 1088 858 aliquae
1116 808 1236 846 vitam
1271 808 1360 846 acti·
1416 816 1524 845 actus
1553 805 1797 851 liberalitatis,
1827 813 1870 843 ut
1898 813 2002 855 patet
2029 817 2100 856 per
2127 806 2428 858 Philosophum,
2456 808 2495 845 in

290 864 355 917 εἷς,
367 845 472 914 (2233
494 879 586 904 vam
615 864 785 902 hominis
814 863 1018 912 dirigentes
1038 874 1139 912 quae
1159 874 1241 900 non
1261 862 1361 900 circa
1416 862 1467 899 IV
1485 863 1706 899 Ethicorum
1720 860 1752 897 *.
1784 860 1892 897 Deus
1913 859 2028 908 igitur
2045 867 2103 896 est
2121 860 2292 899 maxime
2313 862 2494 900 liberalis:

290 937 297 956 ⁴1
338 923 378 957 '..
421 912 470 966 ’ζῆ
494 919 706 970 passiones,
723 918 790 955 sed
806 917 906 955 circa
920 915 1092 954 actiones
1111 924 1216 953 sunt:
1237 924 1280 953 ut
1294 928 1360 953 ve·
1416 923 1464 962 et,
1494 923 1537 952 ut
1564 914 1766 952 Avicenna
1794 912 1884 951 dicit
1906 912 1939 960 2,
1968 912 2051 963 ipse
2081 914 2186 951 solus
2213 913 2378 953 liberalis
2405 928 2495 966 pro-

431 972 466 1006 &ss
495 973 595 1019 ritas,
625 971 776 1018 iustitia,
814 969 1029 1017 liberalitas,
1059 969 1358 1019 magnificentia,
1415 968 1498 1018 prie
1527 967 1604 1006 dici
1631 975 1774 1018 potest;
1803 979 1898 1005 nam
1927 978 2046 1004 omne
2075 966 2180 1004 aliud
2209 979 2326 1017 agens
2345 977 2497 1020 praeter

285 1027 490 1078 prudentia
518 1034 554 1063 et
581 1038 654 1063 ars.
1383 1038 1392 1058 s
1416 1022 1548 1072 ipsum
1577 1034 1624 1059 ex
1653 1034 1724 1059 sua
1752 1020 1903 1059 actione
1939 1020 2100 1070 aliquod
2134 1020 2287 1059 bonum
2322 1022 2495 1072 acquirit,

339 1082 443 1119 Cum
471 1088 602 1118 autem
631 1079 752 1116 virtus
774 1090 820 1115 ex
841 1076 993 1115 obiecto
1012 1078 1076 1114 vel
1095 1077 1256 1114 materia
1274 1089 1361 1127 spe·
1416 1076 1525 1126 quod
1554 1083 1611 1113 est
1638 1074 1728 1112 finis
1755 1075 1936 1112 intentus.
1965 1075 2079 1112 Hanc
2107 1082 2240 1112 autem
2259 1075 2342 1113 eius
2361 1076 2497 1114 libera-

285 1135 384 1172 ciem
414 1133 609 1179 sortiatur;
640 1132 810 1170 actiones
830 1138 961 1168 autem
988 1143 1090 1180 quae
1110 1138 1200 1168 sunt
1218 1131 1361 1168 harum
1417 1130 1562 1167 litatem
1598 1129 1796 1179 Scriptura
1831 1127 2010 1175 ostendit,
2040 1127 2173 1165 dicens
2207 1127 2247 1166 in
2283 1130 2440 1168 Psalmo
2459 1129 2496 1167 *τ

284 1188 471 1225 virtutum
495 1186 678 1224 materiae
697 1187 759 1222 vel
779 1184 940 1231 obiecta,
961 1184 1117 1222 divinae
1137 1184 1360 1234 perfectioni
1415 1185 1619 1234 Aper-iente
1635 1189 1671 1220 te
1689 1195 1846 1220 manum
1875 1188 1990 1229 tuam,
2012 1183 2142 1219 omnia
2163 1183 2416 1233 implebuntur
2433 1186 2498 1222 bo-

284 1253 364 1279 non
394 1247 624 1290 repugnant:
660 1250 733 1276 nec
765 1237 993 1276 huiusmodi
1021 1237 1194 1286 virtutes,
1224 1250 1362 1275 secun·
1418 1241 1548 1281 nitate;
1577 1244 1613 1274 et
1640 1238 1720 1274 Iac.
1747 1239 1792 1273 1⁵:
1829 1237 1905 1279 Qui
1935 1235 1998 1273 dat
2031 1237 2203 1274 omnibus
2235 1238 2438 1288 affluenter
2465 1244 2499 1275 et

284 1296 381 1332 dum
409 1293 609 1344 propriam
638 1292 821 1343 speciem,
851 1292 997 1330 habent
1025 1291 1171 1341 aliquid
1203 1300 1363 1342 propter
1378 1308 1403 1323 ιο
1418 1304 1493 1329 non
1523 1293 1766 1340 improperat.

284 1348 392 1398 quod
421 1361 443 1386 a
471 1347 604 1385 divina
631 1346 866 1396 perfectione
896 1346 1162 1383 excludantur.
1471 1346 1579 1382 Item.
1610 1343 1758 1382 Omnia
1785 1355 1888 1393 quae
1916 1355 1940 1381 a
1967 1343 2054 1381 Deo
2083 1355 2167 1381 esse
2195 1344 2402 1394 accipiunt,
2431 1357 2499 1383 ne-

337 1403 444 1439 Item.
461 1400 700 1438 Huiusmodi
714 1399 874 1437 virtutes
892 1399 1146 1449 perfectiones
1165 1400 1362 1449 quaedam
1417 1410 1524 1436 cesse
1552 1406 1608 1435 est
1635 1405 1679 1435 ut
1706 1396 1828 1447 ipsius
1855 1396 2150 1434 similitudinem
2168 1406 2313 1446 gerant,
2333 1398 2499 1448 inquan-

283 1455 491 1493 voluntatis
519 1462 555 1492 et
583 1454 795 1491 intellectus
819 1461 919 1500 sunt,
940 1465 1041 1504 quae
1065 1461 1155 1490 sunt
1174 1452 1362 1504 principia
1417 1460 1502 1490 turn
1531 1459 1632 1498 sunt,
1662 1459 1700 1488 et
1727 1451 1834 1489 bona
1861 1458 1964 1499 sunt,
1994 1458 2031 1488 et
2058 1451 2236 1501 proprias
2264 1451 2432 1490 rationes
2457 1452 2499 1491 in

284 1508 559 1559 operationum
578 1507 727 1557 absque
746 1507 939 1557 passione.
970 1508 1013 1544 In
1041 1507 1127 1544 Deo
1154 1515 1287 1545 autem
1306 1515 1362 1544 est
1417 1505 1552 1544 divino
1572 1505 1764 1543 intellectu
1784 1505 1941 1553 habent,
1961 1512 2004 1542 ut
2023 1516 2142 1555 supra
2159 1504 2181 1527 *¹
2208 1513 2411 1544 ostensum
2429 1513 2497 1544 est.

152 1573 230 1589 nm
250 1583 256 1589 ·
283 1564 464 1600 voluntas
483 1570 520 1599 et
539 1561 752 1599 intellectus
779 1560 884 1598 n'ulla
912 1572 1048 1598 carens
1075 1561 1309 1611 perfectione
1328 1561 1360 1598 *.
1378 1575 1400 1596 ις
1418 1561 1506 1597 Hoc
1533 1567 1666 1597 autem
1691 1559 1741 1597 ad
1760 1559 1944 1597 virtutem
1972 1557 2140 1596 veritatis
2167 1559 2344 1609 pertinet,
2364 1567 2407 1598 ut
2428 1570 2501 1611 per

284 1615 400 1665 Igitur
428 1616 525 1653 haec
553 1616 639 1652 Deo
668 1615 802 1652 deesse
832 1626 913 1652 non
941 1623 1117 1664 possunt.
1418 1613 1707 1663 Philosophum
1733 1612 1773 1650 in
1797 1614 1847 1650 IV
1861 1612 2015 1651 Ethia*
2035 1621 2150 1663 patet,
2171 1621 2214 1651 ut
2234 1613 2275 1651 in
2294 1613 2375 1652 suis
2392 1613 2500 1652 factis

339 1668 530 1719 Amplius.
560 1669 712 1706 Eorum
741 1667 922 1705 omnium
949 1680 1051 1718 quae
1071 1681 1094 1706 a
1114 1669 1199 1706 Deo
1219 1668 1258 1705 in
1279 1680 1362 1706 esse
1418 1675 1455 1704 et
1482 1666 1592 1704 dictis
1620 1666 1760 1716 aliquis
1787 1668 1904 1704 talem
1928 1678 1970 1704 se
1996 1666 2177 1704 exhibeat
2194 1666 2320 1717 qualis
2339 1675 2407 1705 est.
2430 1668 2500 1706 Est

285 1723 515 1772 procedunt,
536 1722 632 1759 ratio
660 1721 819 1772 propria
846 1721 887 1759 in
914 1721 1049 1759 divino
1078 1721 1270 1759 intellectu
1294 1730 1361 1767 est,
1418 1719 1531 1770 igitur
1550 1720 1590 1758 in
1609 1721 1695 1758 Deo
1715 1722 1878 1758 ver-itatis
1897 1719 2030 1758 virtus.
2061 1720 2175 1759 Unde
2198 1721 2312 1759 Rom.
2334 1726 2408 1759 111⁴:
2432 1721 2500 1759 Est

43 1783 51 1792 ·
67 1781 116 1810 cap
149 1787 156 1803 ¹
286 1784 328 1813 ut
347 1787 464 1826 supra
482 1776 502 1798 *
530 1784 732 1814 ostensum
751 1782 818 1812 est.
849 1775 962 1813 Ratio
983 1782 1114 1813 autem
1134 1775 1188 1812 rei
1207 1775 1362 1813 fiendae
1418 1780 1542 1812 aulem
1571 1775 1673 1811 Deus
1699 1786 1838 1819 verax;
1865 1781 1902 1812 et
1934 1773 1973 1811 in
2003 1774 2160 1812 Psalmo
2178 1773 2214 1812 *z
2249 1774 2388 1812 Omnes
2414 1776 2500 1814 viae

286 1829 325 1867 in
345 1837 475 1867 mente
494 1829 665 1868 facientis
685 1841 746 1866 ars
766 1837 836 1866 est:
858 1829 963 1866 unde
979 1828 1244 1878 Philosophus
1260 1828 1361 1875 dicit,
1378 1841 1404 1855 ²0
1418 1834 1504 1866 tuae
1531 1829 1679 1866 veritas.

42 1887 159 1936 {cmm
183 1893 194 1908 ⁸
211 1886 257 1908 Th·
285 1883 325 1920 in
344 1884 395 1920 VI
415 1884 533 1920 Ethic.
549 1882 581 1930 ’¹‘,
601 1882 710 1932 quod
730 1895 794 1919 ars
813 1888 864 1919 est
883 1888 984 1919 recta
1004 1885 1100 1920 ratio
1118 1883 1360 1930 factibilium.
1473 1881 1513 1919 Si
1542 1893 1644 1930 quae
1673 1889 1806 1919 autem
1834 1880 1994 1918 virtutes
2023 1889 2113 1919 sunt
2140 1893 2243 1931 quae
2271 1883 2321 1920 ad
2349 1882 2500 1933 aliquas

52 1921 88 1943 '³'
285 1937 353 1974 Est
388 1935 501 1985 igitur
534 1935 691 1985 proprie
720 1948 784 1973 ars
811 1935 850 1972 in
886 1936 984 1972 Deo.
1022 1936 1071 1972 Et
1106 1935 1195 1972 ideo
1223 1935 1364 1973 dicitur
1418 1934 1589 1972 actiones
1608 1934 1838 1972 ordinentur
1856 1946 1958 1984 quae
1978 1942 2068 1972 sunt
2087 1934 2354 1973 subiectorum
2368 1936 2419 1974 ad
2434 1948 2500 1975 su-

285 1991 371 2039 Sap.
387 1993 485 2026 vn²¹z
511 1989 688 2026 Omnium
707 1989 861 2037 Artifex
888 1989 1012 2025 docuit
1040 2001 1100 2026 me
1126 1990 1359 2038 sapientiam.
1417 1987 1582 2038 periora,
1611 1987 1699 2025 talia
1727 1988 1814 2026 Deo
1842 1987 2053 2026 convenire
2082 1999 2163 2026 non
2191 1996 2372 2039 possunt:
2401 1989 2500 2029 sicut

338 2044 444 2080 Item.
479 2042 622 2079 Divina
650 2043 842 2087 voluntas,
873 2041 912 2078 in
941 2041 1002 2078 his
1031 2053 1132 2091 quae
1167 2050 1257 2079 sunt
1289 2041 1363 2080 alia
1418 2040 1654 2087 obedientia,
1685 2041 1811 2088 latria,
1845 2042 1907 2080 vel
1942 2041 2089 2092 aliquid
2125 2041 2356 2081 huiusmodi
2390 2043 2499 2095 quod

284 2096 333 2133 ab
353 2096 450 2145 ipso,
471 2095 750 2132 determinatur
768 2095 816 2132 ad
846 2107 973 2132 unum
1001 2106 1072 2144 per
1099 2094 1362 2144 cognitionem
1378 2108 1401 2129 ²⁵
1418 2094 1609 2145 superiori
1637 2095 1812 2133 debetur.

67 2154 124 2181 0⁸1*-
139 2159 227 2175 uun·
284 2161 409 2196 suam,
438 2157 480 2186 ut
509 2161 626 2199 supra
645 2148 665 2170 ’¹‘
693 2156 894 2186 ostensum
922 2156 989 2185 est.
1022 2147 1201 2198 Cognitio
1230 2157 1362 2187 autem
1473 2147 1514 2187 Si
1533 2147 1650 2187 etiam
1670 2148 1891 2199 aliquarum
1910 2162 1959 2188 ex
1977 2149 2182 2200 praedictis
2200 2149 2407 2189 virtutibus
2425 2150 2502 2191 sint

284 2202 469 2240 ordinans
497 2204 738 2240 voluntatem
767 2202 816 2239 ad
846 2202 1043 2250 agendum
1063 2202 1271 2252 prudentia
1289 2211 1360 2240 est:
1418 2201 1538 2252 aliqui
1559 2210 1668 2240 actus
1689 2202 1914 2253 imperfecti,
1936 2203 2156 2242 secundum
2180 2203 2265 2242 illos
2283 2205 2370 2243 Deo
2397 2204 2500 2244 attri—

42 2261 213 2316 ζῇς-,Ἐξ
229 2266 256 2286 ⁴³
284 2256 376 2306 quia
395 2256 614 2293 secundum
634 2255 932 2305 Philosophum,
954 2255 993 2293 in
1017 2256 1067 2293 VI
1087 2257 1206 2294 Ethic.
1222 2256 1254 2303 ²⁸⁸,
1268 2269 1362 2307 pru·
1418 2255 1487 2294 bui
1516 2255 1639 2294 dictae
1663 2256 1824 2294 virtutes
1848 2269 1931 2295 non
1955 2265 2132 2308 possunt.
2165 2257 2272 2296 Sicut
2292 2258 2500 2309 prudentia

55 2303 61 2309 ’
111 2303 115 2308 ”
173 2303 178 2311 ’
281 2310 408 2347 atentia
436 2315 487 2346 est
515 2315 616 2347 recta
641 2311 737 2347 ratio
757 2310 966 2360 agibilium.
997 2309 1066 2347 Est
1084 2309 1198 2358 igitur
1217 2309 1255 2347 in
1276 2311 1362 2348 Deo
1418 2317 1612 2360 quantum
1644 2310 1694 2349 ad
1731 2318 1863 2348 actum
1897 2310 1998 2349 bene
2031 2310 2260 2350 consiliandi
2294 2312 2381 2351 Deo
2416 2324 2499 2352 non

44 2368 52 2376 ·
69 2366 134 2388 Vers.
151 2371 173 2391 2,
188 2371 208 2394 3.
219 2364 255 2387 Cf.

42 2399 94 2421 cap.
102 2398 144 2419 xit,
154 2398 214 2414 vers.
226 2397 257 2420 ¹3-

43 2475 51 2483 ·
70 2473 127 2501 <2³9-
144 2478 242 2494 “¹¹¹⁰-
339 2470 490 2507 Adhuc.
508 2470 723 2508 Ostensum
737 2478 793 2507 est
813 2469 961 2519 supra*
975 2470 1084 2520 quod
1100 2482 1147 2508 ex
1162 2471 1239 2508 hoc
1253 2472 1363 2521 quod
1417 2470 1536 2519 gnitio
1557 2483 1638 2508 non
1657 2471 1703 2508 sit
1723 2471 1957 2522 inquisitiva,
1973 2480 2015 2510 ut
2036 2472 2185 2523 supra*
2203 2481 2406 2512 ostensum
2423 2481 2497 2513 est:
2525 2479 2535 2490 ·

284 2524 392 2560 Deus
420 2525 503 2560 vult
530 2523 688 2573 aliquid,
709 2525 793 2561 vult
821 2523 883 2560 illa
910 2535 1013 2573 quae
1042 2524 1295 2574 requiruntur
1313 2525 1362 2563 ad
1419 2536 1499 2562 non
1519 2531 1646 2574 potest
1669 2524 1741 2562 sibi
1769 2524 1962 2564 consiliari
1991 2537 2074 2564 esse
2103 2526 2354 2566 conveniens.
2383 2527 2499 2567 Unde

285 2576 425 2626 ipsum.
456 2577 576 2624 Quod
597 2585 728 2614 autem
748 2577 797 2615 ad
818 2577 1094 2626 perfectionem
1124 2578 1286 2616 alicuius
1306 2590 1363 2616 re-
1418 2579 1489 2616 Iob
1515 2581 1635 2615 xxvt³z
1665 2579 1739 2616 Cui
1764 2579 1894 2616 dedisti
1920 2579 2144 2617 consilium?
2171 2580 2345 2619 Forsitan
2375 2581 2412 2619 ei
2436 2583 2503 2633 qui

285 2630 459 2680 quiritur,
481 2639 536 2667 est
555 2630 731 2668 debitum
753 2630 976 2680 unicuique.
998 2631 1066 2669 Est
1086 2631 1199 2680 igitur
1218 2631 1257 2669 in
1277 2633 1363 2670 Deo
1379 2651 1402 2671 ις
1420 2644 1494 2669 non
1515 2633 1625 2670 habet
1643 2632 1956 2683 intelligentiam?
1975 2633 2024 2671 Et
2042 2634 2169 2671 Isaiae
2181 2646 2229 2672 xi.
2241 2638 2283 2671 ¹⁴:
2309 2635 2406 2672 Cum
2425 2648 2499 2686 quo

285 2686 430 2729 iustitia,
451 2684 562 2722 cuius
590 2691 646 2722 est
674 2685 873 2734 unicuique
901 2685 1002 2735 quod
1026 2697 1135 2722 suum
1164 2691 1216 2723 est
1242 2686 1362 2724 distri-
1419 2687 1498 2723 iniit
1511 2685 1722 2732 consilium,
1738 2692 1772 2723 et
1790 2687 1965 2724 instruxit
1984 2686 2098 2724 eum?
2117 2687 2347 2726 Secundum
2365 2696 2498 2727 autem

43 2742 257 2791 213⁵‘kl'121r3‘ss'
285 2739 399 2774 huet-e
417 2737 447 2775 *.
478 2738 590 2776 Unde
627 2737 666 2775 in
702 2738 859 2775 Psalmo
879 2737 920 2760 *⁸*
948 2738 1103 2776 dicitur:
1133 2740 1257 2777 Iustus
1285 2741 1363 2778 Do-
1418 2747 1549 2777 actum
1578 2738 1687 2777 illum
1713 2739 1781 2789 qui
1801 2747 1858 2777 est
1877 2740 1925 2778 de
1950 2740 2158 2778 consiliatis
2186 2740 2356 2779 iudicare
2375 2749 2414 2780 et
2430 2753 2499 2793 ap-

45 2798 63 2807 ··
80 2785 115 2818 ¹⁵⁸·
127 2803 150 2823 x,
165 2786 223 2818 ω’·-
235 2786 257 2818 ⁸5
286 2793 408 2828 minus
437 2797 470 2828 et
498 2793 651 2829 iustitias
678 2792 818 2829 dilexit.
1417 2792 1579 2843 probata
1596 2792 1746 2842 eligere,
1759 2792 1855 2831 nihil
1874 2793 2055 2844 prohibet
2074 2793 2323 2845 prudentiam
2342 2795 2392 2833 de
2411 2795 2498 2834 Deo

44 2856 53 2865 ·
69 2854 117 2882 ew
122 2861 214 2876 xxxxxxx
339 2844 529 2894 Amplius.
561 2844 668 2883 Sicut
687 2857 804 2894 supra
819 2844 839 2867 *
858 2853 1060 2882 ostensum
1081 2854 1148 2893 est,
1169 2845 1257 2884 finis
1277 2846 1362 2884 ulti·
1417 2845 1504 2884 dici.
1522 2869 1547 2874 -
1567 2845 1718 2884 Dicitur
1735 2854 1867 2885 tamen
1886 2846 2084 2886 interdum
2112 2848 2310 2886 consilium
2329 2848 2378 2887 de
2398 2848 2496 2888 Deo.

281 2364 492 2414 prudentia.
514 2363 562 2400 Et
581 2363 657 2400 hoc
672 2370 728 2400 est
743 2362 852 2412 quod
867 2362 1007 2400 dicitur
1020 2364 1090 2401 Iob
1099 2363 1230 2401 xxv1*:
1250 2365 1366 2414 Apud
1379 2378 1404 2398 ιο
1418 2363 1615 2413 competit.
1638 2364 1742 2401 Cum
1763 2363 1868 2402 enim
1888 2364 2095 2404 consilium
2115 2364 2162 2403 sit
2181 2365 2366 2416 quaedam
2386 2379 2499 2417 quae-

285 2419 404 2467 ipsum
434 2422 485 2454 est
507 2417 710 2467 prudentia
739 2422 772 2453 et
789 2416 990 2465 fortitudo.

286 2910 374 2936 mus
397 2905 557 2948 propter
575 2910 694 2948 quem
715 2899 823 2936 Deus
842 2899 925 2936 vult
944 2898 1090 2946 omnia,
1111 2901 1219 2937 nullo
1239 2901 1361 2938 modo
1377 2920 1404 2940 ω
1418 2901 1488 2938 Vel
1503 2907 1663 2950 propter
1681 2899 1975 2939 similitudinem
1993 2901 2275 2940 occultationis:
2291 2914 2386 2941 nam
2405 2914 2498 2942 con-

286 2951 479 3002 dependet
493 2952 542 2989 ab
563 2950 623 2989 his
641 2964 743 3002 quae
758 2959 847 2989 sunt
863 2952 912 2990 ad
926 2951 1060 2999 finem,
1077 2965 1150 2990 nec
1169 2962 1361 3003 quantum
1418 2953 1500 2991 silia
1519 2954 1669 2991 occulte
1689 2962 1873 3003 aguntum
1897 2954 2004 2992 unde
2023 2955 2132 3005 quod
2151 2963 2208 2994 est
2227 2955 2268 2994 in
2287 2955 2421 2995 divina
2439 2968 2498 2995 sa-

286 3005 333 3043 ad
363 3017 446 3043 esse
475 3017 548 3043 nec
575 3013 768 3055 quantum
797 3005 846 3043 ad
875 3005 1153 3055 perfectionem
1176 3007 1359 3057 aliquam.
1417 3007 1561 3058 pientia
1589 3009 1800 3054 occultum,
1820 3020 1892 3059 per
1913 3007 2207 3047 similitudinem
2225 3010 2423 3048 consilium
2441 3009 2498 3048 di-

285 3059 398 3096 Unde
427 3071 508 3096 non
536 3060 619 3096 vult
646 3058 760 3096 alicui
789 3071 902 3097 suam
935 3059 1149 3098 bonitatem
1182 3073 1362 3099 commu·
1417 3061 1526 3107 citur,
1552 3068 1595 3098 ut
1619 3069 1723 3111 patet
1744 3063 1870 3100 Isaiae
1886 3067 1990 3108 xxv¹,
2020 3063 2240 3101 secundum
2265 3062 2382 3102 aliam
2403 3063 2497 3102 linea

287 3111 413 3149 nicare
433 3113 482 3150 ad
503 3113 579 3150 hoc
598 3120 640 3150 ut
659 3112 731 3150 sibi
751 3112 890 3150 exinde
910 3113 1055 3163 aliquid
1075 3122 1276 3161 accrescat,
1293 3115 1361 3152 sed
1417 3127 1502 3152 ram
1515 3114 1551 3151 *ε
1577 3115 1783 3152 Consilium
1812 3121 1917 3153 tuum
1937 3117 2130 3166 antiquum
2158 3129 2291 3155 verum
2307 3118 2396 3166 fiat.
2425 3116 2497 3155 Vel

286 3166 377 3214 quia
397 3166 527 3216 ipsum
542 3165 835 3204 communicare
851 3174 906 3204 est
921 3166 992 3204 sibi
1007 3167 1246 3206 conveniens
1265 3167 1362 3206 sicut
1376 3188 1400 3207 η
1417 3169 1652 3218 inquantum
1668 3169 1961 3207 consulentibus
1975 3169 2167 3208 satisfacit:
2189 3177 2246 3208 est
2260 3169 2366 3208 enim
2380 3169 2496 3208 etiam

286 3219 379 3256 fonti
399 3219 589 3257 bonitatis.
620 3219 723 3257 Dare
752 3227 882 3257 autem
912 3232 992 3258 non
1021 3229 1181 3271 propter
1203 3221 1361 3272 aliquod
1418 3222 1499 3259 sine
1521 3220 1699 3260 discursu
1719 3221 1960 3272 intelligentis
1978 3222 2167 3261 instruere
2190 3222 2440 3273 inquirentes.

287 3273 544 3310 commodum
574 3285 619 3310 ex
648 3273 804 3311 datione
834 3282 1090 3323 expectatum,
1112 3276 1179 3313 sed
1204 3284 1363 3326 propter
1472 3275 1654 3314 Similiter
1681 3275 1798 3314 etiam
1824 3275 1965 3314 iustitia
1983 3285 2176 3327 quantum
2205 3276 2254 3314 ad
2278 3285 2496 3316 commuta·

287 3325 410 3374 ipsam
440 3326 651 3364 bonitatem
682 3335 717 3364 et
750 3327 1064 3366 convenientiam
1099 3329 1277 3377 dationis,
1308 3338 1363 3367 est
1417 3329 1531 3367 tionis
1565 3338 1695 3367 actum
1731 3330 1817 3367 Deo
1852 3338 2074 3381 competere
2110 3341 2189 3367 non
2225 3337 2365 3380 potest:
2403 3342 2495 3369 cum

343 3447 353 3464 ²
376 3440 449 3474 Sum]
471 3441 513 3465 ΝΖ
532 3448 583 3466 t¹⁰²¹
597 3441 707 3474 faciunt
726 3448 823 3466 novum
841 3442 1004 3474 capitulani,-
1022 3443 1056 3477 ι’]-
1076 3444 1125 3476 ρΑ.
1150 3444 1170 3469 Ν
1191 3444 1269 3469 habet
1292 3444 1400 3469 titulum
1425 3452 1509 3477 :upra
1535 3444 1695 3478 marginem.
1798 3452 1811 3470 2
1832 3442 1982 3478 dirigentes]
2002 3443 2190 3476 distinguentes
2209 3444 2244 3475 B;
2263 3444 2295 3469 al'
2309 3445 2496 3479 distinguentes

289 3483 383 3508 margo
403 3476 425 3500 Η
445 3484 462 3500 a
481 3477 622 3508 scriptore.
714 3477 727 3502 3
747 3477 793 3502 sed
814 3477 879 3502 circa
899 3479 1014 3503 actiones
1033 3487 1075 3504 om
1098 3479 1145 3505 xl).
1233 3479 1246 3505 5
1267 3484 1294 3505 et
1311 3487 1353 3505 ars
1373 3481 1394 3505 Α
1414 3481 1499 3510 solnm
1519 3487 1561 3505 ars
1578 3480 1606 3511 Ρ,
1625 3480 1770 3506 intellectus
1785 3480 1875 3506 ceteri.
1968 3486 2001 3504 so
2020 3477 2146 3513 incientis]
2166 3478 2269 3505 artificis
2282 3480 2302 3505 Z
2316 3486 2341 3506 et
2355 3481 2379 3506 H
2394 3481 2420 3507 in
2433 3488 2495 3515 sup-

286 3512 372 3542 pletis.
465 3511 497 3535 30
516 3511 582 3544 xxw]
603 3520 636 3537 ιιι
659 3513 686 3538 Ρ.
781 3512 812 3546 37
833 3513 858 3538 in
879 3513 985 3539 Psalmo
1005 3514 1104 3548 dicitur}
1126 3515 1248 3541 Psalmus
1269 3515 1352 3542 aDcd.
1446 3515 1478 3541 38
1497 3515 1606 3541 iustitias
1627 3516 1662 3547 N;
1682 3516 1715 3541 iu.
1734 3516 1799 3548 WZ,
1819 3514 1941 3541 iustitism
1960 3514 2051 3541 ceteri.

342 3555 359 3578 4
378 3555 456 3580 agens
476 3553 577 3579 praeter
596 3549 727 3580 ipsum...
747 3548 866 3583 acquirit]
887 3557 966 3582 agens
989 3556 1094 3583 propter
1116 3559 1196 3584 agens
1216 3558 1318 3585 praeter
1337 3552 1424 3585 ipsum
1491 3552 1589 3584 appetit
1608 3552 1648 3577 vel
1669 3551 1779 3585 acquirit
1797 3551 1867 3582 ssG;
1891 3550 1973 3576 selam
1994 3550 2069 3576 1)ch
2087 3550 2186 3576 habent
2204 3552 2301 3584 appetit
2318 3552 2360 3577 vel
2379 3552 2498 3586 sequit-it.

290 3589 305 3614 9
326 3587 350 3606 et
369 3591 419 3607 non
440 3583 607 3615 improperat]
633 3590 680 3610 etc.
701 3584 808 3610 EGWb.
906 3592 936 3610 η
957 3585 1049 3620 ipsius]
1070 3587 1127 3611 eius
1147 3587 1269 3613 aDWPc.
1372 3587 1403 3612 ¹5
1424 3588 1546 3612 virtutem
1565 3587 1681 3613 verit-tis
1706 3587 1834 3617 XsGch3
1853 3586 1975 3612 virtutem
2002 3586 2075 3619 EpG,
2093 3587 2229 3612 veritatem
2249 3587 2336 3619 Nwz,
2360 3587 2495 3614 veritatem

290 3618 402 3642 veritatis
422 3619 494 3650 pFH,
515 3618 646 3644 veritatem
666 3620 768 3645 virtutis
787 3620 950 3646 BCDYsFH.
1044 3629 1075 3655 ¹7
1095 3623 1173 3648 talem
1190 3627 1254 3655 post
1272 3631 1301 3648 se
1321 3623 1406 3649 anre.
1501 3630 1533 3657 ¹9
1551 3630 1629 3648 verax
1650 3622 1770 3654 DNWY;
1789 3628 1836 3648 etc.
1854 3621 1971 3647 addunt.
2063 3621 2096 3647 28
2115 3622 2207 3656 dictae]
2227 3623 2374 3656 praedict-e
2391 3623 2495 3650 «Dch.

293 3651 325 3676 30
344 3654 472 3687 quaestio]
492 3654 623 3688 inquisitio
644 3655 670 3681 Ρ.
764 3655 794 3680 35
816 3656 1023 3690 intelligentiam]
1044 3658 1197 3690 sapientiam
1217 3659 1245 3684 Ρ.
1339 3659 1370 3691 37
1391 3658 1543 3692 appi-obsta}
1564 3658 1674 3684 iudicata
1693 3658 1740 3684 Pd.
1830 3656 1864 3689 43
1885 3657 1961 3682 sliam
1981 3657 2092 3682 litterum
2111 3659 2133 3683 Α
2147 3659 2232 3690 solun
2252 3659 2328 3684 nli-m
2347 3659 2495 3685 transl-tio-

291 3696 360 3714 nem.
380 3688 567 3723 Transcriptor
584 3699 636 3723 pro
654 3694 818 3724 compendiis
838 3694 927 3718 adram
946 3694 1011 3726 legit
1031 3694 1115 3725 aliam,
1135 3698 1161 3719 et
1181 3702 1275 3720 nomen
1297 3694 1421 3728 deficiens
1440 3694 1473 3719 de
1492 3701 1540 3719 suo
1558 3693 1675 3719 addidit.
1766 3691 1799 3725 45
1820 3693 1897 3718 etiam
1917 3699 1959 3718 om
1980 3693 2131 3719 DGNWPc.

1418 2419 1498 2463 stio‚
1528 2425 1570 2455 ut
1598 2417 1739 2456 dicitur
1767 2418 1807 2456 in
1835 2419 1885 2456 Vl
1905 2420 2025 2457 Ethic.
2047 2418 2084 2463 *ς
2112 2418 2246 2458 divina
2273 2427 2406 2458 autem
2433 2431 2498 2459 co·
2526 2425 2536 2474 J

2523 863 2532 911 ἶ
2542 862 2600 912 (ἐιρ.
2607 869 2624 891 ι,
2632 863 2741 890 iussn·-

2523 922 2532 931 ‘
2548 920 2585 943 Cf.
2595 920 2701 950 Metaph.
2711 925 2743 944 n·-

2523 947 2565 975 Vl,
2573 953 2654 976 espa:
2665 951 2692 970 tr.
2699 947 2742 976 lx,

2524 980 2576 1002 esp.
2587 980 2618 997 tv.

2524 1129 2590 1179 hin.
2607 1135 2658 1159 ein,
2679 1136 2742 1153 vers.

2525 1506 2536 1517 ·
2550 1504 2609 1534 Csp.
2619 1512 2658 1534 ιι,
2666 1512 2715 1530 nv.

2526 1611 2608 1663 Lssss·
2619 1619 2700 1670 1¹:3⁴⁹
2714 1620 2743 1643 ⁷3

2526 1773 2582 1830 :sitm
2590 1778 2673 1802 cxviii,
2681 1780 2742 1797 vers.

2523 3117 2534 3127 ·
2543 3114 2696 3145 &pin-gum
2703 3108 2750 3139 ιμ’

2524 3146 2600 3172 tei-pp.
