2768 4134
804 281 991 318 SUMMA
1020 284 1241 322 CONTRA
1269 287 1543 334 GENTILES,
1572 289 1666 325 LlB.
1688 290 1728 335 11,
1759 290 1869 327 CAP.
1892 291 1989 327 XV1.

297 367 436 393 stentem
459 362 616 402 requirat:
642 370 718 392 nam
741 362 810 401 ipsa
833 370 901 391 non
925 361 1072 393 educitur
1088 364 1127 394 de
1144 366 1288 404 potentia
1304 375 1371 396 ma-

298 407 406 442 teriae,
429 406 504 436 licet
527 406 561 436 in
584 406 716 436 materia
738 404 947 446 producatur.

354 451 391 482 11.
417 450 576 481 Secundo.
601 451 711 491 Agens
734 449 824 490 quod
846 451 980 490 requirit
1003 461 1041 481 ex
1065 454 1252 484 necessitate
1272 461 1371 484 mate-

297 496 379 526 riam
401 496 639 536 praeiacentem
663 504 702 525 ex
725 503 791 535 qua
814 494 976 534 operetur,
993 502 1040 525 est
1056 505 1152 535 agens
1172 498 1371 536 particulare.

299 540 388 571 Deus
419 546 528 571 autem
559 545 607 570 est
637 548 734 570 causa
762 539 950 569 universalis
980 540 1115 570 essendi.
1149 541 1235 581 Ergo
1266 549 1326 573 etc.
1350 561 1371 565 —

298 585 456 615 Probatur
479 583 683 614 antecedens.
708 583 794 621 Quia
815 584 939 623 operari
964 593 1001 614 ex
1025 585 1219 624 praeiacenti
1242 588 1373 617 materia

299 635 347 660 est
370 638 463 669 agere
487 628 528 659 ad
551 627 796 659 determinatam
820 628 980 668 speciem:
1005 638 1081 659 cum
1109 631 1215 660 omnis
1243 632 1373 661 materia

299 683 357 714 per
379 673 519 704 formam
542 671 808 713 superinductam
838 672 879 702 ad
908 672 1049 712 aliquam
1078 674 1220 713 speciem
1248 682 1373 706 contra-

298 718 402 749 hatur.
418 718 524 758 Agere
541 723 651 747 autem
667 717 732 747 hoc
747 716 850 747 modo
867 723 914 747 est
929 718 1052 757 agentis
1068 718 1280 757 particularis:
1298 729 1373 750 cum

298 772 414 793 causae
438 763 502 793 sint
525 762 661 792 causatis
684 761 955 802 proportionales.
980 762 1066 802 Ergo
1091 768 1151 792 etc.

357 817 387 838 2.
415 806 480 837 Sed
503 807 590 837 circa
613 806 702 836 illam
724 806 995 847 propositionem,
1020 808 1131 848 Agens
1157 806 1200 836 ad
1226 807 1374 838 determi-

300 857 411 883 natam
426 851 562 892 speciem
579 856 626 882 est
641 861 745 892 agens
755 851 970 891 particulare,
988 850 1161 882 dubitatur.
1177 851 1261 881 Nam
1276 852 1373 888 Deus,

299 896 513 938 producendo
537 896 717 932 hominem,
738 896 802 936 agit
826 895 865 926 ad
889 895 1134 926 determinatam
1158 896 1310 936 speciem.
1335 896 1375 926 Et

300 941 520 973 universaliter
539 950 653 971 verum
672 946 720 971 est
736 939 827 980 quod
843 939 1000 980 quicquid
1016 940 1092 980 agit,
1107 940 1148 971 ad
1164 940 1305 980 aliquam
1321 940 1375 970 de-

300 987 503 1017 terminatam
527 986 671 1026 speciem
701 985 781 1025 agit:
806 994 883 1016 cum
906 985 985 1016 nihil
1010 985 1049 1015 sit
1073 985 1105 1015 in
1129 994 1236 1015 rerum
1264 990 1376 1015 natura

301 1030 393 1072 quod
424 1030 464 1061 ad
494 1030 637 1071 aliquam
667 1030 811 1070 speciem
842 1029 1087 1060 determinatam
1114 1038 1182 1059 non
1209 1030 1258 1059 sit.
1288 1030 1376 1059 Deus

301 1082 410 1107 autem
435 1081 482 1106 est
505 1084 603 1116 agens
626 1075 816 1110 universale,
834 1080 870 1105 ut
891 1075 1064 1105 assumitur
1081 1075 1113 1104 in
1130 1075 1265 1104 ratione.
1289 1074 1376 1113 Ergo

302 1126 350 1152 est
373 1120 451 1151 falsa
473 1120 528 1150 illa
550 1119 745 1160 propositio.

357 1164 586 1206 Respondetur
598 1163 688 1205 quod
701 1173 795 1204 agere
808 1163 848 1194 ad
860 1163 1104 1195 determinatam
1116 1164 1259 1204 speciem
1272 1168 1380 1203 potest

301 1210 476 1251 dupliciter
505 1209 709 1250 contingere:
735 1208 856 1239 scilicet
886 1208 1105 1244 materialiter;
1133 1214 1164 1239 et
1191 1207 1378 1238 formaliter.

302 1256 407 1295 Agere
431 1253 609 1285 formaliter
631 1259 679 1284 est
701 1254 860 1284 rationem
884 1252 969 1284 illius
992 1253 1112 1294 speciei
1136 1262 1205 1285 esse
1221 1253 1379 1283 rationem

303 1299 474 1330 formalem
498 1298 679 1330 secundum
703 1307 802 1338 quam
825 1297 947 1338 aliquid
971 1298 1011 1328 ab
1034 1303 1148 1338 agente
1172 1297 1379 1338 producitur:

303 1341 553 1384 sicmagere‘ad
568 1343 712 1383 speciem
727 1343 871 1374 hominis
886 1342 1063 1373 formaliter
1078 1348 1126 1373 est
1142 1343 1301 1373 rationem
1322 1342 1381 1372 ho-

303 1389 401 1419 minis
423 1397 494 1419 esse
517 1388 687 1418 formalem
711 1388 869 1418 rationem
886 1386 1067 1418 secundum
1084 1396 1183 1427 quam
1202 1386 1325 1427 aliquid
1341 1387 1380 1417 ab

304 1438 419 1473 agente
436 1432 637 1473 producitur,
654 1438 690 1462 ut
706 1432 828 1463 scilicet
843 1433 907 1462 hoc
923 1431 1123 1472 producatur
1138 1432 1178 1462 ab
1193 1431 1250 1462 illo
1266 1437 1381 1472 agente

303 1477 499 1518 inquantum
515 1477 618 1507 homo
631 1483 689 1513 est,
701 1486 768 1507 non
783 1477 980 1517 inquantum
995 1476 1118 1517 aliquid
1134 1476 1231 1507 aliud.
1242 1494 1265 1499 -
1276 1477 1381 1517 Agere

304 1527 415 1553 autem
437 1521 644 1552 materialiter
670 1527 718 1551 est
741 1521 922 1561 producere
951 1521 1073 1562 aliquid
1097 1521 1136 1551 ad
1159 1522 1303 1561 speciem
1327 1520 1382 1551 de·

302 1567 519 1602 terminatam,
543 1575 613 1596 non
641 1571 750 1596 tamen
779 1566 975 1606 inquantum
998 1566 1068 1596 talis
1098 1566 1222 1606 species
1245 1571 1302 1601 est,
1326 1565 1383 1596 sed

304 1612 500 1652 inquantum
524 1611 668 1651 aliquam
691 1610 786 1641 aliam
813 1611 972 1641 rationem
1003 1611 1114 1641 habet:
1139 1611 1222 1641 sicut
1245 1610 1384 1641 dicimus

303 1656 410 1688 solem
434 1665 503 1687 esse
526 1656 670 1690 hominis
693 1654 925 1695 productivum
949 1655 1163 1691 materialiter,
1183 1664 1250 1685 non
1275 1659 1384 1685 autem

305 1700 493 1737 formaliter,
517 1701 604 1741 quia,
628 1700 703 1731 licet
726 1700 895 1730 hominem
920 1699 1088 1740 producat,
1111 1708 1180 1730 non
1203 1705 1312 1730 tamen
1336 1700 1385 1730 in-

306 1751 467 1788 quantum
495 1746 598 1776 homo
629 1750 676 1775 est
707 1744 868 1785 producit,
892 1745 934 1774 ita
958 1744 1049 1784 quod
1075 1745 1156 1774 ratio
1181 1744 1322 1780 hominis
1345 1744 1386 1774 sit

306 1792 388 1823 ratio
411 1790 557 1822 formalis
579 1788 762 1820 secundum
786 1798 885 1830 quam
909 1799 927 1819 a
950 1789 1019 1820 sole
1043 1788 1243 1829 producitur,
1260 1788 1316 1819 sed
1337 1789 1385 1819 in-

307 1841 468 1878 quantum
492 1844 611 1876 corpus
635 1840 690 1865 aut
713 1834 909 1870 animatum
934 1843 1010 1864 nam
1040 1834 1121 1864 ratio
1152 1833 1294 1864 hominis
1317 1843 1385 1864 non

306 1887 356 1912 est
377 1881 460 1912 ratio
484 1880 662 1920 adaequata
685 1878 897 1920 producibilis
921 1889 939 1910 a
962 1879 1040 1909 sole.

364 1926 400 1957 ln
424 1925 596 1966 proposito
615 1933 692 1964 ergo
717 1924 873 1964 accipitur
888 1933 982 1964 agere
998 1923 1038 1954 ad
1054 1923 1298 1954 determinatam
1314 1932 1386 1963 spe-

309 1971 394 2002 ciem
423 1969 611 2005 formaliter,
644 1978 713 1999 non
743 1967 853 2000 autem
883 1968 1098 1999 materialiter.
1131 1967 1184 1999 Sic
1219 1968 1305 1998 enim
1339 1973 1386 1998 est

307 2015 432 2056 agentis
454 2013 665 2055 particularis.
691 2013 830 2055 Oportet
854 2014 951 2050 enirn,
968 2013 995 2044 si
1010 2013 1092 2044 ratio
1109 2012 1252 2044 formalis
1267 2013 1386 2043 obiecti

308 2060 475 2102 potentiae
491 2059 614 2100 agentis
630 2063 678 2089 est
692 2058 891 2099 particularis
907 2064 939 2089 et
954 2057 1175 2094 determinata,
1188 2063 1224 2088 ut
1236 2063 1267 2088 et
1279 2058 1385 2097 ipsum

309 2114 418 2146 agens,
445 2109 483 2135 ut
509 2105 565 2140 sic,
593 2104 633 2134 sit
661 2103 851 2144 particulare
879 2109 911 2133 et
936 2103 1126 2134 limitatum:
1155 2102 1272 2133 dicitur
1299 2103 1385 2132 enim

310 2159 408 2191 agens
430 2149 623 2190 particulare
646 2154 678 2179 et
701 2148 875 2179 limitatum
898 2148 974 2188 quia
997 2157 1065 2178 non
1089 2153 1196 2188 potest
1226 2148 1258 2178 in
1287 2156 1385 2177 omne

309 2204 378 2231 ens,
402 2193 460 2225 sed
489 2194 523 2224 in
553 2192 676 2234 aliquid
708 2192 968 2224 determinatum.
1000 2192 1053 2224 Sic
1083 2193 1179 2223 etiam
1204 2201 1316 2222 verum
1341 2197 1387 2221 est

310 2239 403 2281 quod
425 2248 525 2270 omne
549 2247 647 2279 agens
671 2247 709 2268 ex
733 2238 927 2278 praeiacenti
950 2238 1083 2268 materia
1102 2237 1167 2278 agit
1182 2237 1222 2267 ad
1238 2236 1386 2267 determi-

310 2290 421 2316 natam
435 2284 578 2324 speciem
595 2283 693 2314 entis:
711 2283 787 2322 quia
803 2283 936 2313 materia
951 2291 1078 2323 semper
1093 2291 1151 2323 per
1166 2282 1385 2322 receptionem

312 2329 436 2361 formae
452 2328 492 2360 ad
509 2329 651 2369 aliquam
671 2328 814 2368 speciem
837 2326 1077 2358 determinatur.
1094 2346 1115 2349 —
1132 2327 1207 2357 Non
1233 2327 1387 2366 accipitur

312 2381 423 2406 autem
445 2375 510 2405 hoc
532 2374 609 2404 loco
631 2374 752 2414 species
776 2382 835 2413 pro
859 2373 968 2413 specie
990 2372 1229 2413 specialissima,
1250 2371 1306 2402 sed
1326 2380 1385 2410 pro

311 2420 404 2451 omni
427 2429 468 2450 eo
493 2418 584 2459 quod
607 2417 855 2448 determinatum
878 2416 1014 2458 gradum
1038 2417 1120 2448 entis
1147 2417 1310 2457 importat.
1334 2415 1386 2445 Sic

311 2466 401 2496 enim
424 2464 562 2499 caelum,
587 2463 735 2504 quamvis
758 2463 798 2493 sit
821 2471 918 2503 agens
941 2461 1120 2493 universale
1144 2471 1202 2502 per
1220 2470 1386 2501 compara-

312 2511 438 2540 tionem
463 2508 504 2538 ad
526 2508 588 2538 alia
611 2508 736 2548 agentia
761 2506 923 2543 inferiora,
939 2506 1087 2537 absolute
1103 2512 1211 2542 tamen
1228 2511 1275 2535 est
1291 2514 1386 2544 agens

312 2554 514 2595 particulare,
531 2553 608 2593 quia
624 2562 693 2583 non
709 2553 773 2592 agit
797 2552 858 2582 nisi
882 2551 973 2592 quod
996 2551 1036 2582 ad
1059 2551 1218 2582 rationem
1243 2549 1387 2589 corporis

314 2599 554 2630 determinatur.

370 2643 459 2674 Deus
483 2647 593 2672 autern
609 2642 674 2682 agit
689 2641 729 2672 ad
745 2641 989 2672 determinatam
1009 2641 1151 2681 speciem
1175 2638 1386 2673 materialiter,

313 2698 383 2719 non
405 2693 515 2718 autem
539 2686 731 2717 formaliter:
757 2687 833 2726 quia
855 2686 937 2716 ratio
957 2685 1137 2716 secundum
1153 2693 1251 2724 quam
1267 2681 1387 2722 aliquid

315 2732 505 2774 producitur
528 2741 546 2761 a
569 2731 652 2767 Deo,
676 2740 744 2761 non
769 2736 817 2761 est
845 2731 926 2760 ratio
958 2730 1180 2770 corporeitatis
1203 2733 1258 2758 aut
1281 2727 1387 2766 aliqua

315 2777 513 2819 particularis
537 2776 597 2806 alia
620 2776 701 2806 ratio
725 2776 817 2811 enfis,
841 2774 898 2805 sed
920 2775 990 2815 ipsa
1012 2775 1093 2805 ratio
1122 2775 1203 2804 entis
1227 2772 1386 2807 absoluta;

313 2821 506 2864 producitur
529 2821 616 2851 enim
640 2819 762 2860 aliquid
793 2829 810 2849 a
841 2819 913 2849 Deo
941 2819 1134 2859 inquantum
1159 2824 1206 2848 est
1230 2826 1296 2852 ens,
1320 2825 1387 2845 non
1412 2835 1414 2839 -

313 2868 509 2907 inquantum
533 2866 597 2895 hoc
622 2874 678 2895 ens
701 2870 749 2894 est
772 2869 827 2894 aut
842 2863 936 2899 illud;
958 2864 1032 2894 licet
1056 2869 1087 2894 et
1110 2863 1173 2893 hoc
1198 2868 1228 2892 et
1251 2859 1340 2896 illud,
1357 2866 1389 2890 et

315 2911 536 2943 universaliter
559 2918 659 2940 omne
683 2918 740 2939 ens
764 2908 964 2948 particulare,
982 2908 1150 2948 producat.
1175 2906 1278 2941 Unde,
1295 2905 1320 2934 si
1340 2905 1388 2934 lo-

316 2955 438 2997 quendi
461 2954 599 2986 modum
623 2954 792 2984 observare
816 2953 963 2988 velimus,
991 2952 1114 2983 dicetur
1141 2950 1273 2991 quidem
1300 2949 1388 2979 Deus

317 3011 410 3042 agere
431 3000 464 3031 id
479 2999 567 3041 quod
590 2999 633 3029 ad
654 2998 790 3038 speciem
814 2997 957 3037 aliquam
981 2997 1228 3028 determinatum
1248 2999 1303 3028 est,
1321 3003 1388 3023 non

315 3052 426 3077 autem
450 3054 543 3085 agere
568 3043 611 3074 ad
634 3042 881 3074 determinatam
904 3042 1050 3082 speciem.
1075 3041 1218 3071 Primum
1240 3039 1326 3069 enim
1342 3037 1388 3067 vi-

317 3091 411 3122 detur
439 3091 614 3130 importare
644 3097 712 3118 rem
743 3085 934 3127 productam
964 3086 1177 3120 materialiter,
1207 3082 1388 3114 secundum

318 3141 427 3167 autem
451 3133 643 3165 formaliter:
674 3132 727 3162 illa
757 3131 844 3162 enim
874 3131 1055 3171 propositio
1080 3129 1205 3160 videtur
1228 3138 1266 3159 ex
1289 3126 1389 3157 modo

318 3179 476 3221 loquendi
510 3179 684 3218 importare
719 3175 866 3207 ordinem
901 3175 1022 3215 agentis
1055 3174 1095 3205 ad
1127 3183 1222 3204 suurn
1255 3171 1389 3202 formale

319 3226 496 3256 obiectum.

375 3270 427 3300 111.
449 3269 568 3299 Tertio.
586 3265 687 3305 Quod
709 3275 776 3295 non
801 3264 951 3305 producit
974 3273 1023 3294 res
1047 3264 1080 3293 in
1105 3271 1172 3292 esse
1192 3261 1307 3291 nisiex
1323 3269 1390 3289 ma-

319 3315 398 3346 teria
421 3314 634 3355 praeiacente,
659 3311 722 3350 agit
745 3308 954 3340 solummodo
978 3306 1143 3337 movendo
1175 3311 1206 3336 et
1231 3311 1390 3335 transmu-

318 3359 430 3390 tando.
454 3357 519 3389 Sed
534 3358 622 3388 Deus
638 3365 706 3386 non
722 3356 787 3395 agit
801 3352 1029 3384 tantummodo
1049 3350 1213 3381 movendo
1238 3355 1269 3379 et
1290 3355 1392 3379 trans-

320 3403 488 3435 mutando.
513 3403 600 3442 Ergo
624 3410 692 3431 non
708 3399 748 3430 de
764 3399 951 3429 necessitate
967 3396 1118 3437 producit
1133 3405 1171 3425 ex
1190 3395 1391 3435 praeiacente

320 3449 462 3480 materia.
479 3466 500 3469 —
517 3447 674 3477 Probatur
697 3445 809 3475 maior.
834 3443 919 3481 Quia
944 3441 1045 3472 facere
1070 3438 1191 3479 aliquid
1207 3449 1244 3469 ex
1260 3438 1392 3468 materia

321 3500 369 3524 est
392 3503 450 3534 per
472 3497 601 3522 motum
623 3490 675 3521 vel
699 3489 923 3520 mutationem.
940 3505 961 3509 —
979 3486 1085 3516 Minor
1108 3485 1204 3514 etiam
1228 3483 1391 3523 probatur.

321 3538 400 3569 Esse
424 3542 472 3568 est
494 3535 705 3568 universalius
729 3543 828 3574 quam
851 3532 989 3563 moveri:
1016 3535 1090 3561 sunt
1118 3529 1204 3559 enim
1233 3526 1392 3567 quaedam

323 3584 408 3613 entia
430 3581 620 3616 immobilia,
645 3580 742 3610 etiam
765 3577 944 3609 secundum
969 3574 1192 3616 philosophos,
1213 3578 1249 3602 ut
1271 3570 1392 3612 lapides

323 3633 355 3658 et
377 3625 577 3662 huiusmodi,
594 3630 672 3665 puta
687 3623 826 3654 metalla.
851 3622 936 3661 Ergo
960 3629 1055 3660 supra
1079 3626 1208 3649 causam
1225 3625 1308 3656 quae
1324 3625 1392 3646 non

321 3672 388 3712 agit
410 3672 552 3711 nisi'per
575 3675 712 3704 motum,
738 3674 784 3698 est
808 3676 902 3698 causa
926 3674 1008 3705 quae
1033 3669 1079 3694 est
1103 3662 1243 3702 primum
1268 3659 1393 3690 essendi

2413 292 2482 329 301

1424 369 1628 408 principium,
1645 378 1729 409 quae
1744 376 1851 409 potest
1865 370 1985 400 scilicet
2008 380 2100 411 agere
2124 372 2245 412 absque
2261 378 2355 403 motu
2370 378 2402 403 et
2417 383 2489 403 mu-

1423 413 1554 443 tatione.
1578 413 1668 443 Patet
1691 414 1937 454 consequentia:
1962 415 2038 454 quia
2061 421 2183 455 quanto
2207 416 2339 448 effectus
2355 423 2402 448 est
2418 418 2488 447 uni-

1423 457 1584 493 versalior,
1608 462 1697 488 tanto
1727 458 1822 488 habet
1852 458 2016 498 propriam
2047 469 2175 491 causam
2206 461 2368 498 altiorem;
2402 471 2487 498 cum,

1424 507 1546 540 quanto
1577 511 1673 532 causa
1705 507 1751 532 est
1779 502 1885 538 altior,
1915 508 2006 533 tanto
2036 503 2076 534 ad
2105 504 2197 544 plura
2227 506 2296 536 eius
2324 506 2423 536 virtus
2454 516 2488 536 se

1426 545 1583 576 extendat.

1481 590 1630 626 Adverte,
1655 590 1744 630 quod
1768 590 1884 621 dicitur
1907 590 2028 629 lapides
2052 601 2116 621 non
2138 594 2269 629 moveri,
2286 594 2419 634 intelligi
2434 594 2488 624 de-

1426 634 1500 664 bere
1523 644 1543 664 a
1566 635 1687 674 seipsis,
1708 635 1791 665 sicut
1813 635 1961 665 viventia.
1985 633 2084 672 Quod
2107 638 2194 668 enim
2216 639 2255 668 ab
2279 639 2342 669 alio
2365 639 2487 669 moveri

1426 679 1559 717 possint,
1577 685 1608 709 et
1623 679 1758 710 naturali
1781 685 1874 710 motu
1898 685 1929 710 et
1952 678 2105 717 violento,
2122 683 2195 712 satis
2211 688 2257 712 est
2272 682 2487 713 manifestum.

1483 732 1512 752 2.
1530 722 1593 753 Sed
1607 729 1685 753 tunc
1701 733 1770 753 non
1784 724 1912 754 videtur
1927 724 2112 764 exemplum
2128 726 2168 756 ad
2190 728 2393 766 propositum
2410 737 2487 758 esse.

1427 766 1512 803 Quia
1527 768 1663 797 intentio
1688 768 1810 798 litterae
1833 774 1880 798 est
1902 766 1992 809 quod
2016 777 2083 800 esse
2108 771 2314 801 universalius
2330 777 2376 801 est
2391 781 2488 811 quarn

1427 812 1550 841 moveri
1574 812 1638 842 sive
1662 822 1680 842 a
1703 822 1736 842 se
1760 813 1826 843 sive
1849 813 1888 843 ab
1913 814 1990 846 alio;
2015 818 2047 843 et
2070 814 2160 854 quod
2183 820 2257 845 sunt
2279 815 2385 855 aliqua
2405 816 2489 846 entia

1428 863 1511 894 quae
1534 865 1641 895 neque
1666 866 1683 886 a
1706 866 1738 886 se
1763 866 1870 897 neque
1900 858 1939 888 ab
1970 860 2032 890 alio
2062 863 2250 895 moventur,
2274 866 2310 889 ut
2332 861 2371 890 sit
2394 861 2488 890 etiam

1429 899 1534 938 aliqua
1557 909 1651 930 causa
1675 901 1767 931 altior
1790 911 1827 931 ea
1850 911 1932 942 quae
1957 913 2014 944 per
2036 909 2163 933 motum
2187 904 2259 944 agit.

1484 944 1708 983 Respondetur
1739 946 1827 985 quod
1858 956 1925 977 non
1956 948 2136 978 considerat
2163 948 2226 978 hoc
2254 948 2328 978 loco
2356 948 2490 978 Sanctus

1429 986 1573 1017 Thomas
1597 998 1645 1018 res
1668 989 1847 1020 secundum
1871 991 1939 1031 ipsa
1962 1002 2068 1023 rerum
2092 1002 2218 1032 genera,
2234 991 2290 1022 sed
2312 991 2491 1022 secundum

1430 1031 1551 1082 gradus.
1569 1033 1702 1069 essendi,
1727 1040 1823 1073 prout
1853 1045 1931 1072 esse,
1955 1037 2071 1073 vivere,
2096 1037 2222 1072 sentire,
2250 1036 2435 1076 intelligere,
2460 1042 2492 1066 et

1429 1085 1552 1126 moveri
1569 1077 1748 1108 secundum
1764 1079 1883 1115 locum,
1904 1087 1978 1111 sunt
2002 1082 2117 1112 diversi
2140 1080 2255 1121 gradus
2269 1081 2413 1111 essendi.
2439 1081 2490 1112 Sic

1431 1129 1528 1156 emm,
1553 1130 1628 1151 cum
1652 1131 1719 1152 esse
1746 1123 1785 1152 sit
1811 1124 1925 1162 gradus
1949 1126 2074 1156 essendi
2096 1126 2304 1156 communior
2327 1135 2424 1165 quam
2449 1124 2491 1156 ‘sit

1431 1164 1546 1204 gradus
1570 1165 1706 1201 vivendi,
1729 1175 1826 1206 quem
1849 1168 1983 1207 gradum
2005 1171 2058 1200 hic
2081 1170 2215 1200 Sanctus
2231 1170 2375 1200 Thomas
2398 1174 2491 1200 vocat

1432 1209 1565 1244 moveri,
1579 1219 1618 1239 eo
1636 1210 1725 1249 quod
1741 1212 1878 1242 viventia
1893 1214 1995 1254 seipsa
2011 1220 2178 1250 moveant;
2195 1220 2323 1254 oportet
2338 1220 2369 1244 et
2383 1215 2491 1255 ipsum

1433 1263 1501 1284 esse
1522 1253 1674 1284 reducere
1690 1255 1721 1284 in
1739 1256 1935 1295 superiorem
1952 1268 2080 1289 causam
2096 1267 2193 1298 quam
2209 1259 2249 1289 sit
2264 1268 2302 1289 ea
2317 1268 2400 1298 quae
2419 1268 2491 1289 mo-

1433 1298 1540 1329 vendo
1564 1304 1595 1327 et
1622 1300 1863 1330 transmutando
1887 1302 1959 1341 agit,
1984 1308 2019 1333 ut
2048 1302 2162 1342 gradus
2193 1304 2355 1342 agentium
2386 1312 2491 1333 corre-

1433 1342 1615 1383 spondeant
1630 1342 1778 1383 gradibus
1795 1345 1916 1375 entium
1932 1346 1965 1376 in
1981 1347 2116 1386 agendo.
2140 1347 2192 1378 Sic
2209 1348 2305 1383 enim,
2321 1348 2404 1377 sicut
2418 1352 2493 1378 sunt

1435 1387 1501 1418 duo
1521 1397 1713 1418 communes
1728 1388 1843 1427 gradus
1859 1390 1991 1426 entium,
2008 1391 2127 1421 scilicet
2143 1401 2211 1421 esse
2227 1397 2259 1422 et
2271 1392 2387 1427 vivere,
2404 1390 2493 1432 quod

1433 1438 1542 1463 tamen
1566 1433 1672 1462 vivere
1697 1433 1939 1472 comprehendit
1963 1435 2068 1474 plures
2091 1435 2223 1475 gradus;
2246 1437 2289 1465 ita
2312 1441 2404 1466 erunt
2427 1435 2493 1466 duo

1434 1476 1551 1518 gradus
1567 1477 1742 1517 agentium,
1760 1482 1794 1507 ut
1814 1478 1938 1517 agentia
1958 1486 2041 1515 sunt,
2058 1480 2177 1510 scilicet
2193 1489 2284 1519 agere
2300 1489 2375 1510 cum
2390 1486 2493 1515 motu,

1436 1528 1467 1553 et
1486 1531 1579 1562 agere
1603 1522 1723 1562 absque
1747 1527 1856 1557 motu;
1881 1528 1916 1552 ut
1939 1533 2035 1563 agens
2050 1533 2126 1555 cum
2141 1530 2233 1555 motu
2249 1524 2495 1564 correspondeat

1435 1566 1547 1607 gradui
1572 1567 1775 1597 moventium
1800 1567 1911 1606 seipsa,
1936 1577 2032 1607 agens
2055 1574 2162 1599 autem
2184 1569 2252 1598 sine
2275 1574 2367 1598 motu
2391 1578 2495 1598 corre-

1436 1611 1596 1652 spondeat
1616 1610 1728 1651 gradui
1753 1611 1875 1641 entium
1899 1617 2034 1643 tantum.
2057 1612 2120 1643 Sed
2142 1619 2249 1643 tamen
2272 1622 2329 1652 per
2351 1613 2414 1643 hoc
2429 1622 2495 1642 non

1438 1655 1617 1686 excluditur
1641 1655 1731 1695 quod
1747 1664 1843 1695 agens
1859 1665 1935 1686 cum
1950 1662 2042 1687 motu
2065 1667 2132 1687 non
2156 1667 2189 1687 se
2212 1656 2360 1687 extendat
2375 1657 2414 1687 ad
2429 1666 2498 1697 gra-

1438 1700 1517 1731 dum
1541 1709 1655 1731 eorum
1680 1709 1763 1740 quae
1787 1705 1861 1730 sunt
1885 1701 1970 1731 entia
1993 1706 2127 1738 tantum,
2151 1701 2199 1731 sol
2223 1701 2309 1731 enim
2332 1706 2379 1731 est
2405 1710 2499 1731 causa

1438 1755 1507 1776 esse
1531 1755 1599 1776 non
1622 1745 1810 1776 viventium.
1841 1744 1905 1775 Sed
1927 1755 2040 1776 verum
2063 1752 2110 1776 est
2133 1745 2222 1786 quod
2244 1754 2312 1776 non
2335 1751 2440 1785 potest
2466 1746 2499 1775 in

1438 1790 1491 1821 illa
1507 1799 1591 1830 quae
1607 1789 1767 1830 pertinent
1789 1788 1828 1819 ad
1851 1789 1986 1829 gradum
2010 1791 2090 1821 entis
2114 1791 2174 1820 nisi
2196 1791 2387 1830 inquantum
2411 1799 2500 1819 com-

1439 1835 1606 1865 municant
1628 1843 1704 1865 cum
1727 1833 1827 1875 gradu
1850 1835 2026 1866 viventium
2051 1840 2208 1875 quantum
2224 1834 2264 1865 ad
2278 1834 2411 1870 moveri,
2427 1834 2501 1864 licet

1438 1880 1477 1910 ab
1494 1881 1672 1910 extrinseco
1689 1884 1889 1910 moveantur.
1906 1879 2030 1910 Sufficit
2046 1889 2121 1919 ergo
2138 1879 2177 1910 ad
2192 1879 2395 1919 propositum
2411 1877 2500 1918 quod

1438 1924 1560 1965 lapides
1583 1924 1645 1954 sint
1669 1924 1754 1954 entia
1778 1924 1965 1960 immobilia,
1982 1924 2103 1955 scilicet
2118 1933 2185 1954 non
2201 1924 2363 1954 moventia
2383 1923 2498 1963 seipsa:

1438 1970 1515 2009 quia
1530 1969 1574 1999 sic
1598 1969 1759 2008 pertinent
1782 1967 1821 1998 ad
1844 1967 1977 2008 gradum
1995 1969 2075 1999 entis
2091 1968 2285 2008 simpliciter,
2303 1968 2359 2007 qui
2373 1967 2498 2007 gradus,

1439 2019 1474 2045 ut
1490 2014 1544 2049 sic,
1561 2013 1693 2053 requirit
1708 2022 1838 2043 causam
1854 2013 1999 2044 altiorem
2016 2022 2114 2053 quam
2130 2013 2169 2043 sit
2185 2022 2221 2043 ea
2238 2021 2321 2052 quae
2343 2012 2406 2052 agit
2428 2021 2500 2042 mo-

1438 2057 1554 2094 vendo,
1579 2063 1615 2088 ut
1638 2063 1725 2097 patet
1748 2058 1780 2087 in
1805 2058 1937 2088 ratione.
2334 2094 2336 2097 ι

1495 2103 1524 2133 3.
1537 2101 1687 2138 Adverte,
1701 2101 1791 2142 quod
1807 2101 1893 2132 addit
1905 2102 2040 2133 Sanctus
2049 2102 2193 2132 Thomas
2206 2101 2380 2132 dictionem
2393 2100 2499 2130 exclu-

1438 2148 1548 2183 sivam,
1565 2147 1715 2187 inquiens
1730 2145 1821 2187 quod
1844 2146 1932 2177 Deus
1956 2155 2021 2176 non
2046 2145 2266 2176 tantummodo
2290 2144 2452 2175 movendo
2469 2150 2500 2174 et

1438 2190 1680 2222 transmutando
1704 2191 1777 2231 agit.
1802 2190 1887 2229 Quia
1917 2200 1983 2221 non
2014 2196 2108 2230 negat
2140 2191 2218 2230 quin
2250 2190 2351 2230 possit
2380 2188 2501 2229 aliquid

1438 2246 1569 2267 movere
1593 2242 1624 2266 et
1647 2241 1857 2266 transmutare
1881 2236 1933 2275 (ex
1956 2235 2086 2266 materia
2109 2235 2196 2265 enim
2220 2244 2336 2275 corpus
2359 2233 2448 2264 Adae
2470 2239 2502 2263 et

1439 2282 1524 2311 Evae
1556 2280 1734 2320 formavit):
1766 2279 1820 2310 sed
1851 2279 1941 2320 quod
1972 2280 2010 2310 de
2041 2280 2227 2310 necessitate
2257 2288 2324 2309 non
2354 2279 2418 2318 agit
2445 2287 2502 2318 per

1438 2326 1738 2356 transmutationem
1766 2326 1926 2355 materiae.
1958 2325 2067 2355 Potuit
2097 2325 2183 2354 enim
2213 2333 2330 2363 corpus
2359 2322 2447 2353 Adae
2471 2327 2502 2352 et

1438 2371 1524 2401 Evae
1548 2371 1669 2410 absque
1692 2370 1957 2400 transmutatione
1988 2369 2138 2400 materiae
2164 2368 2401 2409 praeexistentis
2428 2376 2503 2407 pro-

1438 2415 1566 2451 ducere,
1590 2415 1686 2446 simul
1708 2415 1810 2454 ipsam
1835 2415 1930 2444 etiam
1953 2414 2118 2444 materiam
2141 2412 2362 2454 producendo,

1494 2460 1546 2490 lV.
1573 2459 1711 2495 Quarto.
1742 2459 1829 2489 Deus
1861 2465 1908 2489 est
1937 2459 2114 2489 universale
2144 2457 2268 2488 essendi
2298 2457 2501 2497 principium.

1440 2505 1525 2544 Ergo
1549 2513 1616 2534 non
1640 2504 1703 2544 agit
1726 2509 1851 2533 tantum
1875 2512 1932 2543 per
1954 2509 2081 2533 motum
2098 2508 2152 2532 aut
2174 2502 2398 2533 mutationem.
2417 2500 2502 2539 Ergo

1439 2558 1507 2579 non
1539 2554 1611 2588 eget
1645 2548 1837 2589 praeiacenti
1869 2548 2009 2578 materia.
2041 2565 2063 2570 -
2093 2546 2240 2577 Secunda
2274 2545 2504 2585 consequentia

1439 2598 1536 2633 patet.
1551 2611 1575 2615 -
1590 2593 1695 2623 Prima
1719 2602 1795 2622 vero
1819 2592 1982 2631 probatur.
2007 2591 2092 2629 Quia
2111 2590 2201 2631 quod
2224 2591 2287 2630 agit
2305 2599 2362 2630 per
2378 2591 2503 2619 motum

1439 2647 1507 2668 non
1523 2643 1571 2668 est
1586 2636 1772 2667 universalis
1795 2645 1890 2666 causa
1913 2635 2054 2666 essendi:
2080 2645 2155 2665 cum
2171 2643 2228 2675 per
2242 2639 2370 2664 motum
2386 2639 2418 2663 et
2431 2642 2504 2663 mu-

1439 2683 1594 2712 tationem
1618 2691 1685 2711 non
1702 2680 1757 2711 fiat
1773 2689 1829 2710 ens
1845 2689 1882 2710 ex
1899 2690 1967 2710 non
1991 2685 2064 2710 ente
2087 2679 2281 2719 simpliciter,
2298 2677 2353 2708 sed
2369 2687 2425 2707 ens
2440 2677 2503 2706 hoc

1441 2737 1478 2757 ex
1502 2735 1570 2757 non
1593 2731 1666 2756 ente
1690 2725 1763 2755 hoc.

1497 2780 1526 2801 2.
1546 2770 1610 2801 Sed
1626 2771 1709 2800 circa
1724 2770 1807 2799 hanc
1823 2769 2081 2809 propositionem
2097 2768 2244 2798 ultimam
2258 2766 2367 2797 instari
2382 2770 2501 2805 potest:

1441 2816 1516 2855 quia
1540 2816 1568 2845 V
1592 2815 1699 2855 Phys„
1717 2820 1738 2844 t.
1756 2824 1775 2853 7
1789 2814 1815 2849 ἦ
1841 2813 1956 2843 dicitur
1979 2812 2069 2852 quod
2093 2813 2124 2842 in
2148 2811 2360 2853 generatione
2382 2808 2503 2849 simpli-

1441 2861 1529 2894 citer,
1547 2869 1630 2900 quae
1653 2863 1700 2889 est
1723 2859 1858 2889 mutatio
1883 2858 1916 2887 in
1939 2857 2160 2892 substantiam,
2175 2857 2221 2897 fit
2241 2866 2296 2886 ens
2318 2854 2505 2894 simpliciter

1441 2915 1483 2935 ex·
1506 2914 1571 2935 non
1596 2908 1668 2934 ente
1685 2903 1881 2943 simpliciter.

1456 2974 1459 2976 .
1497 2948 1548 2979 Ad
1571 2947 1765 2979 evidentiam
1780 2948 1886 2983 huius,
1903 2946 2172 2977 considerandum
2189 2950 2236 2975 est
2251 2943 2340 2984 quod
2359 2950 2415 2973 ens
2430 2942 2504 2972 sim-

1435 2994 1568 3034 pliciter
1589 2993 1689 3023 tribus
1712 2992 1817 3022 modis
1841 2992 1943 3032 accipi
1967 2996 2082 3031 potest.
2106 2990 2181 3020 Uno
2205 2988 2315 3023 modo,
2337 2993 2372 3018 ut
2395 2986 2505 3017 distin-

1440 3039 1549 3079 guitur
1572 3042 1684 3068 contra
1707 3046 1764 3067 ens
1786 3036 1959 3067 secundum
1983 3035 2068 3076 quid.
2100 3035 2140 3064 Et
2162 3040 2239 3064 tunc
2263 3031 2435 3063 substantia
2459 3030 2506 3061 di-

1442 3083 1524 3113 citur
1548 3091 1604 3112 ens
1628 3081 1829 3121 simpliciter:
1855 3081 1930 3120 quia
1954 3080 2013 3110 sibi
2036 3079 2187 3110 convenit
2210 3087 2277 3108 esse
2300 3082 2453 3116 tanquam
2477 3075 2506 3105 ei

1443 3126 1533 3167 quod
1563 3127 1692 3167 proprie
1722 3126 1817 3156 habet
1847 3135 1925 3155 esse.
1949 3142 1972 3146 -
1994 3123 2068 3154 Alio
2097 3122 2208 3158 modo,
2239 3127 2275 3152 ut
2305 3120 2508 3160 distinguitur

1443 3177 1555 3202 contra
1578 3180 1635 3201 ens
1658 3175 1859 3201 contractum
1883 3174 1915 3199 et
1937 3168 2117 3198 limitatum.
2142 3167 2182 3197 Et
2205 3173 2282 3196 tunc
2305 3174 2362 3195 ens
2378 3164 2436 3195 sub
2453 3164 2507 3194 ab-

1443 3216 1549 3246 soluta
1564 3216 1688 3246 ratione
1704 3215 1785 3245 entis
1800 3214 1915 3244 dicitur
1938 3222 1994 3243 ens
2018 3212 2212 3252 simpliciter.
2229 3228 2252 3232 -
2267 3210 2378 3239 Tertio
2394 3207 2506 3243 modo,

1444 3267 1480 3291 ut
1495 3259 1702 3299 distinguitur
1717 3264 1828 3289 contra
1845 3268 1901 3288 ens
1911 3257 2063 3297 partiale.
2080 3256 2121 3286 Et
2136 3262 2213 3286 tunc
2230 3264 2286 3285 ens
2302 3263 2340 3284 ex
2356 3253 2507 3283 omnibus

1444 3306 1509 3335 suis
1533 3304 1676 3344 partibus
1700 3308 1849 3334 constans
1873 3301 1988 3333 dicitur
2011 3310 2067 3331 ens
2090 3299 2285 3340 simpliciter.

1501 3349 1662 3379 Omnibus
1685 3349 1752 3378 istis
1774 3347 1880 3377 modis
1905 3346 2022 3376 creatio
2046 3351 2092 3375 est
2115 3343 2155 3374 ad
2179 3353 2234 3374 ens
2258 3343 2453 3383 simpliciter,
2477 3347 2510 3372 et

1446 3399 1492 3424 est
1516 3403 1553 3424 ex
1577 3403 1644 3423 non
1669 3398 1742 3423 ente
1766 3391 1961 3431 simpliciter.
1991 3390 2074 3420 Nam
2105 3388 2195 3428 quod
2222 3388 2351 3428 proprie
2375 3391 2508 3422 creatur,

1446 3444 1493 3469 est
1510 3438 1543 3468 id
1557 3437 1644 3478 quod
1661 3438 1692 3467 in
1709 3446 1768 3467 suo
1793 3445 1860 3466 esse
1882 3434 2030 3468 subsistit,
2048 3439 2084 3463 ut
2099 3432 2215 3463 dicitur
2229 3432 2344 3467 Prima,
2362 3441 2393 3471 q.
2410 3440 2470 3461 ην
2481 3431 2508 3460 *.

1446 3483 1487 3513 Et
1518 3483 1562 3512 sic
1594 3481 1630 3512 fit
1656 3491 1712 3512 ens
1742 3480 1927 3520 simpliciter
1957 3479 2062 3518 primo
2092 3476 2203 3507 modo.
2230 3494 2254 3499 —
2280 3476 2345 3506 Ens
2376 3484 2510 3516 quoque

1446 3527 1505 3558 sub
1529 3526 1698 3557 communi
1720 3526 1843 3556 ratione
1871 3523 1951 3554 entis
1979 3528 2026 3553 est
2056 3520 2197 3552 formalis
2219 3521 2375 3551 terminus
2398 3529 2455 3560 per
2477 3528 2511 3549 se

1446 3571 1632 3602 creationis:
1658 3575 1781 3600 creatur
1811 3569 1896 3599 enim
1927 3565 2187 3606 unumquodque
2217 3574 2323 3605 exeo
2351 3563 2442 3604 quod
2465 3569 2512 3594 est

1446 3625 1513 3651 ens,
1529 3616 1612 3646 sicut
1628 3612 1887 3653 unumquodque
1904 3611 2028 3642 videtur
2049 3612 2242 3651 inquantum
2258 3615 2305 3640 est
2320 3609 2511 3639 coloratum.

1446 3660 1487 3690 Et
1510 3661 1554 3689 sic
1579 3659 1614 3689 fit
1638 3668 1693 3689 ens
1718 3657 1903 3697 simpliciter
1926 3666 1963 3686 ex
1979 3665 2046 3686 non
2071 3661 2143 3685 ente
2168 3654 2353 3694 simpliciter
2369 3652 2512 3683 secundo

2531 2808 2743 2831 ·S.Th.1.:;oid.

2532 2842 2556 2862 ιι,
2572 2842 2593 2863 7.

2537 3435 2547 3444 '
2562 3435 2612 3456 Art.
2625 3440 2650 3460 4.
