<?xml version="1.0" encoding="UTF-8"?>
<!DOCTYPE html PUBLIC "-//W3C//DTD XHTML 1.0 Transitional//EN"
    "http://www.w3.org/TR/xhtml1/DTD/xhtml1-transitional.dtd">
<html xmlns="http://www.w3.org/1999/xhtml" xml:lang="en" lang="en">
 <head>
  <title>
</title>
<meta http-equiv="Content-Type" content="text/html;charset=utf-8" />
  <meta name='ocr-system' content='tesseract 3.04.00' />
  <meta name='ocr-capabilities' content='ocr_page ocr_carea ocr_par ocr_line ocrx_word'/>
</head>
<body>
  <div class='ocr_page' id='page_1' title='image "./operaomniaiussui13thom/operaomniaiussui13thom_0572.png"; bbox 0 0 2768 4134; ppageno 0'>
   <div class='ocr_carea' id='block_1_1' title="bbox 49 863 178 890">
    <p class='ocr_par' dir='ltr' id='par_1_1' title="bbox 49 863 178 890">
     <span class='ocr_line' id='line_1_1' title="bbox 49 863 178 890; baseline -0.016 -4"><span class='ocrx_word' id='word_1_1' title='bbox 49 865 58 875; x_wconf 87' lang='grc'>·</span> <span class='ocrx_word' id='word_1_2' title='bbox 73 863 129 890; x_wconf 74' lang='lat' dir='ltr'>Cap.</span> <span class='ocrx_word' id='word_1_3' title='bbox 142 869 178 885; x_wconf 76' lang='grc' dir='ltr'>ιν.</span> 
     </span>
    </p>
   </div>
   <div class='ocr_carea' id='block_1_2' title="bbox 51 1027 244 1054">
    <p class='ocr_par' dir='ltr' id='par_1_2' title="bbox 51 1027 244 1054">
     <span class='ocr_line' id='line_1_2' title="bbox 51 1027 244 1054; baseline -0.01 -5"><span class='ocrx_word' id='word_1_4' title='bbox 51 1028 60 1037; x_wconf 87' lang='grc'>·</span> <span class='ocrx_word' id='word_1_5' title='bbox 72 1027 128 1054; x_wconf 83' lang='lat' dir='ltr'>Cap.</span> <span class='ocrx_word' id='word_1_6' title='bbox 145 1032 182 1047; x_wconf 76' lang='grc' dir='ltr'>ινι</span> <span class='ocrx_word' id='word_1_7' title='bbox 192 1032 244 1054; x_wconf 85' lang='lat' dir='ltr'>sqq.</span> 
     </span>
    </p>
   </div>
   <div class='ocr_carea' id='block_1_3' title="bbox 294 293 2023 353">
    <p class='ocr_par' dir='ltr' id='par_1_3' title="bbox 294 293 2023 353">
     <span class='ocr_line' id='line_1_3' title="bbox 294 293 2023 353; baseline -0.006 -13"><span class='ocrx_word' id='word_1_8' title='bbox 294 305 370 353; x_wconf 87' lang='lat'>498</span> <span class='ocrx_word' id='word_1_9' title='bbox 759 298 946 335; x_wconf 92' lang='lat' dir='ltr'>SUMMA</span> <span class='ocrx_word' id='word_1_10' title='bbox 977 296 1198 333; x_wconf 91' lang='lat' dir='ltr'>CONTRA</span> <span class='ocrx_word' id='word_1_11' title='bbox 1227 294 1501 339; x_wconf 90' lang='lat' dir='ltr'>GENTILES,</span> <span class='ocrx_word' id='word_1_12' title='bbox 1531 295 1625 330; x_wconf 89' lang='lat' dir='ltr'>LIB.</span> <span class='ocrx_word' id='word_1_13' title='bbox 1647 294 1688 338; x_wconf 90' lang='lat'>11,</span> <span class='ocrx_word' id='word_1_14' title='bbox 1718 293 1830 330; x_wconf 90' lang='lat' dir='ltr'>CAP.</span> <span class='ocrx_word' id='word_1_15' title='bbox 1852 293 2023 330; x_wconf 89' lang='lat' dir='ltr'><strong>LXXIX.</strong></span> 
     </span>
    </p>
   </div>
   <div class='ocr_carea' id='block_1_4' title="bbox 355 450 2431 637">
    <p class='ocr_par' dir='ltr' id='par_1_4' title="bbox 355 450 2431 637">
     <span class='ocr_line' id='line_1_4' title="bbox 614 450 2178 510; baseline -0.003 0"><span class='ocrx_word' id='word_1_16' title='bbox 614 453 1097 510; x_wconf 89' lang='lat' dir='ltr'>CAPITULUM</span> <span class='ocrx_word' id='word_1_17' title='bbox 1134 450 1854 508; x_wconf 83' lang='lat' dir='ltr'>SEPTUAGESIMUM</span> <span class='ocrx_word' id='word_1_18' title='bbox 1890 451 2178 507; x_wconf 88' lang='lat' dir='ltr'><strong>NONUM</strong></span> 
     </span>
     <span class='ocr_line' id='line_1_5' title="bbox 355 579 2431 637; baseline -0.001 -12"><span class='ocrx_word' id='word_1_19' title='bbox 355 585 528 637; x_wconf 77' lang='lat' dir='ltr'><strong>QUOD</strong></span> <span class='ocrx_word' id='word_1_20' title='bbox 563 583 763 624; x_wconf 86' lang='lat' dir='ltr'>ANIMA</span> <span class='ocrx_word' id='word_1_21' title='bbox 798 582 1080 629; x_wconf 84' lang='lat' dir='ltr'>HUMANA,</span> <span class='ocrx_word' id='word_1_22' title='bbox 1117 580 1448 621; x_wconf 86' lang='lat' dir='ltr'><strong>CORRUPTO</strong></span> <span class='ocrx_word' id='word_1_23' title='bbox 1485 579 1784 628; x_wconf 76' lang='lat' dir='ltr'>CORPORE,</span> <span class='ocrx_word' id='word_1_24' title='bbox 1819 579 1950 620; x_wconf 87' lang='lat' dir='ltr'>NON</span> <span class='ocrx_word' id='word_1_25' title='bbox 1985 580 2431 623; x_wconf 85' lang='lat' dir='ltr'>CORRUMPITUR</span> 
     </span>
    </p>
   </div>
   <div class='ocr_carea' id='block_1_5' title="bbox 284 692 2528 1972">
    <p class='ocr_par' dir='ltr' id='par_1_5' title="bbox 284 692 2495 1972">
     <span class='ocr_line' id='line_1_6' title="bbox 427 692 2494 746; baseline -0.001 -13"><span class='ocrx_word' id='word_1_26' title='bbox 427 732 432 741; x_wconf 80' lang='grc'><em>,</em></span> <span class='ocrx_word' id='word_1_27' title='bbox 475 720 481 726; x_wconf 76' lang='lat'>,</span> <span class='ocrx_word' id='word_1_28' title='bbox 500 709 523 733; x_wconf 88' lang='lat' dir='ltr'><strong>x</strong></span> <span class='ocrx_word' id='word_1_29' title='bbox 539 695 759 746; x_wconf 88' lang='lat' dir='ltr'>praemissis</span> <span class='ocrx_word' id='word_1_30' title='bbox 775 695 888 743; x_wconf 88' lang='lat' dir='ltr'>igitur</span> <span class='ocrx_word' id='word_1_31' title='bbox 902 694 1100 731; x_wconf 88' lang='lat' dir='ltr'>manifeste</span> <span class='ocrx_word' id='word_1_32' title='bbox 1117 693 1267 730; x_wconf 83' lang='lat' dir='ltr'>ostendi</span> <span class='ocrx_word' id='word_1_33' title='bbox 1277 700 1362 742; x_wconf 91' lang='lat' dir='ltr'>pot·</span> <span class='ocrx_word' id='word_1_34' title='bbox 1471 693 1578 728; x_wconf 86' lang='lat' dir='ltr'><strong>Item.</strong></span> <span class='ocrx_word' id='word_1_35' title='bbox 1608 692 1933 742; x_wconf 88' lang='lat' dir='ltr'>Unumquodque</span> <span class='ocrx_word' id='word_1_36' title='bbox 1953 693 2062 743; x_wconf 92' lang='lat' dir='ltr'>quod</span> <span class='ocrx_word' id='word_1_37' title='bbox 2091 693 2273 743; x_wconf 90' lang='lat' dir='ltr'>recipitur</span> <span class='ocrx_word' id='word_1_38' title='bbox 2291 693 2331 731; x_wconf 93' lang='lat' dir='ltr'>in</span> <span class='ocrx_word' id='word_1_39' title='bbox 2350 693 2494 743; x_wconf 84' lang='lat' dir='ltr'>aliquo,</span> 
     </span>
     <span class='ocr_line' id='line_1_7' title="bbox 322 744 2492 798; baseline 0 -14"><span class='ocrx_word' id='word_1_40' title='bbox 322 780 327 784; x_wconf 32' lang='lat'><em>⁴</em></span> <span class='ocrx_word' id='word_1_41' title='bbox 452 793 461 798; x_wconf 45' lang='grc'><strong>-</strong></span> <span class='ocrx_word' id='word_1_42' title='bbox 478 748 485 758; x_wconf 74' lang='lat'>’</span> <span class='ocrx_word' id='word_1_43' title='bbox 514 757 569 787; x_wconf 91' lang='lat' dir='ltr'>est</span> <span class='ocrx_word' id='word_1_44' title='bbox 597 749 769 786; x_wconf 90' lang='lat' dir='ltr'>animam</span> <span class='ocrx_word' id='word_1_45' title='bbox 799 750 1015 785; x_wconf 83' lang='lat' dir='ltr'>humanam</span> <span class='ocrx_word' id='word_1_46' title='bbox 1044 759 1125 784; x_wconf 93' lang='lat' dir='ltr'>non</span> <span class='ocrx_word' id='word_1_47' title='bbox 1150 745 1360 796; x_wconf 89' lang='lat' dir='ltr'>corrumpi,</span> <span class='ocrx_word' id='word_1_48' title='bbox 1417 744 1600 794; x_wconf 84' lang='lat' dir='ltr'>recipitur</span> <span class='ocrx_word' id='word_1_49' title='bbox 1619 745 1658 782; x_wconf 92' lang='lat' dir='ltr'>in</span> <span class='ocrx_word' id='word_1_50' title='bbox 1674 758 1722 783; x_wconf 95' lang='lat' dir='ltr'>eo</span> <span class='ocrx_word' id='word_1_51' title='bbox 1742 746 1962 784; x_wconf 91' lang='lat' dir='ltr'>secundum</span> <span class='ocrx_word' id='word_1_52' title='bbox 1982 746 2151 784; x_wconf 89' lang='lat' dir='ltr'>modum</span> <span class='ocrx_word' id='word_1_53' title='bbox 2166 746 2249 784; x_wconf 91' lang='lat' dir='ltr'>eius</span> <span class='ocrx_word' id='word_1_54' title='bbox 2269 747 2309 784; x_wconf 92' lang='lat' dir='ltr'>in</span> <span class='ocrx_word' id='word_1_55' title='bbox 2324 759 2405 797; x_wconf 93' lang='lat' dir='ltr'>quo</span> <span class='ocrx_word' id='word_1_56' title='bbox 2425 755 2492 784; x_wconf 92' lang='lat' dir='ltr'>est.</span> 
     </span>
     <span class='ocr_line' id='line_1_8' title="bbox 359 799 2494 855; baseline -0.001 -15.044"><span class='ocrx_word' id='word_1_57' title='bbox 359 807 384 855; x_wconf 60' lang='grc' dir='ltr'>’ξ</span> <span class='ocrx_word' id='word_1_58' title='bbox 514 810 698 851; x_wconf 90' lang='lat' dir='ltr'>corrupto</span> <span class='ocrx_word' id='word_1_59' title='bbox 727 814 902 851; x_wconf 89' lang='lat' dir='ltr'>corpore.</span> <span class='ocrx_word' id='word_1_60' title='bbox 1417 799 1586 836; x_wconf 85' lang='lat' dir='ltr'>Formae</span> <span class='ocrx_word' id='word_1_61' title='bbox 1619 806 1751 836; x_wconf 89' lang='lat' dir='ltr'>autem</span> <span class='ocrx_word' id='word_1_62' title='bbox 1785 811 1918 837; x_wconf 89' lang='lat' dir='ltr'>rerum</span> <span class='ocrx_word' id='word_1_63' title='bbox 1950 799 2191 849; x_wconf 88' lang='lat' dir='ltr'>recipiuntur</span> <span class='ocrx_word' id='word_1_64' title='bbox 2225 800 2265 838; x_wconf 92' lang='lat' dir='ltr'>in</span> <span class='ocrx_word' id='word_1_65' title='bbox 2300 800 2494 838; x_wconf 90' lang='lat' dir='ltr'>intellectu</span> 
     </span>
     <span class='ocr_line' id='line_1_9' title="bbox 366 851 2494 902; baseline 0.001 -13"><span class='ocrx_word' id='word_1_66' title='bbox 366 855 370 863; x_wconf 67' lang='lat'><strong>⁴</strong></span> <span class='ocrx_word' id='word_1_67' title='bbox 570 856 781 893; x_wconf 88' lang='lat' dir='ltr'>Ostensum</span> <span class='ocrx_word' id='word_1_68' title='bbox 812 863 867 891; x_wconf 88' lang='lat' dir='ltr'>est</span> <span class='ocrx_word' id='word_1_69' title='bbox 895 853 1000 891; x_wconf 89' lang='lat' dir='ltr'>enim</span> <span class='ocrx_word' id='word_1_70' title='bbox 1021 853 1172 902; x_wconf 73' lang='lat' dir='ltr'>supra*</span> <span class='ocrx_word' id='word_1_71' title='bbox 1198 864 1357 890; x_wconf 90' lang='lat' dir='ltr'>omnem</span> <span class='ocrx_word' id='word_1_72' title='bbox 1415 851 1587 901; x_wconf 90' lang='lat' dir='ltr'>possibili</span> <span class='ocrx_word' id='word_1_73' title='bbox 1609 860 1726 901; x_wconf 89' lang='lat' dir='ltr'>prout</span> <span class='ocrx_word' id='word_1_74' title='bbox 1744 860 1835 889; x_wconf 89' lang='lat' dir='ltr'>sunt</span> <span class='ocrx_word' id='word_1_75' title='bbox 1853 852 2106 901; x_wconf 87' lang='lat' dir='ltr'>intelligibiles</span> <span class='ocrx_word' id='word_1_76' title='bbox 2125 861 2226 891; x_wconf 88' lang='lat' dir='ltr'>actu.</span> <span class='ocrx_word' id='word_1_77' title='bbox 2243 854 2343 891; x_wconf 91' lang='lat' dir='ltr'>Sunt</span> <span class='ocrx_word' id='word_1_78' title='bbox 2361 862 2494 892; x_wconf 88' lang='lat' dir='ltr'>autem</span> 
     </span>
     <span class='ocr_line' id='line_1_10' title="bbox 289 905 2493 955; baseline -0.001 -8"><span class='ocrx_word' id='word_1_79' title='bbox 289 909 542 947; x_wconf 87' lang='lat' dir='ltr'>substantiam</span> <span class='ocrx_word' id='word_1_80' title='bbox 571 909 866 945; x_wconf 86' lang='lat' dir='ltr'>intellectualem</span> <span class='ocrx_word' id='word_1_81' title='bbox 896 919 979 943; x_wconf 87' lang='lat' dir='ltr'>esse</span> <span class='ocrx_word' id='word_1_82' title='bbox 1013 905 1357 955; x_wconf 85' lang='lat' dir='ltr'>incorruptibilem.</span> <span class='ocrx_word' id='word_1_83' title='bbox 1382 927 1391 946; x_wconf 80' lang='grc' dir='ltr'>ς</span> <span class='ocrx_word' id='word_1_84' title='bbox 1415 905 1669 954; x_wconf 88' lang='lat' dir='ltr'>intelligibiles</span> <span class='ocrx_word' id='word_1_85' title='bbox 1697 913 1786 943; x_wconf 87' lang='lat' dir='ltr'>actu</span> <span class='ocrx_word' id='word_1_86' title='bbox 1819 913 1936 955; x_wconf 93' lang='lat' dir='ltr'>prout</span> <span class='ocrx_word' id='word_1_87' title='bbox 1969 914 2059 943; x_wconf 91' lang='lat' dir='ltr'>sunt</span> <span class='ocrx_word' id='word_1_88' title='bbox 2094 906 2378 954; x_wconf 83' lang='lat' dir='ltr'>immateriales,</span> <span class='ocrx_word' id='word_1_89' title='bbox 2407 907 2493 945; x_wconf 92' lang='lat' dir='ltr'>uni-</span> 
     </span>
     <span class='ocr_line' id='line_1_11' title="bbox 288 958 2492 1010; baseline -0.001 -9"><span class='ocrx_word' id='word_1_90' title='bbox 288 963 430 1000; x_wconf 91' lang='lat' dir='ltr'>Anima</span> <span class='ocrx_word' id='word_1_91' title='bbox 450 970 580 1000; x_wconf 88' lang='lat' dir='ltr'>autem</span> <span class='ocrx_word' id='word_1_92' title='bbox 600 961 770 999; x_wconf 86' lang='lat' dir='ltr'>hominis</span> <span class='ocrx_word' id='word_1_93' title='bbox 786 969 840 997; x_wconf 87' lang='lat' dir='ltr'>est</span> <span class='ocrx_word' id='word_1_94' title='bbox 860 960 1056 1009; x_wconf 90' lang='lat' dir='ltr'>quaedam</span> <span class='ocrx_word' id='word_1_95' title='bbox 1076 959 1288 996; x_wconf 90' lang='lat' dir='ltr'>substantia</span> <span class='ocrx_word' id='word_1_96' title='bbox 1303 958 1358 995; x_wconf 92' lang='lat' dir='ltr'>in·</span> <span class='ocrx_word' id='word_1_97' title='bbox 1415 960 1594 1005; x_wconf 89' lang='lat' dir='ltr'>versales,</span> <span class='ocrx_word' id='word_1_98' title='bbox 1618 967 1654 996; x_wconf 92' lang='lat' dir='ltr'>et</span> <span class='ocrx_word' id='word_1_99' title='bbox 1682 971 1753 1009; x_wconf 91' lang='lat' dir='ltr'>per</span> <span class='ocrx_word' id='word_1_100' title='bbox 1771 971 2018 1009; x_wconf 90' lang='lat' dir='ltr'>consequens</span> <span class='ocrx_word' id='word_1_101' title='bbox 2046 959 2367 1010; x_wconf 90' lang='lat' dir='ltr'>incorruptibiles.</span> <span class='ocrx_word' id='word_1_102' title='bbox 2389 961 2492 1010; x_wconf 91' lang='lat' dir='ltr'>Ergo</span> 
     </span>
     <span class='ocr_line' id='line_1_12' title="bbox 287 1011 2495 1063; baseline -0.001 -9"><span class='ocrx_word' id='word_1_103' title='bbox 287 1016 518 1062; x_wconf 90' lang='lat' dir='ltr'>tellectualis‚</span> <span class='ocrx_word' id='word_1_104' title='bbox 540 1023 582 1052; x_wconf 93' lang='lat' dir='ltr'>ut</span> <span class='ocrx_word' id='word_1_105' title='bbox 601 1023 802 1052; x_wconf 86' lang='lat' dir='ltr'>ostensum</span> <span class='ocrx_word' id='word_1_106' title='bbox 823 1022 878 1050; x_wconf 90' lang='lat' dir='ltr'>est</span> <span class='ocrx_word' id='word_1_107' title='bbox 892 1013 922 1049; x_wconf 65' lang='lat'>²⁸.</span> <span class='ocrx_word' id='word_1_108' title='bbox 950 1013 1115 1062; x_wconf 88' lang='lat' dir='ltr'>Oportet</span> <span class='ocrx_word' id='word_1_109' title='bbox 1142 1012 1256 1061; x_wconf 92' lang='lat' dir='ltr'>igitur</span> <span class='ocrx_word' id='word_1_110' title='bbox 1278 1011 1358 1049; x_wconf 88' lang='lat' dir='ltr'>ani·</span> <span class='ocrx_word' id='word_1_111' title='bbox 1414 1012 1628 1050; x_wconf 90' lang='lat' dir='ltr'>intellectus</span> <span class='ocrx_word' id='word_1_112' title='bbox 1647 1012 1840 1062; x_wconf 89' lang='lat' dir='ltr'>possibilis</span> <span class='ocrx_word' id='word_1_113' title='bbox 1868 1021 1925 1050; x_wconf 87' lang='lat' dir='ltr'>est</span> <span class='ocrx_word' id='word_1_114' title='bbox 1951 1012 2264 1063; x_wconf 69' lang='lat' dir='ltr'>incorruptibilis</span> <span class='ocrx_word' id='word_1_115' title='bbox 2286 1013 2376 1060; x_wconf 93' lang='lat' dir='ltr'>Sed,</span> <span class='ocrx_word' id='word_1_116' title='bbox 2396 1013 2495 1052; x_wconf 88' lang='lat' dir='ltr'>sicut</span> 
     </span>
     <span class='ocr_line' id='line_1_13' title="bbox 288 1066 2493 1117; baseline -0.001 -10"><span class='ocrx_word' id='word_1_117' title='bbox 288 1082 394 1108; x_wconf 91' lang='lat' dir='ltr'>mam</span> <span class='ocrx_word' id='word_1_118' title='bbox 423 1070 638 1106; x_wconf 90' lang='lat' dir='ltr'>humanam</span> <span class='ocrx_word' id='word_1_119' title='bbox 667 1066 1000 1116; x_wconf 90' lang='lat' dir='ltr'>incorruptibilem</span> <span class='ocrx_word' id='word_1_120' title='bbox 1029 1078 1124 1103; x_wconf 91' lang='lat' dir='ltr'>esse.</span> <span class='ocrx_word' id='word_1_121' title='bbox 1414 1078 1533 1116; x_wconf 89' lang='lat' dir='ltr'>supra</span> <span class='ocrx_word' id='word_1_122' title='bbox 1547 1066 1567 1088; x_wconf 62' lang='lat'>&#39;³‘</span> <span class='ocrx_word' id='word_1_123' title='bbox 1591 1074 1647 1103; x_wconf 91' lang='lat' dir='ltr'>est</span> <span class='ocrx_word' id='word_1_124' title='bbox 1666 1066 1889 1116; x_wconf 90' lang='lat' dir='ltr'>probatum,</span> <span class='ocrx_word' id='word_1_125' title='bbox 1909 1066 2123 1104; x_wconf 90' lang='lat' dir='ltr'>intellectus</span> <span class='ocrx_word' id='word_1_126' title='bbox 2141 1066 2334 1117; x_wconf 88' lang='lat' dir='ltr'>possibilis</span> <span class='ocrx_word' id='word_1_127' title='bbox 2352 1075 2408 1105; x_wconf 90' lang='lat' dir='ltr'>est</span> <span class='ocrx_word' id='word_1_128' title='bbox 2427 1066 2493 1105; x_wconf 89' lang='lat' dir='ltr'>ali-</span> 
     </span>
     <span class='ocr_line' id='line_1_14' title="bbox 340 1118 2493 1169; baseline -0 -10"><span class='ocrx_word' id='word_1_129' title='bbox 340 1123 491 1159; x_wconf 90' lang='lat' dir='ltr'>Adhuc.</span> <span class='ocrx_word' id='word_1_130' title='bbox 523 1122 639 1158; x_wconf 91' lang='lat' dir='ltr'>Nulla</span> <span class='ocrx_word' id='word_1_131' title='bbox 668 1133 728 1157; x_wconf 91' lang='lat' dir='ltr'>res</span> <span class='ocrx_word' id='word_1_132' title='bbox 757 1119 1020 1169; x_wconf 91' lang='lat' dir='ltr'>corrumpitur</span> <span class='ocrx_word' id='word_1_133' title='bbox 1049 1132 1095 1156; x_wconf 85' lang='lat' dir='ltr'>ex</span> <span class='ocrx_word' id='word_1_134' title='bbox 1124 1131 1172 1156; x_wconf 93' lang='lat' dir='ltr'>eo</span> <span class='ocrx_word' id='word_1_135' title='bbox 1209 1118 1247 1155; x_wconf 95' lang='lat' dir='ltr'>in</span> <span class='ocrx_word' id='word_1_136' title='bbox 1276 1131 1357 1169; x_wconf 94' lang='lat' dir='ltr'>quo</span> <span class='ocrx_word' id='word_1_137' title='bbox 1413 1119 1508 1169; x_wconf 91' lang='lat' dir='ltr'>quid</span> <span class='ocrx_word' id='word_1_138' title='bbox 1529 1119 1682 1157; x_wconf 91' lang='lat' dir='ltr'>animae</span> <span class='ocrx_word' id='word_1_139' title='bbox 1711 1121 1922 1158; x_wconf 86' lang='lat' dir='ltr'>humanae.</span> <span class='ocrx_word' id='word_1_140' title='bbox 1947 1121 2016 1157; x_wconf 87' lang='lat' dir='ltr'>Est</span> <span class='ocrx_word' id='word_1_141' title='bbox 2035 1119 2148 1168; x_wconf 89' lang='lat' dir='ltr'>igitur</span> <span class='ocrx_word' id='word_1_142' title='bbox 2166 1120 2298 1158; x_wconf 89' lang='lat' dir='ltr'>anima</span> <span class='ocrx_word' id='word_1_143' title='bbox 2317 1121 2493 1158; x_wconf 87' lang='lat' dir='ltr'>humana</span> 
     </span>
     <span class='ocr_line' id='line_1_15' title="bbox 286 1172 1724 1223; baseline -0.001 -11"><span class='ocrx_word' id='word_1_144' title='bbox 286 1175 455 1213; x_wconf 86' lang='lat' dir='ltr'>consistit</span> <span class='ocrx_word' id='word_1_145' title='bbox 473 1187 543 1212; x_wconf 88' lang='lat' dir='ltr'>sua</span> <span class='ocrx_word' id='word_1_146' title='bbox 562 1174 760 1223; x_wconf 85' lang='lat' dir='ltr'>perfectio:</span> <span class='ocrx_word' id='word_1_147' title='bbox 782 1175 854 1211; x_wconf 91' lang='lat' dir='ltr'>hae</span> <span class='ocrx_word' id='word_1_148' title='bbox 879 1172 985 1210; x_wconf 91' lang='lat' dir='ltr'>enim</span> <span class='ocrx_word' id='word_1_149' title='bbox 1005 1172 1239 1210; x_wconf 89' lang='lat' dir='ltr'>mutationes</span> <span class='ocrx_word' id='word_1_150' title='bbox 1268 1180 1358 1210; x_wconf 92' lang='lat' dir='ltr'>sunt</span> <span class='ocrx_word' id='word_1_151' title='bbox 1373 1189 1399 1204; x_wconf 80' lang='grc' dir='ltr'>ιο</span> <span class='ocrx_word' id='word_1_152' title='bbox 1413 1172 1724 1223; x_wconf 89' lang='lat' dir='ltr'>incorruptibilis.</span> 
     </span>
     <span class='ocr_line' id='line_1_16' title="bbox 285 1226 2493 1287; baseline -0 -21"><span class='ocrx_word' id='word_1_153' title='bbox 285 1227 507 1274; x_wconf 86' lang='lat' dir='ltr'>contrariae,</span> <span class='ocrx_word' id='word_1_154' title='bbox 536 1227 675 1266; x_wconf 85' lang='lat' dir='ltr'>scilicet</span> <span class='ocrx_word' id='word_1_155' title='bbox 703 1227 752 1264; x_wconf 92' lang='lat' dir='ltr'>ad</span> <span class='ocrx_word' id='word_1_156' title='bbox 778 1226 1054 1287; x_wconf 78' lang='lat' dir='ltr'>perfectionem</span> <span class='ocrx_word' id='word_1_157' title='bbox 1080 1234 1116 1263; x_wconf 94' lang='lat' dir='ltr'>et</span> <span class='ocrx_word' id='word_1_158' title='bbox 1141 1226 1356 1286; x_wconf 84' lang='lat' dir='ltr'>corruptio·</span> <span class='ocrx_word' id='word_1_159' title='bbox 1466 1227 1619 1264; x_wconf 92' lang='lat' dir='ltr'>Adhuc.</span> <span class='ocrx_word' id='word_1_160' title='bbox 1641 1227 1736 1264; x_wconf 89' lang='lat' dir='ltr'>Esse</span> <span class='ocrx_word' id='word_1_161' title='bbox 1751 1226 1982 1276; x_wconf 87' lang='lat' dir='ltr'>intelligibile</span> <span class='ocrx_word' id='word_1_162' title='bbox 1997 1227 2356 1277; x_wconf 89' lang='lat' dir='ltr'>estpermanentius</span> <span class='ocrx_word' id='word_1_163' title='bbox 2371 1239 2493 1277; x_wconf 89' lang='lat' dir='ltr'>quam</span> 
     </span>
     <span class='ocr_line' id='line_1_17' title="bbox 284 1258 2493 1330; baseline -0 -11"><span class='ocrx_word' id='word_1_164' title='bbox 284 1294 388 1320; x_wconf 92' lang='lat' dir='ltr'>nem.</span> <span class='ocrx_word' id='word_1_165' title='bbox 418 1258 604 1319; x_wconf 81' lang='lat' dir='ltr'>Perf&#39;ectio</span> <span class='ocrx_word' id='word_1_166' title='bbox 632 1289 764 1318; x_wconf 88' lang='lat' dir='ltr'>autem</span> <span class='ocrx_word' id='word_1_167' title='bbox 783 1280 938 1318; x_wconf 90' lang='lat' dir='ltr'>animae</span> <span class='ocrx_word' id='word_1_168' title='bbox 964 1281 1162 1317; x_wconf 86' lang='lat' dir='ltr'>humanae</span> <span class='ocrx_word' id='word_1_169' title='bbox 1186 1279 1358 1317; x_wconf 91' lang='lat' dir='ltr'>consistit</span> <span class='ocrx_word' id='word_1_170' title='bbox 1413 1292 1495 1318; x_wconf 89' lang='lat' dir='ltr'>esse</span> <span class='ocrx_word' id='word_1_171' title='bbox 1533 1280 1724 1318; x_wconf 90' lang='lat' dir='ltr'>sensibile.</span> <span class='ocrx_word' id='word_1_172' title='bbox 1764 1281 1843 1318; x_wconf 92' lang='lat' dir='ltr'>Sed</span> <span class='ocrx_word' id='word_1_173' title='bbox 1871 1280 1911 1318; x_wconf 94' lang='lat' dir='ltr'>id</span> <span class='ocrx_word' id='word_1_174' title='bbox 1939 1281 2049 1330; x_wconf 90' lang='lat' dir='ltr'>quod</span> <span class='ocrx_word' id='word_1_175' title='bbox 2077 1294 2118 1318; x_wconf 91' lang='lat' dir='ltr'>se</span> <span class='ocrx_word' id='word_1_176' title='bbox 2153 1280 2271 1318; x_wconf 89' lang='lat' dir='ltr'>habet</span> <span class='ocrx_word' id='word_1_177' title='bbox 2302 1280 2343 1318; x_wconf 94' lang='lat' dir='ltr'>in</span> <span class='ocrx_word' id='word_1_178' title='bbox 2375 1281 2493 1318; x_wconf 89' lang='lat' dir='ltr'>rebus</span> 
     </span>
     <span class='ocr_line' id='line_1_18' title="bbox 284 1333 2493 1384; baseline 0 -12"><span class='ocrx_word' id='word_1_179' title='bbox 284 1335 323 1372; x_wconf 92' lang='lat' dir='ltr'>in</span> <span class='ocrx_word' id='word_1_180' title='bbox 339 1335 592 1374; x_wconf 87' lang='lat' dir='ltr'>abstractione</span> <span class='ocrx_word' id='word_1_181' title='bbox 608 1334 780 1384; x_wconf 90' lang='lat' dir='ltr'>quadam</span> <span class='ocrx_word' id='word_1_182' title='bbox 795 1347 818 1371; x_wconf 90' lang='lat' dir='ltr'>a</span> <span class='ocrx_word' id='word_1_183' title='bbox 837 1346 1012 1383; x_wconf 89' lang='lat' dir='ltr'>corpore.</span> <span class='ocrx_word' id='word_1_184' title='bbox 1030 1333 1232 1371; x_wconf 87' lang='lat' dir='ltr'>Perfieitur</span> <span class='ocrx_word' id='word_1_185' title='bbox 1252 1333 1357 1371; x_wconf 92' lang='lat' dir='ltr'>enim</span> <span class='ocrx_word' id='word_1_186' title='bbox 1412 1333 1658 1372; x_wconf 90' lang='lat' dir='ltr'>sensibilibus</span> <span class='ocrx_word' id='word_1_187' title='bbox 1676 1346 1747 1384; x_wconf 92' lang='lat' dir='ltr'>per</span> <span class='ocrx_word' id='word_1_188' title='bbox 1773 1334 1940 1372; x_wconf 87' lang='lat' dir='ltr'>modurn</span> <span class='ocrx_word' id='word_1_189' title='bbox 1970 1334 2088 1384; x_wconf 91' lang='lat' dir='ltr'>primi</span> <span class='ocrx_word' id='word_1_190' title='bbox 2106 1334 2336 1384; x_wconf 85' lang='lat' dir='ltr'>recipientis,</span> <span class='ocrx_word' id='word_1_191' title='bbox 2360 1341 2417 1372; x_wconf 90' lang='lat' dir='ltr'>est</span> <span class='ocrx_word' id='word_1_192' title='bbox 2435 1334 2493 1372; x_wconf 87' lang='lat' dir='ltr'>in-</span> 
     </span>
     <span class='ocr_line' id='line_1_19' title="bbox 284 1379 2492 1448; baseline -0 -22"><span class='ocrx_word' id='word_1_193' title='bbox 284 1389 415 1427; x_wconf 91' lang='lat' dir='ltr'>anima</span> <span class='ocrx_word' id='word_1_194' title='bbox 443 1388 600 1426; x_wconf 88' lang='lat' dir='ltr'>scientia</span> <span class='ocrx_word' id='word_1_195' title='bbox 636 1396 672 1425; x_wconf 90' lang='lat' dir='ltr'>et</span> <span class='ocrx_word' id='word_1_196' title='bbox 706 1387 866 1425; x_wconf 88' lang='lat' dir='ltr'>virtute:</span> <span class='ocrx_word' id='word_1_197' title='bbox 903 1387 1123 1424; x_wconf 88' lang='lat' dir='ltr'>secundum</span> <span class='ocrx_word' id='word_1_198' title='bbox 1157 1387 1357 1425; x_wconf 90' lang='lat' dir='ltr'>scientiam</span> <span class='ocrx_word' id='word_1_199' title='bbox 1413 1387 1662 1448; x_wconf 86' lang='lat' dir='ltr'>corruptibile</span> <span class='ocrx_word' id='word_1_200' title='bbox 1683 1379 1903 1425; x_wconf 83' lang='lat' dir='ltr'>secundum</span> <span class='ocrx_word' id='word_1_201' title='bbox 1923 1400 2038 1425; x_wconf 88' lang='lat' dir='ltr'>suam</span> <span class='ocrx_word' id='word_1_202' title='bbox 2058 1388 2326 1434; x_wconf 85' lang='lat' dir='ltr'>substantiam,</span> <span class='ocrx_word' id='word_1_203' title='bbox 2349 1387 2492 1426; x_wconf 89' lang='lat' dir='ltr'>scilicet</span> 
     </span>
     <span class='ocr_line' id='line_1_20' title="bbox 284 1440 2493 1502; baseline 0 -23"><span class='ocrx_word' id='word_1_204' title='bbox 284 1450 415 1480; x_wconf 88' lang='lat' dir='ltr'>autem</span> <span class='ocrx_word' id='word_1_205' title='bbox 443 1450 548 1480; x_wconf 90' lang='lat' dir='ltr'>tanto</span> <span class='ocrx_word' id='word_1_206' title='bbox 578 1441 699 1490; x_wconf 87' lang='lat' dir='ltr'>magis</span> <span class='ocrx_word' id='word_1_207' title='bbox 727 1441 926 1491; x_wconf 91' lang='lat' dir='ltr'>perficitur</span> <span class='ocrx_word' id='word_1_208' title='bbox 958 1448 1105 1491; x_wconf 90' lang='lat' dir='ltr'>quanto</span> <span class='ocrx_word' id='word_1_209' title='bbox 1134 1441 1256 1490; x_wconf 89' lang='lat' dir='ltr'>magis</span> <span class='ocrx_word' id='word_1_210' title='bbox 1285 1441 1574 1479; x_wconf 75' lang='lat' dir='ltr'>im-1smateria</span> <span class='ocrx_word' id='word_1_211' title='bbox 1590 1441 1728 1491; x_wconf 87' lang='lat' dir='ltr'>prima.</span> <span class='ocrx_word' id='word_1_212' title='bbox 1745 1442 1873 1479; x_wconf 92' lang='lat' dir='ltr'>Multo</span> <span class='ocrx_word' id='word_1_213' title='bbox 1889 1440 2003 1502; x_wconf 84' lang='lat' dir='ltr'>igitur</span> <span class='ocrx_word' id='word_1_214' title='bbox 2020 1441 2156 1479; x_wconf 86' lang='lat' dir='ltr'>fortius</span> <span class='ocrx_word' id='word_1_215' title='bbox 2175 1441 2388 1480; x_wconf 86' lang='lat' dir='ltr'>intellectus</span> <span class='ocrx_word' id='word_1_216' title='bbox 2402 1453 2493 1491; x_wconf 86' lang='lat' dir='ltr'>pos-</span> 
     </span>
     <span class='ocr_line' id='line_1_21' title="bbox 284 1493 2493 1545; baseline -0 -12"><span class='ocrx_word' id='word_1_217' title='bbox 284 1495 495 1533; x_wconf 90' lang='lat' dir='ltr'>materialia</span> <span class='ocrx_word' id='word_1_218' title='bbox 532 1495 765 1540; x_wconf 88' lang='lat' dir='ltr'>considerat;</span> <span class='ocrx_word' id='word_1_219' title='bbox 809 1494 958 1532; x_wconf 88' lang='lat' dir='ltr'>virtutis</span> <span class='ocrx_word' id='word_1_220' title='bbox 1000 1502 1132 1532; x_wconf 89' lang='lat' dir='ltr'>autern</span> <span class='ocrx_word' id='word_1_221' title='bbox 1173 1494 1356 1544; x_wconf 76' lang='lat' dir='ltr'>perfectio</span> <span class='ocrx_word' id='word_1_222' title='bbox 1413 1494 1546 1541; x_wconf 90' lang='lat' dir='ltr'>sibilis,</span> <span class='ocrx_word' id='word_1_223' title='bbox 1582 1495 1650 1545; x_wconf 91' lang='lat' dir='ltr'>qui</span> <span class='ocrx_word' id='word_1_224' title='bbox 1687 1503 1744 1532; x_wconf 92' lang='lat' dir='ltr'>est</span> <span class='ocrx_word' id='word_1_225' title='bbox 1777 1495 1997 1545; x_wconf 88' lang='lat' dir='ltr'>receptivus</span> <span class='ocrx_word' id='word_1_226' title='bbox 2029 1495 2245 1533; x_wconf 87' lang='lat' dir='ltr'>formarum</span> <span class='ocrx_word' id='word_1_227' title='bbox 2280 1493 2493 1544; x_wconf 90' lang='lat' dir='ltr'>intelligibi-</span> 
     </span>
     <span class='ocr_line' id='line_1_22' title="bbox 284 1547 2492 1598; baseline 0 -12"><span class='ocrx_word' id='word_1_228' title='bbox 284 1549 454 1586; x_wconf 88' lang='lat' dir='ltr'>consistit</span> <span class='ocrx_word' id='word_1_229' title='bbox 482 1549 522 1586; x_wconf 91' lang='lat' dir='ltr'>in</span> <span class='ocrx_word' id='word_1_230' title='bbox 551 1550 627 1587; x_wconf 92' lang='lat' dir='ltr'>hoc</span> <span class='ocrx_word' id='word_1_231' title='bbox 655 1549 763 1598; x_wconf 93' lang='lat' dir='ltr'>quod</span> <span class='ocrx_word' id='word_1_232' title='bbox 797 1549 920 1586; x_wconf 92' lang='lat' dir='ltr'>homo</span> <span class='ocrx_word' id='word_1_233' title='bbox 950 1547 1124 1598; x_wconf 89' lang='lat' dir='ltr'>corporis</span> <span class='ocrx_word' id='word_1_234' title='bbox 1157 1548 1357 1598; x_wconf 89' lang='lat' dir='ltr'>passiones</span> <span class='ocrx_word' id='word_1_235' title='bbox 1413 1547 1521 1586; x_wconf 89' lang='lat' dir='ltr'>lium.</span> <span class='ocrx_word' id='word_1_236' title='bbox 1552 1549 1655 1598; x_wconf 90' lang='lat' dir='ltr'>Ergo</span> <span class='ocrx_word' id='word_1_237' title='bbox 1690 1557 1727 1586; x_wconf 93' lang='lat' dir='ltr'>et</span> <span class='ocrx_word' id='word_1_238' title='bbox 1759 1548 1891 1586; x_wconf 90' lang='lat' dir='ltr'>anima</span> <span class='ocrx_word' id='word_1_239' title='bbox 1923 1549 2110 1596; x_wconf 89' lang='lat' dir='ltr'>humana,</span> <span class='ocrx_word' id='word_1_240' title='bbox 2139 1548 2250 1587; x_wconf 90' lang='lat' dir='ltr'>cuius</span> <span class='ocrx_word' id='word_1_241' title='bbox 2278 1548 2492 1587; x_wconf 86' lang='lat' dir='ltr'>inteuectus</span> 
     </span>
     <span class='ocr_line' id='line_1_23' title="bbox 284 1601 2232 1652; baseline 0 -12"><span class='ocrx_word' id='word_1_242' title='bbox 284 1615 364 1640; x_wconf 92' lang='lat' dir='ltr'>non</span> <span class='ocrx_word' id='word_1_243' title='bbox 384 1611 578 1652; x_wconf 89' lang='lat' dir='ltr'>sequatur,</span> <span class='ocrx_word' id='word_1_244' title='bbox 608 1603 677 1640; x_wconf 91' lang='lat' dir='ltr'>sed</span> <span class='ocrx_word' id='word_1_245' title='bbox 709 1615 774 1640; x_wconf 89' lang='lat' dir='ltr'>eas</span> <span class='ocrx_word' id='word_1_246' title='bbox 802 1602 1021 1640; x_wconf 89' lang='lat' dir='ltr'>secundum</span> <span class='ocrx_word' id='word_1_247' title='bbox 1046 1602 1237 1640; x_wconf 89' lang='lat' dir='ltr'>rationem</span> <span class='ocrx_word' id='word_1_248' title='bbox 1260 1609 1357 1639; x_wconf 91' lang='lat' dir='ltr'>tem·</span> <span class='ocrx_word' id='word_1_249' title='bbox 1412 1601 1605 1652; x_wconf 88' lang='lat' dir='ltr'>possibilis</span> <span class='ocrx_word' id='word_1_250' title='bbox 1625 1610 1681 1640; x_wconf 90' lang='lat' dir='ltr'>est</span> <span class='ocrx_word' id='word_1_251' title='bbox 1708 1615 1808 1652; x_wconf 70' lang='lat' dir='ltr'>pam,</span> <span class='ocrx_word' id='word_1_252' title='bbox 1836 1610 1892 1640; x_wconf 91' lang='lat' dir='ltr'>est</span> <span class='ocrx_word' id='word_1_253' title='bbox 1920 1602 2232 1652; x_wconf 89' lang='lat' dir='ltr'>incorruptibilis.</span> 
     </span>
     <span class='ocr_line' id='line_1_24' title="bbox 284 1655 2491 1706; baseline 0 -13"><span class='ocrx_word' id='word_1_254' title='bbox 284 1664 391 1705; x_wconf 90' lang='lat' dir='ltr'>peret</span> <span class='ocrx_word' id='word_1_255' title='bbox 426 1664 462 1693; x_wconf 89' lang='lat' dir='ltr'>et</span> <span class='ocrx_word' id='word_1_256' title='bbox 497 1657 696 1694; x_wconf 85' lang='lat' dir='ltr'>refraenet.</span> <span class='ocrx_word' id='word_1_257' title='bbox 733 1657 827 1693; x_wconf 92' lang='lat' dir='ltr'>Non</span> <span class='ocrx_word' id='word_1_258' title='bbox 856 1668 947 1704; x_wconf 90' lang='lat' dir='ltr'>ergo</span> <span class='ocrx_word' id='word_1_259' title='bbox 976 1655 1173 1705; x_wconf 89' lang='lat' dir='ltr'>corruptio</span> <span class='ocrx_word' id='word_1_260' title='bbox 1202 1655 1357 1693; x_wconf 89' lang='lat' dir='ltr'>animae</span> <span class='ocrx_word' id='word_1_261' title='bbox 1466 1655 1657 1706; x_wconf 88' lang='lat' dir='ltr'>Amplius.</span> <span class='ocrx_word' id='word_1_262' title='bbox 1674 1658 1833 1693; x_wconf 82' lang='lat' dir='ltr'>Faciens</span> <span class='ocrx_word' id='word_1_263' title='bbox 1847 1661 1899 1693; x_wconf 85' lang='lat' dir='ltr'>est</span> <span class='ocrx_word' id='word_1_264' title='bbox 1911 1657 2169 1694; x_wconf 80' lang='lat' dir='ltr'>honorabilius</span> <span class='ocrx_word' id='word_1_265' title='bbox 2180 1657 2303 1703; x_wconf 74' lang='lat' dir='ltr'>facto:</span> <span class='ocrx_word' id='word_1_266' title='bbox 2317 1664 2361 1693; x_wconf 91' lang='lat' dir='ltr'>ut</span> <span class='ocrx_word' id='word_1_267' title='bbox 2373 1655 2491 1694; x_wconf 83' lang='lat' dir='ltr'>etiam</span> 
     </span>
     <span class='ocr_line' id='line_1_25' title="bbox 285 1709 2527 1759; baseline 0 -13"><span class='ocrx_word' id='word_1_268' title='bbox 285 1709 455 1747; x_wconf 88' lang='lat' dir='ltr'>consistit</span> <span class='ocrx_word' id='word_1_269' title='bbox 483 1709 522 1747; x_wconf 91' lang='lat' dir='ltr'>in</span> <span class='ocrx_word' id='word_1_270' title='bbox 552 1711 629 1747; x_wconf 91' lang='lat' dir='ltr'>hoc</span> <span class='ocrx_word' id='word_1_271' title='bbox 656 1710 765 1759; x_wconf 93' lang='lat' dir='ltr'>quod</span> <span class='ocrx_word' id='word_1_272' title='bbox 793 1722 815 1746; x_wconf 92' lang='lat' dir='ltr'>a</span> <span class='ocrx_word' id='word_1_273' title='bbox 843 1721 1007 1759; x_wconf 89' lang='lat' dir='ltr'>corpore</span> <span class='ocrx_word' id='word_1_274' title='bbox 1037 1716 1247 1758; x_wconf 88' lang='lat' dir='ltr'>separetur.</span> <span class='ocrx_word' id='word_1_275' title='bbox 1372 1721 1399 1736; x_wconf 84' lang='lat'>²0</span> <span class='ocrx_word' id='word_1_276' title='bbox 1413 1709 1635 1747; x_wconf 90' lang='lat' dir='ltr'>Aristoteles</span> <span class='ocrx_word' id='word_1_277' title='bbox 1653 1709 1744 1746; x_wconf 93' lang='lat' dir='ltr'>dicit</span> <span class='ocrx_word' id='word_1_278' title='bbox 1757 1709 1789 1746; x_wconf 73' lang='lat'>²¹⁸.</span> <span class='ocrx_word' id='word_1_279' title='bbox 1812 1709 1889 1747; x_wconf 92' lang='lat' dir='ltr'>Sed</span> <span class='ocrx_word' id='word_1_280' title='bbox 1918 1709 2131 1747; x_wconf 89' lang='lat' dir='ltr'>intellectus</span> <span class='ocrx_word' id='word_1_281' title='bbox 2150 1721 2268 1759; x_wconf 88' lang='lat' dir='ltr'>agens</span> <span class='ocrx_word' id='word_1_282' title='bbox 2295 1709 2382 1747; x_wconf 86' lang='lat' dir='ltr'>facit</span> <span class='ocrx_word' id='word_1_283' title='bbox 2401 1716 2527 1748; x_wconf 84' lang='lat' dir='ltr'>actu·</span> 
     </span>
     <span class='ocr_line' id='line_1_26' title="bbox 340 1761 2528 1813; baseline 0 -13"><span class='ocrx_word' id='word_1_284' title='bbox 340 1763 380 1801; x_wconf 91' lang='lat' dir='ltr'>Si</span> <span class='ocrx_word' id='word_1_285' title='bbox 408 1770 540 1801; x_wconf 89' lang='lat' dir='ltr'>autem</span> <span class='ocrx_word' id='word_1_286' title='bbox 568 1763 717 1801; x_wconf 89' lang='lat' dir='ltr'>dicatur</span> <span class='ocrx_word' id='word_1_287' title='bbox 745 1763 853 1813; x_wconf 93' lang='lat' dir='ltr'>quod</span> <span class='ocrx_word' id='word_1_288' title='bbox 882 1762 1064 1812; x_wconf 88' lang='lat' dir='ltr'>perfectio</span> <span class='ocrx_word' id='word_1_289' title='bbox 1084 1761 1236 1799; x_wconf 91' lang='lat' dir='ltr'>animae</span> <span class='ocrx_word' id='word_1_290' title='bbox 1266 1774 1357 1799; x_wconf 90' lang='lat' dir='ltr'>con·</span> <span class='ocrx_word' id='word_1_291' title='bbox 1413 1762 1675 1812; x_wconf 87' lang='lat' dir='ltr'>intelligibilia:</span> <span class='ocrx_word' id='word_1_292' title='bbox 1701 1770 1744 1800; x_wconf 93' lang='lat' dir='ltr'>ut</span> <span class='ocrx_word' id='word_1_293' title='bbox 1762 1774 1808 1800; x_wconf 85' lang='lat' dir='ltr'>ex</span> <span class='ocrx_word' id='word_1_294' title='bbox 1823 1761 2080 1812; x_wconf 82' lang='lat' dir='ltr'>praemissis*</span> <span class='ocrx_word' id='word_1_295' title='bbox 2098 1770 2213 1813; x_wconf 89' lang='lat' dir='ltr'>patet.</span> <span class='ocrx_word' id='word_1_296' title='bbox 2244 1762 2348 1800; x_wconf 91' lang='lat' dir='ltr'>Cum</span> <span class='ocrx_word' id='word_1_297' title='bbox 2377 1762 2528 1812; x_wconf 86' lang='lat' dir='ltr'>igitur·</span> 
     </span>
     <span class='ocr_line' id='line_1_27' title="bbox 285 1815 2490 1867; baseline 0 -14"><span class='ocrx_word' id='word_1_298' title='bbox 285 1815 378 1853; x_wconf 91' lang='lat' dir='ltr'>sistit</span> <span class='ocrx_word' id='word_1_299' title='bbox 414 1815 454 1854; x_wconf 90' lang='lat' dir='ltr'>in</span> <span class='ocrx_word' id='word_1_300' title='bbox 489 1817 730 1867; x_wconf 88' lang='lat' dir='ltr'>separatione</span> <span class='ocrx_word' id='word_1_301' title='bbox 767 1816 849 1854; x_wconf 86' lang='lat' dir='ltr'>eius</span> <span class='ocrx_word' id='word_1_302' title='bbox 885 1829 908 1854; x_wconf 92' lang='lat' dir='ltr'>a</span> <span class='ocrx_word' id='word_1_303' title='bbox 936 1828 1100 1866; x_wconf 91' lang='lat' dir='ltr'>corpore</span> <span class='ocrx_word' id='word_1_304' title='bbox 1138 1817 1357 1853; x_wconf 87' lang='lat' dir='ltr'>secundum</span> <span class='ocrx_word' id='word_1_305' title='bbox 1412 1815 1659 1865; x_wconf 87' lang='lat' dir='ltr'>intelligibilia</span> <span class='ocrx_word' id='word_1_306' title='bbox 1678 1824 1778 1862; x_wconf 91' lang='lat' dir='ltr'>actu,</span> <span class='ocrx_word' id='word_1_307' title='bbox 1807 1816 2042 1866; x_wconf 88' lang='lat' dir='ltr'>inquantum</span> <span class='ocrx_word' id='word_1_308' title='bbox 2071 1815 2310 1863; x_wconf 89' lang='lat' dir='ltr'>huiusmodi,</span> <span class='ocrx_word' id='word_1_309' title='bbox 2331 1815 2406 1854; x_wconf 89' lang='lat' dir='ltr'>sint</span> <span class='ocrx_word' id='word_1_310' title='bbox 2433 1815 2490 1855; x_wconf 90' lang='lat' dir='ltr'>in-</span> 
     </span>
     <span class='ocr_line' id='line_1_28' title="bbox 285 1868 2492 1930; baseline 0.001 -23"><span class='ocrx_word' id='word_1_311' title='bbox 285 1869 563 1919; x_wconf 91' lang='lat' dir='ltr'>operationem,</span> <span class='ocrx_word' id='word_1_312' title='bbox 593 1869 789 1919; x_wconf 88' lang='lat' dir='ltr'>corruptio</span> <span class='ocrx_word' id='word_1_313' title='bbox 818 1878 951 1907; x_wconf 90' lang='lat' dir='ltr'>autem</span> <span class='ocrx_word' id='word_1_314' title='bbox 978 1869 1018 1906; x_wconf 90' lang='lat' dir='ltr'>in</span> <span class='ocrx_word' id='word_1_315' title='bbox 1038 1868 1279 1918; x_wconf 91' lang='lat' dir='ltr'>separatione</span> <span class='ocrx_word' id='word_1_316' title='bbox 1300 1882 1357 1906; x_wconf 90' lang='lat' dir='ltr'>se·</span> <span class='ocrx_word' id='word_1_317' title='bbox 1412 1869 1686 1919; x_wconf 88' lang='lat' dir='ltr'>corruptibilia,</span> <span class='ocrx_word' id='word_1_318' title='bbox 1716 1871 1840 1907; x_wconf 93' lang='lat' dir='ltr'>multo</span> <span class='ocrx_word' id='word_1_319' title='bbox 1868 1869 2005 1907; x_wconf 85' lang='lat' dir='ltr'>fortius</span> <span class='ocrx_word' id='word_1_320' title='bbox 2033 1869 2246 1908; x_wconf 88' lang='lat' dir='ltr'>intellectus</span> <span class='ocrx_word' id='word_1_321' title='bbox 2274 1881 2392 1930; x_wconf 80' lang='lat' dir='ltr'>agens</span> <span class='ocrx_word' id='word_1_322' title='bbox 2418 1869 2492 1909; x_wconf 83' lang='lat' dir='ltr'>erit</span> 
     </span>
     <span class='ocr_line' id='line_1_29' title="bbox 284 1922 2490 1972; baseline 0 -12"><span class='ocrx_word' id='word_1_323' title='bbox 284 1923 459 1960; x_wconf 91' lang='lat' dir='ltr'>cundum</span> <span class='ocrx_word' id='word_1_324' title='bbox 488 1935 582 1969; x_wconf 90' lang='lat' dir='ltr'>esse,</span> <span class='ocrx_word' id='word_1_325' title='bbox 612 1935 693 1960; x_wconf 92' lang='lat' dir='ltr'>non</span> <span class='ocrx_word' id='word_1_326' title='bbox 722 1922 1001 1960; x_wconf 90' lang='lat' dir='ltr'>convenienter</span> <span class='ocrx_word' id='word_1_327' title='bbox 1028 1922 1219 1959; x_wconf 91' lang='lat' dir='ltr'>obviatur.</span> <span class='ocrx_word' id='word_1_328' title='bbox 1252 1923 1356 1972; x_wconf 92' lang='lat' dir='ltr'>Ope·</span> <span class='ocrx_word' id='word_1_329' title='bbox 1412 1922 1724 1972; x_wconf 88' lang='lat' dir='ltr'>incorruptibilis.</span> <span class='ocrx_word' id='word_1_330' title='bbox 1755 1923 1858 1972; x_wconf 88' lang='lat' dir='ltr'>Ergo</span> <span class='ocrx_word' id='word_1_331' title='bbox 1878 1930 1915 1960; x_wconf 91' lang='lat' dir='ltr'>et</span> <span class='ocrx_word' id='word_1_332' title='bbox 1943 1922 2075 1960; x_wconf 89' lang='lat' dir='ltr'>anima</span> <span class='ocrx_word' id='word_1_333' title='bbox 2095 1924 2281 1969; x_wconf 89' lang='lat' dir='ltr'>humana,</span> <span class='ocrx_word' id='word_1_334' title='bbox 2301 1923 2414 1960; x_wconf 92' lang='lat' dir='ltr'>cuius</span> <span class='ocrx_word' id='word_1_335' title='bbox 2431 1924 2490 1961; x_wconf 85' lang='lat' dir='ltr'>lu-</span> 
     </span>
    </p>
   </div>
   <div class='ocr_carea' id='block_1_6' title="bbox 294 703 496 900">
    <p class='ocr_par' dir='ltr' id='par_1_6' title="bbox 294 703 496 900">
     <span class='ocr_line' id='line_1_30' title="bbox 294 703 496 900; baseline 0 3234"><span class='ocrx_word' id='word_1_336' title='bbox 294 703 496 900; x_wconf 95' lang='lat' dir='ltr'> </span> 
     </span>
    </p>
   </div>
   <div class='ocr_carea' id='block_1_7' title="bbox 284 1975 2527 2028">
    <p class='ocr_par' dir='ltr' id='par_1_7' title="bbox 284 1975 2527 2028">
     <span class='ocr_line' id='line_1_31' title="bbox 284 1975 2527 2028; baseline 0 -15"><span class='ocrx_word' id='word_1_337' title='bbox 284 1976 379 2013; x_wconf 89' lang='lat' dir='ltr'>ratio</span> <span class='ocrx_word' id='word_1_338' title='bbox 414 1975 520 2013; x_wconf 91' lang='lat' dir='ltr'>enim</span> <span class='ocrx_word' id='word_1_339' title='bbox 555 1976 610 2013; x_wconf 89' lang='lat' dir='ltr'>rei</span> <span class='ocrx_word' id='word_1_340' title='bbox 644 1977 884 2013; x_wconf 87' lang='lat' dir='ltr'>demonstrat</span> <span class='ocrx_word' id='word_1_341' title='bbox 919 1975 1172 2013; x_wconf 85' lang='lat' dir='ltr'>substantiam</span> <span class='ocrx_word' id='word_1_342' title='bbox 1208 1983 1246 2012; x_wconf 92' lang='lat' dir='ltr'>et</span> <span class='ocrx_word' id='word_1_343' title='bbox 1273 1987 1357 2013; x_wconf 89' lang='lat' dir='ltr'>esse</span> <span class='ocrx_word' id='word_1_344' title='bbox 1371 1987 1503 2013; x_wconf 55' lang='lat' dir='ltr'>²tmen</span> <span class='ocrx_word' id='word_1_345' title='bbox 1520 1983 1577 2013; x_wconf 89' lang='lat' dir='ltr'>est</span> <span class='ocrx_word' id='word_1_346' title='bbox 1591 1976 1805 2013; x_wconf 90' lang='lat' dir='ltr'>intellectus</span> <span class='ocrx_word' id='word_1_347' title='bbox 1824 1988 1952 2025; x_wconf 88' lang='lat' dir='ltr'>agens,</span> <span class='ocrx_word' id='word_1_348' title='bbox 1972 1983 2015 2013; x_wconf 87' lang='lat' dir='ltr'>ut</span> <span class='ocrx_word' id='word_1_349' title='bbox 2030 1989 2077 2014; x_wconf 88' lang='lat' dir='ltr'>ex</span> <span class='ocrx_word' id='word_1_350' title='bbox 2097 1976 2354 2027; x_wconf 72' lang='lat' dir='ltr'>praemissis*</span> <span class='ocrx_word' id='word_1_351' title='bbox 2372 1982 2488 2028; x_wconf 80' lang='lat' dir='ltr'>patet.</span> <span class='ocrx_word' id='word_1_352' title='bbox 2518 1987 2527 1997; x_wconf 90' lang='grc'>·</span> 
     </span>
    </p>
   </div>
   <div class='ocr_carea' id='block_1_8' title="bbox 281 2029 2491 2735">
    <p class='ocr_par' dir='ltr' id='par_1_8' title="bbox 282 2029 2491 2456">
     <span class='ocr_line' id='line_1_32' title="bbox 284 2029 2489 2091; baseline 0.001 -25"><span class='ocrx_word' id='word_1_353' title='bbox 284 2029 419 2079; x_wconf 89' lang='lat' dir='ltr'>ipsius:</span> <span class='ocrx_word' id='word_1_354' title='bbox 450 2029 542 2079; x_wconf 88' lang='lat' dir='ltr'>quia</span> <span class='ocrx_word' id='word_1_355' title='bbox 570 2029 886 2079; x_wconf 90' lang='lat' dir='ltr'>unumquodque</span> <span class='ocrx_word' id='word_1_356' title='bbox 921 2037 1105 2079; x_wconf 86' lang='lat' dir='ltr'>operatur</span> <span class='ocrx_word' id='word_1_357' title='bbox 1137 2029 1357 2066; x_wconf 91' lang='lat' dir='ltr'>secundum</span> <span class='ocrx_word' id='word_1_358' title='bbox 1466 2030 1572 2067; x_wconf 88' lang='lat' dir='ltr'>Item.</span> <span class='ocrx_word' id='word_1_359' title='bbox 1584 2030 1703 2068; x_wconf 92' lang='lat' dir='ltr'>Nulla</span> <span class='ocrx_word' id='word_1_360' title='bbox 1714 2030 1839 2067; x_wconf 86' lang='lat' dir='ltr'>forma</span> <span class='ocrx_word' id='word_1_361' title='bbox 1850 2029 2326 2091; x_wconf 79' lang='lat' dir='ltr'>corrumpiturnisivelex</span> <span class='ocrx_word' id='word_1_362' title='bbox 2337 2029 2489 2076; x_wconf 81' lang='lat' dir='ltr'>actione</span> 
     </span>
     <span class='ocr_line' id='line_1_33' title="bbox 283 2070 2489 2143; baseline 0.001 -23"><span class='ocrx_word' id='word_1_363' title='bbox 283 2083 390 2132; x_wconf 93' lang='lat' dir='ltr'>quod</span> <span class='ocrx_word' id='word_1_364' title='bbox 405 2090 461 2120; x_wconf 91' lang='lat' dir='ltr'>est</span> <span class='ocrx_word' id='word_1_365' title='bbox 480 2095 559 2128; x_wconf 78' lang='lat' dir='ltr'>enS‚</span> <span class='ocrx_word' id='word_1_366' title='bbox 576 2091 612 2121; x_wconf 92' lang='lat' dir='ltr'>et</span> <span class='ocrx_word' id='word_1_367' title='bbox 625 2082 783 2133; x_wconf 89' lang='lat' dir='ltr'>propria</span> <span class='ocrx_word' id='word_1_368' title='bbox 804 2081 978 2132; x_wconf 91' lang='lat' dir='ltr'>operatio</span> <span class='ocrx_word' id='word_1_369' title='bbox 999 2082 1054 2120; x_wconf 90' lang='lat' dir='ltr'>rei</span> <span class='ocrx_word' id='word_1_370' title='bbox 1073 2082 1248 2143; x_wconf 87' lang='lat' dir='ltr'>sequitur</span> <span class='ocrx_word' id='word_1_371' title='bbox 1266 2095 1356 2132; x_wconf 90' lang='lat' dir='ltr'>pro·</span> <span class='ocrx_word' id='word_1_372' title='bbox 1412 2082 1604 2130; x_wconf 88' lang='lat' dir='ltr'>contrarii,</span> <span class='ocrx_word' id='word_1_373' title='bbox 1634 2084 1697 2120; x_wconf 93' lang='lat' dir='ltr'>vel</span> <span class='ocrx_word' id='word_1_374' title='bbox 1724 2095 1795 2133; x_wconf 92' lang='lat' dir='ltr'>per</span> <span class='ocrx_word' id='word_1_375' title='bbox 1818 2083 2112 2134; x_wconf 88' lang='lat' dir='ltr'>corruptionem</span> <span class='ocrx_word' id='word_1_376' title='bbox 2135 2083 2196 2122; x_wconf 89' lang='lat' dir='ltr'>sui</span> <span class='ocrx_word' id='word_1_377' title='bbox 2224 2083 2398 2131; x_wconf 70' lang='lat' dir='ltr'>subiecti,</span> <span class='ocrx_word' id='word_1_378' title='bbox 2423 2070 2489 2123; x_wconf 76' lang='lat' dir='ltr'>vel</span> 
     </span>
     <span class='ocr_line' id='line_1_34' title="bbox 283 2132 2491 2188; baseline 0.001 -15"><span class='ocrx_word' id='word_1_379' title='bbox 283 2135 408 2186; x_wconf 92' lang='lat' dir='ltr'>priam</span> <span class='ocrx_word' id='word_1_380' title='bbox 437 2136 559 2186; x_wconf 90' lang='lat' dir='ltr'>ipsius</span> <span class='ocrx_word' id='word_1_381' title='bbox 587 2144 779 2174; x_wconf 89' lang='lat' dir='ltr'>naturam.</span> <span class='ocrx_word' id='word_1_382' title='bbox 809 2137 903 2174; x_wconf 91' lang='lat' dir='ltr'>Non</span> <span class='ocrx_word' id='word_1_383' title='bbox 932 2143 1058 2186; x_wconf 88' lang='lat' dir='ltr'>potest</span> <span class='ocrx_word' id='word_1_384' title='bbox 1086 2135 1199 2185; x_wconf 85' lang='lat' dir='ltr'>igitur</span> <span class='ocrx_word' id='word_1_385' title='bbox 1221 2135 1356 2186; x_wconf 89' lang='lat' dir='ltr'>perfici</span> <span class='ocrx_word' id='word_1_386' title='bbox 1411 2149 1481 2187; x_wconf 92' lang='lat' dir='ltr'>per</span> <span class='ocrx_word' id='word_1_387' title='bbox 1500 2136 1695 2174; x_wconf 89' lang='lat' dir='ltr'>defectum</span> <span class='ocrx_word' id='word_1_388' title='bbox 1715 2149 1809 2175; x_wconf 90' lang='lat' dir='ltr'>suae</span> <span class='ocrx_word' id='word_1_389' title='bbox 1827 2149 1986 2175; x_wconf 86' lang='lat' dir='ltr'>causae:</span> <span class='ocrx_word' id='word_1_390' title='bbox 2016 2149 2088 2187; x_wconf 90' lang='lat' dir='ltr'>per</span> <span class='ocrx_word' id='word_1_391' title='bbox 2110 2137 2306 2176; x_wconf 88' lang='lat' dir='ltr'>actionem</span> <span class='ocrx_word' id='word_1_392' title='bbox 2326 2132 2491 2188; x_wconf 78' lang='lat' dir='ltr'>quidem</span> 
     </span>
     <span class='ocr_line' id='line_1_35' title="bbox 283 2189 2491 2242; baseline 0.001 -15"><span class='ocrx_word' id='word_1_393' title='bbox 283 2189 456 2240; x_wconf 89' lang='lat' dir='ltr'>operatio</span> <span class='ocrx_word' id='word_1_394' title='bbox 485 2190 646 2228; x_wconf 91' lang='lat' dir='ltr'>alicuius</span> <span class='ocrx_word' id='word_1_395' title='bbox 674 2190 728 2227; x_wconf 92' lang='lat' dir='ltr'>rei</span> <span class='ocrx_word' id='word_1_396' title='bbox 757 2189 830 2227; x_wconf 88' lang='lat' dir='ltr'>nisi</span> <span class='ocrx_word' id='word_1_397' title='bbox 858 2190 1078 2228; x_wconf 89' lang='lat' dir='ltr'>secundum</span> <span class='ocrx_word' id='word_1_398' title='bbox 1104 2190 1212 2239; x_wconf 92' lang='lat' dir='ltr'>quod</span> <span class='ocrx_word' id='word_1_399' title='bbox 1240 2190 1356 2240; x_wconf 85' lang='lat' dir='ltr'>perfi-</span> <span class='ocrx_word' id='word_1_400' title='bbox 1411 2189 1731 2237; x_wconf 78' lang='lat' dir='ltr'>contrarii„sicut</span> <span class='ocrx_word' id='word_1_401' title='bbox 1753 2192 1860 2228; x_wconf 87' lang='lat' dir='ltr'>calor</span> <span class='ocrx_word' id='word_1_402' title='bbox 1887 2190 2098 2229; x_wconf 89' lang='lat' dir='ltr'>destruitur</span> <span class='ocrx_word' id='word_1_403' title='bbox 2115 2203 2187 2242; x_wconf 86' lang='lat' dir='ltr'>per</span> <span class='ocrx_word' id='word_1_404' title='bbox 2205 2190 2400 2230; x_wconf 88' lang='lat' dir='ltr'>actionem</span> <span class='ocrx_word' id='word_1_405' title='bbox 2427 2190 2491 2230; x_wconf 81' lang='lat' dir='ltr'>fn·—</span> 
     </span>
     <span class='ocr_line' id='line_1_36' title="bbox 282 2243 2489 2295; baseline 0.001 -15"><span class='ocrx_word' id='word_1_406' title='bbox 282 2243 380 2281; x_wconf 89' lang='lat' dir='ltr'>citur</span> <span class='ocrx_word' id='word_1_407' title='bbox 408 2243 490 2282; x_wconf 89' lang='lat' dir='ltr'>eius</span> <span class='ocrx_word' id='word_1_408' title='bbox 518 2243 741 2281; x_wconf 89' lang='lat' dir='ltr'>substantia.</span> <span class='ocrx_word' id='word_1_409' title='bbox 773 2244 814 2281; x_wconf 91' lang='lat' dir='ltr'>Si</span> <span class='ocrx_word' id='word_1_410' title='bbox 842 2243 955 2292; x_wconf 86' lang='lat' dir='ltr'>igitur</span> <span class='ocrx_word' id='word_1_411' title='bbox 975 2243 1107 2281; x_wconf 87' lang='lat' dir='ltr'>anima</span> <span class='ocrx_word' id='word_1_412' title='bbox 1135 2244 1355 2281; x_wconf 87' lang='lat' dir='ltr'>secundum</span> <span class='ocrx_word' id='word_1_413' title='bbox 1372 2257 1397 2276; x_wconf 69' lang='grc' dir='ltr'>ιο</span> <span class='ocrx_word' id='word_1_414' title='bbox 1410 2244 1505 2294; x_wconf 88' lang='lat' dir='ltr'>gidi;</span> <span class='ocrx_word' id='word_1_415' title='bbox 1535 2256 1605 2294; x_wconf 90' lang='lat' dir='ltr'>per</span> <span class='ocrx_word' id='word_1_416' title='bbox 1624 2243 1918 2295; x_wconf 87' lang='lat' dir='ltr'>corruptionem</span> <span class='ocrx_word' id='word_1_417' title='bbox 1945 2251 2078 2282; x_wconf 89' lang='lat' dir='ltr'>autem</span> <span class='ocrx_word' id='word_1_418' title='bbox 2097 2245 2157 2283; x_wconf 91' lang='lat' dir='ltr'>sui</span> <span class='ocrx_word' id='word_1_419' title='bbox 2186 2245 2359 2291; x_wconf 84' lang='lat' dir='ltr'>subiecti,</span> <span class='ocrx_word' id='word_1_420' title='bbox 2379 2244 2489 2292; x_wconf 85' lang='lat' dir='ltr'>sicut,</span> 
     </span>
     <span class='ocr_line' id='line_1_37' title="bbox 283 2296 2490 2349; baseline 0.001 -14"><span class='ocrx_word' id='word_1_421' title='bbox 283 2297 550 2347; x_wconf 89' lang='lat' dir='ltr'>operationem</span> <span class='ocrx_word' id='word_1_422' title='bbox 571 2310 683 2336; x_wconf 89' lang='lat' dir='ltr'>suam</span> <span class='ocrx_word' id='word_1_423' title='bbox 702 2296 901 2347; x_wconf 90' lang='lat' dir='ltr'>perficitur</span> <span class='ocrx_word' id='word_1_424' title='bbox 929 2296 968 2334; x_wconf 91' lang='lat' dir='ltr'>in</span> <span class='ocrx_word' id='word_1_425' title='bbox 992 2297 1248 2347; x_wconf 86' lang='lat' dir='ltr'>relinquendo</span> <span class='ocrx_word' id='word_1_426' title='bbox 1272 2310 1355 2335; x_wconf 90' lang='lat' dir='ltr'>cor·</span> <span class='ocrx_word' id='word_1_427' title='bbox 1410 2299 1606 2336; x_wconf 90' lang='lat' dir='ltr'>destructo</span> <span class='ocrx_word' id='word_1_428' title='bbox 1636 2299 1763 2344; x_wconf 92' lang='lat' dir='ltr'>oculo,</span> <span class='ocrx_word' id='word_1_429' title='bbox 1792 2298 2002 2336; x_wconf 90' lang='lat' dir='ltr'>destruitur</span> <span class='ocrx_word' id='word_1_430' title='bbox 2028 2297 2088 2336; x_wconf 92' lang='lat' dir='ltr'>vis</span> <span class='ocrx_word' id='word_1_431' title='bbox 2114 2297 2274 2345; x_wconf 56' lang='lat' dir='ltr'>visiva†</span> <span class='ocrx_word' id='word_1_432' title='bbox 2289 2310 2360 2349; x_wconf 92' lang='lat' dir='ltr'>per</span> <span class='ocrx_word' id='word_1_433' title='bbox 2386 2298 2490 2338; x_wconf 85' lang='lat' dir='ltr'>defe-</span> 
     </span>
     <span class='ocr_line' id='line_1_38' title="bbox 282 2350 2490 2401; baseline 0.001 -13"><span class='ocrx_word' id='word_1_434' title='bbox 282 2364 368 2401; x_wconf 92' lang='lat' dir='ltr'>pus,</span> <span class='ocrx_word' id='word_1_435' title='bbox 397 2351 628 2401; x_wconf 88' lang='lat' dir='ltr'>incorporea</span> <span class='ocrx_word' id='word_1_436' title='bbox 656 2351 868 2389; x_wconf 90' lang='lat' dir='ltr'>substantia</span> <span class='ocrx_word' id='word_1_437' title='bbox 897 2364 968 2388; x_wconf 89' lang='lat' dir='ltr'>sua</span> <span class='ocrx_word' id='word_1_438' title='bbox 996 2350 1033 2388; x_wconf 89' lang='lat' dir='ltr'>in</span> <span class='ocrx_word' id='word_1_439' title='bbox 1065 2363 1147 2388; x_wconf 90' lang='lat' dir='ltr'>esse</span> <span class='ocrx_word' id='word_1_440' title='bbox 1177 2363 1250 2388; x_wconf 90' lang='lat' dir='ltr'>suo</span> <span class='ocrx_word' id='word_1_441' title='bbox 1274 2363 1355 2388; x_wconf 91' lang='lat' dir='ltr'>non</span> <span class='ocrx_word' id='word_1_442' title='bbox 1409 2359 1518 2390; x_wconf 90' lang='lat' dir='ltr'>ctum</span> <span class='ocrx_word' id='word_1_443' title='bbox 1538 2359 1669 2390; x_wconf 89' lang='lat' dir='ltr'>autem</span> <span class='ocrx_word' id='word_1_444' title='bbox 1688 2363 1840 2399; x_wconf 88' lang='lat' dir='ltr'>causae,</span> <span class='ocrx_word' id='word_1_445' title='bbox 1861 2351 1959 2390; x_wconf 89' lang='lat' dir='ltr'>sicut</span> <span class='ocrx_word' id='word_1_446' title='bbox 1977 2353 2112 2390; x_wconf 90' lang='lat' dir='ltr'>lumen</span> <span class='ocrx_word' id='word_1_447' title='bbox 2135 2351 2234 2391; x_wconf 90' lang='lat' dir='ltr'>aeris</span> <span class='ocrx_word' id='word_1_448' title='bbox 2265 2351 2395 2390; x_wconf 88' lang='lat' dir='ltr'>deficit</span> <span class='ocrx_word' id='word_1_449' title='bbox 2422 2352 2490 2390; x_wconf 90' lang='lat' dir='ltr'>de-</span> 
     </span>
     <span class='ocr_line' id='line_1_39' title="bbox 282 2404 2486 2456; baseline 0.001 -14"><span class='ocrx_word' id='word_1_450' title='bbox 282 2404 436 2442; x_wconf 90' lang='lat' dir='ltr'>deficiet</span> <span class='ocrx_word' id='word_1_451' title='bbox 462 2417 533 2454; x_wconf 86' lang='lat' dir='ltr'>per</span> <span class='ocrx_word' id='word_1_452' title='bbox 559 2405 637 2442; x_wconf 92' lang='lat' dir='ltr'>hoc</span> <span class='ocrx_word' id='word_1_453' title='bbox 665 2404 774 2454; x_wconf 93' lang='lat' dir='ltr'>quod</span> <span class='ocrx_word' id='word_1_454' title='bbox 801 2417 824 2442; x_wconf 91' lang='lat' dir='ltr'>a</span> <span class='ocrx_word' id='word_1_455' title='bbox 852 2417 1017 2454; x_wconf 90' lang='lat' dir='ltr'>corpore</span> <span class='ocrx_word' id='word_1_456' title='bbox 1044 2412 1255 2454; x_wconf 89' lang='lat' dir='ltr'>separatur.</span> <span class='ocrx_word' id='word_1_457' title='bbox 1410 2405 1563 2443; x_wconf 91' lang='lat' dir='ltr'>ficiente</span> <span class='ocrx_word' id='word_1_458' title='bbox 1591 2405 1683 2444; x_wconf 89' lang='lat' dir='ltr'>solis</span> <span class='ocrx_word' id='word_1_459' title='bbox 1711 2405 1940 2456; x_wconf 87' lang='lat' dir='ltr'>praesentia,</span> <span class='ocrx_word' id='word_1_460' title='bbox 1968 2418 2071 2456; x_wconf 90' lang='lat' dir='ltr'>quae</span> <span class='ocrx_word' id='word_1_461' title='bbox 2099 2414 2182 2444; x_wconf 88' lang='lat' dir='ltr'>erat</span> <span class='ocrx_word' id='word_1_462' title='bbox 2207 2405 2329 2456; x_wconf 90' lang='lat' dir='ltr'>ipsius</span> <span class='ocrx_word' id='word_1_463' title='bbox 2357 2417 2486 2445; x_wconf 78' lang='lat' dir='ltr'>causa.</span> 
     </span>
    </p>

    <p class='ocr_par' dir='ltr' id='par_1_9' title="bbox 281 2457 2491 2724">
     <span class='ocr_line' id='line_1_40' title="bbox 336 2457 2489 2510; baseline 0.001 -15"><span class='ocrx_word' id='word_1_464' title='bbox 336 2459 442 2495; x_wconf 90' lang='lat' dir='ltr'>Item.</span> <span class='ocrx_word' id='word_1_465' title='bbox 477 2457 686 2508; x_wconf 89' lang='lat' dir='ltr'>Proprium</span> <span class='ocrx_word' id='word_1_466' title='bbox 723 2457 978 2508; x_wconf 87' lang='lat' dir='ltr'>perfectivum</span> <span class='ocrx_word' id='word_1_467' title='bbox 1015 2457 1186 2495; x_wconf 90' lang='lat' dir='ltr'>hominis</span> <span class='ocrx_word' id='word_1_468' title='bbox 1218 2470 1355 2496; x_wconf 88' lang='lat' dir='ltr'>secun·</span> <span class='ocrx_word' id='word_1_469' title='bbox 1411 2459 1489 2497; x_wconf 91' lang='lat' dir='ltr'>Sed</span> <span class='ocrx_word' id='word_1_470' title='bbox 1500 2459 1631 2497; x_wconf 90' lang='lat' dir='ltr'>anima</span> <span class='ocrx_word' id='word_1_471' title='bbox 1646 2460 1822 2497; x_wconf 85' lang='lat' dir='ltr'>humana</span> <span class='ocrx_word' id='word_1_472' title='bbox 1836 2472 1918 2498; x_wconf 91' lang='lat' dir='ltr'>non</span> <span class='ocrx_word' id='word_1_473' title='bbox 1932 2467 2059 2510; x_wconf 90' lang='lat' dir='ltr'>potest</span> <span class='ocrx_word' id='word_1_474' title='bbox 2073 2459 2273 2510; x_wconf 90' lang='lat' dir='ltr'>corrumpi</span> <span class='ocrx_word' id='word_1_475' title='bbox 2287 2471 2358 2510; x_wconf 88' lang='lat' dir='ltr'>per</span> <span class='ocrx_word' id='word_1_476' title='bbox 2371 2458 2489 2498; x_wconf 80' lang='lat' dir='ltr'>actio-</span> 
     </span>
     <span class='ocr_line' id='line_1_41' title="bbox 282 2511 2488 2564; baseline 0.001 -16"><span class='ocrx_word' id='word_1_477' title='bbox 282 2512 379 2548; x_wconf 92' lang='lat' dir='ltr'>dum</span> <span class='ocrx_word' id='word_1_478' title='bbox 408 2511 581 2549; x_wconf 90' lang='lat' dir='ltr'>animam</span> <span class='ocrx_word' id='word_1_479' title='bbox 605 2519 661 2549; x_wconf 91' lang='lat' dir='ltr'>est</span> <span class='ocrx_word' id='word_1_480' title='bbox 689 2511 833 2561; x_wconf 90' lang='lat' dir='ltr'>aliquid</span> <span class='ocrx_word' id='word_1_481' title='bbox 863 2511 1163 2561; x_wconf 89' lang='lat' dir='ltr'>incorruptibile.</span> <span class='ocrx_word' id='word_1_482' title='bbox 1194 2511 1355 2562; x_wconf 89' lang='lat' dir='ltr'>Propria</span> <span class='ocrx_word' id='word_1_483' title='bbox 1371 2525 1393 2546; x_wconf 77' lang='lat'>³5</span> <span class='ocrx_word' id='word_1_484' title='bbox 1410 2525 1503 2550; x_wconf 89' lang='lat' dir='ltr'>nem</span> <span class='ocrx_word' id='word_1_485' title='bbox 1531 2512 1731 2550; x_wconf 88' lang='lat' dir='ltr'>contrarii:</span> <span class='ocrx_word' id='word_1_486' title='bbox 1762 2525 1841 2550; x_wconf 90' lang='lat' dir='ltr'>non</span> <span class='ocrx_word' id='word_1_487' title='bbox 1872 2521 1928 2551; x_wconf 92' lang='lat' dir='ltr'>est</span> <span class='ocrx_word' id='word_1_488' title='bbox 1956 2513 2061 2551; x_wconf 93' lang='lat' dir='ltr'>enim</span> <span class='ocrx_word' id='word_1_489' title='bbox 2095 2513 2130 2551; x_wconf 91' lang='lat' dir='ltr'>ei</span> <span class='ocrx_word' id='word_1_490' title='bbox 2163 2512 2308 2564; x_wconf 88' lang='lat' dir='ltr'>aliquid</span> <span class='ocrx_word' id='word_1_491' title='bbox 2337 2520 2488 2551; x_wconf 75' lang='lat' dir='ltr'>contra-</span> 
     </span>
     <span class='ocr_line' id='line_1_42' title="bbox 282 2564 2490 2617; baseline 0.001 -15"><span class='ocrx_word' id='word_1_492' title='bbox 282 2565 387 2602; x_wconf 91' lang='lat' dir='ltr'>enim</span> <span class='ocrx_word' id='word_1_493' title='bbox 416 2565 590 2615; x_wconf 89' lang='lat' dir='ltr'>operatio</span> <span class='ocrx_word' id='word_1_494' title='bbox 627 2565 809 2611; x_wconf 90' lang='lat' dir='ltr'>hominis,</span> <span class='ocrx_word' id='word_1_495' title='bbox 846 2565 1081 2615; x_wconf 90' lang='lat' dir='ltr'>inquantum</span> <span class='ocrx_word' id='word_1_496' title='bbox 1114 2564 1354 2613; x_wconf 90' lang='lat' dir='ltr'>huiusmodi,</span> <span class='ocrx_word' id='word_1_497' title='bbox 1410 2566 1531 2613; x_wconf 84' lang='lat' dir='ltr'>rium3</span> <span class='ocrx_word' id='word_1_498' title='bbox 1566 2578 1659 2604; x_wconf 92' lang='lat' dir='ltr'>cum</span> <span class='ocrx_word' id='word_1_499' title='bbox 1692 2578 1763 2616; x_wconf 90' lang='lat' dir='ltr'>per</span> <span class='ocrx_word' id='word_1_500' title='bbox 1794 2566 2030 2605; x_wconf 89' lang='lat' dir='ltr'>intellectum</span> <span class='ocrx_word' id='word_1_501' title='bbox 2063 2566 2290 2617; x_wconf 90' lang='lat' dir='ltr'>possibilem</span> <span class='ocrx_word' id='word_1_502' title='bbox 2322 2566 2406 2617; x_wconf 85' lang='lat' dir='ltr'>ipsa</span> <span class='ocrx_word' id='word_1_503' title='bbox 2442 2564 2490 2604; x_wconf 85' lang='lat' dir='ltr'>sit</span> 
     </span>
     <span class='ocr_line' id='line_1_43' title="bbox 281 2618 2490 2671; baseline 0.002 -16"><span class='ocrx_word' id='word_1_504' title='bbox 281 2626 337 2656; x_wconf 90' lang='lat' dir='ltr'>est</span> <span class='ocrx_word' id='word_1_505' title='bbox 365 2618 589 2668; x_wconf 88' lang='lat' dir='ltr'>intelligere:</span> <span class='ocrx_word' id='word_1_506' title='bbox 619 2631 691 2669; x_wconf 93' lang='lat' dir='ltr'>per</span> <span class='ocrx_word' id='word_1_507' title='bbox 718 2619 819 2656; x_wconf 91' lang='lat' dir='ltr'>hanc</span> <span class='ocrx_word' id='word_1_508' title='bbox 848 2618 954 2656; x_wconf 91' lang='lat' dir='ltr'>enim</span> <span class='ocrx_word' id='word_1_509' title='bbox 973 2619 1101 2656; x_wconf 87' lang='lat' dir='ltr'>differt</span> <span class='ocrx_word' id='word_1_510' title='bbox 1120 2631 1143 2656; x_wconf 90' lang='lat' dir='ltr'>a</span> <span class='ocrx_word' id='word_1_511' title='bbox 1171 2619 1292 2657; x_wconf 90' lang='lat' dir='ltr'>brutis</span> <span class='ocrx_word' id='word_1_512' title='bbox 1319 2627 1355 2657; x_wconf 90' lang='lat' dir='ltr'>et</span> <span class='ocrx_word' id='word_1_513' title='bbox 1410 2619 1672 2669; x_wconf 87' lang='lat' dir='ltr'>cognoscitiva</span> <span class='ocrx_word' id='word_1_514' title='bbox 1701 2627 1736 2658; x_wconf 92' lang='lat' dir='ltr'>et</span> <span class='ocrx_word' id='word_1_515' title='bbox 1764 2620 1959 2671; x_wconf 90' lang='lat' dir='ltr'>receptiva</span> <span class='ocrx_word' id='word_1_516' title='bbox 1987 2620 2169 2659; x_wconf 88' lang='lat' dir='ltr'>omnium</span> <span class='ocrx_word' id='word_1_517' title='bbox 2190 2619 2490 2660; x_wconf 81' lang='lat' dir='ltr'>contrariorum.</span> 
     </span>
     <span class='ocr_line' id='line_1_44' title="bbox 281 2671 2491 2735; baseline 0.001 -25"><span class='ocrx_word' id='word_1_518' title='bbox 281 2672 419 2722; x_wconf 89' lang='lat' dir='ltr'>plantis</span> <span class='ocrx_word' id='word_1_519' title='bbox 452 2681 488 2710; x_wconf 94' lang='lat' dir='ltr'>et</span> <span class='ocrx_word' id='word_1_520' title='bbox 520 2671 751 2710; x_wconf 87' lang='lat' dir='ltr'>inanimatis.</span> <span class='ocrx_word' id='word_1_521' title='bbox 791 2672 1001 2722; x_wconf 89' lang='lat' dir='ltr'>Intelligere</span> <span class='ocrx_word' id='word_1_522' title='bbox 1035 2680 1167 2710; x_wconf 91' lang='lat' dir='ltr'>autern</span> <span class='ocrx_word' id='word_1_523' title='bbox 1200 2672 1355 2711; x_wconf 88' lang='lat' dir='ltr'>univer·</span> <span class='ocrx_word' id='word_1_524' title='bbox 1411 2673 1594 2712; x_wconf 88' lang='lat' dir='ltr'>Similiter</span> <span class='ocrx_word' id='word_1_525' title='bbox 1611 2681 1745 2712; x_wconf 91' lang='lat' dir='ltr'>autem</span> <span class='ocrx_word' id='word_1_526' title='bbox 1764 2686 1893 2724; x_wconf 90' lang='lat' dir='ltr'>neque</span> <span class='ocrx_word' id='word_1_527' title='bbox 1913 2687 1984 2735; x_wconf 85' lang='lat' dir='ltr'>per</span> <span class='ocrx_word' id='word_1_528' title='bbox 2002 2673 2295 2724; x_wconf 89' lang='lat' dir='ltr'>corruptionem</span> <span class='ocrx_word' id='word_1_529' title='bbox 2313 2673 2375 2712; x_wconf 87' lang='lat' dir='ltr'>sui</span> <span class='ocrx_word' id='word_1_530' title='bbox 2398 2673 2491 2712; x_wconf 85' lang='lat' dir='ltr'>sub·-</span> 
     </span>
    </p>
   </div>
   <div class='ocr_carea' id='block_1_9' title="bbox 281 2725 2525 2778">
    <p class='ocr_par' dir='ltr' id='par_1_10' title="bbox 281 2725 2525 2778">
     <span class='ocr_line' id='line_1_45' title="bbox 281 2725 2525 2778; baseline 0.001 -15"><span class='ocrx_word' id='word_1_531' title='bbox 281 2725 419 2763; x_wconf 82' lang='lat' dir='ltr'>salium</span> <span class='ocrx_word' id='word_1_532' title='bbox 439 2733 495 2763; x_wconf 91' lang='lat' dir='ltr'>est</span> <span class='ocrx_word' id='word_1_533' title='bbox 514 2735 550 2764; x_wconf 91' lang='lat' dir='ltr'>et</span> <span class='ocrx_word' id='word_1_534' title='bbox 578 2725 929 2776; x_wconf 90' lang='lat' dir='ltr'>incorruptibilium</span> <span class='ocrx_word' id='word_1_535' title='bbox 958 2726 1192 2776; x_wconf 89' lang='lat' dir='ltr'>inquantum</span> <span class='ocrx_word' id='word_1_536' title='bbox 1221 2727 1356 2764; x_wconf 90' lang='lat' dir='ltr'>huius·</span> <span class='ocrx_word' id='word_1_537' title='bbox 1411 2727 1512 2765; x_wconf 90' lang='lat' dir='ltr'>iecti:</span> <span class='ocrx_word' id='word_1_538' title='bbox 1547 2735 1751 2765; x_wconf 89' lang='lat' dir='ltr'>ostensum</span> <span class='ocrx_word' id='word_1_539' title='bbox 1784 2736 1842 2765; x_wconf 89' lang='lat' dir='ltr'>est</span> <span class='ocrx_word' id='word_1_540' title='bbox 1876 2728 1981 2766; x_wconf 91' lang='lat' dir='ltr'>enim</span> <span class='ocrx_word' id='word_1_541' title='bbox 2017 2727 2175 2778; x_wconf 81' lang='lat' dir='ltr'>supra*</span> <span class='ocrx_word' id='word_1_542' title='bbox 2211 2728 2321 2778; x_wconf 92' lang='lat' dir='ltr'>quod</span> <span class='ocrx_word' id='word_1_543' title='bbox 2357 2727 2491 2766; x_wconf 66' lang='lat' dir='ltr'>anian</span> <span class='ocrx_word' id='word_1_544' title='bbox 2517 2741 2525 2751; x_wconf 92' lang='lat'><strong>·</strong></span> 
     </span>
    </p>
   </div>
   <div class='ocr_carea' id='block_1_10' title="bbox 281 2779 2491 3369">
    <p class='ocr_par' dir='ltr' id='par_1_11' title="bbox 281 2779 2491 3369">
     <span class='ocr_line' id='line_1_46' title="bbox 281 2779 2490 2832; baseline 0.001 -16"><span class='ocrx_word' id='word_1_545' title='bbox 281 2779 402 2816; x_wconf 92' lang='lat' dir='ltr'>modi.</span> <span class='ocrx_word' id='word_1_546' title='bbox 437 2779 694 2818; x_wconf 87' lang='lat' dir='ltr'>Perfectiones</span> <span class='ocrx_word' id='word_1_547' title='bbox 727 2788 858 2817; x_wconf 89' lang='lat' dir='ltr'>autem</span> <span class='ocrx_word' id='word_1_548' title='bbox 887 2788 1039 2829; x_wconf 90' lang='lat' dir='ltr'>oportet</span> <span class='ocrx_word' id='word_1_549' title='bbox 1071 2792 1154 2818; x_wconf 89' lang='lat' dir='ltr'>esse</span> <span class='ocrx_word' id='word_1_550' title='bbox 1183 2780 1586 2830; x_wconf 53' lang='lat' dir='ltr'>perfecti-ahumana</span> <span class='ocrx_word' id='word_1_551' title='bbox 1606 2789 1662 2819; x_wconf 91' lang='lat' dir='ltr'>est</span> <span class='ocrx_word' id='word_1_552' title='bbox 1689 2781 1816 2819; x_wconf 88' lang='lat' dir='ltr'>forma</span> <span class='ocrx_word' id='word_1_553' title='bbox 1843 2793 1925 2819; x_wconf 88' lang='lat' dir='ltr'>non</span> <span class='ocrx_word' id='word_1_554' title='bbox 1948 2782 2177 2832; x_wconf 89' lang='lat' dir='ltr'>dependens</span> <span class='ocrx_word' id='word_1_555' title='bbox 2196 2794 2219 2820; x_wconf 89' lang='lat' dir='ltr'>a</span> <span class='ocrx_word' id='word_1_556' title='bbox 2238 2793 2403 2832; x_wconf 85' lang='lat' dir='ltr'>corpore</span> <span class='ocrx_word' id='word_1_557' title='bbox 2430 2790 2490 2819; x_wconf 80' lang='lat' dir='ltr'>se-</span> 
     </span>
     <span class='ocr_line' id='line_1_47' title="bbox 282 2832 2491 2886; baseline 0.001 -16"><span class='ocrx_word' id='word_1_558' title='bbox 282 2832 422 2870; x_wconf 90' lang='lat' dir='ltr'>bilibus</span> <span class='ocrx_word' id='word_1_559' title='bbox 450 2833 773 2884; x_wconf 55' lang='lat' dir='ltr'>proportionata&amp;</span> <span class='ocrx_word' id='word_1_560' title='bbox 805 2835 907 2883; x_wconf 90' lang='lat' dir='ltr'>Ergo</span> <span class='ocrx_word' id='word_1_561' title='bbox 937 2833 1068 2871; x_wconf 88' lang='lat' dir='ltr'>anima</span> <span class='ocrx_word' id='word_1_562' title='bbox 1097 2834 1272 2872; x_wconf 87' lang='lat' dir='ltr'>humana</span> <span class='ocrx_word' id='word_1_563' title='bbox 1300 2842 1357 2872; x_wconf 89' lang='lat' dir='ltr'>est</span> <span class='ocrx_word' id='word_1_564' title='bbox 1411 2835 1588 2873; x_wconf 90' lang='lat' dir='ltr'>cundum</span> <span class='ocrx_word' id='word_1_565' title='bbox 1618 2847 1737 2873; x_wconf 92' lang='lat' dir='ltr'>suum</span> <span class='ocrx_word' id='word_1_566' title='bbox 1765 2847 1860 2873; x_wconf 91' lang='lat' dir='ltr'>esse.</span> <span class='ocrx_word' id='word_1_567' title='bbox 1892 2834 2075 2874; x_wconf 90' lang='lat' dir='ltr'>Similiter</span> <span class='ocrx_word' id='word_1_568' title='bbox 2101 2842 2233 2874; x_wconf 87' lang='lat' dir='ltr'>autem</span> <span class='ocrx_word' id='word_1_569' title='bbox 2262 2847 2391 2886; x_wconf 90' lang='lat' dir='ltr'>neque</span> <span class='ocrx_word' id='word_1_570' title='bbox 2419 2842 2491 2886; x_wconf 79' lang='lat' dir='ltr'>per</span> 
     </span>
     <span class='ocr_line' id='line_1_48' title="bbox 283 2885 2490 2940; baseline 0.002 -17"><span class='ocrx_word' id='word_1_571' title='bbox 283 2885 592 2937; x_wconf 87' lang='lat' dir='ltr'>incorruptibilis.</span> <span class='ocrx_word' id='word_1_572' title='bbox 1411 2887 1673 2927; x_wconf 90' lang='lat' dir='ltr'>deficientiam</span> <span class='ocrx_word' id='word_1_573' title='bbox 1692 2901 1786 2927; x_wconf 87' lang='lat' dir='ltr'>suae</span> <span class='ocrx_word' id='word_1_574' title='bbox 1805 2901 1961 2928; x_wconf 88' lang='lat' dir='ltr'>causae:</span> <span class='ocrx_word' id='word_1_575' title='bbox 1987 2888 2080 2940; x_wconf 90' lang='lat' dir='ltr'>quia</span> <span class='ocrx_word' id='word_1_576' title='bbox 2098 2901 2181 2928; x_wconf 94' lang='lat' dir='ltr'>non</span> <span class='ocrx_word' id='word_1_577' title='bbox 2199 2889 2326 2940; x_wconf 90' lang='lat' dir='ltr'>potest</span> <span class='ocrx_word' id='word_1_578' title='bbox 2345 2888 2490 2928; x_wconf 82' lang='lat' dir='ltr'>habere</span> 
     </span>
     <span class='ocr_line' id='line_1_49' title="bbox 337 2940 2491 2993; baseline 0.002 -16"><span class='ocrx_word' id='word_1_579' title='bbox 337 2940 527 2990; x_wconf 77' lang='lat' dir='ltr'>Amplius,</span> <span class='ocrx_word' id='word_1_580' title='bbox 557 2940 798 2991; x_wconf 88' lang='lat' dir='ltr'>Impossibile</span> <span class='ocrx_word' id='word_1_581' title='bbox 819 2949 875 2979; x_wconf 90' lang='lat' dir='ltr'>est</span> <span class='ocrx_word' id='word_1_582' title='bbox 902 2941 1118 2991; x_wconf 85' lang='lat' dir='ltr'>appetitum</span> <span class='ocrx_word' id='word_1_583' title='bbox 1139 2943 1356 2980; x_wconf 90' lang='lat' dir='ltr'>naturalem</span> <span class='ocrx_word' id='word_1_584' title='bbox 1411 2942 1583 2993; x_wconf 86' lang='lat' dir='ltr'>aliquam</span> <span class='ocrx_word' id='word_1_585' title='bbox 1612 2955 1772 2981; x_wconf 86' lang='lat' dir='ltr'>causam</span> <span class='ocrx_word' id='word_1_586' title='bbox 1797 2942 1870 2981; x_wconf 90' lang='lat' dir='ltr'>nisi</span> <span class='ocrx_word' id='word_1_587' title='bbox 1897 2950 2108 2990; x_wconf 88' lang='lat' dir='ltr'>aeternam,</span> <span class='ocrx_word' id='word_1_588' title='bbox 2132 2951 2175 2981; x_wconf 91' lang='lat' dir='ltr'>ut</span> <span class='ocrx_word' id='word_1_589' title='bbox 2202 2942 2300 2981; x_wconf 75' lang='lat' dir='ltr'>intra</span> <span class='ocrx_word' id='word_1_590' title='bbox 2314 2942 2335 2964; x_wconf 72' lang='lat'>&#39;⁸‘</span> <span class='ocrx_word' id='word_1_591' title='bbox 2361 2950 2491 2984; x_wconf 82' lang='lat' dir='ltr'>osten-</span> 
     </span>
     <span class='ocr_line' id='line_1_50' title="bbox 284 2994 2491 3046; baseline 0.002 -16"><span class='ocrx_word' id='word_1_592' title='bbox 284 3005 365 3030; x_wconf 90' lang='lat' dir='ltr'>esse</span> <span class='ocrx_word' id='word_1_593' title='bbox 394 2994 542 3031; x_wconf 90' lang='lat' dir='ltr'>frustra.</span> <span class='ocrx_word' id='word_1_594' title='bbox 578 2995 655 3033; x_wconf 89' lang='lat' dir='ltr'>Sed</span> <span class='ocrx_word' id='word_1_595' title='bbox 685 2996 807 3032; x_wconf 91' lang='lat' dir='ltr'>homo</span> <span class='ocrx_word' id='word_1_596' title='bbox 837 2995 1059 3033; x_wconf 88' lang='lat' dir='ltr'>naturaliter</span> <span class='ocrx_word' id='word_1_597' title='bbox 1093 2995 1238 3045; x_wconf 90' lang='lat' dir='ltr'>appetit</span> <span class='ocrx_word' id='word_1_598' title='bbox 1270 3008 1356 3046; x_wconf 92' lang='lat' dir='ltr'>per·</span> <span class='ocrx_word' id='word_1_599' title='bbox 1411 2997 1535 3034; x_wconf 89' lang='lat' dir='ltr'>detur.</span> <span class='ocrx_word' id='word_1_600' title='bbox 1553 2997 1673 3034; x_wconf 91' lang='lat' dir='ltr'>Nullo</span> <span class='ocrx_word' id='word_1_601' title='bbox 1689 2996 1803 3045; x_wconf 87' lang='lat' dir='ltr'>igitur</span> <span class='ocrx_word' id='word_1_602' title='bbox 1817 2997 1939 3035; x_wconf 91' lang='lat' dir='ltr'>modo</span> <span class='ocrx_word' id='word_1_603' title='bbox 1954 2996 2087 3035; x_wconf 86' lang='lat' dir='ltr'>anima</span> <span class='ocrx_word' id='word_1_604' title='bbox 2101 2998 2277 3035; x_wconf 86' lang='lat' dir='ltr'>humana</span> <span class='ocrx_word' id='word_1_605' title='bbox 2289 2994 2491 3046; x_wconf 78' lang='lat' dir='ltr'>corrumpi</span> 
     </span>
     <span class='ocr_line' id='line_1_51' title="bbox 284 3049 1548 3109; baseline 0.002 -25"><span class='ocrx_word' id='word_1_606' title='bbox 284 3054 401 3095; x_wconf 88' lang='lat' dir='ltr'>petuo</span> <span class='ocrx_word' id='word_1_607' title='bbox 430 3060 600 3085; x_wconf 91' lang='lat' dir='ltr'>manere.</span> <span class='ocrx_word' id='word_1_608' title='bbox 622 3049 742 3096; x_wconf 89' lang='lat' dir='ltr'>Quod</span> <span class='ocrx_word' id='word_1_609' title='bbox 762 3056 865 3109; x_wconf 82' lang='lat' dir='ltr'>patet</span> <span class='ocrx_word' id='word_1_610' title='bbox 889 3061 935 3086; x_wconf 88' lang='lat' dir='ltr'>ex</span> <span class='ocrx_word' id='word_1_611' title='bbox 960 3050 1036 3086; x_wconf 91' lang='lat' dir='ltr'>hoc</span> <span class='ocrx_word' id='word_1_612' title='bbox 1060 3049 1168 3099; x_wconf 91' lang='lat' dir='ltr'>quod</span> <span class='ocrx_word' id='word_1_613' title='bbox 1193 3062 1276 3087; x_wconf 88' lang='lat' dir='ltr'>esse</span> <span class='ocrx_word' id='word_1_614' title='bbox 1301 3057 1357 3087; x_wconf 89' lang='lat' dir='ltr'>est</span> <span class='ocrx_word' id='word_1_615' title='bbox 1370 3069 1395 3090; x_wconf 59' lang='grc' dir='ltr'>ις</span> <span class='ocrx_word' id='word_1_616' title='bbox 1411 3058 1548 3100; x_wconf 91' lang='lat' dir='ltr'>potest.</span> 
     </span>
     <span class='ocr_line' id='line_1_52' title="bbox 284 3100 2489 3154; baseline 0.001 -16"><span class='ocrx_word' id='word_1_617' title='bbox 284 3101 391 3149; x_wconf 92' lang='lat' dir='ltr'>quod</span> <span class='ocrx_word' id='word_1_618' title='bbox 420 3102 468 3138; x_wconf 93' lang='lat' dir='ltr'>ab</span> <span class='ocrx_word' id='word_1_619' title='bbox 497 3102 682 3139; x_wconf 87' lang='lat' dir='ltr'>omnibus</span> <span class='ocrx_word' id='word_1_620' title='bbox 714 3102 923 3152; x_wconf 88' lang='lat' dir='ltr'>appetitur:</span> <span class='ocrx_word' id='word_1_621' title='bbox 963 3103 1084 3140; x_wconf 90' lang='lat' dir='ltr'>homo</span> <span class='ocrx_word' id='word_1_622' title='bbox 1123 3111 1254 3140; x_wconf 88' lang='lat' dir='ltr'>autern</span> <span class='ocrx_word' id='word_1_623' title='bbox 1286 3115 1358 3153; x_wconf 89' lang='lat' dir='ltr'>per</span> <span class='ocrx_word' id='word_1_624' title='bbox 1466 3104 1619 3141; x_wconf 91' lang='lat' dir='ltr'>Adhuc.</span> <span class='ocrx_word' id='word_1_625' title='bbox 1651 3102 1691 3141; x_wconf 91' lang='lat' dir='ltr'>Si</span> <span class='ocrx_word' id='word_1_626' title='bbox 1720 3102 1851 3141; x_wconf 88' lang='lat' dir='ltr'>anima</span> <span class='ocrx_word' id='word_1_627' title='bbox 1879 3104 2146 3154; x_wconf 85' lang='lat' dir='ltr'>corrumpitur</span> <span class='ocrx_word' id='word_1_628' title='bbox 2177 3115 2248 3154; x_wconf 90' lang='lat' dir='ltr'>per</span> <span class='ocrx_word' id='word_1_629' title='bbox 2274 3100 2489 3152; x_wconf 83' lang='lat' dir='ltr'>corruptio-</span> 
     </span>
     <span class='ocr_line' id='line_1_53' title="bbox 284 3153 2490 3219; baseline 0.001 -30"><span class='ocrx_word' id='word_1_630' title='bbox 284 3153 517 3191; x_wconf 89' lang='lat' dir='ltr'>intellectum</span> <span class='ocrx_word' id='word_1_631' title='bbox 537 3156 793 3206; x_wconf 88' lang='lat' dir='ltr'>apprehendit</span> <span class='ocrx_word' id='word_1_632' title='bbox 817 3169 900 3194; x_wconf 89' lang='lat' dir='ltr'>esse</span> <span class='ocrx_word' id='word_1_633' title='bbox 920 3168 1001 3193; x_wconf 92' lang='lat' dir='ltr'>non</span> <span class='ocrx_word' id='word_1_634' title='bbox 1022 3157 1151 3193; x_wconf 90' lang='lat' dir='ltr'>solum</span> <span class='ocrx_word' id='word_1_635' title='bbox 1177 3164 1219 3194; x_wconf 94' lang='lat' dir='ltr'>ut</span> <span class='ocrx_word' id='word_1_636' title='bbox 1239 3169 1355 3203; x_wconf 89' lang='lat' dir='ltr'>nunc,</span> <span class='ocrx_word' id='word_1_637' title='bbox 1412 3170 1503 3195; x_wconf 90' lang='lat' dir='ltr'>nem</span> <span class='ocrx_word' id='word_1_638' title='bbox 1533 3156 1719 3207; x_wconf 84' lang='lat' dir='ltr'>corporis,</span> <span class='ocrx_word' id='word_1_639' title='bbox 1744 3165 1897 3208; x_wconf 89' lang='lat' dir='ltr'>oportet</span> <span class='ocrx_word' id='word_1_640' title='bbox 1916 3158 2025 3219; x_wconf 85' lang='lat' dir='ltr'>quod</span> <span class='ocrx_word' id='word_1_641' title='bbox 2054 3157 2138 3196; x_wconf 91' lang='lat' dir='ltr'>eius</span> <span class='ocrx_word' id='word_1_642' title='bbox 2161 3169 2244 3195; x_wconf 88' lang='lat' dir='ltr'>esse</span> <span class='ocrx_word' id='word_1_643' title='bbox 2273 3155 2490 3194; x_wconf 86' lang='lat' dir='ltr'>debilitetur</span> 
     </span>
     <span class='ocr_line' id='line_1_54' title="bbox 285 3206 2488 3262; baseline 0 -18"><span class='ocrx_word' id='word_1_644' title='bbox 285 3206 380 3244; x_wconf 88' lang='lat' dir='ltr'>sicut</span> <span class='ocrx_word' id='word_1_645' title='bbox 398 3207 510 3245; x_wconf 90' lang='lat' dir='ltr'>bruta</span> <span class='ocrx_word' id='word_1_646' title='bbox 530 3208 722 3255; x_wconf 89' lang='lat' dir='ltr'>animalia,</span> <span class='ocrx_word' id='word_1_647' title='bbox 751 3210 819 3246; x_wconf 90' lang='lat' dir='ltr'>sed</span> <span class='ocrx_word' id='word_1_648' title='bbox 839 3209 1071 3259; x_wconf 89' lang='lat' dir='ltr'>simpliciter.</span> <span class='ocrx_word' id='word_1_649' title='bbox 1095 3210 1358 3260; x_wconf 87' lang='lat' dir='ltr'>Consequitur</span> <span class='ocrx_word' id='word_1_650' title='bbox 1411 3223 1481 3261; x_wconf 92' lang='lat' dir='ltr'>per</span> <span class='ocrx_word' id='word_1_651' title='bbox 1509 3210 1747 3249; x_wconf 87' lang='lat' dir='ltr'>debilitatem</span> <span class='ocrx_word' id='word_1_652' title='bbox 1775 3211 1961 3262; x_wconf 90' lang='lat' dir='ltr'>corporis.</span> <span class='ocrx_word' id='word_1_653' title='bbox 1984 3211 2025 3250; x_wconf 94' lang='lat' dir='ltr'>Si</span> <span class='ocrx_word' id='word_1_654' title='bbox 2053 3219 2186 3250; x_wconf 88' lang='lat' dir='ltr'>autem</span> <span class='ocrx_word' id='word_1_655' title='bbox 2209 3209 2339 3259; x_wconf 86' lang='lat' dir='ltr'>aliqua</span> <span class='ocrx_word' id='word_1_656' title='bbox 2366 3207 2488 3246; x_wconf 84' lang='lat' dir='ltr'>virtus</span> 
     </span>
     <span class='ocr_line' id='line_1_55' title="bbox 286 3262 2488 3314; baseline 0 -17"><span class='ocrx_word' id='word_1_657' title='bbox 286 3272 375 3307; x_wconf 86' lang='lat' dir='ltr'>ergo</span> <span class='ocrx_word' id='word_1_658' title='bbox 418 3262 540 3298; x_wconf 92' lang='lat' dir='ltr'>homo</span> <span class='ocrx_word' id='word_1_659' title='bbox 578 3263 875 3311; x_wconf 87' lang='lat' dir='ltr'>perpetuitatem</span> <span class='ocrx_word' id='word_1_660' title='bbox 913 3263 1133 3300; x_wconf 89' lang='lat' dir='ltr'>secundum</span> <span class='ocrx_word' id='word_1_661' title='bbox 1171 3263 1356 3310; x_wconf 91' lang='lat' dir='ltr'>animam,</span> <span class='ocrx_word' id='word_1_662' title='bbox 1412 3264 1567 3302; x_wconf 89' lang='lat' dir='ltr'>animae</span> <span class='ocrx_word' id='word_1_663' title='bbox 1602 3263 1822 3302; x_wconf 89' lang='lat' dir='ltr'>debilitetur</span> <span class='ocrx_word' id='word_1_664' title='bbox 1855 3265 2052 3303; x_wconf 91' lang='lat' dir='ltr'>debilitato</span> <span class='ocrx_word' id='word_1_665' title='bbox 2085 3275 2264 3314; x_wconf 85' lang='lat' dir='ltr'>corpore,</span> <span class='ocrx_word' id='word_1_666' title='bbox 2298 3262 2374 3300; x_wconf 91' lang='lat' dir='ltr'>hoc</span> <span class='ocrx_word' id='word_1_667' title='bbox 2406 3273 2488 3299; x_wconf 90' lang='lat' dir='ltr'>non</span> 
     </span>
     <span class='ocr_line' id='line_1_56' title="bbox 286 3314 2488 3369; baseline 0 -19"><span class='ocrx_word' id='word_1_668' title='bbox 286 3325 363 3361; x_wconf 90' lang='lat' dir='ltr'>qua</span> <span class='ocrx_word' id='word_1_669' title='bbox 380 3326 461 3351; x_wconf 90' lang='lat' dir='ltr'>esse</span> <span class='ocrx_word' id='word_1_670' title='bbox 491 3315 713 3365; x_wconf 87' lang='lat' dir='ltr'>simpliciter</span> <span class='ocrx_word' id='word_1_671' title='bbox 741 3324 777 3354; x_wconf 92' lang='lat' dir='ltr'>et</span> <span class='ocrx_word' id='word_1_672' title='bbox 806 3317 1024 3354; x_wconf 89' lang='lat' dir='ltr'>secundum</span> <span class='ocrx_word' id='word_1_673' title='bbox 1054 3328 1173 3353; x_wconf 93' lang='lat' dir='ltr'>omne</span> <span class='ocrx_word' id='word_1_674' title='bbox 1202 3325 1398 3367; x_wconf 79' lang='lat' dir='ltr'>tempusso</span> <span class='ocrx_word' id='word_1_675' title='bbox 1385 3326 1468 3355; x_wconf 86' lang='lat' dir='ltr'>oest</span> <span class='ocrx_word' id='word_1_676' title='bbox 1502 3318 1574 3355; x_wconf 91' lang='lat' dir='ltr'>nisi</span> <span class='ocrx_word' id='word_1_677' title='bbox 1607 3330 1678 3368; x_wconf 91' lang='lat' dir='ltr'>per</span> <span class='ocrx_word' id='word_1_678' title='bbox 1709 3317 1899 3365; x_wconf 90' lang='lat' dir='ltr'>accidens,</span> <span class='ocrx_word' id='word_1_679' title='bbox 1933 3318 2168 3369; x_wconf 88' lang='lat' dir='ltr'>inquantum</span> <span class='ocrx_word' id='word_1_680' title='bbox 2200 3315 2340 3354; x_wconf 91' lang='lat' dir='ltr'>scilicet</span> <span class='ocrx_word' id='word_1_681' title='bbox 2367 3314 2488 3353; x_wconf 90' lang='lat' dir='ltr'>virtus</span> 
     </span>
    </p>
   </div>
   <div class='ocr_carea' id='block_1_11' title="bbox 286 3367 2490 3688">
    <p class='ocr_par' dir='ltr' id='par_1_12' title="bbox 286 3367 2490 3688">
     <span class='ocr_line' id='line_1_57' title="bbox 286 3367 2487 3422; baseline 0.001 -19"><span class='ocrx_word' id='word_1_682' title='bbox 286 3367 548 3416; x_wconf 86' lang='lat' dir='ltr'>apprehendit.</span> <span class='ocrx_word' id='word_1_683' title='bbox 1413 3371 1567 3409; x_wconf 89' lang='lat' dir='ltr'>animae</span> <span class='ocrx_word' id='word_1_684' title='bbox 1596 3371 1739 3420; x_wconf 88' lang='lat' dir='ltr'>indiget</span> <span class='ocrx_word' id='word_1_685' title='bbox 1763 3383 1910 3421; x_wconf 89' lang='lat' dir='ltr'>organo</span> <span class='ocrx_word' id='word_1_686' title='bbox 1938 3370 2145 3422; x_wconf 87' lang='lat' dir='ltr'>corporali·</span> <span class='ocrx_word' id='word_1_687' title='bbox 2171 3369 2269 3406; x_wconf 88' lang='lat' dir='ltr'>sicut</span> <span class='ocrx_word' id='word_1_688' title='bbox 2287 3368 2394 3406; x_wconf 86' lang='lat' dir='ltr'>visus</span> <span class='ocrx_word' id='word_1_689' title='bbox 2422 3369 2487 3407; x_wconf 92' lang='lat' dir='ltr'>de-</span> 
     </span>
     <span class='ocr_line' id='line_1_58' title="bbox 342 3471 2487 3512; baseline 0.002 -15"><span class='ocrx_word' id='word_1_690' title='bbox 342 3471 358 3497; x_wconf 87' lang='lat'><strong>6</strong></span> <span class='ocrx_word' id='word_1_691' title='bbox 376 3473 489 3498; x_wconf 81' lang='lat' dir='ltr'>hominis</span> <span class='ocrx_word' id='word_1_692' title='bbox 516 3482 557 3499; x_wconf 90' lang='lat' dir='ltr'>om</span> <span class='ocrx_word' id='word_1_693' title='bbox 578 3475 686 3500; x_wconf 72' lang='lat' dir='ltr'>aDwx.</span> <span class='ocrx_word' id='word_1_694' title='bbox 781 3483 812 3500; x_wconf 87' lang='grc' dir='ltr'>ιο</span> <span class='ocrx_word' id='word_1_695' title='bbox 833 3475 889 3510; x_wconf 80' lang='lat' dir='ltr'>hae]</span> <span class='ocrx_word' id='word_1_696' title='bbox 910 3477 974 3502; x_wconf 77' lang='lat' dir='ltr'>haec</span> <span class='ocrx_word' id='word_1_697' title='bbox 993 3476 1047 3502; x_wconf 78' lang='lat' dir='ltr'>GP.</span> <span class='ocrx_word' id='word_1_698' title='bbox 1153 3483 1181 3502; x_wconf 85' lang='grc' dir='ltr'>ιι</span> <span class='ocrx_word' id='word_1_699' title='bbox 1206 3477 1239 3510; x_wconf 83' lang='lat' dir='ltr'>et]</span> <span class='ocrx_word' id='word_1_700' title='bbox 1260 3478 1292 3502; x_wconf 83' lang='lat' dir='ltr'>ad</span> <span class='ocrx_word' id='word_1_701' title='bbox 1317 3478 1403 3509; x_wconf 66' lang='lat' dir='ltr'>«WX,</span> <span class='ocrx_word' id='word_1_702' title='bbox 1423 3484 1449 3503; x_wconf 85' lang='lat' dir='ltr'>et</span> <span class='ocrx_word' id='word_1_703' title='bbox 1468 3479 1500 3504; x_wconf 80' lang='lat' dir='ltr'>ad</span> <span class='ocrx_word' id='word_1_704' title='bbox 1519 3478 1590 3504; x_wconf 77' lang='grc' dir='ltr'>ΒΡ.</span> <span class='ocrx_word' id='word_1_705' title='bbox 1679 3478 1710 3504; x_wconf 81' lang='lat'>23</span> <span class='ocrx_word' id='word_1_706' title='bbox 1731 3477 1873 3512; x_wconf 79' lang='lat' dir='ltr'>corruptio]</span> <span class='ocrx_word' id='word_1_707' title='bbox 1893 3477 2051 3511; x_wconf 80' lang='lat' dir='ltr'>corruptioni</span> <span class='ocrx_word' id='word_1_708' title='bbox 2070 3477 2114 3501; x_wconf 70' lang='lat' dir='ltr'>Pb.</span> <span class='ocrx_word' id='word_1_709' title='bbox 2208 3476 2240 3501; x_wconf 85' lang='lat'>30</span> <span class='ocrx_word' id='word_1_710' title='bbox 2260 3477 2347 3502; x_wconf 80' lang='lat' dir='ltr'>anima</span> <span class='ocrx_word' id='word_1_711' title='bbox 2373 3477 2415 3502; x_wconf 75' lang='lat' dir='ltr'>Ita</span> <span class='ocrx_word' id='word_1_712' title='bbox 2434 3477 2487 3505; x_wconf 67' lang='lat' dir='ltr'>Pa:</span> 
     </span>
     <span class='ocr_line' id='line_1_59' title="bbox 288 3507 2411 3547; baseline 0.002 -15"><span class='ocrx_word' id='word_1_713' title='bbox 288 3507 307 3531; x_wconf 93' lang='lat' dir='ltr'>Z</span> <span class='ocrx_word' id='word_1_714' title='bbox 326 3509 386 3533; x_wconf 74' lang='lat' dir='ltr'>vide</span> <span class='ocrx_word' id='word_1_715' title='bbox 405 3517 461 3533; x_wconf 80' lang='lat' dir='ltr'>var.</span> <span class='ocrx_word' id='word_1_716' title='bbox 481 3517 548 3541; x_wconf 86' lang='lat' dir='ltr'>seq,·</span> <span class='ocrx_word' id='word_1_717' title='bbox 567 3512 683 3542; x_wconf 79' lang='lat' dir='ltr'>operatio</span> <span class='ocrx_word' id='word_1_718' title='bbox 703 3513 804 3536; x_wconf 76' lang='lat' dir='ltr'>animae</span> <span class='ocrx_word' id='word_1_719' title='bbox 823 3512 918 3540; x_wconf 80' lang='lat' dir='ltr'>ceter1’,·</span> <span class='ocrx_word' id='word_1_720' title='bbox 936 3513 971 3546; x_wconf 84' lang='lat' dir='ltr'>cs.</span> <span class='ocrx_word' id='word_1_721' title='bbox 991 3520 1048 3545; x_wconf 80' lang='lat' dir='ltr'>cap.</span> <span class='ocrx_word' id='word_1_722' title='bbox 1063 3511 1097 3546; x_wconf 85' lang='lat'>76</span> <span class='ocrx_word' id='word_1_723' title='bbox 1112 3511 1164 3544; x_wconf 84' lang='lat'>482</span> <span class='ocrx_word' id='word_1_724' title='bbox 1184 3520 1198 3537; x_wconf 86' lang='lat' dir='ltr'>a</span> <span class='ocrx_word' id='word_1_725' title='bbox 1214 3519 1238 3539; x_wconf 79' lang='lat' dir='ltr'>i.</span> <span class='ocrx_word' id='word_1_726' title='bbox 1315 3514 1345 3538; x_wconf 86' lang='lat'>32</span> <span class='ocrx_word' id='word_1_727' title='bbox 1367 3514 1520 3547; x_wconf 75' lang='lat' dir='ltr'>incorporea</span> <span class='ocrx_word' id='word_1_728' title='bbox 1540 3514 1654 3547; x_wconf 67' lang='lat' dir='ltr'>IegImus</span> <span class='ocrx_word' id='word_1_729' title='bbox 1672 3515 1739 3544; x_wconf 72' lang='lat' dir='ltr'>wlf,-</span> <span class='ocrx_word' id='word_1_730' title='bbox 1758 3519 1784 3539; x_wconf 80' lang='lat' dir='ltr'>et</span> <span class='ocrx_word' id='word_1_731' title='bbox 1802 3520 1929 3547; x_wconf 71' lang='lat' dir='ltr'>corporea</span> <span class='ocrx_word' id='word_1_732' title='bbox 1947 3512 2038 3542; x_wconf 67' lang='lat' dir='ltr'>ceteri,</span> <span class='ocrx_word' id='word_1_733' title='bbox 2053 3515 2168 3544; x_wconf 74' lang='lat' dir='ltr'>excepto</span> <span class='ocrx_word' id='word_1_734' title='bbox 2183 3512 2202 3537; x_wconf 91' lang='lat' dir='ltr'>Z</span> <span class='ocrx_word' id='word_1_735' title='bbox 2222 3512 2267 3545; x_wconf 80' lang='lat' dir='ltr'>qui</span> <span class='ocrx_word' id='word_1_736' title='bbox 2286 3512 2367 3546; x_wconf 74' lang='lat' dir='ltr'>legit:</span> <span class='ocrx_word' id='word_1_737' title='bbox 2385 3513 2411 3537; x_wconf 82' lang='lat' dir='ltr'>Si</span> 
     </span>
     <span class='ocr_line' id='line_1_60' title="bbox 289 3542 2489 3591; baseline 0.003 -24"><span class='ocrx_word' id='word_1_738' title='bbox 289 3542 399 3568; x_wconf 77' lang='lat' dir='ltr'>animam</span> <span class='ocrx_word' id='word_1_739' title='bbox 418 3545 618 3577; x_wconf 82' lang='lat' dir='ltr'>relinquendo</span> <span class='ocrx_word' id='word_1_740' title='bbox 605 3554 701 3579; x_wconf 83' lang='lat' dir='ltr'>corpus</span> <span class='ocrx_word' id='word_1_741' title='bbox 721 3546 870 3578; x_wconf 78' lang='lat' dir='ltr'>incorporea</span> <span class='ocrx_word' id='word_1_742' title='bbox 889 3553 938 3578; x_wconf 79' lang='lat' dir='ltr'>est,</span> <span class='ocrx_word' id='word_1_743' title='bbox 958 3547 1103 3573; x_wconf 75' lang='lat' dir='ltr'>substantia</span> <span class='ocrx_word' id='word_1_744' title='bbox 1121 3555 1169 3573; x_wconf 74' lang='lat' dir='ltr'>sua</span> <span class='ocrx_word' id='word_1_745' title='bbox 1182 3551 1232 3574; x_wconf 78' lang='lat' dir='ltr'>etc.</span> <span class='ocrx_word' id='word_1_746' title='bbox 1255 3549 1353 3574; x_wconf 79' lang='lat' dir='ltr'>Uccelh</span> <span class='ocrx_word' id='word_1_747' title='bbox 1365 3550 1538 3591; x_wconf 29' lang='lat' dir='ltr'>,interpungit</span> <span class='ocrx_word' id='word_1_748' title='bbox 1556 3557 1653 3583; x_wconf 72' lang='lat' dir='ltr'>corpu·</span> <span class='ocrx_word' id='word_1_749' title='bbox 1672 3555 1698 3575; x_wconf 83' lang='lat' dir='ltr'>et</span> <span class='ocrx_word' id='word_1_750' title='bbox 1715 3556 1850 3582; x_wconf 74' lang='lat' dir='ltr'>corporea,</span> <span class='ocrx_word' id='word_1_751' title='bbox 1868 3548 2013 3574; x_wconf 66' lang='lat' dir='ltr'>cubat-ntia</span> <span class='ocrx_word' id='word_1_752' title='bbox 2030 3555 2079 3573; x_wconf 69' lang='lat' dir='ltr'>sua</span> <span class='ocrx_word' id='word_1_753' title='bbox 2097 3551 2148 3573; x_wconf 80' lang='lat' dir='ltr'>etc.</span> <span class='ocrx_word' id='word_1_754' title='bbox 2248 3547 2282 3579; x_wconf 83' lang='lat'>34</span> <span class='ocrx_word' id='word_1_755' title='bbox 2299 3547 2423 3582; x_wconf 73' lang='lat' dir='ltr'>homInlnl</span> <span class='ocrx_word' id='word_1_756' title='bbox 2442 3547 2489 3574; x_wconf 77' lang='lat' dir='ltr'>ho-</span> 
     </span>
     <span class='ocr_line' id='line_1_61' title="bbox 289 3577 2490 3639; baseline 0.003 -37"><span class='ocrx_word' id='word_1_757' title='bbox 289 3577 358 3637; x_wconf 55' lang='grc' dir='ltr'>Ξὲίὅτὲο</span> <span class='ocrx_word' id='word_1_758' title='bbox 367 3579 399 3638; x_wconf 48' lang='grc' dir='ltr'>εἴ(</span> <span class='ocrx_word' id='word_1_759' title='bbox 402 3587 468 3639; x_wconf 74' lang='lat' dir='ltr'>‚xom</span> <span class='ocrx_word' id='word_1_760' title='bbox 488 3581 615 3611; x_wconf 75' lang='lat' dir='ltr'>EGNYZ;</span> <span class='ocrx_word' id='word_1_761' title='bbox 637 3582 661 3606; x_wconf 75' lang='grc' dir='ltr'>ι’»ι</span> <span class='ocrx_word' id='word_1_762' title='bbox 682 3582 704 3606; x_wconf 82' lang='lat' dir='ltr'>Y</span> <span class='ocrx_word' id='word_1_763' title='bbox 725 3583 803 3607; x_wconf 70' lang='lat' dir='ltr'>addit</span> <span class='ocrx_word' id='word_1_764' title='bbox 820 3583 946 3615; x_wconf 79' lang='lat' dir='ltr'>scriptor.</span> <span class='ocrx_word' id='word_1_765' title='bbox 1029 3583 1062 3609; x_wconf 87' lang='lat'>38</span> <span class='ocrx_word' id='word_1_766' title='bbox 1081 3588 1166 3609; x_wconf 79' lang='lat' dir='ltr'>autem</span> <span class='ocrx_word' id='word_1_767' title='bbox 1187 3591 1230 3609; x_wconf 89' lang='lat' dir='ltr'>om</span> <span class='ocrx_word' id='word_1_768' title='bbox 1250 3584 1311 3615; x_wconf 73' lang='lat' dir='ltr'>aW,</span> <span class='ocrx_word' id='word_1_769' title='bbox 1330 3585 1399 3610; x_wconf 85' lang='lat' dir='ltr'>enim</span> <span class='ocrx_word' id='word_1_770' title='bbox 1420 3586 1462 3611; x_wconf 83' lang='lat' dir='ltr'>l‘c.</span> <span class='ocrx_word' id='word_1_771' title='bbox 1545 3585 1578 3619; x_wconf 86' lang='lat'>39</span> <span class='ocrx_word' id='word_1_772' title='bbox 1591 3591 1632 3610; x_wconf 82' lang='lat' dir='ltr'>est</span> <span class='ocrx_word' id='word_1_773' title='bbox 1649 3589 1713 3611; x_wconf 79' lang='lat' dir='ltr'>ante</span> <span class='ocrx_word' id='word_1_774' title='bbox 1727 3584 1914 3610; x_wconf 68' lang='lat' dir='ltr'>univers-uum</span> <span class='ocrx_word' id='word_1_775' title='bbox 1926 3584 1970 3615; x_wconf 77' lang='lat' dir='ltr'>Pe,</span> <span class='ocrx_word' id='word_1_776' title='bbox 1981 3586 2044 3616; x_wconf 72' lang='lat' dir='ltr'>pon</span> <span class='ocrx_word' id='word_1_777' title='bbox 2056 3588 2082 3609; x_wconf 86' lang='lat' dir='ltr'>et</span> <span class='ocrx_word' id='word_1_778' title='bbox 2095 3583 2123 3610; x_wconf 85' lang='lat' dir='ltr'>d.</span> <span class='ocrx_word' id='word_1_779' title='bbox 2199 3583 2232 3615; x_wconf 75' lang='lat'>45</span> <span class='ocrx_word' id='word_1_780' title='bbox 2248 3591 2309 3609; x_wconf 73' lang='lat' dir='ltr'>esse</span> <span class='ocrx_word' id='word_1_781' title='bbox 2321 3582 2371 3618; x_wconf 70' lang='lat' dir='ltr'>eat]</span> <span class='ocrx_word' id='word_1_782' title='bbox 2383 3590 2444 3609; x_wconf 69' lang='lat' dir='ltr'>ene</span> <span class='ocrx_word' id='word_1_783' title='bbox 2463 3591 2490 3615; x_wconf 83' lang='grc' dir='ltr'>α,</span> 
     </span>
     <span class='ocr_line' id='line_1_62' title="bbox 346 3647 2487 3688; baseline 0.004 -16"><span class='ocrx_word' id='word_1_784' title='bbox 346 3647 358 3672; x_wconf 88' lang='grc'>5</span> <span class='ocrx_word' id='word_1_785' title='bbox 378 3649 545 3683; x_wconf 77' lang='lat' dir='ltr'>universales]</span> <span class='ocrx_word' id='word_1_786' title='bbox 566 3657 591 3676; x_wconf 82' lang='lat' dir='ltr'>et</span> <span class='ocrx_word' id='word_1_787' title='bbox 610 3652 768 3677; x_wconf 78' lang='lat' dir='ltr'>universales</span> <span class='ocrx_word' id='word_1_788' title='bbox 789 3653 836 3679; x_wconf 81' lang='lat' dir='ltr'>Pd.</span> <span class='ocrx_word' id='word_1_789' title='bbox 926 3653 942 3678; x_wconf 86' lang='lat'>8</span> <span class='ocrx_word' id='word_1_790' title='bbox 962 3662 1041 3687; x_wconf 82' lang='lat' dir='ltr'>supra</span> <span class='ocrx_word' id='word_1_791' title='bbox 1056 3658 1119 3687; x_wconf 82' lang='lat' dir='ltr'>post</span> <span class='ocrx_word' id='word_1_792' title='bbox 1138 3654 1277 3687; x_wconf 82' lang='lat' dir='ltr'>probatum</span> <span class='ocrx_word' id='word_1_793' title='bbox 1298 3660 1338 3680; x_wconf 82' lang='lat' dir='ltr'>est</span> <span class='ocrx_word' id='word_1_794' title='bbox 1357 3656 1465 3686; x_wconf 73' lang='lat' dir='ltr'>aDWX,</span> <span class='ocrx_word' id='word_1_795' title='bbox 1484 3663 1527 3681; x_wconf 86' lang='lat' dir='ltr'>om</span> <span class='ocrx_word' id='word_1_796' title='bbox 1548 3657 1578 3681; x_wconf 83' lang='lat' dir='ltr'>E.</span> <span class='ocrx_word' id='word_1_797' title='bbox 1671 3655 1703 3682; x_wconf 79' lang='lat'>13</span> <span class='ocrx_word' id='word_1_798' title='bbox 1723 3655 1832 3681; x_wconf 87' lang='lat' dir='ltr'>modum</span> <span class='ocrx_word' id='word_1_799' title='bbox 1862 3655 1996 3688; x_wconf 82' lang='lat' dir='ltr'>proprium</span> <span class='ocrx_word' id='word_1_800' title='bbox 2015 3654 2122 3680; x_wconf 74' lang='lat' dir='ltr'>addunt</span> <span class='ocrx_word' id='word_1_801' title='bbox 2141 3654 2190 3680; x_wconf 86' lang='lat' dir='ltr'>Pd.</span> <span class='ocrx_word' id='word_1_802' title='bbox 2283 3661 2315 3687; x_wconf 85' lang='lat'>¹4</span> <span class='ocrx_word' id='word_1_803' title='bbox 2333 3653 2487 3687; x_wconf 74' lang='lat' dir='ltr'>secundum]</span> 
     </span>
    </p>
   </div>
   <div class='ocr_carea' id='block_1_12' title="bbox 290 3683 2166 3723">
    <p class='ocr_par' dir='ltr' id='par_1_13' title="bbox 290 3683 2166 3723">
     <span class='ocr_line' id='line_1_63' title="bbox 290 3683 2166 3723; baseline 0.001 -10"><span class='ocrx_word' id='word_1_804' title='bbox 290 3683 386 3707; x_wconf 63' lang='lat' dir='ltr'>“meet</span> <span class='ocrx_word' id='word_1_805' title='bbox 404 3685 545 3709; x_wconf 76' lang='lat' dir='ltr'>secundum</span> <span class='ocrx_word' id='word_1_806' title='bbox 566 3687 648 3713; x_wconf 69' lang='lat' dir='ltr'>oeWX.</span> <span class='ocrx_word' id='word_1_807' title='bbox 742 3686 774 3712; x_wconf 79' lang='lat'>26</span> <span class='ocrx_word' id='word_1_808' title='bbox 794 3696 823 3713; x_wconf 89' lang='lat' dir='ltr'>ex</span> <span class='ocrx_word' id='word_1_809' title='bbox 843 3689 952 3721; x_wconf 79' lang='lat' dir='ltr'>actione]</span> <span class='ocrx_word' id='word_1_810' title='bbox 973 3691 1072 3715; x_wconf 80' lang='lat' dir='ltr'>actione</span> <span class='ocrx_word' id='word_1_811' title='bbox 1091 3690 1212 3715; x_wconf 68' lang='lat' dir='ltr'>aDWPc.</span> <span class='ocrx_word' id='word_1_812' title='bbox 1305 3698 1337 3723; x_wconf 84' lang='lat'>27</span> <span class='ocrx_word' id='word_1_813' title='bbox 1358 3691 1397 3716; x_wconf 83' lang='lat' dir='ltr'>sui</span> <span class='ocrx_word' id='word_1_814' title='bbox 1417 3699 1459 3717; x_wconf 86' lang='lat' dir='ltr'>om</span> <span class='ocrx_word' id='word_1_815' title='bbox 1479 3691 1602 3717; x_wconf 81' lang='lat' dir='ltr'><strong>EGXYb</strong></span> <span class='ocrx_word' id='word_1_816' title='bbox 1691 3690 1726 3723; x_wconf 85' lang='lat'>46</span> <span class='ocrx_word' id='word_1_817' title='bbox 1746 3690 1830 3716; x_wconf 78' lang='lat' dir='ltr'>anima</span> <span class='ocrx_word' id='word_1_818' title='bbox 1859 3689 1974 3715; x_wconf 75' lang='lat' dir='ltr'>humanu</span> <span class='ocrx_word' id='word_1_819' title='bbox 1992 3690 2102 3715; x_wconf 79' lang='lat' dir='ltr'>addunt</span> <span class='ocrx_word' id='word_1_820' title='bbox 2118 3690 2166 3716; x_wconf 81' lang='lat' dir='ltr'>Pd.</span> 
     </span>
    </p>
   </div>
   <div class='ocr_carea' id='block_1_13' title="bbox 2521 1078 2666 1107">
    <p class='ocr_par' dir='ltr' id='par_1_14' title="bbox 2521 1078 2666 1107">
     <span class='ocr_line' id='line_1_64' title="bbox 2521 1078 2666 1107; baseline 0 -6"><span class='ocrx_word' id='word_1_821' title='bbox 2521 1080 2530 1089; x_wconf 87' lang='grc'><em>·</em></span> <span class='ocrx_word' id='word_1_822' title='bbox 2545 1078 2602 1107; x_wconf 72' lang='lat' dir='ltr'>Ctp.</span> <span class='ocrx_word' id='word_1_823' title='bbox 2617 1085 2666 1101; x_wconf 75' lang='grc' dir='ltr'>ιιι.</span> 
     </span>
    </p>
   </div>
   <div class='ocr_carea' id='block_1_14' title="bbox 2518 1722 2734 1778">
    <p class='ocr_par' dir='ltr' id='par_1_15' title="bbox 2518 1722 2734 1774">
     <span class='ocr_line' id='line_1_65' title="bbox 2544 1722 2734 1751; baseline 0 -5"><span class='ocrx_word' id='word_1_824' title='bbox 2544 1722 2734 1751; x_wconf 56' lang='lat' dir='ltr'>Inde-(nina,</span> 
     </span>
     <span class='ocr_line' id='line_1_66' title="bbox 2518 1739 2734 1778; baseline 0.014 -7"><span class='ocrx_word' id='word_1_825' title='bbox 2518 1756 2576 1778; x_wconf 76' lang='lat' dir='ltr'>v,;=</span> <span class='ocrx_word' id='word_1_826' title='bbox 2587 1739 2734 1774; x_wconf 76' lang='grc' dir='ltr'><strong>ι...ΤΙιΙιο.</strong></span> 
     </span>
    </p>
   </div>
   <div class='ocr_carea' id='block_1_15' title="bbox 2543 1781 2693 1810">
    <p class='ocr_par' dir='ltr' id='par_1_16' title="bbox 2543 1781 2693 1810">
     <span class='ocr_line' id='line_1_67' title="bbox 2543 1781 2693 1810; baseline -0.007 -6"><span class='ocrx_word' id='word_1_827' title='bbox 2543 1781 2602 1810; x_wconf 73' lang='lat' dir='ltr'>Cap.</span> <span class='ocrx_word' id='word_1_828' title='bbox 2613 1786 2693 1804; x_wconf 73' lang='grc' dir='ltr'><strong>ιιινι.</strong></span> 
     </span>
    </p>
   </div>
   <div class='ocr_carea' id='block_1_16' title="bbox 2518 2953 2711 2982">
    <p class='ocr_par' dir='ltr' id='par_1_17' title="bbox 2518 2953 2711 2982">
     <span class='ocr_line' id='line_1_68' title="bbox 2518 2953 2711 2982; baseline -0.026 -3"><span class='ocrx_word' id='word_1_829' title='bbox 2518 2955 2528 2964; x_wconf 91' lang='grc'><em>“</em></span> <span class='ocrx_word' id='word_1_830' title='bbox 2542 2953 2711 2982; x_wconf 54' lang='lat' dir='ltr'>namnum.</span> 
     </span>
    </p>
   </div>
  </div>
 </body>
</html>
