2716 4302
0 273 28 288 21·
46 273 87 287 ill·

0 2428 78 2448 rbi.

7 2897 58 2917 vid.
76 2896 103 2917 nd
124 2897 166 2917 ioc.

229 129 303 178 44*

230 216 276 239 est
294 208 383 249 quod
399 209 488 238 Deus
505 213 589 238 creat
605 216 664 242 res,
682 205 757 245 quia
770 205 848 234 nihil
865 209 971 244 potest
989 211 1057 232 esse
1076 205 1110 230 ab
1128 211 1159 229 eo
1179 205 1304 240 praeter

228 262 336 300 ipsum
354 261 392 289 ab
408 268 448 289 eo
470 268 536 288 non
563 263 739 288 causatum.
766 256 839 285 Hoc
864 260 972 285 autem
988 276 994 283 .
1010 276 1016 282 .
1032 275 1040 282 .
1053 252 1184 292 propria
1201 252 1217 267 ³*
1234 250 1303 280 eius

229 311 323 340 actio.
355 311 373 348 ξ
390 308 516 339 Adhuc.
545 306 688 337 Effectus
715 306 780 335 suis
808 305 912 334 causis
939 300 1226 343 proportionaliter
1254 309 1303 330 re-

228 360 399 401 spondent,
424 364 459 389 ut
483 358 603 388 scilicet
627 356 760 386 effectus
785 356 816 385 in
841 361 915 385 actu
931 358 983 390 (in)
1002 363 1098 383 causas
1122 351 1225 382 causis
1250 360 1302 381 ac-

227 411 366 441 tualibus
391 409 600 439 attribuamus
618 430 624 437 .
641 431 646 436 .
663 430 669 436 .
689 412 723 436 ut
740 406 835 436 docet
859 404 1075 445 philosophus
1098 403 1130 433 in
1156 401 1301 432 secundo

227 463 307 502 phis.
327 461 403 491 Esse
425 466 532 490 autem
551 483 557 488 .
574 482 602 488 ..
622 465 656 488 ut
673 458 841 487 hominem
867 457 917 486 vel
942 456 1063 486 album.
1089 455 1167 485 Esse
1191 459 1301 483 autem

227 511 414 551 simpliciter
438 514 502 547 (non
529 514 588 545 nisi)
613 518 671 548 per
699 508 897 538 creationem
922 514 1071 537 causatur
1099 507 1197 545 (quae
1221 503 1301 534 nihil

226 559 474 603 praesupponit)
499 561 573 601 quia
598 570 664 590 non
690 566 797 599 potest
828 558 950 598 aliquid
973 557 1187 598 praeexistere
1211 554 1302 596 quod

226 614 264 643 sit
288 620 374 643 extra
399 622 455 642 ens
479 611 675 652 simpliciter.
711 611 770 640 Per
794 610 870 640 alias
899 613 1014 638 actiones
1048 607 1232 649 (factiones)
1249 630 1255 636 .
1272 629 1300 636 .-

224 664 354 704 propria
371 662 430 692 Dei
448 663 542 692 actio.
568 662 585 702 ς’
602 661 768 700 Quicquid
786 667 831 690 est
857 666 1023 690 causatum
1041 683 1046 688 .
1063 682 1069 688 .
1086 683 1092 688 .
1107 660 1302 688 instrumen-

225 715 304 744 talis.
331 714 439 744 Sortes
463 715 561 750 enim,
588 713 664 753 quia
688 716 846 749 inquantum
873 713 969 742 habet
993 721 1069 741 suae
1094 710 1302 740 humanitatis

225 775 365 802 causam,
379 775 446 796 non
463 770 571 805 potest
584 774 653 795 esse
666 764 768 805 prima
782 763 989 794 humanitatis
1003 771 1098 793 causa
1111 784 1117 791 .
1131 784 1138 791 .
1151 770 1230 801 ..per
1242 761 1302 790 hu-

224 818 421 847 manitatem.
437 817 476 846 Et
494 816 567 847 ideo
639 816 739 846 totius
752 816 881 856 speciei.
897 815 937 845 Et
949 814 1024 845 inde
1038 820 1084 844 est
1097 813 1187 853 quod
1203 822 1298 853 opor>

224 875 269 898 tet
287 878 401 898 omnes
418 877 529 898 causas
554 867 720 898 inferiores
745 862 875 906 agaees
899 866 1008 896 reduci
1026 866 1059 895 in
1077 874 1188 895 causas
1205 873 1301 904 supe-

224 921 323 949 riores
348 919 430 950 sicut
453 919 713 950 instrumentales
732 926 758 947 et
779 917 839 958 (in)
857 918 1032 958 primarias.
1052 916 1167 946 Omnis
1192 921 1301 946 autem

223 971 283 1000 alia
300 971 474 1006 substantia
492 977 616 1010 praeter
633 970 739 1000 Deum
759 978 798 998 est
813 976 926 998 causata
940 973 1099 1005 inquantum
1113 968 1209 998 habet
1233 976 1303 998 esse

223 1028 389 1052 causatum
407 1023 445 1052 ab
459 1022 522 1052 alio
537 1028 585 1061 (ut
602 1031 697 1061 supra
714 1022 888 1061 probatum
901 1019 973 1061 est.)
991 1019 1193 1060 Impossibile
1208 1025 1264 1049 est.
1276 1041 1301 1048 ..

223 1073 361 1103 alterius.
388 1073 640 1103 instrumentum
666 1079 774 1102 autern
799 1081 969 1112 nunquam
993 1071 1162 1102 adhibetur
1177 1071 1238 1101 nisi
1252 1070 1303 1100 aad

223 1125 422 1155 causandum
451 1124 571 1164 aliquid
602 1134 658 1164 per
678 1125 770 1154 ⁴viam
803 1130 913 1154 motus
943 1124 1004 1164 (est
1029 1123 1117 1153 enim
1147 1123 1228 1153 ratio
1253 1122 1302 1152 in-

223 1177 390 1205 strumenti
417 1176 506 1216 quod
531 1177 570 1205 sit
599 1185 735 1205 movens
767 1181 906 1205 motum.
938 1175 1070 1205 Creatio
1099 1180 1209 1205 autem
1234 1183 1301 1204 non

222 1234 269 1258 est
293 1234 412 1264 motus,
431 1234 465 1257 ut
482 1234 649 1258 ostensum
674 1234 730 1257 est.
756 1227 853 1258 Nulla
870 1228 966 1267 igitur
981 1250 1006 1257 ..
1018 1251 1025 1258 .
1039 1236 1157 1257 creare.
1174 1228 1192 1265 g
1210 1226 1301 1256 Item.

222 1279 489 1320 instrumentum)
514 1279 683 1310 adhibetur
702 1284 771 1308 enim
793 1285 924 1320 propter
948 1279 1210 1309 convenientiam
1232 1278 1302 1308 eius

222 1340 297 1360 cum
317 1337 459 1366 causato,
486 1337 519 1361 ut
536 1332 574 1361 sit
598 1331 743 1361 medium
761 1331 844 1361 inter
860 1339 990 1360 causam
1006 1330 1145 1370 primam
1170 1336 1201 1360 et
1226 1339 1301 1360 cau-

221 1389 326 1412 satum
344 1388 374 1412 et
391 1383 524 1422 attingat
542 1379 727 1423 utrumque,
745 1389 775 1413 et
792 1383 837 1413 sic
857 1381 1025 1413 influentia
1045 1383 1140 1422 primi
1158 1383 1300 1423 (per)ve-

221 1434 288 1464 niat
304 1434 342 1464 ad
360 1441 526 1464 causatum
551 1444 608 1475 per
632 1435 895 1465 instrumentum.
922 1439 953 1463 Et
973 1438 1009 1463 sie
1031 1434 1152 1475 (Unde)
1171 1439 1301 1474 oportet

223 1485 311 1526 quod
325 1486 363 1516 sit
376 1486 497 1526 aliquid
515 1487 674 1527 recipiens
690 1487 783 1526 primi
802 1485 1005 1517 influentiam
1025 1490 1057 1514 ab
1078 1486 1139 1527 (in)
1157 1495 1198 1516 eo
1211 1485 1302 1526 quod

222 1547 278 1578 per
303 1538 552 1567 instrumentum
579 1545 737 1574 causatur,
765 1550 825 1567 nam
848 1543 885 1567 ad
911 1543 960 1567 hoc
986 1542 1011 1567 id
1036 1543 1108 1575 quod
1134 1549 1181 1575 per
1206 1542 1302 1566 instru-

223 1599 339 1618 mentum
354 1599 474 1618 causatur
489 1600 528 1618 est
541 1593 643 1619 atiinius
659 1595 745 1627 primo
758 1602 837 1628 quam
854 1595 1030 1620 instrumento
1040 1595 1104 1626 (non
1114 1594 1185 1620 enim
1195 1594 1303 1620 effectus

222 1645 350 1670 similatur
360 1646 541 1677 instrumento,
553 1648 599 1671 sed
611 1647 743 1680 principali
755 1646 861 1680 agenti.)
871 1647 929 1672 Hoc
943 1653 1031 1672 autem
1045 1655 1098 1672 non
1108 1652 1149 1672 est
1161 1647 1218 1672 sine
1228 1652 1302 1672 motu

223 1698 294 1730 quod
315 1698 338 1721 in
359 1698 446 1730 aliquo
466 1699 645 1730 praeexistenti
666 1699 762 1731 aliquid
783 1699 928 1732 recipiatur.
948 1695 1047 1734 Quod
1066 1701 1113 1726 est
1129 1700 1241 1726 contra
1254 1704 1302 1725 ra-

224 1746 348 1776 tionem
374 1747 555 1783 creationis,
582 1757 655 1777 nam
682 1759 729 1776 nec
749 1752 845 1776 creatio
870 1757 959 1776 motus
978 1757 1027 1781 est,
1047 1757 1076 1775 ut
1095 1751 1234 1784 probatum
1254 1755 1303 1780 est.

224 1810 310 1834 neque
330 1803 426 1834 aliquid
452 1797 557 1838 (nihil)
587 1799 831 1839 praesupponit.
858 1799 1065 1839 Relinquitur
1092 1799 1188 1838 igitur
1213 1797 1303 1838 quod

223 1850 301 1880 nihil
319 1850 404 1880 aliud
431 1857 554 1889 praeter
579 1850 685 1880 Deum
710 1841 816 1890 potest
841 1860 958 1886 creare,
976 1859 1083 1889 neque
1107 1850 1190 1879 sicut
1215 1849 1302 1889 prin-

223 1901 326 1940 cipale
344 1911 440 1940 agens
458 1911 564 1940 neque
582 1902 664 1930 sicut
681 1902 944 1931 instrumentum.
963 1900 980 1941 g
997 1901 1174 1931 Praeterea.
1194 1900 1302 1930 Omne

222 1961 319 1991 agens
343 1952 586 1981 instrumentale
603 1952 774 1991 exequitur
790 1952 952 1981 actionem
971 1950 1156 1991 principalis
1179 1950 1303 1990 agentis
1320 1966 1327 1979 ι

222 2012 278 2042 per
294 2002 435 2041 aliquam
456 2013 488 2037 op
510 2003 671 2032 actionem
690 2003 855 2042 propriam
871 2026 877 2032 .
894 2025 918 2032 ..
932 2002 970 2033 ad
989 2002 1165 2032 factionem
1181 2005 1303 2038 scampni

221 2055 342 2084 scamni
368 2054 519 2083 secando.
546 2054 576 2083 Si
596 2054 691 2093 igitur
708 2054 815 2094 aliqua
833 2061 976 2084 creatura
993 2054 1032 2083 sit
1049 2062 1133 2093 quae
1150 2057 1304 2093 operatur

221 2106 260 2135 ad
286 2107 481 2136 creationem
499 2107 581 2135 sicut
603 2107 855 2136 instrumentum
881 2106 974 2146 primi
1001 2106 1147 2142 creantis,
1173 2111 1303 2146 oportet

221 2158 310 2197 quod
336 2158 398 2187 boc
423 2168 565 2194 exequatur
586 2158 766 2199 (operetur)
793 2167 849 2197 per
873 2157 1015 2198 aliquam
1032 2157 1196 2187 actionem
1214 2156 1303 2188 debi-

220 2216 284 2239 tam
311 2215 342 2239 et
366 2210 529 2250 propriam
547 2219 624 2240 suae
641 2215 782 2239 naturae.
802 2208 944 2239 Effectus
969 2214 1077 2239 autem
1102 2208 1304 2249 respondens

221 2274 253 2298 op
274 2262 393 2292 actioni
420 2262 568 2302 propriae
594 2262 798 2292 iitmumenti
824 2267 871 2291 est
896 2262 984 2301 prior
1007 2261 1039 2291 in
1058 2261 1108 2291 via
1123 2262 1304 2301 generatio-

220 2314 269 2343 nis
287 2323 384 2353 quam
403 2312 535 2343 effectus
551 2313 780 2354 (respondens)
795 2313 965 2353 principali
983 2313 1101 2352 agenti.
1120 2313 1167 2344 Ex
1181 2322 1302 2353 quo...

221 2366 386 2405 generatio
403 2365 515 2394 carnis.
535 2364 707 2404 Oportebit
733 2365 828 2404 igitur
842 2388 848 2394 .
864 2387 871 2394 .
886 2387 893 2394 .
908 2364 1110 2404 respondens
1128 2375 1163 2401 op
1183 2365 1304 2395 actioni

223 2417 316 2456 primi
335 2417 481 2446 creantis.
500 2416 573 2446 Hoc
591 2423 699 2446 autem
721 2422 767 2446 est
783 2416 985 2456 impossibile
1003 2439 1009 2446 .
1026 2439 1032 2446 .
1049 2439 1055 2446 .
1071 2417 1086 2433 ⁴'
1104 2422 1139 2447 ut
1156 2417 1303 2457 philoso-

223 2469 307 2508 phus
331 2467 406 2498 dicit
430 2469 463 2498 in
483 2479 524 2496 xvi
535 2473 567 2496 de
582 2471 738 2496 animalibus
763 2468 858 2507 (libro
884 2467 923 2498 de
947 2469 1156 2508 generatione
1181 2469 1304 2499 anima-

223 2519 329 2559 lium.)
359 2519 560 2559 lmpossibile
588 2525 633 2550 est
665 2528 741 2559 ergo
771 2519 861 2560 quod
886 2519 993 2559 aliqua
1018 2526 1162 2550 creatura
1188 2520 1303 2561 (creet)

223 2582 330 2612 neque
355 2572 437 2602 sicut
466 2572 643 2612 principale
669 2581 766 2611 agens
795 2581 903 2612 neque
929 2577 999 2602 sicut
1018 2572 1305 2604 instrumentaliter

222 2635 300 2654 creet.
320 2625 337 2665 ᾗ
355 2624 443 2654 item.
461 2623 562 2662 Quod
580 2629 626 2654 est
646 2624 827 2654 secundum
841 2624 983 2664 aliquam
996 2630 1143 2655 naturam
1156 2647 1163 2654 .
1178 2647 1185 2654 .
1201 2647 1207 2655 .
1226 2624 1304 2655 alte-

223 2677 288 2707 rius
304 2686 360 2717 per
377 2676 584 2706 creationem.
603 2676 621 2713 §
637 2675 798 2716 Amplius.
826 2675 911 2706 Cum
929 2685 1029 2707 omne
1046 2685 1145 2716 agens
1158 2699 1165 2706 .
1179 2699 1185 2706 .
1197 2698 1205 2706 .
1219 2675 1303 2707 cale-

223 2727 307 2758 facit.
335 2726 584 2766 Cuiuscumque
610 2727 707 2766 igitur
731 2733 820 2757 actus
836 2726 1070 2758 determinatur
1089 2727 1127 2758 ad
1153 2737 1257 2767 genus
1273 2733 1304 2758 et

223 2780 364 2819 speciem
384 2785 413 2808 et
438 2778 587 2808 accidens
610 2782 648 2806 ad
669 2777 751 2819 (eius
776 2779 941 2819 virtutem)
959 2785 1090 2819 oportet
1107 2789 1176 2810 esse
1201 2779 1304 2810 deter-

223 2832 376 2861 minatam
403 2830 441 2860 ad
466 2834 588 2858 ellectum
602 2834 715 2858 similem
728 2835 832 2866 generis
845 2840 870 2858 et
890 2834 987 2867 speciei
1012 2829 1160 2871 (effectus
1184 2830 1304 2861 similes

224 2883 329 2922 agenti
343 2883 537 2922 inquantum
552 2881 754 2918 huiusmodi)
776 2893 805 2909 ex
826 2891 865 2912 eo
878 2883 894 2897 '⁹
908 2881 998 2923 quod
1016 2891 1116 2913 omne
1129 2891 1228 2922 agens
1240 2882 1305 2922 agit

224 2935 282 2965 sibi
301 2933 404 2964 simile
418 2945 430 2960 s
443 2933 530 2964 Nihil
548 2939 655 2963 autem
674 2933 762 2973 quod
783 2942 822 2962 cst
843 2935 938 2965 habet
963 2944 1031 2966 esse
1053 2934 1304 2966 determinatum

225 2991 330 3025 potest
347 2995 414 3015 esse
435 2984 538 3014 simile
559 2984 647 3014 alteri
669 2984 813 3015 eiusdem
831 2986 957 3024 generis
975 2986 1023 3016 vel
1041 2985 1162 3026 speciei
1178 2985 1239 3016 nisi
1256 2995 1305 3016 se-

225 3037 370 3067 cundum
383 3037 540 3066 rationem
557 3036 684 3076 generis
701 3036 749 3066 vel
764 3038 899 3077 speciei:
927 3046 1001 3067 nam
1017 3036 1199 3071 'secundum
1214 3035 1306 3077 quod

227 3087 300 3127 (est)
326 3088 387 3118 boc
414 3086 562 3128 (aliquid)
590 3087 854 3128 unumquodque
879 3095 925 3119 est
949 3089 988 3118 ab
1013 3089 1078 3119 alio
1103 3088 1303 3120 distinctum.

226 3138 312 3168 Nihil
337 3139 483 3178 igitur...
500 3137 737 3168 individualiter
762 3140 914 3171 subsistit.
939 3140 1014 3171 Non
1033 3149 1110 3180 ergo
1128 3146 1224 3177 creat,
1249 3139 1305 3171 sed

227 3188 333 3218 solum
350 3189 412 3218 hoc
430 3194 475 3218 est
493 3189 615 3228 agentis
635 3189 728 3219 cuius
745 3199 814 3220 esse
827 3196 873 3221 est
887 3189 1062 3230 infinitum,
1074 3195 1119 3220 cui
1132 3195 1201 3221 inest
1213 3189 1305 3232 quod

227 3247 273 3270 est
301 3241 407 3270 omnis
439 3241 520 3270 entis
549 3241 829 3280 comprehendens
856 3242 1113 3280 similitudinem,
1141 3248 1176 3274 ut
1207 3252 1305 3283 supra

228 3298 392 3322 ostensum
412 3298 468 3322 est.
494 3297 510 3330 g
526 3297 582 3321 Hoc
602 3297 679 3322 etiam
694 3304 800 3330 apparet
814 3299 834 3323 si
848 3299 967 3324 ordinem
982 3300 1082 3325 entium
1096 3301 1306 3325 consideremus.

229 3348 294 3372 Nam
314 3353 416 3380 oportet
437 3349 507 3381 quod
527 3356 621 3374 causae
640 3349 739 3381 primae
754 3351 911 3383 respondeat
929 3358 978 3384 pro
992 3352 1087 3377 effectu
1101 3358 1236 3377 causatum
1253 3351 1304 3384 pri-

228 3406 312 3423 mum.
326 3399 442 3424 Primum
457 3406 543 3425 autem
558 3408 691 3427 causatum
704 3409 742 3427 est
754 3411 822 3428 esse.
834 3403 865 3428 Et
874 3411 933 3428 cum
945 3411 1042 3437 genera
1052 3403 1144 3429 decem
1158 3403 1304 3429 secundum

229 3447 345 3472 diversos
359 3449 454 3473 modos
469 3450 572 3474 essendi
587 3451 630 3483 qui
647 3451 760 3476 diversis
774 3458 926 3484 competunt
941 3452 1049 3478 diversis
1061 3453 1160 3478 naturis
1173 3458 1199 3478 et
1213 3453 1306 3479 formis

230 3496 390 3521 diversorum
406 3505 530 3530 generum
547 3499 746 3531 distinguantur,
757 3502 903 3534 completus
914 3502 1010 3526 modus
1026 3503 1140 3532 essendi.
1151 3502 1196 3536 qui
1209 3508 1249 3528 est
1259 3509 1306 3536 pet¹

231 3555 259 3571 se
273 3548 424 3579 subsistere,
438 3550 485 3574 soli
500 3551 658 3576 substantiae
673 3551 789 3582 debetur,
803 3560 871 3585 quae
885 3558 925 3577 est
938 3554 1051 3586 primum
1068 3561 1114 3579 ens
1130 3555 1196 3579 entis
1212 3562 1306 3585 genus.

232 3598 309 3622 Primi
330 3599 404 3630 igitur
418 3602 516 3631 agentis
530 3602 577 3626 erit
597 3602 737 3635 unicuique
750 3604 800 3628 enti
815 3604 940 3636 praebere
960 3605 984 3629 id
1004 3606 1074 3630 unde
1093 3605 1226 3631 subsistit:
1242 3606 1304 3631 alio-

231 3657 289 3674 rum
310 3657 371 3674 vero
391 3651 521 3683 agentium
542 3653 602 3677 dare
616 3660 644 3677 ea
665 3654 760 3686 quibus
781 3654 928 3679 subsistens
949 3655 1084 3682 formatur.
1104 3657 1140 3682 Ex
1161 3664 1214 3690 quo
1227 3656 1304 3683 etiem

233 3706 301 3734 patet
315 3703 385 3734 quod
406 3704 493 3728 solum
513 3705 625 3736 primum
645 3712 726 3737 agens
746 3711 785 3730 est
805 3714 904 3731 creans.
921 3705 938 3742 ἓ
955 3702 1083 3735 Adhuc.
1101 3703 1187 3735 Cum
1205 3714 1305 3735 omne

233 3749 322 3789 quod
339 3748 374 3779 fit
399 3752 552 3787 inquantum
572 3754 719 3781 huiusmodi
740 3765 791 3790 non
812 3758 844 3783 sit
864 3753 917 3793 (ad
935 3755 996 3785 hoc
1014 3754 1119 3793 fiutlut
1135 3755 1189 3795 sit)
1207 3765 1305 3796 opor·
1322 3771 1332 3791 7

232 3806 286 3834 tet,
312 3800 335 3830 si
361 3800 482 3840 aliquid
507 3800 572 3831 fieri
602 3801 724 3833 dicatur
748 3804 836 3844 quod
866 3806 953 3845 prius
984 3805 1090 3843 fuerit,
1119 3806 1210 3847 quod
1242 3807 1305 3837 hoc

234 3860 299 3880 non
325 3850 379 3881 fiat
404 3860 460 3891 per
484 3860 516 3881 se
541 3852 595 3882 sed
620 3861 677 3892 per
701 3854 860 3892 accidens,
880 3865 936 3895 per
960 3866 992 3886 se
1010 3866 1086 3887 vero
1111 3857 1190 3888 illud
1215 3857 1306 3898 quod

235 3902 322 3941 prius
347 3911 413 3932 non
440 3902 514 3933 suit:
542 3909 586 3939 ut,
611 3903 635 3932 si
662 3913 698 3934 ex
724 3905 797 3934 albo
823 3905 876 3936 fiat
901 3908 1040 3947 nigrum,
1057 3907 1093 3939 fit
1116 3908 1249 3948 quidem
1275 3915 1305 3939 et

234 3953 361 3990 nigrum
388 3960 417 3983 et
443 3954 634 3991 coloratum,
659 3954 713 3985 sed
738 3956 865 3995 nigrum
890 3966 946 3997 per
966 3967 999 3988 se
1016 3960 1092 3999 quia
1117 3958 1151 3989 fit
1176 3968 1213 3990 ex
1238 3969 1306 3990 non

1320 678 1345 691 to

1320 933 1342 951 ¹5

1318 1192 1345 1206 20

1318 1451 1340 1471 ²5

1320 1711 1346 1731 30

1319 2225 1346 2244 40

1319 2480 1343 2500 4ἷ

1320 2737 1345 2757 ςο

1322 2997 1345 3017 55

1321 3250 1348 3270 ⁶⁰

1197 118 1464 157 APPENDIX

1360 204 1436 235 erat,
1461 202 1508 227 sed
1527 209 1581 226 non
1600 201 1659 226 tale.
1679 197 1731 228 Sic
1751 197 1849 237 igitur
1867 219 1873 227 .
1889 220 1896 227 .
1912 219 1919 227 .
1936 196 2134 237 inquantum
2151 197 2352 229 huiusmodi.
2369 197 2441 229 Alia

1360 259 1436 279 vero
1454 254 1528 279 sunt
1545 257 1641 285 causa
1657 246 1784 278 essendi
1807 256 1866 288 per
1889 246 2050 285 accidens,
2075 254 2108 279 et
2125 251 2176 277 boe
2195 247 2320 291 (huius)
2339 250 2356 266 ⁸*
2372 258 2443 279 esse

1360 309 1417 340 per
1441 309 1485 330 se.
1511 299 1597 330 Cum
1622 299 1720 339 igitur
1744 297 1926 339 producere
1944 302 2001 335 aliq
2021 308 2079 329 ens
2102 308 2172 330 non
2195 309 2234 332 ex
2251 305 2326 331 ente
2349 309 2442 341 prae-

1361 351 1516 381 existente
1542 351 1581 381 sit
1609 359 1727 386 creare,
1761 355 1892 390 oportet
1921 349 2012 390 quod
2036 350 2138 381 solius
2161 350 2223 382 Dei
2253 351 2294 382 sit
2322 361 2440 382 creare.

1361 407 1418 431 Non
1438 412 1526 431 autem
1546 405 1631 430 differt
1651 406 1682 430 ad
1702 406 1866 438 propositam
1881 406 2010 430 rationem
2030 406 2045 420 ⁸
2059 407 2129 439 quite
2141 406 2322 439 producuntur
2335 414 2442 440 semper

1361 457 1455 482 suerint
1474 457 1515 490 (ut
1534 457 1640 490 quidam
1661 455 1761 491 dicunt)
1780 457 1821 482 vel
1842 464 1904 488 non,
1930 457 1992 489 quia
2011 462 2123 490 utroque
2143 457 2224 482 modo
2243 462 2348 491 oportet
2369 458 2442 491 quod

1360 508 1423 532 illud
1443 508 1514 540 quod
1535 515 1587 532 non
1607 514 1637 532 ex
1657 507 1847 540 praeexistente
1866 507 2018 540 producitur
2037 512 2161 533 causetur
2179 515 2227 540 per
2245 515 2276 533 se
2294 508 2442 537 secundum

1359 559 1431 592 quod
1450 564 1491 583 est
1510 566 1566 583 ens.
1587 558 1602 591 ἕ
1619 559 1764 584 Praeterea.
1784 558 1929 584 cuiuslibet
1941 558 2041 592 agentis
2055 559 2219 585 determinati
2237 559 2384 584 secundum
2397 566 2442 584 na-

1359 617 1444 635 turam
1466 611 1480 625 *
1496 611 1606 635 alicuius
1619 610 1723 643 generis
1736 615 1762 635 et
1775 610 1871 644 speciei
1885 616 1926 635 est
1939 610 2023 636 virt-us
2037 611 2070 636 ad
2088 610 2291 636 determinatum
2310 610 2443 641 effectum,

1359 663 1571 695 unumquodque
1589 662 1661 687 enim
1680 663 1759 695 quale
1777 667 1819 687 est
1840 662 1906 690 ulia,
1919 662 1982 695 agit.
2006 662 2120 696 Oportet
2143 662 2220 696 igitur
2244 662 2444 696 proportionem

1359 722 1419 739 esse
1439 715 1554 747 aliquam
1575 714 1675 746 agentis
1698 713 1849 739 huiusmodi
1875 714 1907 739 ad
1933 721 2012 739 suum
2038 714 2169 746 effectum,
2194 714 2269 740 aliter
2293 714 2363 740 enim
2389 722 2443 740 non

1360 766 1443 798 magis
1463 766 1531 790 hunc
1551 773 1632 798 quam
1652 766 1731 790 alium
1752 765 1874 791 effectum
1894 765 1998 791 faceret.
2019 766 2091 792 Sicut
2116 771 2205 792 autem
2225 774 2307 800 agens
2331 763 2457 792 refertur‘

1359 818 1391 842 ad
1411 816 1508 842 factum
1528 817 1683 849 inquantum
1698 822 1757 841 actu
1777 822 1826 847 est,
1841 817 1876 842 ita
1895 816 2002 842 effectus
2015 817 2130 842 refertur
2142 818 2174 843 ad
2193 825 2301 843 causam
2320 823 2442 852 agentem

1359 870 1514 902 inquantum
1534 868 1650 900 potentia
1669 873 1718 897 est.
1731 867 1855 901 opposita
1873 868 1943 893 enim
1963 868 2090 894 habitudo
2103 869 2206 902 agentis
2225 874 2251 895 et
2269 868 2378 895 effeetus
2392 874 2442 895 est.

1360 921 1478 946 Potentia
1497 920 1575 952 igitur
1597 919 1705 945 effectus
1727 920 1950 953 praesupponitur
1974 921 2006 946 ad
2030 921 2215 947 causationem
2241 921 2442 955 productionem

1359 974 1477 1004 effectus,
1497 973 1563 998 sicut
1583 979 1607 997 et
1623 973 1759 1006 proportio
1778 980 1846 1006 quae
1865 978 1906 998 est
1924 973 1991 998 inter
2010 980 2117 998 causam
2135 979 2257 1007 agentem
2270 979 2297 999 et
2311 974 2442 1000 effectum.

1359 1026 1466 1051 Nullum
1487 1026 1564 1058 igitur
1584 1033 1666 1057 agens
1686 1026 1757 1058 quod
1777 1030 1817 1050 est
1836 1025 1861 1050 in
1881 1026 2054 1051 determinato
2067 1033 2164 1059 genere
2183 1026 2224 1051 vel
2245 1026 2334 1059 specie
2353 1031 2443 1052 causat

1359 1076 1408 1101 nisi
1428 1077 1579 1102 reducendo
1599 1077 1631 1101 de
1651 1077 1767 1110 potentia
1786 1076 1812 1101 in
1837 1081 1934 1107 actum,
1959 1077 2032 1110 quod
2056 1082 2098 1102 est
2122 1084 2240 1108 movere,
2266 1084 2319 1102 non
2345 1084 2443 1103 creare.

1358 1129 1438 1154 Solus
1457 1134 1544 1154 autem
1561 1128 1633 1153 Deus
1655 1129 1718 1161 <per
1730 1129 1780 1153 hoc
1796 1129 1868 1162 quod
1883 1134 1925 1154 est
1938 1129 2026 1162 ipsum
2042 1136 2121 1154 suum
2136 1129 2214 1162 esse>
2234 1127 2291 1163 (qui
2307 1134 2348 1155 est
2362 1137 2443 1156 suum

1359 1178 1431 1213 esse)
1451 1187 1502 1204 non
1523 1179 1711 1204 determinatur
1729 1179 1761 1204 ad
1787 1179 1895 1212 aliquod
1918 1186 2014 1212 genus.
2038 1178 2106 1204 Nihil
2132 1178 2209 1213 igitur
2227 1185 2332 1214 praeter
2353 1179 2442 1214 ipsum

1358 1236 1445 1263 potest
1470 1238 1567 1257 creare.
1596 1231 1644 1255 sed
1669 1238 1764 1256 omnes
1790 1231 1855 1256 atine
1879 1238 1974 1256 causae
1999 1229 2137 1264 (agentes)
2163 1236 2273 1257 causant
2301 1232 2444 1259 movendo.

1358 1279 1479 1317 §Huic
1503 1285 1612 1310 autern
1631 1303 1638 1309 .
1653 1303 1660 1309 .
1676 1302 1683 1309 .
1702 1279 1830 1310 caelum
1846 1285 1877 1311 et
1901 1285 2029 1311 terram.
2050 1283 2142 1317 §ecci
2168 1291 2240 1315 πω.
2259 1283 2311 1315 Qui
2334 1284 2397 1310 vivit
2415 1284 2442 1311 in

1358 1339 1493 1360 aeternum
1512 1335 1609 1360 creavit
1627 1334 1717 1360 omnia
1735 1334 1824 1361 simut.
1843 1330 1862 1372 g
1878 1331 2100 1362 Damascenus
2117 1331 2216 1363 etiam
2229 1355 2255 1363 ..
2266 1355 2273 1363 .
2287 1341 2355 1363 non
2367 1338 2444 1364 sunt

1358 1388 1527 1413 creatores.
1553 1382 1647 1422 §Per
1671 1383 1750 1414 haec
1775 1390 1886 1414 autem
1910 1383 2085 1414 destruitur
2108 1383 2317 1425 quorundam
2336 1383 2445 1426 philo-

1358 1435 1538 1475 sophorum
1563 1445 1652 1465 error
1675 1435 1732 1476 qui
1757 1434 1907 1466 dixerunt
1931 1435 2040 1466 Deum
2056 1445 2181 1467 creasse
2205 1436 2344 1477 primam
2367 1435 2444 1468 sub-

1358 1487 1507 1517 stantiam
1533 1493 1711 1528 separatam
1732 1499 1747 1516 a
1765 1499 1818 1524 qua
1838 1492 1884 1521 (et
1907 1487 1948 1518 ab
1972 1487 2023 1528 ea)
2041 1486 2139 1518 fuisse
2163 1494 2303 1520 creatam
2327 1497 2447 1521 secun·

1358 1538 1444 1576 dam,
1474 1545 1505 1570 et
1536 1540 1582 1570 sic
1613 1539 1757 1579 quodam
1788 1539 1902 1571 ordine
1937 1549 2042 1580 usque
2069 1539 2110 1571 ad
2141 1541 2291 1572 ultimam
2314 1551 2383 1579 quae
2401 1549 2467 1573 est.

1359 1595 1533 1626 corporalium
1554 1593 1706 1620 inferiorum
1727 1595 1844 1620 creatrix.

1551 1739 1632 1780 Cap.
1659 1738 1757 1769 xxil.
1783 1739 1880 1776 Quor>
1905 1739 1992 1771 Deus
2018 1749 2115 1770 oxma
2141 1749 2256 1771 rosstr.

1404 1847 1505 1884 Quod
1538 1847 1627 1877 Deus
1651 1847 1763 1878 omnia
1787 1848 1900 1887 possit.
1924 1866 1947 1870 -
1970 1849 1989 1887 g
2004 1848 2051 1878 Ex
2077 1849 2139 1879 hoc
2169 1854 2280 1880 autem
2310 1855 2451 1890 apparet,

1359 1897 1449 1938 quod
1467 1897 1573 1927 divina
1592 1898 1691 1928 virtus
1707 1907 1773 1928 non
1792 1897 2025 1930 determinatur
2037 1911 2091 1929 ηοιι
2115 1899 2157 1931 ad
2176 1889 2320 1941 aliquem
2341 1909 2447 1935 unum

1359 1947 1523 1979 effectum.
1555 1948 1586 1979 Si
1616 1949 1704 1979 enim
1722 1972 1729 1979 .
1745 1950 1926 1981 ..materia
1955 1951 2144 1992 corporalis.
2176 1948 2268 1983 Haec
2300 1952 2398 1994 igitur
2415 1956 2448 1984 di

1359 2006 1424 2030 tam
1441 1998 1457 2016 *
1475 1999 1598 2030 diversa
1615 2000 1783 2031 existentia
1800 2001 1982 2042 praedictae
2003 2003 2127 2034 virtutis
2144 2000 2352 2035 immediatus
2368 2003 2446 2037 effe-

1359 2057 1430 2082 ctus
1455 2057 1540 2082 sunt.
1564 2054 1658 2080 Omnis
1679 2051 1775 2083 Nulla
1791 2058 1902 2084 autem
1922 2054 2022 2084 virtus
2047 2051 2234 2095 producens
2258 2052 2553 2109 immediate-‘um
2574 2090 2640 2114 ⁰⁸¹⁰·
2655 2091 2685 2108 η

1360 2103 1469 2143 plures
1493 2101 1627 2134 effectus
1651 2113 1720 2134 non
1744 2113 1781 2135 ex
1806 2106 1951 2142 materia,
1969 2111 2016 2136 est
2040 2105 2254 2138 determinata
2276 2106 2317 2138 ad
2341 2116 2447 2141 unum

1359 2153 1523 2185 effectum.
1542 2154 1626 2185 Dico
1643 2161 1764 2192 autem,
1779 2155 1979 2192 immediate.
2005 2158 2083 2198 quia
2106 2158 2132 2188 si
2156 2167 2214 2199 per
2238 2158 2346 2190 media
2369 2167 2446 2201 pet»

1359 2205 1503 2245 duceret,
1527 2212 1637 2246 posset
1666 2208 1838 2247 provenire
1867 2207 2032 2239 diversitas
2056 2218 2094 2239 ex
2118 2214 2279 2251 parte-rec
2306 2221 2453 2243 caus-nun.

1360 2262 1505 2287 mediarum
1537 2257 1730 2298 (mediarum
1756 2269 1938 2291 causarum.
1968 2259 2052 2292 Dico
2081 2258 2191 2302 etiam)
2218 2270 2286 2292 non
2311 2271 2350 2293 ex
2376 2271 2446 2295 mn·

1359 2311 1438 2342 teria
1457 2320 1556 2345 autem,
1576 2312 1653 2351 quia
1670 2310 1756 2342 idem
1769 2321 1868 2351 agens
1881 2317 1912 2342 et
1925 2311 2041 2343 eadem
2054 2312 2184 2344 actione
2192 2317 2324 2350 producit
2336 2319 2450 2346 causat

1360 2363 1504 2394 diversos
1535 2363 1669 2394 effectus
1700 2363 1882 2394 secundum
1913 2364 2066 2395 materiae
2103 2363 2332 2403 diversitatem,
2362 2366 2447 2399 sicut

1360 2415 1448 2446 calor
1465 2415 1558 2456 ignis,
1576 2415 1631 2455 qui
1649 2413 1778 2445 indurat
1795 2415 1901 2445 lutum
1919 2421 1950 2445 et
1967 2414 2114 2447 dissolvit
2135 2425 2253 2448 ceram.
2271 2416 2333 2448 Dei
2348 2417 2447 2458 igitur

1360 2469 1460 2498 virtus
1489 2476 1556 2498 non
1593 2473 1639 2498 est
1668 2465 1880 2498 determinata
1912 2466 1952 2497 ad
1979 2476 2084 2498 unum
2117 2466 2280 2500 effectum.
2313 2469 2332 2508 ἓ
2353 2467 2446 2501 item.

1360 2518 1476 2550 Omnis
1494 2518 1593 2548 virtus
1611 2517 1781 2559 (perfecta)
1807 2517 1846 2548 ad
1872 2528 1908 2549 ea
1933 2518 2046 2549 omnia
2069 2527 2103 2550 se
2128 2519 2282 2551 extendit.
2361 2529 2446 2561 quae

1360 2577 1498 2612 possunt
1517 2574 1616 2599 habere
1634 2570 1793 2600 rationem
1823 2570 1940 2600 habere
1966 2569 2096 2601 domus.
2124 2570 2235 2602 Virtus
2265 2577 2375 2603 autem
2392 2594 2401 2603 .
2414 2594 2422 2603 .
2436 2595 2445 2603 .

2471 258 2479 266 ·
2496 256 2550 279 Vid.
2566 257 2602 281 ad·
2613 258 2651 279 loc

2471 409 2686 432 ‘eunomianum

2472 437 2506 458 vei
2537 437 2615 459 simile
2640 443 2688 459 ven·

2471 463 2536 486 bum.

2470 615 2575 638 3²vn.

2472 1857 2499 1882 3¹
2511 1858 2524 1873 v
2538 1858 2627 1882 ss5-p.
2638 1858 2691 1882 φο.

2473 2005 2484 2016 ·
2498 2003 2549 2028 sub
2563 1995 2623 2028 voce
2641 2007 2692 2028 u-

2473 2033 2599 2082 m
2616 2036 2688 2088 ῗῶῑῖ

2473 2112 2504 2148 gud
2517 2112 2654 2136 deum.

1361 2632 1444 2664 quae
1469 2623 1584 2653 rationi
1615 2622 1697 2653 entis
1728 2631 1795 2653 non
1816 2632 1844 2651 se
1871 2632 1910 2651 ex
1928 2628 2121 2662 repugnant.
2153 2622 2187 2654 Si
2215 2622 2304 2654 enirn
2328 2626 2364 2652 ad
2381 2620 2450 2667 (in)
2471 2635 2475 2639 ·

1360 2675 1524 2716 quendam
1556 2681 1682 2706 tantum
1714 2673 1866 2706 effectum
1899 2674 2000 2705 virtus
2024 2674 2093 2706 eius
2126 2680 2246 2715 posset,
2270 2684 2338 2706 non
2362 2680 2448 2712 esset

1362 2737 1418 2768 per
1444 2737 1478 2758 se
1506 2727 1522 2743 ⁴*
1545 2736 1641 2757 causa
1670 2726 1752 2757 entis
1784 2726 1994 2766 (inquantum
2027 2725 2232 2769 huiusmodi)
2264 2726 2321 2759 sed
2347 2726 2447 2760 huius

1361 2779 1453 2810 entis.
1479 2779 1610 2809 Rationi
1635 2785 1744 2809 autem
1777 2778 1860 2809 entis
1877 2801 1884 2808 .
1899 2801 1906 2808 .
1925 2801 1932 2808 .
1950 2787 2035 2818 quae
2066 2777 2360 2810 contradictionem
2384 2779 2447 2811 im·

1361 2831 1492 2870 plicant.
1518 2830 1725 2870 Relinquitur
1749 2830 1845 2870 igitur
1869 2829 1959 2870 quod
1977 2829 2136 2870 quicquid
2152 2829 2447 2870 contradictionem

1361 2892 1428 2913 non
1462 2882 1619 2923 implicat,
1651 2881 1741 2912 Deus
1777 2887 1894 2922 potest.
1927 2885 1990 2911 Non
2019 2885 2108 2920 igitur
2135 2882 2153 2920 ᾖ
2176 2881 2305 2914 Adhuc.
2337 2881 2446 2915 Omne

1361 2943 1460 2974 agens
1477 2956 1485 2964 .
1500 2957 1527 2964 ..
1546 2933 1629 2974 ignis
1645 2933 1765 2973 ignem.
1785 2932 1874 2964 Deus
1891 2939 1999 2965 autern
2025 2939 2073 2964 est
2095 2939 2187 2965 actus
2211 2932 2385 2974 perfectus,
2411 2934 2447 2966 in

1362 2995 1395 3015 se
1419 2985 1569 3015 omnium
1595 2983 1813 3024 perfectiones
1832 2987 2000 3022 principalius
2019 2985 2154 3024 habens,
2171 2990 2207 3015 ut
2223 2993 2320 3025 supra
2336 2989 2447 3017 osten-

1362 3045 1435 3067 sum
1464 3041 1521 3066 est.
1555 3035 1610 3066 Est
1642 3035 1738 3075 igitur
1761 3058 1791 3066 ..

1362 3087 1527 3128 potentiae
1553 3086 1697 3127 passivae
1722 3086 1897 3128 respondet
1922 3088 2067 3128 potentia
2092 3083 2200 3118 activa
2219 3095 2360 3125 tanquam,
2385 3095 2447 3129 po·

2472 2735 2591 2765 pvb...

1803 3059 1813 3076 .-
1838 3034 1928 3066 Deus
1959 3041 2078 3076 potest.
2108 3037 2128 3075 §
2150 3035 2312 3076 Amplius.
2344 3034 2453 3074 Omni
2480 3043 2482 3046 ·

1362 3137 1460 3169 tentia
1486 3138 1573 3168 enirn
1598 3143 1732 3178 propter
1747 3143 1856 3168 actum
1876 3136 1950 3179 (est)
1975 3138 2058 3169 sicut
2082 3138 2215 3169 materia
2230 3143 2365 3180 propter
2380 3137 2448 3175 fos}-
2483 3137 2486 3140 ⁴

1362 3199 1460 3221 mam.
1486 3193 1542 3219 Nec
1555 3195 1647 3225 potest
1671 3188 1747 3219 Non
1777 3194 1883 3229 potest
1916 3195 2026 3220 autem
2044 3212 2052 3220 .
2067 3213 2074 3220 .
2089 3213 2096 3220 .
2114 3189 2147 3221 in
2176 3190 2272 3222 rebus
2299 3195 2444 3235 naturae.

1362 3243 1402 3273 Et
1427 3251 1484 3283 per
1509 3242 1597 3273 hunc
1622 3240 1760 3272 modum
1787 3240 1933 3272 videmus
1958 3240 2049 3282 quod
2073 3242 2185 3273 omnia
2205 3251 2290 3283 quae
2313 3246 2389 3272 sunt
2412 3241 2446 3272 in

1362 3293 1508 3333 potentia
1532 3293 1684 3323 materiae
1704 3296 1848 3329 corporatis
1871 3292 2107 3332 generabilium
2131 3298 2162 3324 et
2184 3291 2446 3332 corruptibilium

1362 3350 1500 3384 possunt
1524 3343 1634 3374 reduci
1660 3344 1692 3374 in
1721 3348 1830 3374 actum
1856 3352 1914 3384 per
1942 3343 2096 3375 virtutem
2127 3343 2265 3375 activam
2290 3351 2374 3382 quae
2398 3347 2447 3374 est

1362 3396 1393 3426 in
1419 3404 1559 3436 corpore
1583 3395 1724 3432 caelesti,
1753 3395 1843 3435 quod
1868 3401 1915 3426 est
1932 3395 2075 3436 ptimum
2099 3394 2242 3425 activum
2267 3395 2300 3424 in
2319 3400 2445 3426 natura.

1362 3446 1452 3478 Sicut
1475 3453 1584 3477 autem
1610 3455 1731 3487 corpus
1755 3446 1892 3478 caeleste
1922 3452 1969 3477 est
2000 3445 2142 3486 primum
2171 3454 2270 3485 agens
2294 3451 2445 3486 respectu

1362 3507 1539 3538 corporum
1564 3496 1766 3534 inferiorum,
1784 3498 1826 3528 ita
1852 3497 1940 3528 Deus
1957 3501 2004 3528 est
2019 3496 2162 3537 primurn
2179 3505 2278 3536 agens
2294 3502 2453 3538 respectu.

1362 3555 1480 3580 omnium
1494 3555 1595 3580 entium
1610 3557 1736 3581 creatora
1753 3551 1854 3582 totius
1873 3550 1956 3581 entis
1971 3549 2078 3580 creati.
2099 3548 2267 3590 Quicquid
2283 3550 2380 3590 igitur
2398 3555 2447 3582 est

1362 3603 1394 3633 in
1415 3602 1561 3643 potentia
1582 3610 1703 3644 respectu
1724 3601 1806 3632 entis
1831 3601 1938 3637 creati,
1963 3605 2069 3630 totum
2094 3599 2158 3630 hoc
2185 3603 2243 3630 Deo
2257 3604 2387 3638 possitue
2405 3607 2447 3631 m

1363 3654 1452 3685 Deus
1477 3663 1533 3694 per
1550 3662 1642 3685 suam
1659 3646 1812 3685 virtutem
1827 3652 1964 3684 activam
1982 3650 2087 3682 facere
2105 3658 2222 3692 potest.
2244 3651 2278 3683 ln
2300 3652 2446 3693 potentia

1363 3711 1472 3736 autern
1489 3706 1572 3736 entis
1588 3705 1686 3736 creati
1702 3710 1750 3736 est
1766 3713 1866 3736 omne
1883 3702 1972 3744 quod
1997 3714 2057 3732 esse
2076 3713 2102 3732 et
2129 3702 2222 3745 (enti)
2248 3710 2357 3736 creato
2376 3713 2445 3736 non

1362 3763 1531 3798 repugnat,
1556 3757 1695 3788 sicut-in
1722 3755 1867 3798 potentia
1891 3761 2024 3786 naturae
2049 3756 2210 3787 humanae
2235 3761 2310 3788 sunt
2333 3756 2446 3788 omnia

1363 3817 1447 3848 quae
1472 3814 1620 3838 naturam
1645 3808 1822 3838 humanam
1846 3814 1912 3836 non
1938 3805 2067 3837 tollunt.
2089 3805 2209 3838 Omnia
2234 3806 2330 3847 igitur
2353 3806 2444 3839 Deus

1363 3864 1480 3899 potest.
1505 3859 1524 3899 g
1540 3859 1717 3891 Praeterea.
1742 3855 1844 3895 Quod
1875 3855 2009 3888 effectus
2038 3857 2154 3899 aliquis
2171 3879 2179 3888 .
2194 3881 2202 3888 .
2217 3881 2224 3888 .
2241 3857 2442 3899 contingere.

1364 3910 1439 3941 Uno
1457 3909 1558 3941 modo
1576 3918 1633 3950 per
1649 3909 1714 3940 hoc
1730 3907 1820 3948 quod
1841 3917 1908 3939 non
1934 3908 2029 3939 habet
2046 3917 2122 3940 cum
2141 3914 2258 3950 egente
2281 3912 2445 3940 adustura

1364 3960 1551 3992 affinitatem
1575 3960 1624 3991 vel
1657 3958 1901 3990 similitudinem
1926 3963 2059 3996 aliquam3
2079 3963 2119 3990 sic
2136 3963 2208 3990 eni-r
2228 3969 2326 4000 agens
2355 3960 2445 3992 enim

235 4003 337 4042 nigro,
355 4006 534 4035 coloratum
554 4011 661 4036 autem
677 4005 736 4046 per
753 4006 911 4043 accidens,
928 4018 1003 4039 nam
1019 4010 1108 4049 prius
1125 4010 1306 4042 coloratum
1322 4025 1347 4046 π
1364 4021 1463 4043 omne
1488 4011 1551 4051 agit
1575 4011 1634 4041 sibi
1659 4009 1763 4041 simile
1788 4009 1898 4049 aliquo
1923 4009 2035 4046 modo,
2067 4013 2123 4040 auo
2141 4014 2222 4040 modo
2236 4020 2290 4047 per
2307 4014 2358 4042 hoc
2372 4014 2446 4048 quod
