2768 4134
34 692 44 703 ·
60 690 112 717 vn,
132 696 184 718 cap.
202 695 249 716 xn:

34 717 64 745 x,
79 723 130 746 etp.
146 723 179 739 tv.

885 297 1074 335 SUMMA
1102 300 1325 338 CONTRA
1352 302 1627 352 GENTILES,
1658 307 1768 345 CAP.
1789 309 1871 346 XC.

277 375 334 406 ubi
350 376 393 406 ait
410 375 511 416 quod,
528 386 600 407 cum
625 376 754 411 dicitur,
783 389 797 401 ‹
817 376 999 407 Delectatio
1024 384 1071 408 est
1094 381 1240 419 operatio
1261 395 1273 407 ²»

273 422 478 464 praedicatio
498 431 561 462 per
584 430 727 455 causam,
754 430 819 450 non
838 430 902 460 per
925 423 1105 453 essentiam.

333 465 562 507 Respondetur
574 465 666 506 quod
682 464 830 506 operatio
847 464 1019 506 dupliciter
1030 468 1133 508 accipi
1145 474 1266 508 potest:
1284 480 1351 501 uno

277 511 390 548 modo,
415 511 633 542 communiter
648 519 708 550 pro
725 508 817 540 omni
833 514 907 540 actu
931 509 1039 540 elicito
1064 522 1081 541 a
1105 514 1264 552 potentia;
1289 514 1351 544 alio

276 555 390 592 modo,
415 565 475 596 pro
499 555 556 586 illo
580 560 654 585 actu
679 563 746 595 quo
774 554 921 594 potentia
945 561 1096 585 movetur
1119 557 1151 586 in
1176 558 1351 595 obiectum,

278 610 362 642 quae
386 596 503 631 dici'tur
518 605 628 630 motus
644 599 806 639 appetitus
827 597 867 628 ad
890 599 1016 629 bonum
1032 605 1068 630 ut
1083 606 1194 632 motus
1210 611 1228 632 a
1244 604 1352 642 quiete

277 645 494 686 distinguitur.
524 644 634 674 Primo
658 643 772 678 modo,
797 642 968 673 delectatio
999 650 1046 674 est
1077 647 1234 685 operatio,
1259 652 1291 676 et
1314 647 1353 677 ad

277 691 366 721 hunc
389 697 522 720 sensum
545 693 641 719 vocat
665 697 737 718 eam
760 687 990 728 Philosophus,
1015 688 1072 719 Vll
1097 695 1129 720 et
1151 691 1181 720 X
1204 690 1308 721 Ethic.
1325 693 1352 727 *,

277 735 517 775 operationem:
543 738 591 763 est
613 733 702 764 enim
717 738 808 763 actus
824 733 864 763 ab
880 733 1026 773 appetitu
1042 733 1176 765 elicitus.
1202 734 1353 766 Secundo
1380 730 1381 785 J
1408 749 1468 770 nec
1484 750 1522 770 ex
1538 741 1647 781 aliquo
1661 742 1748 772 bono
1765 743 1885 783 aliquid
1901 744 1960 774 sibi
1972 744 2104 784 deperit.
2115 745 2200 784 Ergo
2214 751 2273 775 etc.
2283 746 2472 777 -Probatur

275 778 389 815 modo,
406 787 475 808 non
491 783 538 808 est
553 777 712 818 operatio,
729 776 786 808 sed
802 778 1014 818 consequitur
1029 779 1268 818 operationem:
1286 790 1354 811 non

276 824 364 854 enim
387 828 436 853 est
457 826 568 852 motus
593 821 632 852 ad
656 821 840 863 appetibile,
865 821 922 853 sed
945 823 1038 863 quies
1060 823 1094 853 in
1117 823 1207 854 bono
1224 824 1353 865 adepto.

275 867 355 899 Ideo
378 866 471 908 quod
492 867 601 907 inquit
623 866 760 898 Sanctus
780 866 927 897 Thomas
949 867 1057 898 Prima
1081 867 1260 904 Secundae,
1285 879 1353 900 esse

275 911 551 953 praedicationem
573 921 643 942 non
671 921 729 952 per
757 912 928 942 essentiam
952 911 1010 943 sed
1031 921 1090 952 per
1113 922 1254 949 causam,
1279 923 1353 944 curn

276 957 393 989 dicitur
415 956 598 988 Delectatio
622 961 670 987 est
693 956 852 998 operatio,
869 956 1117 997 intelligendum
1141 963 1188 988 est
1211 957 1251 988 de
1276 968 1355 999 ope·
1380 951 1382 965 ⁶

275 1001 401 1033 ratione
425 999 570 1032 secundo
594 1000 707 1037 modo,
731 1010 800 1031 non
824 1006 934 1032 autem
958 1002 1064 1042 primo
1088 1001 1190 1032 modo
1215 1009 1353 1043 sumpta.

332 1046 394 1077 Vel
409 1045 585 1077 dicendum
601 1044 692 1087 quod
708 1044 881 1076 delectatio
897 1055 965 1076 non
979 1051 1026 1077 est
1042 1046 1095 1077 illa
1111 1047 1257 1087 operatio
1271 1056 1354 1087 quae

277 1090 495 1122 connaturalis
519 1095 566 1121 est
589 1095 622 1121 et
645 1089 842 1121 delectabilis
866 1091 1046 1131 appetenti:
1072 1096 1119 1121 est
1142 1096 1251 1122 tamen
1276 1101 1355 1132 ope-

275 1136 357 1166 ratio
373 1135 536 1176 appetitus
550 1135 650 1166 talem
664 1135 892 1175 operationem
915 1135 1161 1166 connaturalem
1186 1137 1354 1166 concomi-

276 1186 358 1212 tans.
373 1180 521 1211 Primum
535 1189 668 1211 sensum
684 1179 797 1210 habuit
811 1179 846 1210 in
857 1179 965 1210 Prima
977 1179 1156 1216 Secundae,
1173 1181 1354 1212 seeundum

276 1234 356 1257 vero
379 1225 444 1256 hoc
467 1224 555 1256 loco.

332 1268 387 1301 1v.
411 1268 572 1300 Secundo.
597 1268 686 1300 Deus
701 1268 736 1300 in
751 1269 859 1310 seipso
883 1269 1024 1300 maxime
1047 1269 1220 1310 quietatur,
1241 1275 1355 1310 utpote

276 1322 426 1355 omnem,
442 1312 669 1347 sufficientiam
696 1313 730 1344 in
761 1322 795 1344 se
821 1313 953 1344 habens.
985 1313 1072 1355 Ergo
1100 1315 1134 1344 in
1157 1324 1191 1345 se
1215 1315 1354 1345 maxime

275 1353 396 1400 §afflet
419 1363 452 1389 et
473 1357 662 1389 delectatur.
685 1374 710 1381 -
731 1357 890 1389 Probatur
906 1359 1151 1399 consequentia.
1175 1358 1262 1398 Quia
1277 1369 1356 1400 gau-

276 1403 369 1435 dium
383 1407 417 1433 et
431 1401 604 1434 delectatio
628 1408 677 1434 est
699 1402 859 1443 quaedam
880 1404 1037 1443 quietatio
1053 1403 1228 1434 voluntatis
1244 1404 1278 1434 in
1294 1414 1355 1434 suo

238 1452 242 1456 ’
275 1447 393 1485 volito.

306 1523 315 1530 ,,
324 1491 580 1524 ,Αάνεηεηάυιιι
591 1492 709 1532 primo,
723 1492 815 1533 quod
830 1502 888 1533 per
900 1492 979 1524 boni
991 1492 1201 1534 adeptionem
1217 1499 1250 1525 et
1265 1503 1356 1535 prae—

275 1535 414 1580 'entiam
430 1535 547 1568 dicitur
563 1537 700 1577 quietari
715 1538 888 1578 appetitus,
902 1537 978 1578 quia
994 1537 1035 1568 ad
1049 1537 1130 1569 illud
1145 1539 1272 1570 bonum
1288 1548 1355 1570 am-

275 1575 363 1627 plius
384 1590 454 1615 non
476 1587 629 1613 movetur
651 1590 709 1622 per
732 1581 938 1619 desiderium,
955 1581 1012 1613 sed
1035 1582 1095 1613 sibi
1117 1592 1154 1614 ex
1176 1584 1245 1614 eius
1265 1593 1356 1625 prae-

275 1624 380 1658 §effla
392 1622 454 1657 'est‘
473 1625 683 1657 satisfactum.
714 1626 848 1665 Quanto
879 1632 988 1658 autem
1018 1628 1123 1658 maius
1154 1634 1202 1658 est
1230 1629 1355 1659 bonum

276 1670 373 1713 qnod
391 1671 538 1707 habetur,
561 1675 652 1702 tanto
678 1672 780 1712 magis
803 1672 962 1712 appetitui
985 1671 1147 1708 satisfacit,
1171 1678 1208 1704 ut
1235 1673 1357 1704 scilicet

276 1716 434 1759 pandora
445 1717 510 1748 iam
523 1715 693 1747 desideret.
706 1716 748 1748 Et
759 1716 846 1753 ideo,
854 1717 912 1748 ubi
923 1717 1050 1748 bonum
1062 1718 1208 1749 habitum
1221 1727 1355 1749 omnem

171 1776 203 1817 ‘2'
238 1774 245 1780 ·
276 1762 312 1794 in
326 1770 363 1797 se
376 1759 619 1803 ¹perfectionem
635 1767 667 1792 et
682 1760 908 1792 sufficientiam
931 1762 1038 1799 habet,
1054 1762 1151 1803 quale
1167 1768 1215 1794 est
1230 1763 1356 1794 bonum

277 1805 436 1845 divinum,
456 1805 519 1836 tale
541 1805 683 1836 totaliter
705 1806 864 1848 appetitui
887 1806 1050 1843 satisfacit,
1072 1813 1109 1838 ut
1132 1808 1255 1839 scilicet
1276 1807 1356 1838 nihil

277 1847 367 1897 ‘atiud
390 1849 550 1882 desideret
572 1850 722 1891 amplius.
747 1851 789 1881 Et
812 1860 851 1881 ex
874 1851 938 1882 hoc
960 1851 1056 1882 habet
1080 1851 1170 1883 Deus
1185 1851 1276 1894 quod
1297 1853 1356 1882 bo-

277 1895 360 1927 nftnn
374 1902 472 1926 suum
488 1894 529 1925 sit
548 1895 607 1925 sibi
627 1895 768 1926 maxime
785 1895 988 1927 delectabile:
1013 1897 1101 1937 quia,
1121 1906 1197 1928 cum
1213 1898 1254 1927 sit
1268 1906 1356 1928 sum-

276 1943 374 1972 num
387 1945 420 1970 et
439 1938 712 1980 perfectissimum
736 1940 874 1976 bonurn,
892 1949 961 1971 non
985 1941 1178 1982 relinquitur
1200 1942 1233 1972 in
1258 1951 1356 1982 appe-

277 1985 340 2016 titu
363 1984 479 2025 aliquis
502 1989 613 2015 motus
636 1983 786 2015 desiderii
802 1984 844 2016 ad
858 1985 946 2016 aliud
967 1987 1091 2016 bonum
1108 1986 1355 2027 acquirendum,

277 2028 336 2066 sed
357 2029 394 2061 in
415 2029 524 2070 seipso
548 2028 782 2070 perfectissime
805 2030 952 2070 quiescit.

333 2072 580 2105 Advertendum
595 2073 752 2111 secundo,
769 2074 861 2116 quod
876 2074 1048 2106 delectatio
1065 2080 1172 2116 potest
1187 2075 1251 2107 dici
1267 2076 1357 2117 quies

278 2123 311 2150 et
325 2122 432 2149 motus
448 2116 674 2150 diversimode.
699 2117 733 2150 Si
752 2119 840 2150 enim
857 2119 1080 2151 consideretur
1095 2119 1178 2151 ordo
1193 2121 1356 2161 appetitus

278 2160 479 2199 ed'bonum,
502 2163 548 2193 sic
571 2162 668 2194 habet
691 2163 851 2194 rationem
875 2164 1002 2205 quietis.
1034 2163 1125 2196 Sicut
1154 2165 1242 2196 enirn
1266 2165 1355 2206 quod

277 2212 440 2244 movetur,
464 2216 541 2238 eum
564 2207 605 2238 ad
627 2208 802 2238 terminum
827 2210 1019 2249 pervenerit,
1035 2209 1182 2250 quiescit,
1199 2210 1241 2240 ita
1257 2219 1356 2250 appe-

278 2253 367 2289 dtas,
382 2252 493 2283 habito
509 2253 600 2283 bono
616 2252 709 2293 quod
725 2251 934 2290 desiderabat,
951 2254 1103 2294 quiescit:
1121 2260 1153 2285 et
1166 2254 1356 2286 huiusmodi

278 2297 446 2339 quiescere
473 2296 626 2328 delectari
649 2302 706 2328 est.
731 2297 766 2328 Si
788 2303 898 2329 autem
922 2298 1144 2330 consideretur
1159 2298 1242 2330 ordo
1258 2309 1357 2340 appe-

277 2340 376 2374 tibilis
391 2340 431 2372 ad
447 2342 640 2382 appetitum,
657 2342 702 2372 sic
718 2348 829 2373 motus
853 2342 986 2383 quidam
1011 2349 1072 2374 est:
1097 2350 1248 2375 movetur
1269 2345 1356 2375 enim

278 2386 441 2428 appetitus
457 2396 475 2417 a
490 2387 581 2417 bono
606 2387 767 2427 praesenti
791 2393 822 2418 et
845 2388 1036 2419 coniuncto.
1061 2387 1236 2429 Propterea
1251 2389 1357 2429 inquit

278 2429 416 2463 sanctus
432 2429 578 2462 Thomas
601 2431 708 2462 Prima
731 2431 912 2470 Secundae,
924 2433 981 2464 ubi
1005 2442 1102 2474 supra
1117 2434 1144 2470 ³,
1161 2432 1201 2464 ad
1219 2443 1249 2469 2,
1266 2433 1356 2474 quod

279 2479 328 2507 eet
352 2475 452 2517 quies,
477 2475 685 2507 considerata
710 2477 901 2516 praesentia
932 2477 1048 2508 obiecti
1078 2477 1285 2509 delectantis:
1311 2483 1358 2509 est

279 2529 358 2552 mo
382 2525 499 2556 motus,
523 2520 715 2562 inquantum
746 2527 894 2553 remanet
924 2523 1106 2553 immutatio
1133 2524 1294 2563 appetitus
1317 2523 1357 2553 ab

279 2565 454 2606 appetibili.

347 2609 396 2640 Ex
423 2619 492 2651 quo
518 2614 607 2651 patet
630 2609 916 2651 quoddelectatio
940 2613 1031 2644 aliter
1054 2612 1171 2644 dicitur
1186 2613 1278 2653 quies
1301 2621 1356 2652 ap-

279 2654 399 2697 petitus
427 2663 526 2696 quam
556 2655 590 2686 in
619 2655 811 2696 corporibus
839 2655 963 2688 dicatur
987 2657 1090 2698 quies.
1122 2658 1157 2688 In
1184 2656 1245 2687 illis
1269 2658 1356 2687 enim

280 2699 372 2740 quiec
396 2697 474 2730 dicit
497 2699 600 2730 solam
630 2700 839 2740 negationem
869 2707 990 2739 motus,
1015 2707 1047 2732 et
1069 2702 1149 2732 nihil
1179 2702 1355 2743 positivum

279 2742 458 2775 formaliter
479 2743 566 2775 dicit.
591 2743 694 2782 Quies
714 2750 823 2776 autem
843 2747 1006 2787 appetitus
1022 2747 1055 2777 in
1071 2747 1162 2777 bono
1178 2747 1354 2777 coniuncto

279 2787 358 2820 dicit
369 2794 480 2820 actum
490 2789 654 2829 appetitus
666 2799 743 2820 cum
754 2791 928 2831 negatione
943 2791 1106 2822 ulterioris
1121 2791 1353 2831 inquisitionis:

279 2838 456 2873 postquam
479 2833 567 2864 enim
591 2839 748 2874 appetens
778 2835 875 2866 habet
905 2837 1031 2867 bonum
1056 2836 1146 2876 quod
1170 2836 1354 2876 quaerebat,

278 2887 349 2910 non
371 2877 511 2918 amplius
534 2884 685 2910 movetur
699 2888 758 2919 per
773 2881 954 2920 appetitum
970 2880 1011 2911 ad
1025 2881 1106 2912 illud
1122 2879 1354 2921 quaerendum,

279 2921 337 2956 sed
351 2922 386 2952 in
401 2923 492 2953 bono
508 2922 627 2964 adepto
644 2923 830 2955 delectatur.
854 2925 896 2956 Et
917 2925 968 2956 hic
989 2931 1079 2956 actus
1096 2935 1163 2965 quo
1180 2924 1356 2955 delectatur

279 2965 356 2997 ideo
379 2966 497 2998 dicitur
516 2968 619 3008 quies,
637 2968 714 3008 quia
736 2974 784 2999 est
806 2978 883 3000 cum
906 2971 1085 3001 cessatione
1109 2975 1219 3000 motus
1239 2978 1354 2999 execu-

279 3011 379 3042 tionis
402 3020 470 3052 quo
494 3017 652 3052 appetens
681 3013 834 3044 tendebat
863 3014 904 3045 ad
933 3013 1007 3045 finis
1037 3015 1293 3055 acquisitionem.
1319 3013 1355 3043 In

281 3055 354 3087 Deo
377 3061 488 3087 autem
510 3056 644 3097 ponitur
666 3057 857 3090 huiusmodi
879 3060 982 3100 quies,
997 3069 1067 3090 non
1090 3060 1285 3099 inquantum
1309 3063 1356 3088 est
1381 3093 1384 3096 .

280 3101 438 3132 terminus
461 3101 624 3142 appetitus
647 3102 807 3134 tendentis
830 3104 864 3135 in
878 3103 987 3135 ‚finem
1011 3103 1255 3144 acquirendum,
1280 3111 1355 3133 cum

281 3143 351 3176 tatis
366 3150 477 3177 motus
492 3147 654 3186 appetitus
669 3156 739 3178 non
754 3148 796 3179 sit
810 3148 843 3179 in
860 3149 946 3180 Deo:
970 3148 1027 3179 sed
1049 3149 1173 3179 ratione
1192 3157 1268 3178 suae
1283 3157 1355 3188 per-

279 3187 440 3226 fectionis,
465 3190 661 3231 inquantum
684 3191 807 3223 scilicet
830 3199 877 3223 est
900 3193 1056 3234 quietatio
1082 3192 1241 3233 quaedam
1257 3201 1356 3232 appe-

281 3234 358 3264 titus
381 3235 414 3264 in
438 3235 528 3266 bono
553 3236 743 3267 coniuncto.

336 3278 376 3309 V.
409 3280 530 3311 Tertio.
555 3280 644 3311 Deus
667 3281 935 3322 perfectissimam
959 3282 1183 3322 operationem
1206 3281 1302 3311 habet
1322 3280 1356 3309 in

280 3322 503 3364 intelligendo.
527 3324 626 3365 Ergo,
651 3326 735 3357 sicut
757 3333 906 3358 nostrum
929 3327 1106 3366 intelligere
1129 3330 1262 3365 propter
1277 3333 1356 3364 ope-

281 3367 415 3398 rationis
438 3368 674 3409 perfectionem
689 3377 738 3402 est
753 3371 953 3407 delectabile,
971 3377 1003 3401 et
1018 3370 1164 3400 divinum
1180 3368 1356 3408 intelligere

280 3411 342 3441 erit
357 3411 429 3443 Deo
445 3412 774 3446 delectabilissimum.
791 3434 813 3439 —
828 3416 985 3446 Probatur
1004 3414 1245 3453 consequentia.
1271 3412 1357 3449 Quia

1281 379 1380 417 ,est'

2396 314 2469 361 245

1406 385 1574 416 delectatio
1605 392 1652 417 est
1680 388 1837 428 quaedam
1869 390 2068 430 operationis
2091 392 2263 434 perfectio,
2291 397 2327 423 ut
2357 392 2473 424 dicitur

1407 430 1434 460 X
1451 430 1566 466 Ethic„
1584 441 1654 471 cap.
1671 442 1712 462 xv.

1462 474 1642 513 Quomodo
1666 475 1835 512 delectatio
1859 477 2003 518 perficiat
2022 480 2244 519 operationem
2263 491 2326 521 per
2341 481 2471 512 modum

1406 518 1482 549 boni
1506 520 1692 559 completive
1714 522 1976 561 supervenientis,
2002 529 2033 553 et
2050 533 2114 564 per
2132 524 2262 555 modum
2278 526 2406 566 agentis
2422 526 2471 556 in-

1407 562 1535 597 directe,
1561 573 1598 593 ex
1623 574 1662 594 eo
1686 565 1806 596 scilicet
1829 566 1919 606 quod
1949 567 2002 597 ille
2026 568 2082 607 qui
2106 568 2280 600 delectatur
2309 570 2342 600 in
2373 579 2471 610 opere

1408 606 1596 648 diligentius
1619 613 1650 638 et
1672 610 1824 640 attentius
1847 616 2020 650 operatur:
2042 611 2115 642 vide
2138 612 2290 644 Sanctum
2308 614 2471 645 Thomam

1408 651 1513 681 Prima
1536 651 1713 689 Secundae,
1738 663 1769 694 q.
1786 664 1935 690 xxxm,.a.
1952 664 1984 694 4.

1466 696 1604 732 Quarto.
1622 697 1728 728 Omne
1752 699 1876 729 bonum
1893 705 1939 729 est
1955 699 2081 730 divinae
2105 701 2255 731 bonitatis
2277 702 2469 733 similitudo:

1408 786 1649 825 consequentia.
1675 786 1760 824 Quia
1775 788 1959 818 naturaliter
1974 788 2235 829 unumquodque
2250 790 2284 819 in
2300 799 2359 820 suo
2375 791 2471 821 simili

1408 828 1535 868 gaudet,
1561 831 1651 869 quasi
1675 831 1733 861 sibi
1758 833 1976 862 convenienti:
2000 833 2061 862 nisi
2085 842 2142 873 per
2161 833 2319 870 accidens,
2334 835 2471 875 inquan—

1408 879 1478 903 tum
1495 879 1542 904 est
1557 874 1779 914 impeditivum
1796 877 1944 916 propriae
1959 877 2114 912 utilitatis,
2131 878 2319 917 oppositum
2335 879 2470 910 eveniat.

1464 918 1517 948 VI.
1542 918 1709 956 Quantum
1739 920 1778 950 ad
1807 920 1987 951 secundum
2002 922 2029 956 ⁹,
2054 921 2129 961 quia
2152 922 2238 951 visus
2262 927 2309 952 est
2336 922 2470 953 Sanctus

1409 962 1553 992 Thomas
1576 963 1790 994 indifferenter
1813 965 1860 995 uti
1882 966 2017 995 nomine
2043 965 2160 1006 gaudii
2183 971 2214 996 et
2241 965 2470 1003 delectationis,

1408 1016 1449 1036 ne
1473 1007 1568 1037 huius
1599 1009 1769 1038 occasione
1799 1008 1946 1049 deceptio
1978 1008 2109 1045 accidat,
2134 1009 2273 1040 ostendit
2302 1011 2471 1050 quomodo

1409 1050 1653 1091 distinguantur.
1687 1052 1726 1082 Et
1756 1053 1860 1093 inquit
1893 1053 1982 1094 quod
2013 1053 2252 1094 distinguuntur
2281 1055 2414 1091 ratione,
2446 1056 2472 1086 si

1409 1095 1669 1136 unumquodque
1694 1098 1822 1136 proprie
1845 1103 2002 1128 sumatur:
2026 1107 2102 1128 nam
2125 1097 2294 1129 delectatio
2318 1108 2356 1129 ex
2382 1100 2470 1130 bono

1408 1140 1533 1170 realiter
1556 1141 1731 1171 coniuncto
1755 1143 1911 1181 provenit,
1930 1148 1961 1172 et
1977 1147 2023 1172 est
2039 1141 2078 1172 de
2099 1143 2188 1172 bono
2212 1143 2387 1174 coniuncto
2402 1149 2471 1174 tan-

1409 1189 1492 1220 tum;
1517 1184 1671 1224 gaudium
1690 1192 1798 1216 autem
1822 1192 1868 1216 est
1891 1186 1930 1216 de
1954 1187 2112 1222 exteriori,
2129 1192 2160 1217 et
2176 1186 2215 1218 ad
2230 1188 2298 1218 eius
2314 1189 2471 1219 rationem

1408 1228 1525 1259 sufficit
1548 1229 1617 1259 sola
1640 1230 1795 1269 quietatio
1819 1230 2000 1261 voluntatis.

1462 1272 1598 1304 Videtur
1621 1279 1728 1304 autem
1752 1274 1886 1305 Sanctus
1902 1275 2046 1305 Thomas
2069 1276 2132 1306 hoc
2155 1275 2229 1306 loco
2254 1276 2471 1307 contradicere

1409 1317 1446 1347 iis
1472 1327 1554 1358 quae
1577 1317 1682 1348 Prima
1698 1317 1874 1355 Secundae,
1892 1328 1922 1359 q.
1939 1329 2021 1355 xxxr,
2038 1329 2065 1349 a.
2085 1319 2114 1355 3,
2139 1319 2298 1350 dicuntur.
2322 1320 2369 1350 lbi
2384 1321 2470 1351 enim

1409 1362 1477 1392 vult
1501 1361 1746 1393 delectationem
1771 1372 1838 1393 esse
1862 1373 1962 1403 genus
1985 1363 2103 1403 gaudii,
2120 1373 2253 1404 esseque
2276 1374 2374 1395 omne
2394 1374 2471 1405 gau-

1408 1405 1499 1437 dium
1523 1406 1781 1442 delectationem,
1806 1406 1861 1437 sed
1883 1417 1951 1437 non
1975 1417 1992 1438 e
2017 1413 2142 1438 contra:
2166 1409 2219 1438 hic
2242 1414 2350 1439 autem
2366 1418 2471 1450 oppo-

1409 1451 1506 1482 situm
1530 1450 1655 1481 videtur
1678 1457 1797 1482 tenere.
1821 1452 1905 1482 Nam
1929 1458 1983 1482 aut
2006 1452 2191 1492 intelligitur
2206 1452 2296 1493 quod
2318 1453 2471 1493 gaudium

1409 1496 1449 1526 sit
1472 1495 1512 1526 de
1536 1496 1685 1526 exteriori
1714 1495 1833 1526 solum:
1865 1502 1920 1526 aut
1950 1496 2040 1536 quod
2063 1497 2102 1527 sit
2125 1502 2156 1526 et
2179 1496 2218 1527 de
2241 1498 2418 1528 coniuncto
2441 1504 2472 1529 et

1410 1539 1450 1571 de
1474 1541 1632 1571 exteriori.
1658 1539 1690 1570 Si
1714 1541 1819 1581 primo
1843 1540 1954 1576 modo,
1972 1541 2016 1571 sic
2039 1550 2107 1571 non
2131 1550 2164 1571 se
2188 1541 2305 1572 habent
2329 1542 2410 1573 sicut
2423 1543 2472 1573 in-

1411 1584 1508 1615 ferius
1539 1590 1570 1615 et
1599 1585 1755 1625 superius,
1786 1585 1842 1615 sed
1872 1585 1954 1615 sicut
1984 1595 2021 1616 ex
2053 1585 2204 1626 opposito
2236 1585 2408 1617 condivisa.
2440 1586 2473 1617 Si

1410 1634 1518 1660 autem
1543 1629 1686 1660 secundo
1710 1629 1822 1665 modo,
1845 1629 1999 1669 gaudium
2023 1630 2081 1660 erit
2105 1630 2251 1669 superius
2274 1629 2313 1660 ad
2337 1630 2473 1661 delecta—

1409 1675 1549 1705 tionem:
1575 1674 1681 1704 omnis
1705 1674 1791 1704 enim
1815 1673 1984 1704 delectatio
2015 1674 2073 1704 erit
2102 1673 2266 1714 gaudium,
2291 1675 2366 1714 quia
2389 1674 2474 1706 dele-

1410 1719 1508 1750 ctatio
1532 1724 1579 1749 est
1602 1723 1727 1749 tantum
1751 1718 1791 1749 de
1815 1719 1904 1749 bono
1928 1719 2115 1754 coniuncto,
2132 1718 2285 1758 gaudium
2309 1724 2416 1749 autem
2435 1719 2475 1750 de

1409 1765 1474 1795 hoc
1497 1769 1530 1794 et
1553 1762 1593 1794 de
1617 1764 1779 1799 exteriori3
1804 1772 1871 1793 non
1895 1768 2002 1793 autem
2027 1772 2124 1793 omne
2147 1762 2301 1803 gaudium
2317 1765 2375 1795 erit
2390 1763 2475 1794 dele-

1410 1808 1519 1844 ctatio,
1544 1808 1620 1849 quia
1643 1807 1798 1849 gaudium
1822 1807 1861 1838 de
1885 1808 2033 1838 exteriori
2055 1817 2124 1838 non
2148 1813 2194 1837 est
2224 1806 2403 1844 delectatio,
2426 1817 2475 1838 se-

1410 1852 1556 1884 cundum
1580 1862 1617 1883 ea
1642 1862 1725 1894 quae
1749 1853 1801 1883 hic
1825 1851 1984 1883 dicuntur.

1466 1897 1518 1928 Ad
1541 1897 1637 1928 huius
1662 1896 1854 1928 evidentiam
1871 1896 2138 1927 considerandum
2156 1901 2202 1926 est
2219 1895 2307 1936 quod
2321 1895 2384 1926 hoc
2400 1896 2474 1926 loco

1410 1945 1577 1983 comparat
1600 1941 1736 1973 Sanctus
1759 1941 1904 1972 Thomas
1928 1940 2173 1971 delectationem
2197 1946 2228 1971 et
2249 1939 2403 1980 gaudium
2426 1949 2475 1970 se-

1410 1986 1557 2018 cundum
1580 1986 1671 2027 quod
1694 1993 1868 2026 utrumque
1899 1986 2060 2016 invenitur
2088 1990 2213 2015 tantum
2242 1985 2276 2015 in
2299 1985 2473 2020 voluntate,

1410 2032 1532 2063 scilicet
1555 2031 1735 2062 secundum
1751 2031 1841 2071 quod
1859 2031 2028 2061 nominant
2051 2029 2229 2070 simplicem
2253 2029 2474 2069 operationem

1411 2077 1584 2108 voluntatis
1607 2077 1728 2116 absque
1752 2076 1911 2117 passione.
1936 2075 1977 2105 Et
1999 2084 2074 2105 cum
2097 2074 2202 2114 inquit
2218 2072 2307 2114 quod
2320 2073 2474 2113 gaudium

1411 2127 1458 2152 est
1482 2121 1521 2152 de
1546 2122 1704 2157 exteriori,
1729 2131 1796 2151 non
1821 2126 1868 2151 est
1891 2118 2132 2159 intelligendum
2154 2118 2243 2159 quod
2258 2118 2297 2148 sit
2312 2118 2418 2148 solum
2434 2117 2473 2147 de

1411 2166 1570 2202 exteriori,
1583 2166 1638 2197 sed
1652 2164 1741 2206 quod
1758 2170 1804 2195 est
1820 2170 1850 2195 et
1866 2164 1906 2195 de
1922 2165 2096 2194 coniuncto
2113 2163 2201 2193 bono
2214 2167 2245 2193 et
2256 2162 2295 2192 de
2312 2162 2472 2192 exteriori:

1411 2220 1469 2251 per
1492 2210 1583 2251 quod
1613 2210 1817 2250 distinguitur
1846 2219 1863 2239 a
1894 2208 2116 2243 delectatione,
2141 2216 2222 2247 quae
2253 2212 2299 2236 est
2322 2205 2362 2236 de
2385 2206 2473 2236 bono

1411 2256 1589 2286 coniuncto
1614 2260 1750 2286 tantum.
1774 2254 1863 2284 Patet
1883 2259 1990 2284 autem
2007 2253 2093 2283 hunc
2109 2261 2177 2282 esse
2193 2250 2390 2282 intellectum
2405 2260 2474 2280 ver-

1412 2301 1529 2331 borum
1546 2300 1653 2331 Sancti
1670 2300 1818 2330 Thomae
1834 2308 1872 2329 ex
1887 2299 1925 2329 iis
1942 2307 2024 2337 quae
2047 2297 2221 2336 subiungit,
2237 2295 2369 2325 scilicet:
2385 2295 2474 2325 Deus

1412 2345 1444 2375 in
1461 2345 1565 2386 seipso
1578 2345 1714 2386 proprie
1729 2344 1916 2378 delectatur,
1935 2342 2059 2383 gaudet
2073 2346 2179 2372 autem
2196 2340 2228 2370 in
2244 2349 2278 2370 se
2293 2344 2324 2370 et
2339 2339 2370 2369 in
2388 2339 2475 2370 aliis:

1412 2390 1438 2420 si
1454 2390 1541 2420 enim
1556 2389 1711 2430 gaudium
1729 2394 1811 2419 esset
1826 2387 1865 2418 de
1882 2388 1970 2417 bono
1988 2385 2135 2417 exteriori
2158 2390 2293 2420 tantum,
2309 2393 2376 2414 non
2397 2393 2474 2423 gau-

1412 2433 1501 2464 deret
1524 2434 1557 2464 in
1581 2443 1614 2464 se
1639 2439 1670 2464 et
1692 2434 1724 2463 in
1750 2433 1827 2463 aliis.

1467 2478 1646 2519 Dup11citer
1662 2487 1739 2517 ergo
1755 2486 1927 2517 possumus
1943 2475 2033 2515 loqui
2051 2474 2090 2505 de
2107 2473 2331 2504 delectatione:
2355 2472 2474 2502 scilicet

1411 2529 1467 2553 aut
1489 2522 1669 2553 secundum
1693 2521 1783 2562 quod
1807 2526 1854 2551 est
1876 2529 2051 2550 commune
2071 2518 2150 2558 quid
2172 2517 2374 2548 delectationi
2391 2525 2472 2556 quae

1411 2573 1458 2598 est
1481 2567 1616 2607 simplex
1647 2567 1792 2606 operatio
1815 2565 1998 2600 voluntatis,
2023 2569 2054 2593 et
2081 2561 2284 2593 delectationi
2313 2569 2396 2601 quae
2427 2565 2473 2590 est

1411 2613 1516 2652 passio
1541 2612 1701 2652 appetitus
1724 2610 1878 2644 sensitivi;
1903 2614 1958 2638 aut
1988 2606 2166 2637 secundum
2190 2605 2279 2645 quod
2301 2605 2334 2635 in
2357 2604 2471 2635 volun-

1410 2662 1473 2686 tate
1504 2661 1628 2686 tantum
1659 2655 1825 2694 reperitur,
1849 2657 1885 2683 ut
1914 2652 2035 2682 scilicet
2063 2651 2209 2680 nominat
2238 2649 2469 2689 quietationem

1410 2700 1582 2731 voluntatis
1598 2700 1630 2730 in
1647 2699 1746 2729 bono.
1771 2697 1803 2728 Si
1826 2697 1931 2737 primo
1954 2695 2055 2726 modo
2071 2694 2253 2734 accipiatur,
2269 2693 2314 2723 sic
2330 2697 2376 2722 est
2391 2691 2469 2732 quid

1410 2745 1556 2785 superius
1573 2743 1611 2774 ad
1627 2742 1792 2783 gaudium,
1817 2747 1848 2772 et
1869 2740 2023 2781 gaudium
2047 2745 2093 2769 est
2116 2739 2184 2769 eius
2208 2738 2338 2777 species,
2355 2745 2469 2766 secun-

1410 2789 1488 2819 dum
1511 2789 1721 2823 Avicennam,
1744 2788 1778 2817 in
1801 2786 1882 2816 libro
1898 2794 1958 2815 suo
1978 2784 2017 2814 de
2032 2783 2148 2813 Anima
2163 2783 2193 2812 *z
2219 2782 2294 2821 quia
2316 2779 2468 2821 gaudium

1409 2835 1571 2864 invenitur
1597 2832 1704 2863 solum
1731 2832 1764 2862 in
1795 2830 1984 2861 habentibus
2013 2828 2180 2862 rationem,
2205 2831 2251 2856 est
2274 2826 2359 2856 enim
2382 2823 2467 2854 dele-

1409 2879 1505 2908 ctatio
1537 2886 1740 2917 consequens
1769 2876 1940 2909 rationem;
1971 2872 2140 2902 delectatio
2171 2875 2278 2901 autem
2309 2869 2468 2899 invenitur

1409 2923 1506 2952 etiam
1522 2922 1554 2952 in
1571 2922 1681 2957 brutis,
1698 2921 1730 2950 in
1747 2920 1863 2959 quibus
1886 2927 1952 2948 non
1977 2922 2023 2946 est
2045 2914 2208 2956 gaudium.
2233 2914 2273 2944 Et
2288 2913 2351 2943 hoc
2366 2911 2466 2942 modo

1409 2967 1537 2997 locutus
1554 2971 1600 2996 est
1615 2965 1750 2996 Sanctus
1763 2963 1906 2994 Thomas
1921 2962 1954 2991 in
1970 2961 2075 2990 Prima
2087 2957 2262 2990 Secundae.
2275 2975 2296 2979 —
2312 2956 2345 2987 Si
2360 2961 2467 2986 autem

1409 3011 1583 3051 accipiatur
1607 3008 1749 3040 secundo
1765 3007 1875 3042 modo,
1893 3006 1937 3036 sic
1952 3003 2104 3045 gaudium
2128 3007 2175 3033 est
2198 3001 2342 3042 superius
2358 2999 2397 3030 ad
2413 2999 2467 3030 de-

1409 3056 1629 3086 lectationem:
1655 3054 1730 3093 quia
1754 3058 1801 3082 est
1823 3057 1855 3082 et
1877 3050 1917 3080 de
1943 3050 2031 3079 bono
2063 3048 2237 3078 coniuncto
2262 3051 2293 3075 et
2315 3044 2355 3075 de
2378 3044 2466 3074 bono

1410 3106 1570 3135 extraneo,
1588 3097 1756 3128 delectatio
1774 3101 1881 3126 autem
1898 3099 1944 3124 est
1959 3093 1998 3123 de
2014 3092 2189 3122 coniuncto
2205 3095 2340 3119 tantum.
2352 3088 2393 3118 Et
2403 3088 2467 3118 hoc

1410 3143 1510 3174 modo
1526 3143 1680 3174 intellexit
1701 3142 1764 3171 hoc
1779 3141 1864 3170 loco.
1880 3157 1903 3160 -
1918 3136 2011 3168 Unde
2034 3135 2121 3166 nulla
2141 3139 2187 3164 est
2203 3132 2421 3164 contradictio.

1466 3187 1566 3226 Quod
1596 3192 1703 3216 autem
1734 3184 1848 3215 dicitur
1877 3182 1981 3212 Prima
2011 3178 2186 3213 Secundae,
2212 3187 2242 3217 q.
2266 3187 2359 3212 xxxn,
2383 3185 2410 3205 a.
2437 3175 2466 3225 ξ,

1410 3233 1554 3263 actiones
1576 3231 1718 3261 aliorum
1742 3238 1810 3259 esse
1832 3227 1922 3257 nobis
1945 3223 2165 3255 delectationis
2187 3231 2328 3255 causam,
2351 3219 2467 3250 intelll-

1409 3276 1552 3317 gendum
1568 3282 1615 3305 est
1630 3275 1670 3305 de
1686 3273 1896 3304 delectatione
1912 3268 2125 3300 communiter
2140 3271 2276 3305 sumpta,
2289 3263 2467 3295 secundum

1411 3321 1501 3361 quod
1524 3320 1668 3350 continet
1697 3318 1756 3348 sub
1785 3326 1819 3346 se
1848 3314 2014 3355 gaudium:
2046 3320 2114 3341 non
2137 3316 2244 3340 autem
2268 3308 2307 3339 de
2330 3308 2467 3339 delecta-

1410 3367 1499 3396 tione
1516 3373 1597 3404 quae
1613 3363 1672 3393 sub
1688 3360 1805 3402 gaudio
1823 3359 2013 3392 continetur,
2027 3355 2066 3386 de
2082 3364 2145 3395 qua
2161 3353 2298 3384 diximus
2313 3353 2377 3382 hoc
2392 3352 2467 3382 loco

1411 3417 1595 3439 sermonem
1619 3406 1737 3437 haberi.

2497 923 2507 932 ·
2522 922 2556 944 cf.
2571 922 2622 944 init.
2640 922 2711 944 Com-

2498 953 2568 971 ment.

2495 2785 2504 2794 ·
2512 2781 2618 2809 Pamlv,
2627 2788 2677 2810 cap.
2684 2788 2704 2803 ν.
