2768 4134
35 2483 44 2492 ·
59 2482 114 2504 Loc.
131 2483 168 2504 cit.

276 265 352 301 236

274 346 313 376 sit
337 354 374 374 ex
398 341 623 382 suppositione
646 344 773 369 tantum
797 336 888 377 quod
911 335 992 367 illud
1015 336 1064 372 sit,
1082 336 1158 376 quia
1175 344 1244 365 non
1265 339 1349 365 stant

273 388 369 420 simul
393 385 483 427 quod
506 385 595 415 Deus
618 383 694 413 velit
717 381 797 413 illud
821 382 948 412 evenire
973 386 1005 411 et
1027 390 1095 411 non
1119 380 1256 415 eveniat,
1280 388 1349 409 non

274 438 381 464 autem
405 429 566 465 absolute3
598 437 667 458 non
698 431 828 467 oportet
858 436 896 456 ex
920 425 1087 456 voluntate
1118 424 1179 455 Dei
1207 434 1226 454 a
1252 424 1349 454 rebus

274 474 528 515 contingentiam
552 472 676 503 tollere.

330 521 359 551 3.
374 519 468 550 Circa
482 518 571 548 illam
587 516 859 557 propositionem,
873 515 948 545 Non
965 514 1121 555 sequitur,
1138 513 1167 544 si
1182 513 1272 543 Deus
1287 512 1349 542 ali-

272 565 350 607 quid
365 564 451 598 velit,
468 561 556 603 quod
579 561 662 592 illud
684 560 724 591 de
747 560 935 591 necessitate
958 558 1094 594 eveniat,
1112 557 1242 588 adverte
1258 557 1349 598 quod

272 611 305 651 ly
329 619 370 639 ex
394 607 582 638 necessitate
604 610 712 646 potest
739 614 773 635 se
800 611 910 635 tenere
939 613 978 634 ex
1007 608 1096 643 parte
1120 602 1349 633 conditionalis

273 660 305 686 et
328 652 594 692 consequentiae:
619 655 651 681 et
674 655 783 690 potest
805 649 907 680 teneri
931 658 970 679 ex
994 653 1083 688 parte
1107 647 1347 687 consequentis.

272 699 381 732 Primo
405 696 518 732 modo,
534 705 647 727 sensus
670 700 754 725 esset
776 693 868 734 quod
889 693 948 723 ista
972 691 1200 723 conditionalis
1215 701 1286 722 non
1301 696 1349 722 est

272 743 461 777 necessaria,
477 741 513 772 Si
529 741 619 771 Deus
641 739 766 780 aliquid
789 739 859 769 vult
881 737 1018 772 evenire,
1044 736 1127 767 illud
1149 736 1282 767 eveniet.
1307 736 1349 766 Et

273 794 352 820 tunc
382 786 461 817 falsa
491 791 539 817 est
568 784 761 826 propositio.
793 783 898 813 Immo
930 782 1007 812 dicit
1038 781 1174 812 Sanctus
1202 781 1348 811 Thomas

272 834 376 873 ipsam
407 829 660 862 conditionalem
692 838 760 859 esse
790 827 1017 858 necessariam:
1048 835 1125 856 nam
1156 826 1348 866 oppositum

274 876 503 917 consequentis
518 884 586 905 non
602 878 662 904 stat
678 882 754 903 cum
778 871 998 907 antecedente,
1016 875 1149 911 propter
1172 869 1348 901 efficaciam

274 922 402 953 divinae
426 920 611 951 voluntatis.

330 964 482 997 Secundo
506 963 619 999 modo,
636 971 748 993 sensus
765 966 813 991 est
829 959 919 1001 quod
936 969 1141 999 consequens
1164 959 1256 996 illud,
1272 959 1349 990 Hoc

274 1011 406 1046 eveniet,
423 1019 492 1040 non
509 1014 556 1039 est
572 1009 605 1038 in
626 1017 659 1037 se
679 1006 896 1037 necessarium
912 1004 1070 1035 absolute.
1095 1004 1137 1035 Et
1159 1005 1212 1035 hic
1235 1013 1349 1035 sensus

274 1062 322 1087 est
345 1064 449 1090 verus,
474 1059 505 1084 et
528 1053 580 1083 hic
603 1052 746 1082 intentus
770 1060 788 1080 a
811 1050 931 1081 Sancto
948 1049 1088 1080 Thoma.
1113 1049 1190 1080 Non
1206 1050 1294 1080 enim
1310 1058 1349 1080 ex

274 1110 314 1131 eo
340 1098 431 1139 quod
454 1098 543 1128 Deus
567 1096 635 1127 vult
658 1095 891 1126 Antichristum
915 1093 996 1130 fore,
1014 1094 1160 1134 sequitur
1175 1093 1267 1135 quod
1285 1094 1349 1124 hoc

274 1144 421 1175 absolute
444 1143 484 1173 sit
506 1141 734 1175 necessarium,
759 1138 977 1170 Antichristus
1001 1139 1072 1169 erit.

329 1186 573 1219 Advertendum
590 1186 687 1216 etiarn
703 1184 794 1225 quod
811 1184 874 1214 hoc
889 1189 937 1214 est
954 1183 1202 1224 intelligendum
1219 1183 1259 1214 de
1275 1188 1350 1214 actu

273 1233 449 1264 voluntatis
471 1237 508 1262 ut
530 1230 693 1261 terminari
716 1230 849 1270 ponitur
872 1228 912 1259 ad
935 1238 1005 1259 rem
1028 1228 1163 1259 volitam
1187 1228 1349 1259 absolute:

274 1287 342 1309 non
365 1283 474 1307 autem
505 1276 531 1306 si
561 1274 680 1310 modus
711 1273 908 1305 necessitatis
937 1279 1079 1314 ponatur
1101 1273 1231 1304 volitus.
1259 1273 1351 1304 Licet

275 1323 362 1353 enirn
378 1331 445 1352 non
461 1325 624 1360 sequatur,
643 1319 733 1349 Deus
749 1319 819 1349 vult
840 1318 983 1359 eclipsim
1002 1318 1083 1349 solis
1099 1318 1238 1354 evenire,
1255 1318 1350 1360 Ergo

275 1366 456 1398 necessario
481 1364 613 1400 eveniet,
638 1364 716 1405 quia
738 1364 798 1394 ista
821 1364 1055 1404 consequentia
1079 1362 1232 1394 fundatur
1254 1372 1352 1404 super

274 1412 351 1443 falsa
373 1411 434 1442 hac
457 1410 694 1451 propositione,
722 1407 826 1439 Omne
847 1408 934 1449 quod
950 1408 1020 1438 vult
1034 1408 1124 1438 Deus
1140 1408 1279 1444 evenire,
1297 1417 1353 1438 ue-

274 1456 416 1488 cessario
437 1454 578 1486 eveniet:
600 1454 684 1484 bene
703 1459 812 1484 tamen
835 1453 991 1493 sequitur,
1008 1453 1099 1483 Deus
1119 1453 1189 1483 vult
1208 1452 1351 1494 eclipsim

275 1500 458 1532 necessario
482 1499 620 1534 evenire,
644 1498 739 1540 Ergo
764 1497 947 1529 necessario
971 1497 1104 1528 eveniet.

332 1546 384 1576 lx.
409 1544 472 1576 Sed
496 1544 632 1575 dubium
657 1542 884 1574 difficillimum
907 1543 1058 1574 occurrit.
1087 1542 1240 1573 Admisso
1264 1542 1352 1573 enim

276 1590 367 1631 quod
390 1599 428 1621 ex
451 1589 619 1619 voluntate
643 1588 705 1618 Dei
727 1597 796 1618 non
819 1593 974 1628 sequatur
1003 1587 1176 1618 necessitas
1205 1587 1353 1618 absoluta

275 1636 309 1667 in
332 1635 443 1671 rebus;
467 1634 581 1670 immo,
606 1642 683 1663 cum
706 1632 771 1663 hoc
794 1632 886 1673 quod
905 1641 956 1663 res
971 1637 1020 1663 est
1034 1631 1135 1663 volita
1150 1642 1168 1662 a
1183 1632 1266 1668 Deo,
1283 1632 1352 1672 ipsa

276 1690 325 1711 res
348 1683 478 1710 maneat
500 1679 534 1709 in
558 1688 592 1709 se
616 1677 819 1718 contingens,
835 1678 876 1708 sit
898 1682 1006 1707 tamen
1027 1677 1206 1707 necessaria
1222 1686 1260 1707 ex
1276 1686 1353 1717 sup-

276 1725 452 1766 positione:
477 1722 604 1754 videtur
627 1721 719 1762 quod
741 1722 855 1753 saltem
878 1731 1084 1762 consequens
1106 1722 1147 1752 sit
1170 1721 1355 1752 inevitabile

278 1775 309 1800 et
325 1768 523 1799 immutabile
529 1774 541 1804 ,⁸
559 1773 591 1798 et
607 1772 846 1807 consequenter
861 1766 951 1807 quod
966 1766 1117 1797 voluntas
1133 1765 1241 1796 divina
1255 1767 1354 1797 talem

276 1814 500 1846 necessitatem
523 1813 619 1843 rebus
642 1812 749 1842 volitis
771 1812 920 1852 imponat
943 1821 1028 1852 quae
1051 1816 1083 1842 et
1109 1811 1247 1842 liberum
1271 1811 1354 1842 arbi-

276 1859 373 1890 trium
398 1863 430 1889 et
452 1867 552 1888 omne
576 1857 748 1887 consilium
770 1856 871 1887 tollat.
895 1855 1038 1894 Quando
1055 1856 1143 1886 enim
1159 1855 1282 1896 aliquid
1296 1865 1353 1886 ne-

277 1903 415 1934 cessario
440 1901 603 1942 dependet
626 1911 664 1931 ex
687 1901 798 1941 aliquo
823 1900 1044 1937 antecedente,
1060 1901 1087 1931 si
1103 1900 1298 1931 antecedens
1313 1901 1354 1931 sit

276 1947 470 1982 inevitabile,
496 1951 527 1976 et
551 1955 756 1986 consequens
783 1945 985 1976 immutabile
1017 1950 1048 1975 et
1075 1944 1259 1975 inevitabile
1283 1945 1352 1981 erit,

277 1997 308 2023 et
322 1991 443 2022 idcirco
460 1990 586 2021 fatuum
603 1995 650 2020 est
667 1990 777 2020 conari
794 1995 830 2020 ut
845 1999 912 2020 non
929 1990 1070 2020 eveniat:
1091 1989 1184 2024 sicut,
1201 1989 1226 2019 si
1243 1988 1353 2020 Sortes

275 2046 344 2067 non
360 2040 470 2076 posset
482 2035 598 2065 mutari
614 2044 632 2064 a
645 2043 751 2070 cursu,
765 2044 825 2065 nec
838 2035 935 2065 etiam
951 2034 1069 2065 mutari
1081 2039 1192 2074 posset
1208 2043 1227 2064 a
1242 2039 1351 2070 motu;

276 2087 308 2112 et
330 2080 456 2111 fatuum
481 2085 564 2110 esset
587 2079 669 2109 velle
697 2079 808 2109 conari
838 2085 874 2109 ut
897 2079 1006 2110 Sortes
1029 2088 1099 2109 non
1122 2083 1303 2115 moveatur,
1326 2079 1352 2109 si

275 2135 343 2157 non
367 2130 474 2165 potest
497 2134 516 2154 a
539 2133 635 2155 cursu
660 2133 793 2154 cessare.
819 2123 906 2155 Cum
923 2133 1001 2164 ergo
1018 2122 1126 2154 divina
1141 2123 1293 2154 voluntas
1312 2123 1353 2154 sit

275 2169 494 2205 immutabilis,
518 2169 665 2209 sequitur
689 2168 780 2209 quod
803 2169 941 2199 volitum
965 2178 983 2199 a
1007 2168 1079 2199 Deo
1095 2168 1297 2199 immutabile
1313 2168 1353 2199 sit

276 2220 308 2246 et
323 2213 516 2245 inevitabile.
534 2213 574 2244 Et
590 2223 647 2254 per
663 2222 869 2253 consequens
885 2213 1011 2244 fatuum
1028 2218 1075 2244 est
1091 2213 1267 2244 sollicitum
1283 2222 1353 2244 esse

275 2259 315 2290 ad
338 2258 605 2300 prosequendum
633 2258 724 2298 quod
752 2258 842 2289 Deus
865 2258 934 2289 vult
962 2267 1030 2289 non
1058 2267 1138 2294 esse,
1163 2263 1219 2289 aut
1241 2259 1353 2289 conari

276 2304 316 2335 ad
339 2304 529 2344 oppositum
555 2303 623 2334 eius
647 2302 738 2343 quod
754 2303 824 2334 vult
839 2302 986 2334 futurum
1003 2312 1081 2334 esse.
1107 2303 1148 2334 Et
1167 2303 1214 2334 sic
1230 2303 1353 2334 tollitur

276 2349 383 2380 omnis
407 2349 548 2379 humana
572 2347 769 2379 sollicitudo.

331 2394 370 2424 X.
395 2392 446 2424 Ad
470 2392 666 2424 evidentiam
689 2393 786 2424 huius
810 2392 900 2423 dubii
925 2391 1208 2427 considerandum,
1232 2402 1270 2423 ex
1294 2392 1353 2423 do·

276 2439 376 2469 ctrina
401 2438 507 2469 Sancti
532 2437 682 2468 Thomae
705 2437 812 2468 Prima
835 2437 939 2473 Parte,
964 2446 996 2477 q.
1012 2447 1075 2472 xxx,
1094 2446 1121 2467 a.
1136 2437 1167 2472 8,
1185 2442 1216 2467 et
1231 2446 1263 2478 q.
1277 2447 1352 2473 xxn,

275 2493 303 2514 a.
319 2493 351 2523 4,
368 2482 408 2514 ad
425 2490 452 2518 1,
470 2487 502 2513 et
513 2482 556 2512 Vl
570 2482 712 2523 Metaph.
725 2483 752 2518 ⁹,
771 2481 872 2523 quod,
890 2491 966 2512 cum
983 2482 1073 2513 Deus
1089 2491 1240 2522 suprema
1257 2491 1352 2513 causa

275 2529 324 2563 sit,
342 2528 395 2558 cui
411 2537 526 2558 omnes
543 2527 623 2558 aliae
640 2536 766 2563 causae,
784 2532 815 2558 et
837 2527 1036 2558 necessariae
1061 2532 1093 2557 et
1115 2527 1352 2567 contingentes,

275 2573 504 2607 subiiciuntur;
530 2571 711 2603 secundum
735 2571 826 2612 quod
850 2571 994 2613 disponit
1016 2577 1053 2602 ut
1076 2571 1199 2612 aliquid
1215 2572 1352 2607 eveniat,

275 2618 318 2648 ita
334 2617 477 2657 disponit
500 2616 673 2657 quomodo
698 2616 813 2647 debeat
836 2616 966 2647 evenire
990 2621 1021 2647 et
1045 2616 1164 2656 quibus
1183 2626 1221 2647 ex
1237 2617 1352 2648 causis.

276 2662 330 2693 Illa
347 2662 434 2693 enim
451 2671 535 2702 quae
551 2661 620 2692 vult
635 2662 818 2692 necessario
843 2666 874 2692 et
897 2660 1105 2692 infallibiliter
1128 2661 1267 2697 evenire,
1283 2661 1354 2692 vult

275 2716 332 2748 per
347 2716 457 2738 causas
473 2707 667 2737 necessarias
683 2706 812 2737 evenire
829 2711 860 2737 et
875 2705 1071 2737 infallibiles:
1089 2716 1126 2737 ea
1143 2711 1252 2737 autem
1269 2715 1353 2747 quae

274 2751 342 2782 vult
366 2751 537 2782 fallibiliter
566 2756 598 2782 et
626 2751 852 2792 contingenter
875 2751 1014 2787 evenire,
1039 2750 1108 2781 vult
1131 2751 1260 2782 evenire
1283 2761 1352 2782 me-

275 2795 436 2827 diantibus
453 2796 522 2827 aliis
538 2796 642 2827 causis
659 2796 923 2837 contingentibus
939 2801 972 2826 et
987 2794 1187 2831 fallibilibus;
1205 2796 1288 2827 sicut
1303 2806 1352 2828 se-

275 2846 385 2881 getum
405 2841 535 2881 copiam
558 2840 721 2872 mediante
741 2841 885 2872 aratione
903 2845 1005 2871 terrae
1027 2846 1058 2871 et
1076 2841 1239 2872 seminum
1255 2841 1351 2872 iactu.

275 2885 380 2922 Unde,
405 2886 482 2926 quia
506 2884 639 2916 effectus
663 2886 702 2916 ab
726 2886 880 2916 omnibus
908 2885 974 2916 suis
1002 2886 1106 2916 causis
1130 2885 1302 2926 dependet,
1327 2887 1352 2917 si

275 2940 370 2961 causa
398 2930 540 2961 secunda
570 2940 637 2961 non
661 2936 812 2971 ponatur,
837 2929 971 2961 effeetus
994 2939 1063 2961 non
1087 2936 1250 2971 sequetur.
1274 2931 1353 2962 Pro-

711 259 900 296 SUMMA
929 257 1151 295 CONTRA
1180 256 1457 303 GENTILES,
1489 255 1600 293 CAP.
1621 257 1815 305 LXXXV,
1834 258 2043 295 LXXXVI.

1402 339 1522 375 pterea,
1540 335 1566 366 si
1582 334 1698 366 debeat
1712 337 1807 377 sequi
1827 337 1961 369 effectus
1984 347 2002 368 a
2026 337 2098 368 Deo
2121 337 2241 367 volitus
2263 336 2481 368 mediantibus

1403 379 1564 419 aliquibus
1588 381 1703 416 causis,
1727 387 1859 421 oportet
1887 388 1924 413 ut
1954 381 2028 413 illae
2058 391 2174 412 causae
2201 387 2380 422 ponantur:
2405 383 2482 423 quia

1403 429 1560 454 statutum
1583 430 1631 455 est
1654 431 1691 455 ut
1713 425 1775 456 illis
1797 431 1925 457 tantum
1950 426 2169 458 mediantibus
2197 426 2334 457 eveniat.
2358 426 2481 458 Fatuus

1403 468 1491 499 enim
1515 474 1599 499 esset
1622 469 1680 509 qui
1694 469 1792 500 vellet
1815 477 1949 511 segetes,
1974 477 2006 502 et
2028 480 2143 511 agrum
2165 470 2268 501 nollet
2290 480 2390 506 arare,
2408 472 2481 502 nol-

1403 513 1514 553 letque
1537 518 1639 544 terrae
1662 513 1815 545 mandare
1838 516 1977 552 semina;
2002 522 2058 547 aut
2081 516 2139 556 qui
2163 514 2287 546 fructus
2301 515 2408 552 vellet,
2433 526 2481 546 ar-

1403 558 1498 588 bores
1521 563 1632 589 autem
1654 558 1792 598 plantari
1813 559 1931 597 nollet;
1962 566 2018 591 aut
2041 561 2099 601 qui
2121 560 2218 591 vellet
2244 560 2367 600 absque
2393 560 2481 591 solli-

1402 602 1547 633 citudine
1570 602 1763 643 locupletari
1786 612 1825 634 ex
1847 606 2058 636 mercatione.

1458 647 1585 678 Dicitur
1609 657 1686 688 ergo
1709 648 1827 688 primo,
1845 649 1936 688 quod
1959 649 2067 680 divina
2089 649 2241 681 voluntas
2256 654 2400 680 nostram
2416 648 2481 679 sol-

1401 691 1604 723 licitudinem
1619 701 1689 723 non
1703 692 1804 723 tollit:
1829 693 1907 733 quia
1921 693 1968 724 sic
1981 694 2091 735 aliqua
2105 694 2175 725 vult
2193 694 2289 725 nobis
2310 694 2481 735 provenire

1402 741 1439 766 ut
1465 742 1579 767 nostro
1610 736 1719 767 studio
1749 742 1925 778 nostraque
1954 738 2173 770 sollicitudine
2203 739 2421 779 acquirantur,
2449 743 2482 769 et

1403 782 1630 822 contingenter
1654 782 1813 812 eveniant.
1838 781 1940 820 Quod
1963 782 1991 812 si
2012 792 2082 813 non
2099 782 2165 819 fiat,
2183 783 2316 814 effectus
2339 793 2409 814 non
2432 792 2481 814 se-

1403 831 1532 866 quetur.
2042 854 2044 856 .

1458 870 1584 901 Dicitur
1607 869 1765 907 secundo,
1789 870 1881 911 quod
1904 870 2031 902 fatuum
2055 876 2139 902 esset
2162 872 2273 903 conari
2295 871 2335 902 ad
2358 872 2423 903 hoc
2446 877 2482 902 ut

1403 914 1526 956 aliquid
1541 915 1638 946 simul
1654 916 1694 946 sit
1708 915 1848 946 volitum
1864 925 1882 946 a
1901 915 1986 952 Deo,
2010 920 2042 946 et
2065 921 2174 946 tamen
2198 916 2268 947 eius
2290 917 2482 957 oppositum

1402 959 1468 996 fiat,
1492 960 1576 991 sicut
1599 959 1690 1001 quod
1713 960 1803 991 Deus
1826 960 1903 991 velit
1925 965 2066 991 mortem
2082 960 2219 991 alicuius
2234 965 2267 991 et
2281 961 2372 1001 quod
2393 970 2482 992 mors

1402 1014 1472 1035 non
1487 1005 1629 1036 eveniat:
1647 1014 1725 1036 cum
1739 1004 1849 1036 nullus
1861 1004 2039 1036 efficaciam
2051 1004 2179 1036 divinae
2190 1005 2366 1036 voluntatis
2380 1006 2483 1046 possit

1403 1048 1571 1090 impedire.
1595 1049 1672 1080 Non
1687 1055 1797 1080 tamen
1814 1054 1862 1080 est
1876 1049 2003 1081 fatuum
2019 1050 2131 1080 conari
2147 1049 2187 1080 ad
2206 1050 2399 1090 oppositum
2413 1050 2483 1081 eius

1404 1093 1495 1134 quod
1511 1094 1600 1125 Deus
1616 1094 1696 1131 vult,
1712 1099 1792 1135 puta
1815 1094 1856 1125 ad
1879 1095 1978 1126 vitam
2002 1095 2072 1126 eius
2095 1095 2189 1126 cuius
2205 1094 2295 1125 Deus
2309 1094 2380 1126 vult
2394 1103 2483 1125 mor-

1403 1144 1485 1170 tem:
1517 1139 1595 1179 quia
1624 1138 1715 1170 Deus
1738 1138 1808 1170 vult
1836 1139 1934 1170 huius
1963 1144 2105 1170 mortem
2135 1139 2308 1180 provenire
2338 1149 2357 1170 a
2386 1148 2484 1170 causa

1404 1183 1607 1224 contingenti
1638 1189 1671 1214 et
1699 1183 1895 1224 impedibili3
1925 1193 1995 1215 non
2018 1189 2066 1215 est
2089 1189 2198 1215 autem
2221 1183 2349 1214 fatuum
2372 1184 2484 1214 conari

1404 1228 1446 1259 ad
1472 1228 1746 1269 impedimentum
1775 1228 1861 1259 illius
1891 1238 2007 1260 causae
2037 1238 2123 1269 quae
2153 1229 2302 1260 absolute
2332 1228 2484 1270 impediri

1404 1278 1522 1314 potest,
1547 1278 1579 1304 et
1601 1282 1661 1313 per
1683 1282 1890 1313 consequens
1913 1273 1954 1304 ad
1977 1274 2169 1314 oppositum
2193 1273 2356 1305 effectum.

1462 1327 1492 1348 2.
1506 1317 1540 1349 Si
1555 1323 1666 1350 autem
1681 1318 1817 1349 instetur
1833 1318 1921 1358 quia,
1933 1318 2009 1350 licet
2025 1328 2121 1350 causa
2136 1319 2251 1349 mortis
2265 1319 2306 1350 sit
2322 1327 2418 1349 causa
2433 1327 2483 1349 se-

1405 1362 1551 1394 cundum
1567 1372 1602 1394 se
1617 1362 1824 1404 impedibilis,
1841 1363 1868 1393 si
1882 1369 1993 1394 tamen
2008 1363 2078 1394 vult
2101 1363 2191 1394 Deus
2213 1363 2307 1394 illum
2330 1362 2483 1394 effectum

1405 1408 1535 1439 evenire
1558 1417 1617 1449 per
1638 1407 1728 1438 illam
1751 1417 1893 1444 causam,
1917 1408 1987 1448 ipsa
2011 1407 2051 1439 de
2075 1407 2162 1439 facto
2186 1417 2254 1439 non
2277 1406 2483 1449 impedietur,

1405 1458 1539 1494 propter
1554 1451 1731 1483 efficaciam
1748 1452 1875 1483 divinae
1890 1452 2081 1484 voluntatis:
2097 1470 2120 1476 —
2133 1452 2251 1484 dicitur
2262 1451 2353 1493 quod
2368 1452 2484 1493 utique

1405 1507 1474 1528 non
1497 1497 1708 1538 impedietur:
1734 1497 1791 1528 sed
1814 1503 1934 1534 tamen,
1951 1497 2028 1538 quia
2048 1498 2118 1529 vult
2140 1498 2230 1528 Deus
2253 1503 2290 1528 ut
2311 1496 2485 1528 fallibiliter

1407 1548 1438 1573 et
1464 1542 1693 1583 impedibiliter
1723 1542 1763 1573 ab
1794 1542 1848 1573 illa
1877 1543 2047 1583 proveniat
2077 1542 2221 1579 effectus,
2244 1541 2427 1573 secundum
2449 1551 2485 1573 se

1405 1593 1518 1628 posset
1539 1586 1698 1628 impediri.
1723 1587 1765 1618 Et
1788 1586 1864 1618 ideo
1886 1587 1943 1628 qui
1963 1586 2004 1618 ad
2019 1588 2084 1618 hoc
2100 1593 2247 1624 conatur,
2262 1596 2332 1618 non
2348 1591 2486 1618 conatur

1405 1631 1447 1663 ad
1469 1631 1682 1672 impossibile,
1705 1630 1763 1663 sed
1786 1631 1827 1662 ad
1849 1632 2018 1672 possibile:
2042 1632 2118 1663 licet
2139 1633 2301 1663 intentum
2320 1641 2389 1662 non
2404 1640 2484 1662 con-

1406 1682 1568 1718 sequatur.
1586 1676 1643 1707 Illa
1659 1677 1747 1707 enim
1763 1677 1956 1717 propositio,
1972 1676 2114 1708 Fatuum
2131 1681 2179 1708 est
2192 1676 2311 1708 conari
2325 1675 2369 1707 ad
2385 1685 2485 1718 oppo-

1405 1721 1502 1752 situm
1527 1721 1597 1752 eius
1620 1721 1708 1762 quod
1730 1720 1821 1752 Deus
1844 1721 1914 1752 vult
1925 1721 2085 1763 futurum
2102 1731 2180 1758 esse,
2198 1726 2245 1752 est
2261 1720 2394 1762 quidem
2409 1729 2485 1752 vera

1405 1767 1439 1796 in
1456 1775 1552 1797 sensu
1569 1766 1770 1806 composito:
1791 1775 1904 1797 sensus
1920 1767 2008 1796 enim
2029 1772 2077 1797 est
2091 1765 2184 1807 quod
2206 1765 2334 1798 fatuum
2357 1770 2405 1796 est
2428 1774 2484 1797 co-

1406 1811 1476 1842 nari
1499 1810 1539 1841 ad
1562 1811 1627 1841 hoc
1650 1816 1758 1841 totum
1781 1811 1889 1847 simul,
1914 1810 2005 1851 quod
2029 1810 2152 1851 aliquid
2167 1812 2207 1842 sit
2222 1811 2361 1842 volitum
2377 1820 2396 1841 a
2410 1810 2484 1842 Deo

1407 1861 1439 1886 et
1453 1855 1535 1886 illud
1550 1865 1619 1886 non
1635 1855 1772 1886 eveniat.
1797 1855 1854 1886 Est
1876 1861 1987 1886 autem
2010 1854 2088 1886 falsa
2110 1856 2145 1886 in
2167 1865 2266 1886 sensu
2289 1855 2404 1886 diviso.
2427 1855 2486 1887 Est

1407 1900 1495 1930 enirn
1511 1909 1625 1931 sensus
1641 1899 1742 1940 quod,
1755 1905 1891 1940 accepto
1907 1899 2019 1940 aliquo
2035 1899 2138 1931 volito
2155 1909 2173 1930 a
2189 1899 2273 1937 Deo,
2284 1905 2366 1940 puta
2379 1905 2486 1932 morte
2518 1895 2521 1897 ⁵

1407 1944 1519 1980 Sortis‚
1535 1943 1663 1975 fatuum
1686 1949 1734 1975 est
1757 1945 1869 1975 conari
1893 1943 1934 1975 ad
1957 1944 2027 1975 eius
2051 1944 2253 1985 oppositum.
2277 1943 2352 1975 Hoc
2375 1949 2485 1976 autem

1407 1988 1524 2020 falsum
1548 1994 1610 2020 est:
1642 1989 1719 2029 quia
1748 1989 1852 2029 ipsam
1882 1994 2023 2020 mortem
2049 1989 2119 2020 vult
2145 1989 2236 2020 Deus
2262 1987 2487 2021 defectibilitet

1407 2034 1550 2070 evenire;
1575 2038 1608 2064 et
1629 2043 1688 2075 per
1711 2042 1928 2074 consequens,
1944 2034 1970 2064 si
1987 2039 2124 2065 conatur
2139 2034 2212 2075 quis
2227 2033 2350 2072 adhoc
2364 2038 2402 2065 ut
2415 2042 2486 2065 non

1407 2079 1544 2115 eveniat,
1567 2088 1636 2110 non
1663 2077 1751 2109 fatue
1778 2084 1941 2119 operatur,
1965 2083 2082 2119 utpote
2104 2078 2145 2110 ad
2171 2078 2374 2120 impossibile
2395 2078 2487 2110 labo—

1406 2133 1493 2160 rans;
1517 2124 1621 2155 immo
1653 2129 1791 2155 conatur
1820 2123 1861 2155 ad
1889 2123 1923 2154 id
1947 2123 2039 2164 quod
2061 2129 2170 2164 potest
2192 2133 2261 2155 non
2284 2123 2414 2155 evenire
2434 2133 2494 2155 ae·-

1407 2167 1553 2200 cundum
1577 2178 1622 2199 se.

1465 2213 1494 2244 3.
1520 2213 1625 2249 Unde,
1644 2213 1672 2244 si
1694 2222 1752 2254 per
1774 2212 1949 2255 infallibile
1971 2218 2003 2243 et
2027 2213 2212 2244 inevitabile
2233 2212 2431 2254 intelligatur
2452 2211 2487 2244 id

1408 2257 1509 2299 quod,
1525 2258 1702 2289 secundum
1718 2267 1753 2289 se
1767 2258 2020 2294 consideratum,
2038 2267 2106 2289 non
2121 2263 2231 2299 potest
2250 2267 2320 2288 non
2340 2258 2486 2290 evenire:

1407 2308 1543 2344 negatur
1567 2302 1669 2344 quod,
1692 2303 1719 2333 si
1743 2302 1939 2334 antecedens
1963 2302 2099 2334 alicuius
2122 2302 2350 2334 conditionalis
2373 2311 2487 2334 neces-

1406 2349 1506 2379 sariae
1522 2348 1563 2379 sit
1578 2347 1792 2384 immutabile,
1809 2354 1841 2379 et
1856 2356 2063 2388 consequens
2077 2349 2119 2379 sit
2133 2347 2334 2384 inevitabile;
2351 2353 2383 2379 et
2397 2348 2487 2379 simi-

1406 2393 1478 2424 liter
1501 2392 1593 2434 quod
1616 2392 1766 2424 voluntas
1789 2392 1897 2424 divina
1921 2393 2074 2424 omnibus
2096 2393 2193 2424 rebus
2209 2392 2486 2424 inevitabilitatem

1406 2438 1565 2479 imponat.
1585 2455 1609 2460 —
1625 2437 1656 2469 Si
1674 2442 1783 2468 autem
1803 2437 2000 2478 intelligatur
2022 2437 2055 2468 id
2079 2436 2171 2478 quod
2193 2447 2262 2468 non
2285 2442 2395 2478 potest
2415 2446 2485 2469 non

1407 2483 1536 2514 evenire
1560 2492 1602 2513 ex
1620 2482 1842 2523 suppositione
1857 2482 2008 2519 alicuius,
2025 2482 2252 2514 conceduntur
2268 2482 2379 2514 omnia
2393 2491 2487 2523 prae·

1407 2527 1502 2563 dicta,
1526 2527 1583 2558 sed
1605 2533 1742 2567 negatur
1765 2526 1857 2568 quod
1886 2527 1958 2558 talis
1988 2527 2214 2558 inevitabilitas
2243 2527 2336 2558 tollat
2358 2527 2487 2558 contin-

1406 2573 1548 2613 gentiam
1572 2577 1604 2603 et
1627 2572 1808 2603 libertatem
1832 2581 1869 2603 ac
1893 2572 2078 2603 consilium.
2103 2571 2194 2604 Stant
2217 2572 2305 2603 enim
2325 2572 2433 2609 simul,
2449 2577 2488 2603 ut

1406 2617 1555 2658 superius
1567 2618 1584 2634 ⁴*
1601 2622 1648 2648 est
1663 2622 1843 2653 ostensum,
1859 2617 2033 2648 necessitas
2049 2627 2087 2648 ex
2103 2617 2341 2658 suppositione,
2358 2621 2391 2648 et
2405 2625 2485 2648 con-

1406 2662 1562 2703 tingentia
1593 2671 1630 2692 ac
1658 2662 1797 2693 libertas.
1827 2661 2003 2703 Propterea
2036 2662 2144 2703 inquit
2175 2661 2312 2694 Sanctus
2339 2661 2487 2693 Thomas

1407 2707 1515 2742 Ver-it„
1533 2716 1565 2748 q.
1581 2716 1668 2743 xxm,
1685 2716 1712 2737 a.
1732 2707 1762 2743 5,
1779 2705 1819 2737 ad
1837 2706 1867 2743 3,
1892 2705 1994 2748 quod,
2018 2706 2166 2748 quanvis
2188 2707 2252 2738 ista
2274 2707 2342 2738 sint
2363 2706 2487 2738 incom-

1401 2751 1584 2793 possibilia,
1613 2765 1626 2779 ι
1642 2751 1734 2783 Deus
1757 2751 1827 2783 vult
1849 2751 1945 2783 istum
1967 2751 2138 2788 salvari»,
2163 2756 2204 2787 et,
2231 2764 2246 2779 ‹
2262 2751 2328 2783 Iste
2349 2750 2486 2783 donna-

1408 2801 1463 2827 tur
1478 2807 1510 2833 ›;
1535 2796 1598 2828 ista
1622 2801 1729 2828 tamen
1760 2801 1839 2827 sunt
1866 2796 2117 2838 compossibilia,
2144 2809 2160 2824 ‹
2178 2796 2270 2828 Deus
2297 2796 2368 2827 vult
2389 2796 2487 2828 ἰπκηι

1406 2841 1532 2873 salvari
1554 2855 1582 2877 »‚
1607 2846 1647 2877 et,
1676 2854 1690 2868 «
1711 2841 1777 2872 Iste
1799 2846 1909 2882 potest
1931 2841 2086 2872 damnari
2104 2854 2132 2872 ι.
2159 2840 2242 2872 Cum
2265 2841 2378 2872 divina
2400 2841 2486 2872 enim

1407 2886 1576 2917 voluntate
1597 2891 1664 2917 stat
1681 2885 1831 2927 potentia
1853 2886 2024 2927 deficiendi
2038 2886 2181 2928 effectus,
2198 2883 2274 2917 lieet
2296 2895 2363 2917 non
2381 2885 2488 2927 possit

1407 2941 1481 2962 cum
1505 2931 1575 2972 ipsa
1599 2940 1665 2962 non
1690 2940 1759 2962 esse
1781 2931 1916 2973 effectus
1939 2930 2069 2962 divinae
2092 2930 2271 2962 voluntatis
2292 2935 2391 2962 stare.

1327 3025 1434 3070 mm

625 3158 1113 3216 CAPITULUM
1150 3158 1745 3215 OCTOGESIMUM
1783 3157 2133 3214 SEXTUM

1163 3251 1192 3282 A
1218 3252 1285 3282 25r
1323 3259 1363 3282 at
1398 3251 1468 3282 sine
1491 3250 1597 3282 titulo.

497 3321 673 3374 QUOD
709 3320 967 3361 DIVINAE
1001 3303 1400 3361 VOLUNTATIS
1434 3318 1673 3361 POTEST
1707 3317 1897 3359 RATIO
1932 3317 2262 3359 ASSIGNARI

350 3466 361 3474 Δ
381 3444 425 3481 55„
439 3437 671 3474 motinensi:
692 3433 823 3462 autem
843 3437 890 3462 ex
913 3423 1116 3474 praedictis
1143 3436 1354 3474 possumus

291 3473 305 3492 ³
330 3470 476 3529 §³⁴35st
501 3479 609 3529 quod
633 3478 788 3516 divinae
808 3477 1017 3515 voluntatis
1046 3477 1142 3515 ratio
1172 3477 1354 3526 assignari

331 3500 473 3592 *ἓὲς2ᾡῑ
502 3540 637 3582 potest.

300 3595 309 3604 ’
338 3564 432 3602 ”³⁴⁴
558 3585 662 3623 Finis
691 3585 796 3622 enim
822 3593 877 3622 est
897 3583 992 3623 ratio
1012 3583 1169 3622 volendi
1189 3597 1235 3622 ea
1254 3596 1355 3633 quae

1410 3432 1597 3474 tanquam
1626 3423 1762 3471 finem,
1791 3422 1925 3461 omnia
1948 3429 2079 3460 autem
2104 3422 2177 3460 alia
2196 3424 2279 3460 vult
2297 3431 2486 3474 tanquam

1411 3490 1456 3515 ea
1479 3489 1580 3527 quae
1605 3484 1695 3515 sunt
1723 3477 1772 3514 ad
1800 3475 1922 3514 finem
1938 3476 1970 3513 ⁸⁸.
2001 3476 2081 3514 Sua
2110 3475 2223 3525 igitur
2250 3476 2403 3515 bonitas
2431 3484 2487 3515 est

1413 3530 1508 3568 ratio
1535 3543 1656 3581 quare
1682 3531 1764 3568 vult
1789 3529 1862 3568 alia
1887 3541 1988 3579 quae
2017 3537 2107 3567 sunt
2135 3529 2288 3568 diversa
2311 3530 2361 3568 ab
2387 3529 2484 3580 ipso.

1467 3585 1629 3622 Rursus.
1660 3584 1819 3623 Bonum
1847 3582 2075 3633 particulare
2107 3582 2308 3621 ordinatur
2335 3583 2385 3621 ad
2417 3583 2486 3622 bo-

283 3637 439 3674 suntad
459 3638 591 3675 finem.
623 3639 728 3676 Deus
757 3647 888 3676 autem
909 3639 991 3676 vult
1010 3637 1224 3676 bonitatem
1244 3649 1356 3675 suam
1380 3655 1389 3675 ς
1414 3650 1510 3675 num
1543 3637 1661 3675 totius
1695 3636 1792 3675 sicut
1824 3635 1874 3674 ad
1910 3635 2043 3684 finem,
2069 3644 2111 3674 ut
2139 3636 2408 3686 imperfectum
2436 3637 2487 3675 ad

2513 2615 2522 2626 ⁸
2537 2614 2608 2637 Num.
2618 2619 2670 2642 vm,
2679 2619 2700 2636 a.

2514 3477 2523 3488 ·
2545 3476 2603 3505 Cap.
2622 3480 2702 3502 miv,

2513 3509 2582 3525 cxlx.
