2768 4134
69 1110 79 1119 ¹
95 1108 152 1136 Cap.
162 1114 246 1130 Luni.

65 1915 74 1925 ·
90 1914 126 1936 Cf.
147 1913 279 1944 Commeat.

66 1947 117 1968 cap.
134 1944 279 1968 praec.‚1mt.

315 281 392 319 238

848 277 1037 315 SUMMA
1067 276 1290 313 CONTRA
1319 275 1597 321 GENTILES,
1628 274 1740 311 CAP.
1767 274 1991 311 LXXXVII.

622 402 1111 491 CAPITULUM
1150 430 1749 487 ocTOGESIMUM
1785 430 2223 516 SEPTIMUM

1184 550 1215 580 A
1247 550 1312 580 25r
1346 549 1415 589 a39
1448 550 1516 580 sine
1540 549 1647 580 titulo.

486 646 662 700 QUOD
707 644 965 686 DIVINAE
1009 641 1410 683 VOLUNTATIS
1455 641 1622 681 NIHIL
1665 640 1906 682 POTEST
1948 640 2101 684 ESSE
2143 640 2352 684 CAUSA

327 801 337 810 ¹
352 806 359 809 -
372 824 384 833 ,
400 801 492 839 ’5ae
508 798 640 824 UAMvts
659 793 789 823 autern
809 783 937 832 aliqua
957 781 1052 819 ratio
1072 780 1228 818 divinae
1247 782 1387 818 volun-

389 830 408 851 λ’
522 839 607 877 tatis
621 837 804 887 assignari
818 835 951 886 possit,
967 847 1049 872 non
1063 842 1195 872 tamen
1214 833 1389 884 sequitur

328 916 338 930 x
394 917 414 931 x-
468 884 475 891 ⁴
500 899 503 906 “
522 893 630 943 quod
649 890 858 929 voluntatis
877 889 960 926 eius
980 888 1027 925 sit
1045 887 1192 937 aliquid
1211 899 1340 925 causa.

321 941 421 984 *²⁷54*
464 965 478 972 κ
494 974 497 978 κ
575 944 771 983 Voluntati
785 943 891 980 enim
911 954 1028 980 causa
1041 941 1200 979 volendi
1215 949 1271 978 est
1284 940 1386 978 finis.

312 1054 398 1103 Ipsa
425 1052 538 1101 igitur
556 1060 612 1089 est
634 1052 719 1088 Deo
739 1062 857 1087 causa
875 1049 1046 1095 volendi,
1067 1060 1169 1098 quae
1189 1056 1245 1085 est
1271 1048 1388 1085 etiam

312 1106 442 1156 ipsum
471 1118 589 1143 suum
617 1106 714 1142 velle
733 1103 764 1140 ²⁸.

364 1159 541 1196 Aliorum
570 1166 702 1196 autem
730 1169 753 1194 a
781 1157 867 1194 Deo
895 1155 1107 1193 volitorum
1142 1155 1296 1192 nullum
1331 1162 1388 1192 est

311 1213 396 1250 Deo
425 1224 542 1249 causa
569 1210 739 1248 volendi.
771 1209 850 1248 Sed
878 1221 1006 1247 unum
1035 1221 1174 1246 eorum
1201 1216 1257 1245 est
1280 1207 1387 1246 alteri

313 1000 418 1037 Finis
453 1008 584 1037 autem
619 998 774 1036 divinae
802 995 1011 1034 voluntatis
1039 1002 1095 1032 est
1123 1007 1194 1032 sua
1222 994 1386 1032 bonitas.
1411 1007 1420 1027 x

1444 788 1563 828 actus,
1580 792 1662 817 non
1681 779 1950 818 consideratur
1963 779 2175 818 discursus:
2196 789 2239 818 ut
2258 781 2406 831 supra*
2424 780 2525 819 circa

1443 834 1680 872 intellectum
1709 841 1911 871 ostensum
1940 841 2007 871 est.
2038 831 2306 872 Deus‘autem
2334 846 2416 872 uno
2436 842 2524 872 actu

1443 889 1526 925 vult
1559 899 1673 925 suam
1707 886 1922 924 bonitatem
1951 894 1988 924 et
2016 886 2151 925 omnia
2178 887 2252 925 alia
2265 887 2302 925 *ε
2332 900 2426 926 cum
2454 900 2525 926 sua

1443 940 1543 979 actio
1573 940 1620 978 sit
1648 953 1719 978 sua
1747 940 1923 978 essentia.

1497 995 1573 1031 Per
1599 993 1795 1043 praedicta
1820 1001 1954 1032 autem
1979 993 2196 1031 excluditur
2218 1005 2327 1031 error
2349 1005 2524 1043 quorun-

1444 1048 1536 1085 dam
1565 1047 1779 1085 dicentium
1807 1047 1942 1085 omnia
1969 1047 2183 1097 procedere
2215 1059 2240 1084 a
2271 1047 2358 1085 Deo
2387 1059 2524 1086 secun·

1443 1101 1541 1138 dum
1562 1100 1781 1150 simplicem
1799 1102 2058 1138 voluntatem:
2088 1107 2132 1138 ut
2150 1101 2199 1138 de
2218 1101 2328 1138 nullo
2348 1100 2525 1151 oporteat

1443 1154 1635 1192 rationem
1663 1154 1826 1192 reddere
1853 1154 1928 1192 nisi
1955 1154 2049 1204 quia
2076 1154 2186 1192 Deus
2213 1155 2298 1192 vult
2315 1154 2347 1191 ²¹⁸.

1497 1207 1619 1256 Quod
1655 1206 1783 1245 etiam'
1807 1207 2027 1258 Scripturae
2056 1207 2222 1246 Divinae
2257 1207 2523 1256 contrariatur,

310 1278 426 1303 causa
444 1274 487 1303 ut
505 1264 684 1302 ordinem
713 1263 854 1301 habeat
882 1263 932 1301 ad
960 1262 1135 1300 divinam
1158 1261 1385 1299 bonitatem.
1403 1278 1429 1293 ιο
1442 1274 1544 1311 quae
1563 1262 1696 1299 Deum
1723 1261 1901 1311 perhibet
1928 1259 2148 1306 secundum
2167 1261 2349 1300 ordinem
2372 1261 2524 1313 sapien-

310 1320 358 1356 Et
377 1318 430 1356 sic
449 1317 667 1367 intelligitur
681 1318 789 1355 Deus
807 1324 967 1367 propter
981 1328 1108 1354 unum
1123 1327 1264 1353 eorum
1281 1315 1386 1353 aliud

309 1373 418 1410 velle.

362 1427 470 1463 Patet
497 1433 628 1462 tamen
657 1424 766 1474 quod
794 1436 877 1462 non
905 1430 1058 1473 oportet
1081 1422 1302 1461 discursum
1321 1421 1387 1460 ali-

309 1491 428 1528 quem
447 1490 594 1528 ponere
614 1477 654 1515 in
674 1477 747 1515 Dei
761 1479 972 1515 voluntate.
995 1478 1101 1514 Nam
1120 1476 1189 1514 ubi
1208 1484 1264 1513 est
1283 1488 1387 1513 unus

364 1593 378 1618 3
398 1593 495 1626 aliquid
514 1592 617 1622 EGYb3
637 1592 723 1625 aliqua
741 1599 802 1617 cum
822 1593 863 1624 ρΑ
882 1591 974 1617 ceteri.

364 1636 398 1661 ¹4
415 1636 496 1662 opera
515 1636 557 1654 om
577 1628 629 1659 aG,
647 1635 730 1661 opera
747 1635 796 1653 sua
814 1634 857 1652 om
877 1626 930 1652 (ΞΕ.

1066 1597 1100 1615 io
1119 1588 1272 1623 bonitatem]
1291 1589 1453 1615 voluntatem
1473 1589 1516 1615 Pe.

1442 1315 1516 1352 tiae
1536 1327 1630 1352 suae
1650 1314 1785 1352 omnia
1802 1314 1951 1353 fecisse:
1982 1315 2203 1353 secundum
2221 1315 2316 1353 illud
2335 1315 2480 1354 Psalmi
2490 1315 2522 1354 *z

1448 1369 1585 1406 Omnia
1622 1370 1660 1406 in
1696 1370 1880 1419 sapientia
1905 1370 2045 1418 fecisti.
2085 1369 2135 1406 Et
2165 1369 2282 1406 Eccli.
2303 1373 2352 1407 1¹⁰
2385 1369 2525 1408 dicitur

1443 1422 1552 1472 quod
1579 1423 1683 1460 Deus
1711 1421 1841 1471 effudit
1866 1423 2089 1473 sapientiam
2116 1435 2225 1461 suam
2251 1434 2367 1475 super
2393 1423 2524 1470 omnia

1443 1488 1561 1526 opera
1588 1488 1669 1513 sua.

1610 1588 1643 1614 ¹3
1660 1588 1760 1623 tamen]
1781 1595 1868 1615 autem
1889 1590 1951 1616 «Pe.

1072 1724 1410 1758 Commentariis
1439 1723 1752 1756 Fen-ariensis

384 1834 498 1856 srauso
516 1824 607 1866 quod
623 1824 751 1855 divinae
767 1824 944 1855 voluntatis
967 1823 1110 1864 aliquam
1132 1822 1292 1853 rationem
1309 1822 1386 1852 assi·

311 1835 481 1910 Ognare
504 1879 690 1911 possumus,
716 1868 858 1900 ostendit
881 1868 1040 1909 quoniam
1070 1872 1205 1908 propter
1228 1867 1293 1897 hoc
1317 1875 1385 1897 non

307 1920 439 1955 oportet
461 1915 531 1945 eius
553 1914 696 1955 aliquam
719 1923 849 1944 causam
872 1922 996 1953 ponere
1012 1913 1039 1942 ’-

363 1959 427 1990 Ubi
454 1958 687 1990 advertendum
711 1957 802 1998 quod
832 1957 920 1988 aliud
950 1962 998 1988 est
1028 1956 1136 1987 dicere
1163 1955 1287 1997 aliquid
1315 1964 1384 1986 esse

307 2004 467 2034 rationem
484 2003 612 2034 divinae
628 2003 818 2039 voluntatis;
844 2007 876 2033 et
899 2001 997 2038 aliud,
1022 2002 1124 2042 ipsius
1148 2009 1218 2031 esse
1241 2000 1384 2041 aliquam

305 2057 449 2079 causam.
474 2047 562 2079 Cum
585 2048 673 2079 enim
697 2047 835 2078 dicimus
858 2047 928 2078 eius
952 2055 1022 2077 esse
1046 2046 1189 2086 aliquam
1211 2045 1382 2082 rationem,

305 2092 493 2133 intelligitur
516 2102 555 2124 ex
578 2098 668 2133 parte
691 2092 783 2123 voliti
807 2101 876 2123 esse
903 2091 1046 2132 aliquam
1070 2099 1202 2121 causam
1226 2099 1310 2131 quae
1333 2099 1383 2120 re-

304 2137 445 2178 spondet
467 2137 507 2168 ad
532 2138 821 2178 interrogationem
845 2145 910 2178 qua
933 2136 1098 2177 quaeritur
1121 2143 1221 2177 quare
1247 2135 1312 2166 hoc
1336 2140 1384 2165 est

304 2182 453 2218 volitum,
470 2187 502 2214 et
525 2191 610 2223 quae
634 2187 682 2213 est
704 2182 805 2222 ipsius
821 2182 914 2212 voliti
930 2190 1027 2212 causa
1043 2189 1082 2211 ex
1098 2190 1163 2221 qua
1178 2180 1276 2211 habet
1291 2178 1383 2221 quod

304 2227 345 2258 ad
360 2226 502 2258 divinam
517 2227 720 2258 voluntatem
736 2226 886 2257 ordinem
901 2226 1030 2257 habeat:
1049 2226 1130 2256 ratio
1147 2225 1235 2256 enim
1251 2224 1383 2256 volendi

305 2281 343 2302 ex
366 2277 456 2312 parte
479 2271 571 2302 voliti
594 2281 628 2302 se
650 2276 750 2302 tenet.
778 2270 866 2302 Cum
892 2275 1002 2302 autem
1025 2270 1164 2301 dicimus
1187 2270 1289 2311 ipsius
1313 2279 1382 2300 esse

305 2314 447 2357 aliquam
467 2325 610 2353 causam,
627 2316 762 2357 ponitur
777 2316 885 2356 ipsum
902 2321 1011 2346 actum
1026 2315 1202 2346 voluntatis
1219 2315 1258 2345 ab
1275 2315 1382 2355 aliqua

304 2370 401 2392 causa
424 2360 621 2402 dependere:
647 2361 740 2397 sicut,
765 2369 841 2391 cum
865 2360 1004 2391 dicimus
1027 2359 1224 2400 cognitionis
1248 2359 1382 2390 conclu-

304 2406 405 2436 sionis
432 2406 465 2436 in
495 2406 592 2436 nobis
621 2414 752 2436 causam
783 2414 853 2436 esse
883 2405 1107 2445 cognitionem
1134 2404 1382 2445 principiorum,

303 2450 513 2490 intelligimus
535 2450 644 2491 ipsum
666 2455 775 2481 actum
798 2459 866 2491 quo
890 2450 1120 2490 cognoscimus
1141 2449 1381 2485 conclusiones,

304 2504 373 2526 esse
398 2499 566 2526 causatum
590 2495 629 2525 ab
652 2500 727 2526 actu
751 2504 819 2535 quo
847 2495 1078 2535 cognoscimus
1108 2494 1278 2534 principia.
1306 2493 1381 2525 Hoc

304 2545 413 2571 autem
436 2539 637 2580 impossibile
653 2545 701 2570 est
716 2539 749 2570 in
767 2540 849 2570 Deo.
875 2538 952 2570 Ideo
976 2538 1128 2570 concedit
1151 2537 1286 2579 quidem
1302 2538 1382 2570 San-

303 2590 374 2615 ctus
397 2583 542 2614 Thomas
574 2593 642 2615 esse
673 2584 801 2615 divinae
824 2584 1000 2615 voluntatis
1031 2584 1174 2624 aliquam
1205 2584 1379 2614 rationem:

303 2629 445 2669 aliquam
469 2634 578 2659 autem
603 2638 672 2659 esse
696 2629 766 2659 eius
790 2638 921 2659 causam
945 2633 1051 2669 negat.

359 2673 381 2703 1.
407 2673 592 2714 Probatque
615 2674 676 2704 hac
698 2673 832 2704 ratione.
860 2673 1029 2704 Voluntati
1057 2681 1153 2703 causa
1177 2671 1309 2703 volendi
1333 2678 1381 2703 est

301 2717 384 2748 finis.
409 2717 473 2749 Sed
496 2717 570 2748 finis
593 2717 722 2749 divinae
737 2718 914 2749 voluntatis
935 2724 983 2749 est
1004 2727 1063 2748 sua
1083 2717 1221 2753 bonitas,
1238 2726 1307 2748 non
1323 2727 1380 2748 au—

301 2768 367 2793 tem
383 2762 506 2803 aliquid
522 2762 671 2794 aliorum.
696 2763 783 2804 Ergo
799 2764 869 2804 ipsa
885 2768 933 2794 est
949 2762 1022 2793 Deo
1039 2771 1135 2793 causa
1150 2761 1294 2798 volendi,
1310 2771 1380 2793 non

302 2813 411 2838 autem
434 2806 558 2848 aliquid
581 2807 732 2838 aliorum.
756 2807 819 2839 Sed
840 2808 910 2848 ipsa
930 2808 1057 2838 bonitas
1081 2813 1128 2838 est
1151 2807 1248 2838 etiam
1271 2806 1380 2847 ipsum

302 2861 397 2882 suum
413 2851 507 2882 velle.
532 2851 671 2893 Supple:
696 2852 784 2893 Ergo
808 2861 916 2893 neque
939 2852 1009 2893 ipsa
1033 2852 1160 2882 bonitas
1185 2857 1231 2882 est
1255 2851 1381 2882 realiter

302 2906 397 2927 causa
417 2896 518 2937 ipsius
539 2902 628 2927 actus
645 2896 790 2927 volendi:
816 2906 892 2927 cum
913 2897 993 2927 nihil
1018 2897 1058 2927 sit
1081 2897 1131 2927 sui
1154 2896 1256 2937 ipsius
1272 2905 1379 2927 causa.

357 2941 530 2981 Subiungit
553 2947 662 2972 autem
683 2941 760 2972 duo.
786 2941 930 2972 Primum
947 2946 995 2972 est
1011 2940 1103 2982 quod
1119 2950 1223 2972 unum
1240 2941 1379 2972 aliorum

302 2995 319 3015 a
335 2985 407 3016 Deo
425 2991 472 3016 est
495 2985 584 3016 alteri
609 2995 704 3016 causa
728 2991 763 3017 ut
787 2986 936 3017 ordinem
960 2986 1076 3017 habeat
1099 2985 1140 3017 ad
1163 2985 1305 3017 divinam
1321 2995 1379 3017 vo-

301 3030 470 3061 luntatem.
494 3030 535 3061 Et
558 3031 603 3061 sic
634 3030 821 3071 intelligitur
851 3031 940 3062 Deus
971 3036 1106 3072 propter
1134 3039 1239 3062 unum
1263 3039 1378 3062 eorum

302 3074 389 3105 aliud
413 3075 507 3106 velle.

358 3119 547 3150 Secundum
563 3125 610 3150 est
627 3119 717 3160 quod
734 3129 772 3150 ex
788 3120 837 3151 his
853 3126 941 3161 patet
959 3130 1027 3151 non
1049 3126 1201 3161 oportere
1220 3121 1254 3151 in
1271 3120 1379 3151 divina

302 3164 469 3195 voluntate
492 3163 673 3195 discursum
697 3165 838 3205 aliquem
863 3174 997 3206 ponere,
1020 3165 1113 3202 idest,
1137 3165 1379 3196 successionem

302 3208 444 3249 aliquam
475 3218 551 3240 cum
583 3209 768 3240 causalitate
799 3210 896 3241 unius
922 3215 1013 3241 actus
1036 3219 1134 3251 super
1157 3209 1267 3241 alium.
1292 3209 1379 3248 Quia

302 3253 391 3284 Deus
414 3263 482 3284 uno
506 3260 580 3285 actu
600 3254 669 3285 vult
692 3264 784 3285 suam
808 3255 987 3286 bonitatem
1016 3260 1047 3285 et
1071 3255 1182 3285 omnia
1205 3255 1277 3291 alia,
1301 3264 1378 3286 cum

303 3307 359 3328 sua
375 3299 460 3329 actio
484 3299 524 3329 sit
546 3309 604 3330 sua
628 3300 778 3330 essentia:
804 3300 860 3331 ubi
884 3305 994 3331 autem
1017 3305 1065 3330 est
1088 3309 1173 3330 unus
1193 3305 1293 3336 actus,
1309 3308 1379 3331 non

304 3343 524 3374 consideretur
547 3343 719 3375 discursus.

358 3387 396 3417 ll.
421 3388 664 3419 Advertendum
689 3388 780 3430 quod
803 3388 911 3419 divina
938 3388 1065 3419 bonitas
1089 3394 1136 3419 est
1160 3388 1305 3429 quidem,
1329 3398 1379 3420 se-

304 3431 447 3462 cundum
464 3438 612 3464 nostrum
628 3433 766 3464 modum
782 3432 993 3473 intelligendi,
1007 3442 1103 3463 causa
1119 3432 1246 3464 divinae
1261 3433 1379 3464 volun-

304 3476 389 3506 tatis:
415 3485 455 3507 eo
479 3477 569 3517 quod
592 3478 631 3508 sit
655 3477 742 3515 finis;
767 3477 840 3509 finis
864 3483 984 3514 autem,
1002 3477 1088 3518 apud
1105 3487 1176 3514 nos,
1193 3484 1305 3509 movet
1321 3487 1378 3509 vo-

304 3518 460 3551 luntatem
477 3522 516 3552 ad
533 3531 570 3552 ea
587 3531 670 3562 quae
686 3529 761 3553 sunt
777 3522 817 3553 ad
832 3521 943 3553 finem.
968 3521 1157 3553 Secundum
1180 3528 1289 3553 tamen
1309 3532 1378 3554 rem

305 3573 372 3594 non
389 3570 435 3595 est
454 3566 522 3596 eius
547 3576 654 3597 causa:
680 3576 756 3598 cum
780 3577 849 3598 non
873 3567 913 3598 sit
935 3566 1061 3598 realiter
1084 3566 1231 3598 distincta
1248 3568 1288 3598 ab
1304 3573 1378 3598 actu

305 3607 445 3639 volendi.
471 3610 557 3645 Ideo.
576 3621 650 3641 cum
668 3611 796 3642 dixisset
812 3611 903 3652 quod
919 3612 1046 3642 bonitas
1062 3617 1109 3642 est
1125 3621 1221 3642 causa
1237 3611 1378 3648 volendi,

305 3652 468 3682 subiunxit
491 3655 607 3690 statim,
632 3665 715 3696 quae
738 3661 784 3687 est
807 3657 903 3687 etiam
929 3657 1032 3697 ipsum
1056 3665 1150 3687 suum
1175 3656 1265 3692 velle,
1287 3658 1378 3697 quasi

1439 1821 1573 1852 diceret:
1599 1820 1687 1852 Cum
1711 1820 1786 1852 dico
1813 1822 1918 1862 ipsam
1945 1831 2014 1852 esse
2042 1831 2184 1859 causam,
2207 1819 2277 1854 non
2300 1823 2448 1865 intelligo
2471 1833 2522 1855 se-

1439 1865 1585 1897 cundum
1601 1866 1721 1897 realem
1744 1866 1975 1903 causalitatem,
1993 1876 2069 1898 cum
2085 1867 2126 1898 sit
2140 1866 2229 1898 idem
2244 1876 2322 1899 cum
2337 1868 2411 1909 ipso
2425 1869 2521 1906 velle,

1437 1910 1495 1942 sed
1517 1916 1645 1941 tantum
1668 1910 1850 1942 secundum
1873 1916 2022 1942 nostrum
2047 1911 2186 1943 modum
2208 1912 2258 1943 int
2301 1913 2309 1920 “
2411 1936 2420 1944 .

1494 1954 1685 1986 Notandum
1709 1956 1806 1986 etiam
1830 1955 1922 1996 quod
1945 1965 2038 1987 mens
2068 1955 2177 1987 Sancti
2199 1956 2351 1988 Th0mae
2373 1962 2423 1989 eet
2442 1965 2522 2001 pro-

1437 2000 1514 2031 bare
1533 2000 1614 2031 nihil
1629 1999 1718 2031 aliud
1733 2010 1751 2031 a
1767 2000 1841 2031 Deo
1857 2009 1927 2032 esse
1943 2009 2075 2032 causam
2090 2000 2218 2033 divinae
2229 2001 2407 2034 voluntatis
2421 2002 2521 2034 etiam

1437 2044 1620 2076 secundum
1643 2044 1781 2076 modum
1805 2050 1954 2076 nostrum
1978 2045 2190 2087 intelligendi,
2205 2055 2284 2078 cum
2301 2047 2382 2079 nihil
2397 2047 2487 2079 aliud
2501 2053 2522 2079 a

1438 2090 1510 2121 Deo
1538 2091 1579 2121 sit
1605 2089 1734 2121 divinae
1761 2090 1937 2122 voluntatis
1963 2089 2048 2128 finis,
2072 2091 2148 2122 lieet
2170 2099 2276 2123 unum
2302 2097 2448 2124 meatum
2474 2092 2520 2124 ai·-

1437 2135 1535 2166 terius
1558 2135 1605 2166 rei
1627 2140 1752 2166 creatae
1776 2134 1850 2166 finis
1873 2135 1927 2166 sit:
1951 2144 2022 2166 non
2048 2141 2158 2167 autem
2185 2137 2334 2168 absolute
2356 2145 2426 2169 non
2448 2143 2520 2171 aee

1435 2180 1537 2221 ipsius
1559 2180 1704 2221 aliquam
1728 2189 1870 2217 causam,
1895 2180 2008 2211 saltem
2031 2180 2215 2212 secundum
2245 2181 2385 2214 modum
2411 2182 2521 2214 eonsi-

1436 2223 1578 2256 derandi.
1604 2224 1693 2262 Ideo,
1717 2225 1860 2256 admisso
1883 2225 1975 2267 quod
1997 2226 2126 2257 bonitas
2148 2225 2257 2258 divina
2280 2226 2392 2268 aliquo
2415 2226 2520 2259 modo

1435 2270 1476 2301 sit
1499 2279 1605 2307 causa,
1629 2269 1748 2301 sufficit
1767 2270 1827 2301 sibi
1851 2270 2022 2302 ostendere
2045 2270 2137 2312 quod
2160 2270 2222 2302 alia
2243 2271 2344 2302 volita
2363 2280 2433 2303 non
2453 2272 2520 2304 sint

1437 2324 1506 2346 elus
1530 2324 1637 2346 causa.

1491 2358 1775 2390 Considerandum
1791 2359 1926 2391 ulterius
1939 2359 2031 2400 quod
2042 2359 2140 2391 etiam
2155 2360 2189 2390 in
2204 2360 2301 2391 nobis
2314 2360 2431 2392 volitio
2442 2359 2519 2393 finis

1434 2409 1514 2435 tunc
1530 2409 1657 2435 tantum
1674 2409 1722 2435 est
1738 2413 1834 2435 causa
1845 2404 2012 2436 volitionis
2028 2413 2144 2436 eorum
2157 2413 2242 2445 quae
2257 2410 2334 2436 sunt
2349 2405 2391 2437 ad
2405 2405 2518 2443 finem,

1435 2448 1569 2490 quando
1594 2449 1658 2480 alio
1682 2454 1756 2480 actu
1781 2449 1935 2481 volumus
1958 2448 2059 2480 finem
2083 2449 2242 2486 abmlute,
2260 2450 2372 2481 et'alio
2388 2456 2464 2482 aem
2479 2459 2518 2482 ea

1435 2503 1520 2535 quae
1543 2499 1619 2525 sunt
1634 2493 1675 2525 ad
1691 2493 1802 2524 finem.
1827 2493 1970 2532 Quando
1995 2494 2083 2525 enim
2105 2499 2284 2535 utrumque
2308 2494 2428 2527 eodem
2441 2501 2517 2528 acm

1434 2539 1599 2575 volumus,
1616 2544 1695 2569 tunc
1710 2538 1825 2569 volitio
1842 2538 1916 2570 finis
1931 2548 2000 2570 non
2025 2543 2073 2570 est
2095 2547 2196 2570 causa
2219 2539 2386 2571 volit-ionis
2400 2545 2518 2572 eorum

1435 2591 1519 2624 quae
1543 2589 1618 2614 sunt
1638 2583 1678 2614 ad
1694 2582 1810 2614 finem:
1835 2584 1912 2624 quia
1935 2583 2022 2614 idem
2045 2593 2114 2615 non
2138 2589 2187 2615 est
2210 2593 2307 2615 causa
2329 2585 2380 2616 aui
2402 2585 2516 2626 ipsius.

1434 2628 1523 2659 Finis
1546 2634 1656 2659 tamen
1677 2628 1797 2659 volitus
1813 2633 1861 2659 est
1878 2628 1964 2659 ratio
1981 2627 2113 2659 volendi
2128 2628 2162 2659 id
2177 2628 2269 2670 quod
2285 2634 2334 2660 est
2348 2629 2390 2661 ad
2404 2628 2515 2661 finem.

1433 2673 1570 2714 Propter
1585 2673 1660 2709 hoc,
1677 2673 1754 2714 quia
1771 2673 1860 2704 Deus
1876 2674 1976 2704 unico
1994 2678 2068 2704 actu
2084 2678 2116 2704 et
2130 2682 2166 2705 se
2181 2678 2214 2705 et
2228 2674 2290 2704 alia
2305 2674 2385 2711 vult,
2401 2674 2517 2706 voiitio

1433 2718 1483 2749 sui
1507 2727 1575 2749 non
1600 2723 1708 2758 potest
1731 2727 1802 2749 esse
1826 2727 1923 2749 causa
1945 2718 2114 2749 volitionis
2137 2718 2287 2750 aliorum.

1490 2762 1541 2793 ΙΙΙ.
1564 2762 1612 2793 Ex
1635 2762 1685 2793 his
1709 2762 1892 2794 excluditur
1914 2771 2004 2794 error
2019 2762 2198 2794 dicentium
2214 2762 2306 2804 quod
2321 2763 2443 2795 numm
2457 2773 2516 2795 eo—

1433 2817 1507 2839 rum
1531 2816 1615 2848 quae
1639 2807 1728 2838 Deus
1752 2807 1821 2838 vult
1845 2812 1978 2848 oportet
1999 2806 2134 2839 reddere
2157 2803 2328 2845 rationem,
2351 2808 2414 2839 m‘ei
2437 2809 2515 2850 quia

1434 2852 1525 2884 Deus
1548 2852 1626 2883 vult.
1916 2858 1918 2861 ·

1490 2896 1557 2936 Qui
1581 2897 1679 2928 etiam
1703 2905 1792 2927 error
1818 2897 1853 2927 in
1879 2895 2045 2938 Scriptura
2068 2895 2164 2928 Sacra
2186 2902 2383 2935 removetur,
2406 2898 2515 2939 perhi-

1433 2942 1531 2973 bente
1558 2942 1670 2972 omnia
1698 2941 1806 2972 Deum
1836 2940 2019 2973 seeundum
2050 2940 2199 2973 ordinem
2229 2951 2308 2973 suae
2337 2942 2514 2984 sapientiae

1433 2986 1559 3023 fecisse,
1582 2992 1619 3017 ut
1643 2987 1676 3017 in
1700 2986 1830 3017 Psalmo
1855 2991 1888 3017 et
1908 2986 2132 3018 Ecclesiastici
2154 2987 2273 3028 primo.

1489 3030 1734 3062 Advertendum
1758 3030 1850 3072 quod
1871 3031 1975 3072 primi
1997 3031 2132 3072 effectu
2154 3031 2218 3062 Dei
2241 3041 2284 3063 ex
2304 3031 2379 3063 sola
2401 3031 2514 3064 divina

1434 3077 1602 3107 voluntate
1624 3075 1812 3117 dependent,
1837 3082 1874 3107 ut
1896 3075 2014 3107 dicitur
2034 3075 2140 3107 Prima
2157 3076 2260 3113 Parte,
2277 3085 2309 3118 q.
2326 3085 2388 3114 m,
2404 3084 2434 3108 a.
2448 3077 2467 3108 5
2479 3077 2512 3114 ⁰3

1433 3121 1485 3152 alii
1498 3126 1608 3152 autem
1620 3130 1659 3152 ex
1671 3120 1740 3151 aliis
1756 3121 1871 3152 causis.
1889 3120 1967 3152 Ideo
1982 3120 2114 3152 illorum
2129 3129 2198 3152 non
2210 3126 2320 3162 potest
2331 3121 2512 3162 primoum

1433 3165 1609 3197 effectuum
1625 3165 1779 3207 assignari
1799 3165 1908 3208 aliqua
1930 3165 2012 3196 ratio
2036 3171 2156 3198 creatat
2179 3165 2264 3197 sicut
2285 3163 2512 3207 productionis

1433 3210 1572 3241 universi
1596 3210 1685 3241 nulla
1709 3216 1757 3241 est
1779 3210 1860 3241 ratio
1890 3210 1951 3241 nisi
1976 3210 2053 3251 quia
2081 3209 2172 3242 Deus
2197 3210 2304 3241 voluit
2330 3210 2511 3242 bonitatem

1431 3264 1524 3286 suam
1541 3254 1747 3286 manifestare
1762 3261 1794 3286 et
1810 3255 2066 3292 communicare,
2083 3254 2173 3296 quod
2189 3259 2297 3286 totum
2311 3253 2353 3285 ad
2368 3253 2511 3287 divinam

1431 3301 1635 3332 voluntatem
1658 3300 1807 3340 pertinet.
1838 3300 1990 3331 Aliorum
2018 3305 2129 3331 autem
2157 3304 2267 3340 potest
2295 3299 2376 3330 ratio
2405 3305 2511 3332 creata

1432 3345 1595 3386 assignari.
1626 3344 1735 3375 Voluit
1763 3345 1848 3375 enim
1879 3345 1970 3376 Deus
1998 3344 2160 3375 hominem
2190 3343 2310 3374 habere
2335 3353 2453 3376 manus
2476 3350 2513 3376 ut

1433 3389 1633 3420 deservirent
1649 3389 1828 3420 intellectui
1845 3389 2012 3430 operando
2024 3388 2154 3419 diversa
2170 3396 2281 3429 opera.
2300 3387 2377 3419 Ideo
2394 3388 2511 3421 falsum

1432 3440 1480 3465 est
1496 3434 1587 3475 quod
1602 3435 1714 3465 omnia
1729 3433 1935 3474 dependeant
1949 3442 1989 3464 ex
2003 3432 2143 3474 simplici
2165 3432 2335 3464 voluntate
2350 3433 2422 3471 Dei,
2437 3434 2510 3466 nul·

1432 3479 1561 3519 liusque
1584 3479 1624 3510 sit
1647 3479 1729 3510 ratio
1753 3478 1814 3509 nisi
1838 3478 1915 3519 quia
1942 3477 2032 3509 Deus
2056 3477 2172 3509 voluit.
2199 3477 2305 3508 Immo
2328 3478 2441 3519 potius
2463 3477 2511 3510 di—

1432 3523 1574 3555 cendum
1591 3529 1639 3555 est
1654 3522 1745 3564 quod
1760 3522 1868 3554 divina
1890 3522 2047 3563 sapientia
2062 3527 2110 3553 est
2125 3522 2236 3563 regula
2251 3521 2379 3554 divinae
2393 3522 2511 3554 volun-

1432 3569 1519 3605 tatis3
1544 3574 1576 3600 et
1599 3567 1690 3609 quod
1713 3566 1788 3599 ideo
1819 3566 1908 3598 Deus
1939 3567 1985 3597 sic
2011 3566 2116 3598 voluit
2139 3567 2215 3608 quia
2238 3575 2297 3608 per
2318 3567 2509 3608 sapientiam

1432 3622 1524 3643 suam
1549 3618 1596 3644 est
1619 3613 1683 3643 hoc
1706 3611 1892 3643 ordinatum
1908 3610 1948 3642 ad
1963 3610 2044 3642 illud
2068 3617 2099 3642 et
2120 3611 2305 3643 ordinatum
2321 3617 2358 3643 ut
2373 3612 2438 3643 hoc
2453 3613 2512 3649 sit·,

1432 3658 1520 3688 iuxta
1544 3667 1582 3688 ea
1605 3666 1690 3698 quae
1714 3655 1865 3687 dicuntur
1887 3655 1993 3691 Verit.,
2012 3665 2043 3696 q.
2061 3666 2147 3693 xxm,
2164 3656 2300 3688 articulo
2318 3656 2348 3687 6.

2541 3081 2644 3111 ηας-

2552 788 2562 798 ·
2577 787 2634 816 Cap.
2645 794 2704 810 un.

2552 894 2562 904 ·
2576 893 2635 922 Cap.
2644 899 2725 916 Lxxvt.

2551 1160 2562 1171 ·
2571 1159 2606 1182 ct
2617 1159 2658 1182 lib.
2665 1159 2707 1188 m.
2715 1166 2768 1189 eap-

2551 1192 2623 1214 xcvu,
2638 1193 2698 1210 ven.
2713 1187 2754 1210 fin.

2550 1320 2561 1330 ·
2582 1319 2622 1342 Pa.
2635 1325 2687 1347 ctu,
2705 1325 2768 1343 vere.

2551 1351 2589 1374 ²⁴·
