2768 4134
34 1023 70 1074 ἐι
81 1024 183 1051 Pater„
196 1029 248 1051 xm,

33 1243 44 1254 '¹
57 1241 95 1267 (Σ
109 1242 162 1266 init.
178 1242 248 1266 Com-

0 3969 8 4049 ῖ

0 4051 7 4134 ἰ

0 1331 3 1353 ¹
23 1319 49 1347 .’.,
63 1334 102 1359 (1.
120 1341 145 1358 n.
164 1341 189 1364 v,
205 1341 247 1363 vn.

33 1367 85 1385 '¹11-

695 280 883 318 SUMMA
913 280 1135 318 CONTRA
1163 281 1437 330 GENTILES,
1468 286 1560 323 LIB.
1583 287 1623 332 11,
1654 288 1764 325 CAP.
1786 290 1906 327 XXX.

282 362 396 398 simile,
421 366 453 391 et
476 366 636 400 quaerunt
659 360 719 390 sibi
742 360 915 390 assimilare
938 369 1069 399 passum
1094 366 1254 400 quantum
1279 371 1355 401 pos-

281 411 373 442 sunt;
397 406 441 436 ita
464 405 662 435 conveniens
685 410 733 435 est
755 410 792 435 ut
814 404 914 440 Deus,
930 404 988 444 qui
1003 409 1051 434 est
1071 413 1168 444 agens
1191 405 1355 444 perfectis-

281 451 412 486 simum,
436 449 596 489 producat
624 449 684 479 sibi
713 448 818 479 simile
846 453 1006 488 quantum
1029 447 1069 478 ad
1093 457 1208 478 omnes
1237 448 1355 479 modos

280 494 446 535 generales
469 494 551 524 entis
575 493 632 533 qui
655 493 688 523 in
712 493 807 523 rebus
831 492 943 523 creatis
966 501 1035 522 esse
1058 498 1212 532 possunt:
1237 498 1268 522 et
1287 502 1355 523 non

280 543 439 579 repugnat
462 536 554 578 quod
577 537 663 567 entia
685 537 864 567 necessaria
888 537 927 566 ab
943 537 1014 577 ipso
1030 535 1261 576 producantur,
1279 546 1354 567 cum

280 593 349 613 non
372 587 532 623 repugnet
555 581 585 611 ei
608 580 699 621 quod
723 586 770 611 est
794 590 863 611 esse
887 586 1040 611 creatum.

338 627 390 657 111.
411 626 550 663 Quarto.
571 625 705 662 Quanto
729 625 852 665 aliquid
874 626 976 665 magis
1000 625 1093 656 distat
1115 634 1134 655 a
1157 625 1240 660 Deo,
1264 630 1353 655 tanto

279 671 382 711 magis
403 670 629 711 propinquum
651 675 699 700 est
721 669 762 699 ad
783 679 852 700 non
876 679 962 700 esse:
988 675 1020 700 et
1042 679 1060 700 e
1083 674 1206 705 contra,
1230 674 1353 709 quanto

279 714 403 755 aliquid
425 719 472 745 est
494 714 596 754 magis
619 714 844 754 propinquum
860 714 942 750 Deo,
959 719 1049 744 tanto
1072 714 1173 754 magis
1196 712 1317 744 recedit
1336 723 1354 743 a

277 768 346 790 non
371 768 449 789 esse.
473 757 538 789 Sed
561 757 669 798 aliqua
700 758 867 789 existentia
895 758 970 789 ideo
1001 763 1076 788 sunt
1105 758 1290 798 propinqua
1313 757 1353 788 ad

277 813 346 834 non
362 811 432 834 esse
448 803 525 843 quia
539 803 575 832 in
598 803 643 833 eis
667 808 715 833 est
737 803 883 843 potentia
906 803 946 833 ad
969 812 1037 833 non
1061 811 1141 833 esse.
1165 802 1252 842 Ergo
1269 811 1353 842 quae

277 852 353 878 sunt
376 847 448 878 Deo
471 847 757 887 propinquissima,
782 852 814 877 et
836 856 894 887 per
917 848 982 878 hoc
1005 847 1220 877 remotissima
1243 856 1261 876 a
1284 856 1352 877 non

278 901 357 928 esse,
382 892 456 922 talia
480 900 549 922 esse
573 897 704 931 oportet
727 897 763 922 ut
786 900 854 921 non
878 892 919 921 sit
940 892 974 921 in
997 892 1043 921 eis
1066 891 1212 931 potentia
1228 890 1268 921 ad
1283 900 1352 921 non

277 945 357 966 esse.
381 935 468 976 Ergo
485 940 616 976 oportet
631 941 667 966 ut
682 936 746 966 sint
760 935 948 966 necessaria.
964 940 988 958 '-
1002 935 1093 965 Patet
1108 936 1352 975 consequentia.

277 980 374 1019 Quia,
393 980 422 1011 si
444 980 625 1021 affirmatio
649 985 698 1010 est
719 989 820 1011 causa
843 979 1086 1021 affimationis,
1103 985 1135 1010 et
1157 979 1289 1021 negatio
1306 984 1354 1010 est

277 1034 378 1055 causa
402 1024 588 1066 negationis
601 1025 627 1054 *.
651 1024 703 1060 Et,
724 1025 832 1064 posito
853 1024 980 1060 effectu,
996 1033 1128 1054 necesse
1151 1029 1199 1054 est
1221 1033 1352 1055 causam

276 1069 368 1110 poni.
392 1068 426 1100 Si
450 1078 527 1109 ergo
557 1069 783 1109 propinquitas
813 1068 853 1099 ad
880 1078 948 1099 non
973 1078 1042 1099 esse
1065 1074 1114 1099 est
1136 1067 1269 1099 effectus
1291 1078 1352 1108 po-

275 1114 396 1144 tentiae
409 1112 451 1143 ad
465 1123 534 1144 non
550 1122 630 1149 esse,
646 1118 679 1143 et
692 1113 832 1144 remotio
849 1123 868 1143 a
882 1122 950 1143 non
971 1122 1040 1144 esse
1056 1113 1115 1143 erit
1135 1112 1268 1144 effectus
1282 1122 1351 1143 non

275 1158 441 1198 potentiae
457 1157 498 1188 ad
512 1167 582 1188 non
597 1166 683 1188 esse:
701 1163 742 1194 et,
758 1158 865 1198 posita
886 1158 1027 1188 maxima
1049 1158 1233 1188 remotione
1249 1167 1267 1188 a
1282 1166 1350 1188 non

276 1211 356 1238 esse,
380 1207 512 1242 oportet
533 1202 692 1232 removeri
716 1202 896 1242 potentiam
919 1201 960 1232 ad
981 1211 1050 1232 non
1075 1211 1154 1232 esse.

333 1246 387 1277 lV.
403 1245 573 1284 Quantum
593 1245 634 1277 ad
657 1245 838 1277 secundum
854 1247 881 1283 ³,
898 1245 1039 1277 ostendit
1053 1245 1190 1277 Sanctus
1205 1246 1351 1276 Thomas

275 1289 447 1332 quomodo
462 1291 644 1329 imfeniatur
659 1291 831 1321 necessitas
846 1291 879 1321 in
895 1291 991 1321 rebus
1007 1291 1130 1321 creatis.
1147 1290 1242 1321 Circa
1260 1290 1351 1331 quod

265 1333 516 1376 rquatuorfaeit
531 1335 558 1365 ⁴.

329 1379 442 1410 Primo
466 1379 554 1410 enim
578 1378 719 1410 ostendit
734 1379 767 1409 in
784 1380 954 1410 communi
969 1388 1065 1419 posse
1085 1379 1221 1410 inveniri
1240 1388 1351 1409 neces-

275 1423 401 1454 sitatem
424 1423 606 1454 absolutam
629 1424 663 1454 in
687 1424 782 1454 rebus
805 1424 918 1454 creatis
934 1424 959 1453 si
976 1422 1016 1454 ad
1030 1423 1188 1463 principia
1203 1424 1351 1463 proxima

274 1473 515 1508 comparentur,
531 1477 600 1498 non
616 1474 725 1498 autem
749 1473 785 1498 ut
807 1473 883 1498 sunt
906 1478 924 1498 a
948 1468 1054 1508 primo
1071 1468 1248 1508 principio:
1274 1468 1351 1508 quia

273 1511 424 1543 videlicet
445 1512 526 1542 nihil
548 1512 700 1552 prohibet
722 1512 829 1552 aliqua
849 1512 1007 1552 principia
1021 1521 1090 1542 non
1106 1521 1144 1542 ex
1160 1512 1350 1542 necessitate

273 1555 422 1597 produci,
439 1556 558 1596 quibus
573 1561 683 1586 tamen
699 1557 822 1596 positis,
840 1556 880 1586 de
903 1557 1093 1586 necessitate
1117 1557 1263 1596 sequitur
1279 1556 1350 1586 talis

274 1599 419 1632 effectus.

328 1644 369 1675 V.
392 1644 552 1679 Secundo,
573 1643 714 1675 ostendit
737 1643 909 1684 quomodo
925 1654 967 1675 ex
977 1645 1151 1685 principiis
1172 1645 1350 1675 essentiali-

271 1688 333 1720 bus
353 1689 516 1720 invenitur
539 1689 711 1719 necessitas
733 1689 767 1719 in
793 1689 899 1719 rebus.
930 1688 972 1719 Et
994 1688 1062 1720 duo
1090 1689 1176 1720 dicit.
1205 1689 1349 1720 Primum

272 1738 322 1764 est
343 1732 436 1774 quod
457 1732 492 1764 id
515 1732 606 1773 quod
635 1733 680 1764 rei
709 1733 866 1773 competit
897 1742 935 1763 ex
964 1734 1087 1764 ratione
1115 1734 1350 1774 principiorum

273 1777 492 1809 essentialium
514 1777 695 1808 absolutam
719 1779 942 1808 necessitatem
965 1778 1076 1808 habet:
1101 1779 1178 1818 quia
1193 1778 1262 1808 sine
1285 1778 1350 1808 suis

272 1822 498 1854 essentialibus
527 1822 704 1862 principiis,
729 1831 813 1862 quae
844 1828 920 1852 sunt
949 1823 1082 1853 materia
1106 1827 1137 1853 et
1161 1821 1275 1858 forma,
1299 1831 1349 1853 res

272 1875 343 1897 esse
365 1875 435 1897 non
459 1871 606 1907 possunt.

285 1923 287 1925 ¹
327 1910 517 1942 Secundum
533 1915 581 1941 est
596 1909 688 1950 quod
703 1919 741 1941 ex
756 1910 794 1940 iis
810 1910 976 1950 principiis
999 1910 1164 1950 tripliciter
1186 1911 1348 1941 invenitur

271 1955 445 1986 necessitas
468 1955 616 1986 absoluta
645 1954 680 1985 in
709 1955 814 1985 rebus.
845 1954 966 1990 Primo,
991 1955 1153 1985 invenitur
1175 1955 1347 1985 necessitas

271 2008 331 2039 per
354 1999 503 2030 ordinem
523 1998 564 2029 ad
587 2008 656 2030 esse
679 1998 763 2029 illius
786 1999 879 2029 cuius
900 2004 975 2029 sunt
996 1999 1163 2039 principia.
1185 1998 1275 2029 Sicut
1290 1999 1346 2028 ali-

273 2052 358 2084 quae
380 2053 431 2074 res
453 2049 528 2074 sunt
550 2043 732 2074 necessario
757 2042 990 2083 corruptibiles,
1010 2046 1048 2073 ex‘
1066 2043 1218 2074 materiae
1234 2042 1347 2073 condi-

271 2088 376 2119 tione:
397 2089 474 2128 quia
489 2088 631 2123 materia,
649 2086 830 2118 secundum
845 2086 878 2117 id
895 2086 986 2127 quod
1002 2093 1058 2123 est,
1076 2096 1132 2118 ens
1151 2088 1184 2117 in
1201 2088 1346 2127 potentia

273 2138 335 2168 est;
359 2132 451 2172 quod
474 2137 583 2164 autem
607 2137 715 2172 potest
738 2141 817 2167 esse,
834 2137 942 2171 potest
965 2132 1062 2162 etiam
1085 2137 1117 2162 et
1139 2141 1207 2162 non
1231 2141 1346 2162 esse.—

272 2176 410 2217 Aliquae
423 2185 500 2207 vero
516 2176 776 2216 incorruptibiles
788 2176 968 2206 necessario
981 2181 1066 2212 sunt,
1083 2185 1121 2206 ex
1133 2175 1246 2206 forma.
1260 2175 1345 2214 Quia

271 2225 328 2252 aut
350 2226 425 2251 sunt
447 2220 571 2251 formae
594 2230 663 2251 non
686 2221 720 2250 in
744 2221 891 2250 materia:
917 2225 948 2250 et
967 2220 1012 2250 sic
1028 2229 1096 2250 non
1113 2226 1160 2250 est
1176 2221 1208 2250 in
1225 2221 1270 2251 eis
1286 2229 1345 2260 po-

271 2265 372 2296 tentia
394 2264 435 2295 ad
457 2275 525 2296 non
549 2274 628 2301 esse,
653 2264 710 2295 sed
733 2274 790 2304 per
813 2274 905 2295 suam
924 2263 1063 2295 formam
1079 2274 1207 2305 semper
1221 2270 1297 2295 sunt
1311 2265 1344 2294 in

271 2309 389 2340 virtute
413 2309 556 2346 essendi;
581 2315 616 2340 ut
640 2314 688 2339 est
710 2309 744 2339 in
767 2309 950 2339 substantiis
974 2309 1134 2349 separatis.
1158 2309 1226 2340 Aut
1241 2308 1344 2339 forma

272 2353 432 2394 adaequat
454 2359 557 2384 totam
581 2354 792 2393 capacitatem
806 2354 968 2389 materiae,
985 2359 1022 2383 ut
1035 2354 1082 2384 sic
1097 2363 1166 2383 non
1181 2358 1345 2384 remaneat

270 2398 418 2439 potentia
429 2397 470 2428 ad
481 2398 577 2428 aliam
590 2397 742 2428 formam:
757 2403 793 2428 ut
805 2403 852 2428 est
867 2399 900 2428 in
913 2398 1105 2437 corporibus
1116 2397 1345 2428 caelestibus.—

271 2442 308 2473 In
324 2443 443 2483 quibus
459 2451 536 2472 vero
552 2442 658 2472 forma
672 2451 740 2472 non
762 2442 906 2482 complet
928 2446 1036 2472 totam‘
1054 2442 1206 2472 materiae
1228 2447 1344 2482 poten-

269 2487 360 2522 tiam,
383 2491 529 2517 remanet
551 2485 657 2517 adhuc
680 2487 826 2526 potentia
850 2486 890 2516 ad
913 2486 1008 2516 aliam
1031 2485 1180 2517 formam.
1205 2486 1247 2516 Et
1269 2486 1344 2516 ideo

271 2540 340 2561 non
364 2536 411 2561 est
434 2531 467 2561 in
491 2531 536 2561 eis
558 2531 731 2561 necessitas
755 2530 891 2567 essendi,
915 2530 971 2561 sed
994 2531 1093 2561 virtus
1117 2530 1242 2561 essendi
1266 2540 1344 2560 con-

271 2575 416 2615 sequitur
432 2575 465 2604 in
482 2575 527 2605 eis
542 2575 710 2605 victoriam
731 2574 853 2605 formae
877 2584 973 2615 supra
997 2575 1178 2605 materiam:
1203 2580 1239 2605 ut
1258 2580 1345 2614 patet

270 2620 303 2649 in
328 2619 496 2649 elementis
519 2623 551 2649 et
574 2619 783 2649 elementatis.
808 2619 891 2649 Nam
916 2618 1019 2649 forma
1043 2619 1194 2649 elementi
1213 2628 1282 2649 non
1298 2624 1344 2648 at-

270 2663 364 2703 tingit
386 2664 554 2693 materiam
578 2663 759 2694 secundum
781 2669 889 2693 totum
905 2664 974 2693 eius
990 2672 1101 2703 posse:
1128 2672 1204 2693 cum
1220 2672 1288 2692 non
1304 2663 1343 2692 sit

270 2707 452 2747 susceptiva
474 2706 598 2737 formae
622 2707 773 2738 elementi
789 2708 886 2738 unius
901 2708 962 2737 nisi
979 2716 1036 2747 per
1051 2708 1115 2737 hoc
1132 2706 1222 2746 quod
1245 2707 1343 2736 subii-

270 2752 353 2781 citur
375 2751 465 2781 alteri
488 2751 569 2791 parti
593 2752 834 2782 contrarietatis.
859 2751 976 2781 Forma
1000 2760 1077 2781 vero
1100 2751 1190 2781 mixti
1218 2751 1343 2790 attingit

269 2796 436 2825 materiam
464 2794 645 2825 secundum
676 2794 767 2835 quod
791 2794 978 2835 ,disponitur
1007 2804 1064 2834 per
1094 2794 1342 2825 determinatum

269 2839 407 2869 modum
436 2839 611 2869 mixtionis.
643 2838 731 2869 Idem
763 2844 871 2869 autem
901 2839 1083 2869 subiectum
1114 2844 1243 2878 oportet
1273 2847 1341 2868 esse

269 2884 515 2919 contrariorum,
540 2888 572 2913 et
594 2882 778 2913 mediorum
802 2884 960 2918 omnium,
985 2892 1068 2923 quae
1091 2888 1166 2913 sunt
1189 2892 1227 2912 ex
1251 2891 1341 2912 corn-

269 2928 425 2958 mixtione
449 2933 676 2958 extremorum.
709 2927 785 2957 Ideo
810 2927 920 2957 omnia
950 2936 1034 2966 quae
1063 2926 1113 2956 vel
1144 2927 1340 2957 contrarium

269 2972 389 3002 habent
411 2972 463 3002 vel
487 2981 524 3002 ex
549 2972 715 3002 contrariis
730 2977 815 3007 sunt,
832 2971 1051 3010 corruptibilia
1066 2976 1150 3001 sunt.
1175 2970 1268 3008 Quae
1284 2980 1340 3001 au-

268 3022 335 3047 tem
358 3015 546 3046 huiusmodi
569 3025 637 3046 non
662 3021 745 3051 sunt,
770 3016 963 3055 sempiterna
987 3020 1071 3050 sunt,
1095 3015 1155 3044 nisi
1178 3024 1236 3054 per
1257 3016 1339 3045 acci-

269 3060 348 3091 dens
372 3066 636 3100 corrumpantur:
661 3065 697 3090 ut
720 3065 767 3090 est
790 3060 823 3089 in
847 3059 1038 3099 corporibus
1062 3059 1261 3089 caelestibus.

324 3104 487 3141 Secundo,
511 3105 683 3135 necessitas
713 3104 875 3134 invenitur
903 3112 961 3143 per
990 3102 1137 3133 ordinem
1164 3102 1204 3133 ad
1235 3109 1338 3143 partes

268 3150 421 3180 materiae
445 3149 496 3179 vel
520 3148 653 3184 formae,
679 3149 704 3178 si
728 3148 893 3187 contingat
915 3147 1103 3178 huiusmodi
1126 3147 1283 3187 principia
1305 3148 1338 3178 in

269 3193 431 3234 aliquibus
446 3203 514 3224 non
531 3193 688 3233 simplicia
712 3201 797 3222 esse:
822 3193 904 3222 sicut
928 3201 966 3221 ex
989 3192 1121 3222 materia
1144 3200 1275 3222 necesse
1292 3197 1339 3222 est

268 3238 437 3268 hominem
461 3237 630 3278 quodlibet
653 3237 888 3266 elementorum
912 3241 943 3265 et
966 3236 1142 3266 humorum
1165 3237 1198 3265 in
1222 3245 1256 3265 se
1283 3236 1338 3266 ha-

269 3282 354 3318 bete,
379 3288 410 3312 et
433 3291 471 3312 ex
496 3281 599 3312 forma
622 3290 754 3311 necesse
778 3286 825 3310 est
848 3281 954 3319 ipsum
978 3289 1046 3310 esse
1062 3285 1094 3310 et
1109 3280 1227 3310 animal
1243 3285 1274 3310 et
1290 3289 1338 3310 ra-

267 3326 398 3362 tionale,
423 3327 449 3356 si
472 3332 520 3356 est
543 3325 661 3356 animal
686 3331 717 3355 et
740 3324 894 3355 rationale
918 3329 949 3354 et
971 3323 1116 3360 mortale,
1142 3329 1174 3354 et
1196 3324 1275 3354 haec
1291 3330 1338 3354 est

269 3369 374 3400 forma
397 3371 476 3400 eius.
627 3402 629 3404 ,
1316 3395 1322 3399 .

323 3414 446 3451 Tertio,
459 3415 622 3444 invenitur
636 3413 808 3444 necessitas
824 3422 881 3452 per
894 3411 1040 3442 ordinem
1053 3411 1091 3441 ad
1109 3412 1337 3451 proprietatem

267 3464 527 3499 consequentem
549 3458 715 3488 materiam
740 3462 771 3487 et
794 3457 947 3487 formam:
973 3457 1055 3486 sicut
1078 3465 1209 3486 necesse
1233 3461 1279 3485 est
1299 3465 1337 3486 ex

268 3503 401 3533 materia
423 3512 542 3533 serram
572 3502 686 3533 duram
709 3510 794 3537 esse:
820 3507 851 3531 et
875 3511 912 3530 ex
936 3500 1038 3530 forma
1071 3500 1238 3530 hominem
1269 3509 1337 3530 esse

269 3546 456 3587 disciplinae
478 3547 708 3586 susceptivum.

324 3591 379 3620 VI.
397 3591 491 3621 Circa
513 3591 601 3621 illam
625 3591 883 3630 propositionem
906 3590 1045 3629 positam
1061 3589 1094 3618 in
1110 3589 1216 3627 primo
1235 3587 1336 3618 modo

267 3635 475 3671 necessitatis,
500 3635 631 3670 scilicet,
660 3634 757 3670 Quod
781 3639 890 3674 potest
912 3643 988 3667 esse,
1008 3637 1116 3673 potest
1143 3633 1239 3662 etiam
1271 3642 1335 3662 non

2400 294 2470 342 341

1408 372 1485 414 esse,
1510 365 1755 415 intelligendum
1779 368 1879 408 quod,
1904 379 1980 401 cum
2003 372 2099 402 unius
2122 373 2167 403 rei
2190 382 2258 404 non
2281 376 2384 415 possit
2407 384 2476 406 esse

1408 416 1469 457 nisi
1493 417 1628 440 unicum
1651 419 1720 440 esse
1743 412 1958 450 substantiale,
1983 425 2114 446 necesse
2137 422 2183 447 est
2206 423 2243 448 ut
2265 418 2298 449 id
2317 419 2408 459 quod
2423 429 2476 451 su-

1408 452 1502 490 scipit
1524 452 1657 492 aliquod
1681 463 1748 484 esse
1772 456 1987 494 substantiale,
2012 461 2134 490 amittat
2157 470 2226 492 esse
2249 463 2339 502 quod
2368 464 2474 501 habet,

1409 498 1440 543 et
1463 503 1520 544 per
1544 505 1747 536 consequens
1770 499 1810 529 sit
1832 501 1891 530 sub
1915 511 1981 531 non
2005 512 2074 533 esse
2096 504 2196 535 illius:
2226 508 2357 538 materia
2388 509 2474 538 enim

1408 547 1500 577 ignis,
1525 548 1599 570 cum
1624 541 1757 580 suscipit
1780 542 1916 574 formam
1941 551 1972 575 et
1995 555 2063 577 esse
2087 549 2176 584 aeris,
2200 551 2314 581 amittit
2336 551 2474 583 formam

1408 587 1439 611 et
1462 591 1531 632 esse
1554 584 1646 623 ignis,
1663 590 1695 614 et
1718 592 1861 617 remanet
1883 589 1942 618 sub
1965 598 2032 620 non
2057 600 2125 622 esse
2147 593 2246 632 ignis;
2271 595 2346 634 quia
2361 596 2474 626 eadem

1407 631 1540 676 materia
1562 637 1631 658 non
1654 633 1761 668 potest
1783 630 1879 661 simul
1902 632 2018 663 habere
2041 644 2110 665 esse
2132 637 2214 676 ignis
2238 643 2269 668 et
2292 639 2360 670 esse
2382 641 2472 670 aeris.

1408 669 1449 699 Et
1471 669 1546 700 1de0
1570 681 1682 702 verum
1707 678 1754 703 est
1777 674 1867 713 quod
1891 684 1989 706 omne
2013 678 2103 717 quod
2125 680 2220 711 habet
2242 682 2276 712 in
2299 692 2332 713 se
2353 683 2474 724 aliquid

1407 714 1499 754 quod
1513 715 1554 745 sit
1569 717 1789 757 susceptivum
1805 718 1933 749 alterius
1948 719 2071 752 formae
2088 727 2119 752 et
2134 724 2262 755 alterius
2278 735 2355 763 esse,
2367 733 2474 767 potest

1406 767 1475 788 non
1499 768 1584 790 esse:
1609 760 1665 790 illo
1690 762 1777 792 enirn
1800 763 1994 803 suscipiente
2018 765 2104 796 aliud
2127 776 2205 803 esse,
2222 769 2285 799 hoc
2301 771 2392 801 cuius
2408 777 2474 802 erat

1406 811 1479 842 pars
1502 804 1641 844 amplius
1664 814 1730 835 non
1755 807 1823 837 erit.
1848 807 1942 838 Unde
1965 808 2018 838 hic
2042 815 2088 840 est
2111 819 2222 841 sensus
2244 813 2328 843 illius
2351 824 2472 855 propo-

1405 847 1546 878 sitionis:
1575 848 1677 879 Omne
1700 850 1788 890 quod
1809 856 1918 891 potest
1947 862 2024 887 esse,
2049 853 2138 890 idest,
2162 855 2249 895 quod
2270 857 2363 888 habet
2385 859 2416 888 in
2440 869 2474 889 se

1401 892 1581 932 potentiam
1605 895 1815 933 susceptivam
1839 905 1907 926 esse
1929 897 2016 936 quod
2040 907 2104 928 non
2128 899 2230 935 habet,
2250 906 2357 940 potest
2379 903 2474 932 etiam

1406 945 1471 966 non
1497 946 1573 967 esse.
1590 955 1612 959 —
1628 937 1728 976 Quod
1751 945 1861 970 autem
1884 940 1948 970 dixi
1971 940 2012 972 de
2035 951 2104 973 esse
2127 943 2336 980 substantiali,
2360 946 2475 976 intelli-

1404 980 1549 1020 gendum
1573 982 1669 1012 etiam
1694 989 1740 1013 est
1763 983 1803 1014 de
1827 993 1895 1014 esse
1920 985 2117 1016 accidentali.
2137 987 2195 1017 Est
2211 988 2296 1018 enim
2314 989 2474 1020 universa-

1405 1024 1476 1055 liter
1492 1034 1605 1056 verum
1622 1026 1712 1066 quod
1729 1037 1826 1058 omne
1843 1028 1933 1068 quod
1949 1029 2044 1060 habet
2058 1032 2239 1070 potentiam
2261 1034 2475 1073 susceptivam

1406 1078 1475 1099 esse
1500 1070 1747 1111 cuiuscumque,
1763 1078 1870 1111 potest
1886 1074 1981 1104 etiam
1997 1083 2065 1104 non
2085 1084 2153 1106 esse
2177 1082 2335 1116 quantum
2352 1077 2392 1108 ad
2407 1087 2475 1108 non

1405 1123 1475 1144 esse
1498 1114 1714 1145 coniunctum
1729 1116 1775 1146 illi
1792 1125 1860 1147 esse
1877 1117 1967 1157 quod
1986 1119 2134 1159 suscipit:
2160 1120 2249 1160 quod
2265 1122 2352 1151 enim
2368 1127 2476 1161 potest

1405 1167 1474 1188 esse
1498 1159 1638 1199 nigrum,
1662 1165 1770 1199 potest
1792 1170 1859 1191 non
1885 1171 1953 1192 esse
1976 1162 2096 1199 album,
2121 1169 2152 1194 et
2174 1165 2219 1195 sic
2243 1164 2283 1195 de
2306 1166 2384 1196 aliis.

1461 1212 1491 1232 2.
1515 1202 1760 1234 Advertendum
1784 1205 1890 1241 etiam,
1915 1215 1991 1236 cum
2014 1206 2129 1238 dicitur
2152 1207 2191 1238 de
2215 1209 2397 1240 substantiis
2425 1217 2473 1241 se·-

1404 1247 1520 1286 paratis
1536 1247 1627 1287 quod
1642 1257 1768 1288 semper
1782 1254 1858 1279 sunt
1873 1250 1906 1279 in
1923 1250 2040 1281 virtute
2056 1252 2190 1288 essendi,
2206 1253 2239 1283 in
2255 1254 2349 1284 rebus
2365 1259 2473 1285 autem

1404 1291 1668 1331 corruptibilibus
1691 1292 1782 1332 quod
1805 1293 1908 1324 virtus
1930 1295 2055 1325 essendi
2077 1297 2285 1337 consequitur
2302 1298 2472 1329 victoriam

1401 1335 1534 1375 formae
1555 1345 1657 1376 supra
1680 1337 1860 1373 materiam,
1886 1339 1975 1378 quod
1998 1340 2097 1370 virtus
2120 1350 2246 1381 semper
2276 1342 2402 1372 essendi
2423 1343 2472 1373 in·-

1403 1379 1556 1419 telligitur
1578 1381 1612 1410 in
1636 1382 1819 1412 substantiis
1842 1384 1992 1422 separatis
2016 1393 2084 1414 esse
2107 1391 2280 1425 postquam
2296 1386 2473 1426 productae

1403 1430 1479 1454 sunt
1494 1425 1528 1454 in
1545 1430 1629 1460 actu,
1646 1431 1682 1456 ut
1698 1425 1821 1456 dicetur
1839 1426 1972 1457 inferius
1984 1428 2010 1457 ³⁶.
2028 1429 2135 1459 Virtus
2151 1430 2238 1459 enim
2253 1430 2378 1461 essendi
2394 1440 2472 1461 con—

1403 1469 1549 1508 sequitur
1564 1478 1633 1499 rem
1648 1470 1714 1499 iam
1729 1475 1802 1500 actu
1819 1472 2017 1508 existentem,
2034 1473 2116 1503 sicut
2132 1479 2163 1503 et
2178 1474 2276 1504 virtus
2300 1474 2469 1514 operandi:

1404 1512 1494 1552 quod
1518 1513 1605 1543 enim
1629 1523 1696 1544 non
1721 1519 1777 1550 est,
1802 1524 1869 1545 non
1894 1521 2000 1555 potest
2023 1518 2158 1557 operari,
2182 1527 2242 1548 nec
2267 1519 2362 1549 etiam
2393 1528 2471 1549 con-

1403 1566 1527 1587 servare
1551 1566 1620 1588 esse
1643 1563 1699 1588 aut
1722 1558 1935 1590 durationem.
1961 1560 2047 1591 Cum
2071 1570 2146 1601 ergo
2163 1568 2236 1592 sunt
2260 1563 2292 1592 in
2316 1568 2400 1599 actu,
2417 1563 2471 1594 ha-

1404 1601 1481 1631 bent
1504 1602 1655 1632 virtutem
1679 1608 1715 1632 ut
1738 1612 1864 1643 semper
1887 1605 1964 1634 sint:
1991 1614 2030 1635 eo
2054 1605 2144 1644 quod
2161 1615 2229 1636 non
2248 1607 2287 1636 sit
2302 1608 2336 1637 in
2352 1607 2396 1637 eis
2412 1616 2472 1646 po-

1403 1646 1502 1676 tentia
1525 1645 1565 1676 ad
1589 1655 1657 1676 non
1680 1656 1758 1677 esse.
1782 1648 1846 1678 Res
1869 1654 1977 1679 autern
2005 1650 2227 1690 corruptibiles
2257 1660 2325 1681 non
2355 1651 2472 1681 habent

1403 1690 1555 1720 virtutem
1579 1696 1615 1721 ut
1637 1700 1765 1731 semper
1787 1692 1860 1728 sint,
1885 1693 1960 1732 quia
1983 1693 2101 1724 habent
2132 1695 2309 1733 potentiam
2337 1694 2376 1724 ad
2404 1704 2472 1726 non

1403 1743 1488 1764 esse:
1519 1734 1575 1764 sed
1604 1735 1722 1765 habent
1752 1736 1902 1767 virtutem
1934 1743 1970 1767 ut
1999 1738 2061 1768 sint
2092 1738 2235 1778 quandiu
2266 1744 2313 1769 est
2340 1739 2472 1769 victoria

1403 1777 1527 1809 formae
1550 1788 1646 1819 supra
1669 1781 1811 1810 materia.

1460 1823 1489 1853 3.
1515 1822 1609 1853 Circa
1632 1824 1720 1854 illam
1751 1826 1846 1855 etiam
1876 1826 2144 1865 propositionem,
2169 1827 2312 1857 Materia
2336 1827 2471 1858 elemen-

1402 1871 1510 1896 torum
1536 1877 1600 1897 non
1614 1868 1661 1908 fit
1683 1869 1862 1908 susceptiva
1877 1870 2016 1910 formae
2039 1871 2135 1900 unius
2158 1871 2306 1901 elementi
2328 1872 2392 1902 nisi
2409 1881 2472 1912 per

1400 1911 1462 1941 hoc
1484 1911 1572 1951 quod
1593 1912 1762 1942 subiicitur
1788 1913 1886 1943 alteri
1909 1914 2002 1953 parti
2029 1915 2280 1951 contrarietatis,
2306 1915 2471 1946 adverten—

1401 1954 1480 1985 dum
1492 1955 1587 1995 ‘quod
1604 1955 1768 1995 duplicem
1784 1957 1900 1988 habere
1920 1967 2051 1988 sensum
2067 1964 2183 1998 potest.
2209 1959 2300 1990 Unus
2317 1965 2364 1990 est
2379 1959 2470 1999 quod

1400 2008 1505 2029 unum
1529 2001 1761 2030 contrariorum
1791 2002 1830 2031 sit
1860 2002 1940 2032 ratio
1968 2003 2119 2032 materiae
2148 2002 2344 2043 suscipiendi
2371 2003 2467 2034 aliud.

1400 2043 1441 2073 Et
1464 2043 1516 2073 hic
1540 2052 1652 2074 sensus
1675 2053 1743 2074 non
1767 2050 1814 2075 est
1837 2054 1939 2082 verus,
1957 2055 2017 2076 nec
2040 2046 2093 2076 hic
2115 2046 2272 2077 intentus:
2297 2056 2365 2077 non
2381 2048 2468 2077 enim

1400 2086 1541 2118 caliditas
1573 2094 1620 2118 est
1653 2089 1804 2119 materiae
1834 2090 1914 2120 ratio
1946 2089 2122 2130 recipiendi
2150 2090 2368 2131 frigiditatem,
2392 2101 2468 2122 cum

1399 2132 1502 2172 ipsam
1526 2132 1672 2172 expellat.
1696 2150 1718 2155 -—
1743 2133 1835 2163 Alius
1858 2143 1970 2164 sensus
1994 2140 2040 2164 est
2064 2134 2154 2174 quod
2176 2135 2308 2165 materia
2330 2145 2397 2165 non
2421 2141 2468 2166 est

1399 2177 1579 2216 susceptiva
1603 2176 1727 2207 formae
1751 2178 1847 2207 unius
1871 2178 2021 2208 elementi
2044 2179 2106 2208 nisi
2128 2179 2168 2208 sit
2191 2180 2250 2209 sub
2269 2179 2373 2210 forma
2389 2189 2467 2210 con-

1398 2221 1500 2250 traria.
1525 2220 1621 2258 Quia,
1639 2230 1715 2251 cum
1731 2219 1835 2251 forma
1850 2222 2000 2252 elementi
2016 2222 2130 2252 habeat
2145 2223 2255 2262 aliquo
2271 2223 2372 2254 modo
2389 2233 2467 2254 con-

1398 2265 1540 2300 trarium,
1565 2270 1596 2295 et
1620 2265 1733 2295 eadem
1763 2266 1802 2295 sit
1831 2267 1963 2296 materia
1993 2267 2236 2303 contrariorum,
2261 2267 2313 2297 illa
2336 2269 2468 2298 materia

1399 2318 1483 2349 quae
1506 2318 1573 2339 non
1598 2309 1693 2339 habet
1720 2310 1753 2339 in
1784 2319 1818 2340 se
1851 2311 2046 2340 contrarium
2069 2310 2191 2341 formae
2215 2311 2375 2347 elementi,
2399 2322 2467 2342 non

1399 2359 1446 2383 est
1461 2353 1641 2393 susceptiva
1661 2353 1745 2384 illius
1769 2353 1909 2390 formae;
1933 2354 1989 2384 sed
2013 2355 2038 2384 si
2062 2355 2158 2385 habet
2180 2354 2318 2386 formam
2342 2362 2467 2386 contra-

1397 2398 1488 2433 riam,
1505 2398 1564 2428 erit
1579 2397 1664 2427 illius
1680 2397 1808 2428 alterius
1831 2399 2021 2438 susceptiva.
2045 2398 2087 2429 Et
2105 2399 2157 2429 hic
2173 2408 2284 2430 sensus
2301 2405 2347 2430 est
2362 2410 2465 2436 verus,

1399 2447 1431 2472 et
1454 2442 1505 2472 hic
1529 2442 1688 2472 intentus:
1713 2443 1905 2482 importatur
1935 2443 2021 2473 enim
2051 2452 2108 2482 per
2137 2443 2229 2474 illum
2257 2443 2395 2474 modum
2417 2444 2466 2475 lo-

1398 2485 1520 2526 quendi
1543 2487 1606 2516 hoc
1630 2486 1705 2516 loco
1733 2496 1801 2516 non
1824 2488 1904 2517 ratio
1929 2486 2071 2517 formalis
2094 2487 2299 2527 suscipiendi,
2316 2488 2371 2518 sed
2388 2498 2465 2519 con-

1398 2530 1478 2560 ditio
1502 2530 1652 2560 materiae
1675 2531 1874 2570 susceptivae
1898 2530 2021 2561 formae
2045 2531 2206 2561 elementi.

1453 2583 1484 2612 4.
1510 2574 1603 2604 Circa
1627 2575 1812 2614 exemplum
1828 2575 1972 2614 positum
1994 2575 2027 2604 in
2051 2575 2194 2605 secundo
2210 2575 2310 2605 modo
2327 2577 2464 2606 necessi-

1397 2619 1479 2654 tatis,
1496 2618 1634 2653 adverte,
1652 2627 1727 2648 cum
1744 2618 1859 2648 dicitur
1878 2618 1968 2658 quod
1981 2619 2101 2659 forma
2124 2619 2263 2648 hominis
2279 2623 2327 2649 est
2340 2620 2465 2650 animal

1397 2662 1561 2692 rationale
1584 2662 1730 2696 mortale,
1749 2667 1780 2692 et
1796 2662 1886 2701 quod
1901 2663 1980 2692 haec
1997 2661 2100 2692 forma
2123 2663 2217 2692 habet
2232 2668 2354 2702 partes,
2374 2663 2463 2702 quod

1396 2715 1464 2736 non
1488 2706 1633 2745 loquitur
1662 2705 1702 2735 de
1728 2707 1796 2745 ipsa
1827 2706 1933 2736 anima
1955 2706 2157 2742 intellectiva,
2183 2716 2266 2746 quae
2289 2712 2336 2736 est
2359 2706 2463 2737 forma

1395 2750 1529 2791 physica
1545 2755 1576 2780 et
1592 2750 1756 2780 naturalis:
1781 2749 1835 2780 sed
1851 2750 1891 2780 de
1907 2749 2105 2786 definitione,
2126 2759 2209 2790 quae
2229 2756 2276 2780 est
2295 2750 2398 2780 forma
2413 2761 2462 2781 se-

1395 2793 1540 2824 cundum
1559 2794 1718 2824 rationem
1742 2800 1772 2824 et
1796 2794 2087 2825 considerationem
2103 2795 2252 2834 logicam.
2269 2794 2358 2824 Haec
2374 2796 2461 2825 enim

1395 2837 1491 2868 habet
1520 2843 1634 2878 partes.
1659 2838 1700 2868 Et
1723 2838 1797 2868 ideo
1821 2848 1950 2868 necesse
1975 2845 2021 2868 est
2044 2843 2079 2868 ut
2106 2839 2267 2878 quaelibet
2294 2839 2362 2868 eius
2389 2848 2460 2879 pars

1394 2882 1520 2912 homini
1544 2882 1724 2912 conveniat.

1449 2926 1517 2956 Vll.
1545 2926 1653 2956 Tertio
1671 2927 1698 2962 ἦ
1726 2925 1866 2956 ostendit
1889 2926 2059 2966 quomodo
2083 2927 2153 2956 talis
2176 2927 2345 2957 necessitas
2371 2927 2460 2956 inve-

1393 2970 1480 3000 nitur
1502 2971 1535 3000 in
1559 2971 1654 3000 rebus
1677 2980 1719 3000 ex·
1741 2971 1848 3000 causis
1864 2970 2043 3011 agentibus.
2069 2971 2110 3001 Et
2125 2970 2201 3001 dicit
2223 2971 2290 3000 tria.
2316 2971 2459 3000 Primum

1393 3020 1441 3044 est
1464 3013 1564 3054 quod,
1589 3020 1747 3054 quantum
1770 3015 1810 3044 ad
1833 3016 1941 3054 ipsum
1964 3024 2066 3054 agere,
2091 3020 2138 3045 est
2159 3015 2329 3045 necessitas
2348 3014 2458 3044 similis

1392 3059 1573 3088 necessitati
1590 3058 1763 3089 accidentis
1787 3068 1886 3099 quam
1909 3059 2004 3089 habet
2021 3069 2058 3089 ex
2074 3060 2237 3099 principiis
2261 3058 2456 3088 formalibus.

1392 3102 1434 3132 Et
1457 3102 1547 3143 quod
1570 3103 1602 3132 in
1626 3112 1744 3143 genere
1767 3103 1932 3133 actionum
1948 3103 2204 3139 immanentium,
2221 3108 2268 3132 est
2288 3102 2458 3132 necessitas

1392 3147 1502 3187 quoad
1525 3147 1609 3186 ipsas
1633 3147 1790 3177 actiones:
1816 3156 1853 3178 ex
1884 3146 1987 3177 forma
2017 3148 2103 3177 enim
2133 3156 2190 3187 per
2219 3156 2316 3186 quam
2346 3155 2457 3187 sensus

1392 3196 1439 3221 est
1454 3192 1486 3221 in
1503 3197 1587 3227 actu,
1603 3201 1734 3221 necesse
1754 3197 1801 3221 est
1819 3200 1949 3221 sensum
1969 3192 2101 3227 sentire;
2126 3197 2157 3221 et
2180 3200 2255 3221 cum
2278 3190 2457 3221 intellectus

1392 3241 1439 3265 est
1462 3237 1495 3265 in
1520 3241 1593 3266 actu
1617 3245 1674 3275 per
1697 3236 1838 3275 speciem
1861 3235 2103 3275 intelligibilem,
2127 3244 2257 3265 necesse
2280 3240 2327 3264 est
2349 3235 2456 3274 ipsum

1391 3279 1578 3319 intelligere.
1611 3280 1646 3309 ln
1677 3289 1794 3319 genere
1818 3285 1925 3309 autern
1956 3280 2121 3309 actionum
2150 3278 2394 3313 transeuntium,
2419 3287 2457 3308 ex

1392 3323 1497 3354 forma
1519 3325 1641 3364 agentis
1665 3324 1810 3363 sequitur
1832 3324 2002 3353 necessitas
2024 3323 2158 3353 actionis
2179 3321 2288 3362 quoad
2307 3323 2456 3359 virtutem

1392 3367 1517 3408 agendi,
1541 3377 1672 3398 necesse
1695 3374 1742 3398 est
1766 3368 1862 3403 enim,
1887 3368 1912 3397 si
1937 3368 2018 3406 ignis
2049 3373 2096 3397 est
2127 3366 2256 3402 calidus,
2281 3371 2317 3396 ut
2344 3366 2458 3396 habeat

1391 3413 1542 3442 virtutem
1558 3411 1780 3443 calefaciendi:
1806 3421 1872 3441 non
1890 3416 1997 3442 autern
2013 3411 2157 3450 sequitur
2172 3410 2342 3440 necessitas
2357 3410 2457 3450 ipsius

1391 3456 1528 3486 actionis
1551 3455 1730 3486 secundum
1747 3465 1790 3491 se,
1808 3457 1883 3495 quia
1906 3464 2002 3494 agens
2026 3454 2172 3494 impediri
2197 3459 2303 3494 potest
2318 3463 2359 3483 ne
2376 3459 2456 3494 agat.

1390 3500 1459 3530 Nec
1483 3500 1587 3536 refert,
1606 3506 1764 3539 quantum
1780 3499 1819 3529 ad
1836 3500 2050 3539 propositum,
2074 3504 2182 3529 utrum
2206 3507 2302 3538 agens
2318 3498 2358 3527 sit
2372 3500 2457 3528 unus

1391 3549 1518 3574 tanturn
1551 3544 1712 3574 sufficiens
1743 3543 1782 3573 ad
1813 3544 1974 3573 actionem
2004 3552 2062 3582 per
2091 3551 2182 3572 suam
2217 3541 2371 3577 formam:
2406 3542 2457 3572 vel

1391 3594 1539 3628 oporteat
1559 3588 1680 3618 multos
1701 3593 1830 3627 agentes
1851 3587 1890 3617 ad
1908 3596 2007 3616 unam
2026 3587 2186 3616 actionem
2203 3585 2358 3626 agendam
2379 3595 2457 3616 con-

1393 3633 1526 3672 gregati.

2500 1437 2509 1445 ²
2524 1435 2580 1463 Cap.
2596 1441 2674 1456 xxxvi.

2487 2935 2496 2943 ’
2511 2934 2547 2955 Cf.
2557 2940 2580 2955 n.
2591 2940 2622 2961 iv,
2634 2933 2684 2956 init.
