2768 4134
0 994 3 1020 Ξ
58 1001 68 1011 ”
83 999 119 1021 Εἰ.
135 1004 199 1021 num.
217 1005 259 1021 ιιι.

0 1034 4 1045 ε

779 296 967 333 SUMMA
997 297 1219 335 CONTRA
1246 298 1520 344 GENTILES,
1550 299 1644 336 LIB.
1666 300 1707 345 ΙΙ,
1738 299 1848 336 CAP.
1869 300 2025 337 LXXV.

301 374 453 414 magister
475 378 585 403 causat
611 374 778 405 scientiam
805 375 839 405 in
869 374 1030 416 discipulo
1061 385 1129 406 non
1158 385 1217 416 per
1239 376 1376 407 modum

302 418 425 458 agentis
457 418 644 448 naturaliter
674 418 858 450 reducentis
892 421 1059 450 materiam
1094 420 1135 451 de
1164 421 1310 460 potentia
1343 421 1377 451 in

303 467 413 493 actum
435 471 512 493 suae
532 462 667 499 formae,
691 463 747 494 sed
769 473 827 503 per
842 464 981 495 modum
997 465 1082 495 artis.
1098 464 1194 496 Unde
1210 470 1242 495 et
1257 464 1297 495 ad
1312 465 1377 495 hoc

303 506 396 537 datur
418 508 458 537 ab
482 507 655 537 Aristotele
677 517 727 538 ars
751 507 1015 539 demonstrativa:
1034 509 1265 540 demonstratio
1289 510 1379 540 enim

303 556 351 581 est
373 551 588 592 syllogismus
601 552 738 593 faciens
760 553 854 583 scire.

358 596 485 626 Dicitur
502 595 659 632 secundo,
675 596 716 626 ad
735 597 894 627 maiorem
919 597 1169 628 declarationem
1192 598 1378 638 responsio—

302 640 362 676 nis,
380 639 480 681 quod,
498 649 574 670 curn
591 640 709 681 duplex
726 641 766 671 sit
782 651 841 678 ars,
858 651 923 672 una
939 642 1061 672 scilicet
1078 643 1113 672 in
1129 643 1222 673 cuius
1243 643 1377 673 materia

301 684 431 715 nullum
454 690 502 715 est
524 685 722 725 principium
738 694 836 725 agens
859 686 898 716 ad
922 686 1074 717 effectum
1097 687 1171 717 artis
1193 686 1378 727 producen-

302 728 392 765 dum,
415 734 453 759 ut
475 737 525 759 ars
547 729 760 766 aedificativa3
777 730 838 760 alia
859 731 894 760 in
918 731 1010 761 cuius
1033 731 1166 761 materia
1188 737 1236 762 est
1258 731 1377 771 princi-

301 773 394 813 pium
417 773 648 814 productivum
679 773 813 805 effectus
841 775 926 811 artis,
956 776 1039 806 sicut
1066 775 1275 806 medicativa:
1300 785 1377 806 cum

301 817 426 848 dictum
442 823 490 848 est
512 818 702 858 magistrum
718 827 849 849 causare
865 820 1032 850 scientiam
1055 829 1113 860 per
1135 820 1274 851 modum
1292 821 1376 856 artis,

302 862 458 902 accipitur
474 872 523 892 ars
538 862 684 894 secundo
700 863 814 900 modo,
830 873 898 894 non
915 869 1024 894 autem
1039 865 1146 904 primo
1162 864 1274 895 modo.
1290 863 1377 902 Quia

301 905 336 937 in
360 916 400 937 eo
425 907 482 947 qui
505 907 643 938 docetur
666 912 714 938 est
742 908 940 948 principium
969 909 1111 939 activum
1134 908 1175 939 ad
1197 909 1375 945 scientiam,

301 951 424 981 scilicet
438 952 620 982 intellectus
633 957 665 982 et
679 953 784 992 prima
799 953 957 993 principia
968 961 1053 992 quae
1063 953 1248 984 naturaliter
1260 953 1376 983 intelli-

301 1001 422 1036 guntur
432 997 463 1032 ’ς
489 1001 521 1026 et
536 996 621 1033 ideo,
638 997 721 1027 sicut
735 996 881 1027 medicus
897 996 1041 1027 sanando
1061 1003 1109 1027 est
1123 998 1269 1028 minister
1283 1002 1377 1027 natu-

300 1050 365 1077 rae,
381 1041 424 1071 ita
436 1038 587 1081 magister
602 1041 699 1072 docet
714 1041 928 1072 ministerium
946 1041 1125 1072 exhibendo
1131 1049 1144 1078 ‚·
1161 1042 1253 1072 Deus
1267 1047 1375 1072 autem

301 1085 440 1116 interius
463 1086 641 1126 operando,
659 1086 735 1126 quia
758 1085 908 1116 videlicet
931 1086 1020 1116 Deus
1044 1092 1091 1116 est
1114 1095 1210 1116 causa
1224 1086 1377 1116 naturalis

300 1130 432 1162 luminis
455 1130 647 1167 intellectus,
671 1140 738 1171 quo
761 1130 864 1160 homo
887 1130 921 1160 in
945 1131 1053 1170 seipso
1073 1131 1240 1161 scientiam
1256 1136 1376 1162 causat.

357 1174 483 1205 Dicitur
506 1175 611 1211 tertio,
631 1174 723 1215 quod
743 1175 822 1205 haec
845 1174 926 1205 ratio
942 1184 1011 1205 non
1035 1180 1083 1205 est
1107 1174 1146 1205 ad
1169 1175 1376 1215 propositum

301 1219 483 1250 secundum
513 1220 615 1260 ipsius
639 1219 918 1250 Commentatoris
941 1220 1150 1259 positionem.
1175 1219 1271 1257 Quia,
1300 1229 1375 1250 cum

299 1264 370 1304 ipse
386 1270 487 1304 ponat
502 1265 649 1295 habitum
664 1264 872 1294 scientiarum
887 1264 921 1294 in
937 1264 1102 1294 intellectu
1114 1265 1253 1304 passivo,
1270 1264 1376 1295 unitas

300 1308 482 1340 intellectus
510 1308 674 1349 possibilis
701 1308 782 1338 nihil
813 1307 888 1338 facit
915 1307 956 1338 ad
986 1309 1143 1339 unitatem
1173 1309 1375 1339 numeralem

300 1353 453 1384 scientiae
476 1353 619 1393 magistri
643 1358 674 1383 et
698 1352 861 1393 discipuli:
887 1362 963 1382 cum
986 1353 1188 1383 intellectum
1210 1354 1375 1393 passivum

300 1402 427 1428 constet
449 1407 518 1428 non
542 1407 611 1428 esse
635 1396 776 1428 eundem
798 1398 832 1427 in
856 1396 997 1431 diversis.
1022 1396 1085 1428 Sed
1110 1395 1254 1439 (supple)
1278 1407 1376 1438 opor-

299 1447 381 1473 teret
404 1441 600 1472 concludere
615 1450 685 1473 esse
699 1450 805 1472 unum
820 1441 1021 1473 intellectum
1040 1441 1206 1481 passivum
1218 1442 1254 1472 in
1269 1442 1376 1472 omni—

299 1487 371 1518 bus.
395 1486 496 1524 Quod
519 1486 600 1516 nihil
623 1485 664 1516 ad
686 1486 893 1526 propositum
916 1486 1064 1525 pertinet.

355 1531 410 1562 XI.
436 1530 531 1561 Circa
557 1530 771 1561 differentiam
798 1531 882 1561 inter
910 1539 1008 1570 agens
1037 1530 1181 1560 naturale
1212 1535 1244 1560 et
1273 1535 1375 1560 artem

298 1575 440 1616 positam
463 1585 483 1605 a
504 1574 624 1605 Sancto
651 1573 792 1610 Thoma,
815 1573 1063 1614 intelligendum
1087 1573 1179 1614 quod
1201 1575 1261 1604 ista
1284 1573 1374 1604 diffe-

299 1620 401 1651 rentia
424 1619 595 1659 dupliciter
623 1619 726 1659 accipi
754 1623 870 1658 potest.
900 1618 975 1648 Uno
1005 1617 1118 1654 modo,
1148 1624 1307 1658 quantum
1335 1618 1376 1649 ad

298 1663 438 1695 modum
461 1663 592 1704 agendi:
618 1663 695 1703 quia
717 1662 840 1693 scilicet
862 1671 960 1702 agens
982 1662 1128 1692 naturale
1151 1663 1216 1702 agit
1239 1667 1375 1693 natura-

299 1709 383 1746 liter,
400 1707 483 1739 idest
499 1717 537 1738 ex
552 1707 763 1738 inclinatione
778 1707 928 1747 propriae
948 1706 1072 1737 formae
1088 1707 1256 1744 naturalis;
1277 1716 1376 1748 agens

298 1751 377 1784 ’vero
399 1761 458 1794 per
481 1757 582 1782 artem
599 1752 663 1792 agit
681 1761 702 1782 a
719 1751 904 1792 proposito.
924 1751 966 1781 Et
980 1751 1033 1782 hic
1056 1752 1187 1792 proprie
1211 1756 1259 1782 est
1281 1751 1375 1782 intel-

298 1798 402 1830 lectus
431 1807 450 1828 a
473 1796 593 1828 Sancto
617 1796 748 1828 Thoma
775 1797 930 1827 intentus.
960 1796 1009 1828 Ex
1039 1796 1104 1826 hoc
1131 1796 1220 1826 enim
1249 1796 1374 1837 optime

299 1837 388 1884 patet
409 1841 502 1884 quod
523 1842 674 1882 magister
696 1850 765 1872 non
794 1841 860 1881 agit
886 1840 988 1871 modo
1015 1849 1126 1871 rerum
1147 1841 1374 1878 materialium,

299 1897 385 1928 qnae
406 1886 592 1918 naturaliter
615 1890 727 1926 agunt,
749 1890 786 1916 ut
808 1885 890 1916 ratio
913 1884 1104 1916 deducebat.
1127 1903 1150 1908 -
1172 1885 1248 1916 Alio
1271 1885 1374 1916 modo

299 1932 403 1977 accipi
426 1936 535 1972 potest
550 1935 709 1971 quantum
725 1929 766 1965 ad
781 1928 920 1960 formam
943 1929 1153 1969 productam:
1172 1929 1263 1970 quasi
1286 1929 1375 1960 vide-

298 1973 375 2008 licet
397 1985 495 2016 agens
509 1974 656 2006 naturale
671 1979 743 2015 agat
758 1973 972 2014 producendo
988 1973 1127 2004 formam
1150 1974 1288 2004 similem
1308 1973 1374 2004 for-

299 2029 373 2052 mae
395 2019 529 2061 agentis,
553 2018 739 2050 reducendo
770 2019 937 2049 materiam
965 2017 1005 2049 de
1034 2019 1180 2059 potentia
1207 2019 1242 2049 in
1265 2023 1374 2049 actum

299 2073 376 2097 suae
399 2062 539 2100 formam
562 2073 631 2095 non
654 2069 764 2094 autem
787 2073 885 2103 agens
908 2062 1080 2094 artificiale.
1097 2063 1140 2093 Et
1162 2064 1207 2093 sic
1230 2072 1299 2093 non
1322 2073 1375 2094 ac-

300 2111 379 2152 cipit
400 2110 465 2141 hoc
487 2109 564 2140 loco
587 2109 724 2140 Sanctus
748 2108 893 2139 Thomas
916 2107 1129 2138 differentiam
1152 2108 1303 2148 positam.

357 2164 386 2187 2.
411 2153 476 2191 Sed
498 2159 618 2190 tamen,
641 2153 727 2189 licet,
750 2153 778 2183 si
801 2152 969 2193 diligenter
990 2152 1088 2183 verba
1115 2157 1146 2182 et
1167 2152 1374 2192 propositum

299 2199 370 2231 eius
392 2197 624 2235 consideretur,
639 2198 763 2238 primus
778 2202 906 2228 tantum
924 2206 1037 2228 sensus
1056 2196 1153 2227 huius
1177 2196 1375 2227 differentiae

300 2244 340 2274 sit
362 2242 402 2274 ab
426 2253 467 2274 eo
490 2243 651 2278 intentus·,
681 2242 757 2282 quia
780 2246 888 2272 tamen
917 2241 1031 2282 aliquis
1058 2246 1169 2281 posset
1195 2241 1374 2272 existimare

301 2287 398 2319 etiam
420 2282 602 2319 secundu'm
625 2295 757 2317 sensum
781 2295 850 2316 esse
874 2285 913 2316 ab
939 2286 1012 2327 ipso
1042 2285 1215 2322 intentum,
1242 2291 1375 2326 propter

299 2329 443 2373 a‘liqum
459 2333 529 2363 eius
544 2332 726 2367 veritatem
751 2330 791 2362 ad
807 2331 877 2362 eius
892 2329 1087 2361 evidentiam
1103 2329 1375 2361 considerandum

300 2377 392 2419 quod
418 2378 479 2408 ista
505 2371 694 2412 differentia,
718 2375 759 2406 ad
783 2375 872 2406 hunc
901 2374 1084 2406 secundum
1111 2384 1255 2410 sensum.
1278 2375 1376 2406 habet

300 2422 435 2463 quidem
450 2421 628 2457 veritatem,
640 2419 810 2460 loquendo
825 2419 868 2455 de
881 2419 987 2451 forma
1002 2425 1161 2460 quantum
1177 2419 1219 2451 ad
1234 2419 1375 2451 eundem

300 2466 439 2501 modum
462 2465 598 2502 essendi,
617 2482 639 2486 -
662 2474 760 2506 agens
784 2465 872 2496 enim
894 2464 1039 2497 naturale
1062 2463 1214 2504 producit
1237 2463 1376 2495 formam

301 2506 440 2543 similem
456 2519 533 2540 suae
555 2508 680 2540 formae
703 2514 735 2540 et
758 2514 917 2550 quantum
941 2508 981 2540 ad
1003 2509 1107 2550 ipsam
1127 2509 1287 2540 rationem
1310 2508 1376 2539 for-

301 2565 384 2591 mae,
406 2560 438 2586 et
461 2558 621 2595 quantum
641 2553 682 2584 ad
706 2552 847 2584 eundem
865 2551 1003 2585 modum
1027 2553 1164 2590 essendi,
1187 2554 1375 2593 praesertim

302 2609 400 2640 agens
414 2600 609 2630 univocum:
627 2607 724 2638 agens
737 2603 846 2629 autem
862 2597 1035 2634 artificiale,
1048 2597 1125 2628 licet
1135 2598 1295 2639 producat
1311 2597 1376 2628 for-

301 2653 390 2675 mam
405 2643 544 2674 similem
559 2652 637 2674 suae
659 2642 784 2673 formae
806 2642 988 2674 secundum
1010 2643 1115 2682 ipsam
1138 2641 1262 2673 formae
1278 2643 1375 2673 ratio-

301 2698 390 2725 nem,
415 2697 484 2720 non
510 2693 619 2719 tamen
642 2687 825 2721 secundum
849 2686 990 2718 eundem
1014 2686 1152 2719 modum
1176 2687 1312 2724 essendi,
1340 2693 1377 2719 ut

302 2733 419 2770 dicitur
433 2733 561 2769 Prima,
584 2742 616 2773 q.
640 2741 692 2768 xv,
720 2740 747 2768 i,
772 2737 805 2762 et
825 2732 986 2767 Potentia,
1004 2741 1035 2772 q.
1052 2741 1107 2768 vn,
1128 2739 1154 2768 1,
1172 2731 1212 2762 ad
1235 2731 1270 2768 8;
1299 2741 1376 2763 cum

301 2777 408 2812 forma
429 2774 588 2818 producta
609 2776 726 2807 habeat
742 2786 811 2807 esse
826 2775 990 2807 materiale
1006 2781 1094 2806 extra
1115 2776 1326 2812 intellectum,
1342 2777 1375 2807 in

301 2820 468 2852 intellectu
491 2826 600 2851 autem
622 2820 739 2851 habeat
761 2829 830 2851 esse
853 2820 1063 2851 immateriale
1086 2825 1118 2850 et
1140 2820 1339 2860 intelligibile
1353 2838 1377 2843 -

300 2875 370 2897 non
391 2871 502 2897 mmen
522 2865 621 2895 habet
646 2865 814 2895 veritatem
835 2864 1056 2895 universaliter
1078 2864 1118 2895 de
1146 2864 1251 2895 forma
1274 2873 1376 2904 quan-

301 2916 373 2942 tum
395 2911 436 2949 ad
457 2911 563 2950 ipsam
585 2910 745 2940 rationem
770 2908 901 2940 formae.
926 2909 1011 2939 Nam
1036 2918 1106 2939 non
1129 2914 1177 2939 est
1198 2918 1312 2940 verum
1335 2909 1377 2940 de

301 2961 417 2996 agente
439 2954 598 2987 artificiali
614 2954 653 2986 in
677 2954 770 2985 euius
792 2954 926 2987 materia
951 2953 1080 2985 nullum
1108 2959 1156 2984 est
1178 2954 1376 2994 principium

302 3000 454 3036 activum,
471 2998 563 3040 quod
577 3008 647 3028 non
663 2997 780 3029 educat
793 2998 961 3029 materiam
976 2999 1011 3029 in
1026 3003 1135 3029 actum
1158 3007 1235 3029 suae
1251 2997 1376 3030 formae

303 3054 362 3085 perv
383 3053 483 3084 quam
506 3040 584 3084 agit:
603 3052 680 3075 cum
695 3042 862 3075 videamus
878 3041 1137 3074 domificatorem
1152 3042 1185 3073 in
1209 3043 1376 3075 materiam

302 3088 508 3120 introducere
535 3087 674 3118 formam
701 3086 819 3127 domus
845 3087 880 3116 in
910 3087 1042 3117 materia
1070 3086 1215 3117 eiusdem
1244 3087 1376 3118 rationis

303 3129 379 3164 cum
403 3132 504 3164 domo
528 3133 682 3163 existente
698 3132 732 3161 in
749 3132 818 3162 eius
840 3131 1016 3167 intellectu,
1041 3131 1116 3161 licet
1138 3140 1206 3161 non
1231 3130 1375 3161 eiusdem

302 3178 394 3209 modi
410 3177 548 3208 essendi.
565 3176 622 3207 Est
637 3181 747 3207 autem
763 3184 875 3206 verum
892 3174 933 3205 de
948 3174 1070 3205 artifice
1085 3175 1121 3205 in·
1135 3176 1229 3205 cuius
1243 3176 1376 3206 materia

303 3228 350 3254 est
373 3222 571 3263 principium
588 3230 685 3261 agens
701 3220 741 3250 ad
757 3219 910 3251 effectum
934 3220 1008 3250 artis
1024 3219 1284 3259 producendum.
1301 3220 1376 3250 Hoc

303 3268 392 3299 enim
415 3275 593 3298 commune
617 3266 708 3296 omni
739 3270 786 3295 est
814 3264 944 3300 actioni,
969 3263 1060 3304 quod
1091 3263 1224 3304 effectus
1252 3264 1376 3294 assimi-

302 3312 386 3343 latur
413 3320 490 3342 suae
519 3320 635 3341 causae
665 3309 834 3350 principali
866 3314 1025 3349 quantum
1054 3307 1095 3338 ad
1126 3307 1276 3344 formam,
1307 3317 1375 3339 non

303 3361 412 3386 autem
436 3360 566 3395 oportet
583 3360 619 3385 ut
641 3354 832 3384 assimiletur
846 3353 1060 3383 instrumento
1078 3357 1133 3382 aut
1155 3353 1316 3383 ministro:
1335 3362 1375 3382 eo

303 3398 394 3440 quod
409 3394 514 3441 agens
522 3398 709 3440 principale
725 3403 807 3440 agat
815 3407 880 3438 per
895 3397 1045 3427 virtutem
1060 3406 1140 3426 suae
1153 3397 1294 3436 formae,
1309 3406 1374 3426 non

303 3448 413 3475 autem
427 3453 531 3485 agens
554 3443 810 3476 instrumentum,
831 3448 867 3472 ut
883 3441 1000 3472 dicitur
1022 3441 1140 3477 Tertia,
1158 3450 1189 3480 q.
1206 3450 1279 3477 Lm,
1300 3446 1327 3477 ι,
1343 3446 1376 3471 et

305 3489 408 3524 Malo,
426 3497 457 3529 q.
469 3498 512 3525 tv,
533 3495 561 3525 1,
577 3487 619 3520 ad
638 3489 674 3519 15
693 3493 725 3519 et
742 3488 790 3519 16.
807 3487 849 3518 Et
859 3485 934 3518 ideo
946 3495 1043 3526 agens
1055 3485 1232 3525 principale
1248 3485 1375 3525 agendo

304 3532 413 3564 educit
435 3533 602 3563 materiam
619 3532 659 3563 de
675 3533 821 3573 potentia
845 3530 884 3561 ad
900 3536 1007 3561 actum
1024 3539 1100 3560 suae
1123 3528 1261 3559 formae:
1278 3538 1375 3569 agens

304 3583 413 3608 autem
428 3577 681 3614 instrumentale,
698 3582 734 3607 ut
749 3577 804 3613 sic,
816 3586 886 3606 non
902 3575 1010 3606 educit
1025 3574 1192 3605 materiam
1211 3573 1251 3603 ad
1267 3579 1375 3604 actum

305 3622 453 3662 propriae
477 3621 611 3658 formae,
635 3621 691 3652 sed
719 3626 913 3661 cooperatur
938 3619 1043 3659 agenti
1072 3618 1241 3658 principali
1264 3617 1304 3647 ad
1327 3617 1376 3647 in-

305 3665 494 3696 ductionem
518 3665 642 3696 formae
660 3666 746 3696 illius
761 3666 796 3696 in
811 3665 989 3695 materiam.
1014 3663 1101 3694 Cum
1125 3672 1201 3702 ergo
1226 3667 1257 3692 et
1278 3671 1326 3691 ars
1341 3662 1375 3691 in

2423 313 2505 350 479

1432 377 1524 407 cuius
1540 378 1673 407 materia
1687 387 1756 408 non
1773 383 1820 408 est
1835 378 2032 418 principium
2048 379 2190 409 activum
2206 378 2245 409 ad
2262 378 2413 410 effectum
2429 381 2504 411 artis

1430 421 1691 461 producendum,
1707 422 1823 452 habeat
1841 423 2001 453 rationem
2016 423 2200 463 principalis
2216 424 2349 463 agentis,
2365 425 2449 455 sicut
2471 430 2504 456 et

1430 474 1530 505 agens
1550 466 1711 502 naturale;
1735 466 1821 502 ideo,
1846 467 1929 497 sicut
1956 476 2052 506 agens
2074 468 2218 498 naturale
2242 468 2306 508 agit
2329 468 2369 498 ad
2391 469 2503 499 simili-

1430 509 1578 540 tudinem
1594 519 1670 540 suae
1686 509 1810 540 formae
1831 511 1865 540 in
1887 512 2021 541 materia
2038 511 2294 551 producendam,
2314 513 2357 542 ita
2376 519 2408 543 et
2430 513 2503 544 talis

1430 552 1552 583 artifex.
1569 554 1611 584 Et
1626 553 1700 584 ideo
1717 554 1854 585 Sanctus
1871 555 2026 592 Thomas,
2044 557 2077 586 in
2093 556 2167 594 QQ.
2183 556 2223 586 de
2245 556 2392 593 Ver-itate,
2410 567 2441 597 q.
2458 568 2500 594 Χῖ,

1430 607 1457 627 a.
1473 605 1500 633 1,
1513 598 1734 628 universaliter
1750 604 1782 628 et
1793 600 1915 638 absque
1931 599 2136 630 distinctione
2150 601 2255 640 inquit
2267 601 2357 641 quod
2370 602 2501 642 quando

1430 642 1556 682 aliquid
1564 643 1762 682 praeexistit
1776 643 1809 672 in
1823 644 1972 682 potentia
1989 645 2124 684 passiva
2147 649 2284 682 tantum,
2302 650 2379 676 tunc
2398 655 2501 687 agens

1430 686 1648 716 extrinsecum
1667 692 1716 716 est
1741 687 1829 727 quod
1851 687 1958 717 educit
1974 689 2205 728 principaliter
2230 689 2269 719 de
2293 691 2444 729 potentia
2467 691 2500 720 in

1429 735 1548 760 actum.
1572 731 1634 761 Ars
1650 736 1759 762 autem
1773 732 1808 761 in
1825 732 1917 762 cuius
1932 733 2065 762 materia
2081 738 2128 763 est
2144 734 2340 773 principium
2359 735 2501 765 activum

1430 774 1471 805 ad
1486 774 1638 805 effectum
1661 776 1735 805 artis
1758 775 2018 816 producendum,
2035 786 2112 807 cum
2135 783 2341 817 comparetur
2363 778 2404 808 ad
2420 779 2501 810 illud

1429 819 1626 859 principium
1642 819 1733 859 quod
1749 825 1796 850 est
1810 820 1845 850 in
1859 821 1992 850 materia
2007 821 2091 851 sicut
2106 821 2357 852 instrumentum
2373 828 2404 853 et
2419 824 2502 854 sieut

1430 863 1575 894 minister
1593 863 1633 894 ad
1648 864 1826 904 principale
1849 874 1957 904 agens,
1980 874 2049 895 non
2073 864 2181 895 educit
2204 867 2370 896 materiam
2386 866 2426 897 de
2441 877 2501 908 po-

1430 908 1529 938 tentia
1544 909 1578 938 in
1594 914 1703 939 actum
1726 909 1827 948 ipsius
1851 909 1935 946 artis,
1951 909 2008 939 sed
2023 909 2271 940 ministerialiter
2293 916 2444 950 operatur
2462 911 2502 941 ad

1430 952 1494 982 hoc
1510 957 1547 982 ut
1562 953 1740 992 explicetur
1754 953 1789 983 in
1805 958 1878 984 actu
1902 953 1994 993 quod
2008 954 2126 984 virtute
2145 954 2179 984 in
2202 954 2372 995 principali
2387 961 2500 994 agente

1430 997 1628 1027 continetur:
1653 998 1736 1028 sicut
1751 1007 1800 1027 ars
1822 997 2015 1028 medicativa
2036 999 2182 1029 ministra
2197 1004 2245 1029 est
2269 998 2310 1029 ad
2328 999 2392 1029 boc
2417 1004 2451 1029 ut
2466 1000 2500 1030 in

1430 1050 1549 1081 corpus
1572 1041 1796 1072 introducatur
1814 1042 1941 1078 sanitas,
1961 1052 2044 1082 quae
2064 1043 2248 1073 continetur
2270 1043 2446 1074 virtualiter
2467 1044 2502 1074 in

1429 1086 1546 1116 virtute
1569 1086 1710 1116 sanativa
1725 1086 1759 1116 in
1778 1086 1909 1116 animali
1932 1087 2096 1117 existente.
2121 1087 2163 1117 Et
2185 1087 2330 1117 similiter
2352 1087 2503 1127 magister

1429 1138 1488 1169 per
1502 1139 1594 1160 suam
1610 1130 1777 1161 scientiam
1793 1140 1860 1161 non
1877 1131 1940 1171 agit
1955 1130 1995 1161 ad
2011 1130 2287 1162 introductionem
2306 1141 2383 1162 suae
2398 1132 2501 1162 scien-

1427 1174 1491 1204 tiae
1506 1174 1540 1204 in
1556 1174 1769 1214 discipulum:
1794 1175 1851 1206 sed
1866 1180 1914 1205 est
1928 1176 2074 1206 minister
2091 1175 2131 1206 ad
2146 1176 2216 1206 hoc·
2227 1175 2318 1216 quod
2333 1177 2502 1207 scientiam

1428 1227 1511 1258 quae
1527 1219 1644 1249 virtute
1668 1219 1853 1250 continetur
1875 1220 1909 1250 in
1932 1220 2099 1250 intellectu
2122 1216 2320 1260 discipuliet
2334 1221 2500 1261 principiis

1428 1263 1467 1293 ab
1484 1272 1524 1294 eo
1547 1263 1733 1294 naturaliter
1754 1264 1850 1300 notis,
1874 1264 1943 1303 ipse
1959 1264 1992 1294 in
2009 1265 2116 1304 seipso
2140 1269 2259 1294 causet.
2277 1265 2319 1294 Et
2334 1265 2408 1295 ideo
2424 1274 2500 1305 pro—

1427 1308 1521 1347 ponit
1532 1307 1592 1338 sibi
1604 1308 1845 1348 propositiones
1858 1313 1890 1338 et
1901 1307 2049 1338 ordinem
2065 1309 2329 1349 propositionum
2344 1315 2500 1349 tanquam

1427 1353 1640 1382 instrumenta
1670 1352 1788 1392 quibus
1819 1353 1853 1382 in
1882 1353 1989 1392 seipso
2013 1353 2159 1383 habitum
2188 1354 2339 1384 scientiae
2371 1363 2499 1384 causare

1428 1396 1546 1437 possit;
1577 1397 1733 1437 proponit
1765 1397 1862 1428 etiam
1893 1397 2050 1437 exempla,
2082 1398 2199 1437 quibus
2229 1398 2332 1438 possit
2361 1397 2499 1429 formare

1427 1441 1650 1480 phantasmata
1671 1441 1852 1472 necessaria
1874 1440 1914 1471 ad
1936 1441 2194 1482 intelligendum.

1486 1485 1515 1515 3.
1540 1484 1604 1516 Sed
1627 1485 1768 1515 occurrit
1791 1484 1937 1516 dubium.
1954 1485 2038 1515 Nam
2054 1486 2187 1516 scientia
2210 1485 2360 1526 discipuli
2376 1486 2415 1516 de
2432 1496 2499 1516 uno

1428 1529 1532 1560 scibili
1548 1534 1595 1560 est
1610 1529 1756 1560 eiusdem
1778 1530 1899 1570 speciei
1922 1539 1998 1560 cum
2014 1531 2146 1562 scientia
2168 1531 2311 1570 magistri
2326 1530 2366 1561 de
2382 1530 2500 1561 eodem

1427 1574 1540 1604 scibili.
1565 1573 1660 1604 Unde
1684 1574 1717 1604 in
1741 1573 1780 1604 de
1811 1574 1958 1609 Veritate,
1983 1574 2040 1604 ubi
2063 1583 2169 1614 supra,
2186 1584 2214 1605 a.
2237 1582 2263 1610 1,
2280 1574 2320 1605 ad
2336 1575 2367 1611 6,
2385 1575 2500 1606 dicitur

1428 1617 1518 1657 quod
1534 1627 1599 1658 per
1614 1617 1796 1648 doctrinam
1809 1619 1856 1659 fit
1871 1618 1904 1647 in
1921 1618 2078 1658 discipulo
2093 1619 2228 1649 scientia
2244 1619 2358 1649 similis
2374 1619 2404 1649 ei
2418 1628 2501 1660 quae

1428 1666 1475 1692 est
1498 1662 1530 1691 in
1556 1662 1715 1703 magistro
1737 1662 1852 1692 educta
1875 1662 1914 1692 de
1930 1663 2082 1702 potentia
2106 1663 2138 1692 in
2155 1668 2273 1693 actum.
2298 1663 2384 1703 Ergo
2400 1664 2501 1704 magi-

1426 1711 1499 1742 ster,
1517 1705 1668 1737 docendo
1684 1706 1772 1736 illam
1784 1707 1962 1742 scientiam,
1976 1706 2085 1737 educit
2096 1706 2292 1746 discipulum
2305 1706 2345 1737 de
2356 1709 2502 1747 potentia

1427 1751 1461 1781 in
1478 1755 1587 1781 actum
1603 1759 1680 1781 suae
1697 1749 1831 1781 formae.
1854 1750 1931 1780 Non
1947 1751 2035 1780 enim
2058 1751 2119 1781 alia
2139 1751 2263 1781 ratione
2287 1750 2404 1782 dicitur
2419 1751 2501 1792 ignis

1428 1794 1566 1826 educere
1588 1796 1756 1826 materiam
1780 1794 1820 1826 de
1835 1795 1982 1835 potentia
2005 1795 2039 1825 in
2055 1800 2164 1826 actum
2187 1804 2265 1826 suae
2287 1794 2421 1833 formae,
2440 1797 2502 1827 nisi

1428 1840 1505 1880 quia
1526 1841 1561 1870 in
1583 1840 1718 1871 materia
1746 1839 1900 1880 producit
1928 1839 2069 1870 formam
2097 1839 2243 1871 eiusdem
2275 1840 2395 1880 speciei
2425 1850 2501 1872 cum

1427 1883 1533 1915 forma
1555 1893 1655 1925 quam
1678 1885 1784 1915 habet.

1482 1928 1711 1969 Respondetur
1735 1928 1826 1969 quod
1841 1938 1939 1969 agens
1955 1928 2093 1959 educere
2116 1929 2283 1959 materiam
2300 1928 2340 1958 de
2355 1929 2501 1969 potentia

1428 1973 1460 2002 in
1478 1978 1587 2004 actum
1606 1973 1757 2013 propriae
1773 1972 1908 2008 formae,
1925 1973 2084 2013 contingit
2099 1972 2279 2014 dupliciter.
2296 1973 2372 2003 Uno
2388 1972 2499 2009 modo,

1428 2017 1505 2057 quia
1527 2017 1632 2047 forma
1655 2026 1714 2048 sua
1737 2022 1784 2048 est
1806 2017 2003 2058 principium
2028 2017 2170 2047 activum
2194 2016 2330 2047 formale
2346 2026 2413 2057 quo
2433 2016 2499 2047 for-

1427 2071 1516 2092 mam
1530 2062 1683 2103 producit
1697 2062 1731 2092 in
1754 2062 1887 2092 materia
1902 2061 2041 2092 similem
2064 2070 2142 2092 suae
2164 2060 2298 2097 formae,
2314 2062 2419 2101 ipsam
2434 2061 2500 2092 for-

1427 2116 1516 2137 mam
1539 2106 1726 2147 attingendo
1751 2115 1809 2137 sua
1836 2107 1974 2137 actione.
2003 2105 2091 2136 Alio.
2105 2105 2219 2142 modo,
2244 2106 2321 2146 quia
2342 2106 2501 2137 ministrat

1427 2151 1524 2182 alicui
1545 2152 1759 2182 instrumenta
1781 2151 1900 2191 quibus
1922 2149 2004 2181 illud
2018 2149 2177 2190 producat
2198 2149 2338 2180 formam
2360 2151 2499 2181 similem

1428 2196 1551 2226 formae
1581 2196 1682 2236 ipsius
1711 2195 1933 2226 ministrantis:
1958 2204 2015 2226 seu
2044 2203 2257 2235 quocumque
2287 2194 2389 2225 modo
2412 2195 2501 2228 iuvat

1428 2240 1516 2271 aliud
1539 2239 1579 2270 ad
1608 2239 1860 2281 productionem
1890 2239 1975 2269 illius
2003 2238 2139 2275 formae,
2169 2239 2278 2279 ipsum
2306 2244 2416 2269 tamen
2442 2249 2500 2270 sua

1428 2285 1557 2316 actione
1583 2294 1652 2315 non
1682 2284 1808 2324 attingit
1830 2283 1979 2314 formam.
2011 2283 2162 2323 Magister
2193 2293 2269 2323 ergo
2299 2293 2368 2313 non
2392 2282 2501 2314 educit

1428 2330 1606 2365 materiam,
1637 2329 1704 2359 sive
1729 2328 1930 2359 intellectum
1959 2327 2124 2367 discipuli,
2151 2327 2185 2357 in
2213 2333 2322 2358 actum
2351 2328 2500 2367 propriae

1428 2373 1552 2404 formae
1577 2379 1609 2404 et
1631 2373 1781 2414 propriae
1807 2373 1960 2403 scientiae
1982 2372 2089 2412 primo
2116 2371 2230 2408 modo,
2254 2381 2330 2402 cum
2357 2373 2500 2409 scientia,

1428 2419 1623 2459 inquantum
1639 2416 1838 2453 huiusmodi,
1854 2426 1923 2447 non
1939 2417 2055 2447 habeat
2069 2417 2229 2447 rationem
2253 2426 2378 2453 causae,
2403 2422 2439 2447 ut
2454 2417 2502 2448 di-

1429 2464 1512 2494 citur
1528 2462 1654 2498 ISent.‚
1673 2462 1703 2492 d.
1720 2471 1847 2498 xxxvm,
1861 2471 1889 2492 a.
1911 2469 1938 2498 1,
1955 2466 1987 2492 et
1997 2461 2115 2498 Prima,
2132 2470 2163 2500 q.
2181 2471 2274 2497 cxvn,
2293 2469 2318 2497 1,
2336 2460 2376 2491 ad
2393 2471 2427 2492 2:
2445 2461 2501 2493 sed

1429 2506 1574 2539 secundo
1605 2506 1706 2537 modo
1737 2511 1874 2542 tantum,
1902 2506 2096 2546 inquantum
2126 2515 2184 2545 per
2214 2506 2380 2536 scientiam
2410 2507 2501 2536 novit

1429 2553 1579 2593 magister
1595 2561 1675 2592 quas
1690 2551 1941 2591 propositiones,
1959 2560 2038 2590 quas
2058 2549 2359 2586 demonstrationes,
2377 2559 2500 2590 quaeve

1429 2596 1578 2637 exempla
1601 2596 1716 2627 debeat
1738 2595 1898 2635 discipulo
1922 2603 2118 2635 proponere,
2142 2594 2260 2634 quibus
2275 2594 2376 2624 iuvari
2398 2596 2501 2635 possit

1429 2641 1470 2673 ad
1493 2640 1689 2672 causandam
1719 2640 1886 2670 scientiam
1908 2640 1942 2669 in
1973 2639 2090 2678 seipso.
2115 2639 2157 2669 Et
2183 2638 2258 2669 ideo
2288 2638 2410 2669 docens
2432 2648 2500 2670 non

1428 2686 1545 2717 dicitur
1567 2685 1705 2716 educere
1729 2684 1926 2724 discipulum
1941 2683 1982 2720 de
1997 2683 2143 2723 potentia
2161 2684 2195 2713 in
2210 2688 2319 2714 actum
2342 2693 2419 2714 suae
2434 2683 2500 2714 for-

1428 2740 1500 2762 mae
1515 2731 1579 2762 nisi
1593 2729 1738 2762 secundo
1762 2728 1879 2759 modo:
1903 2728 1995 2764 sicut,
2012 2729 2038 2758 si
2052 2728 2154 2758 homo
2178 2727 2299 2758 calidus
2321 2728 2446 2758 iuvaret
2460 2727 2500 2760 ad

1429 2775 1703 2807 introductionem
1728 2773 1842 2803 caloris
1864 2773 1898 2804 in
1920 2771 2009 2812 ligno
2033 2772 2079 2802 illi
2100 2772 2207 2812 ignem
2231 2771 2498 2812 approximando,

1429 2819 1590 2851 diceretur
1612 2827 1743 2849 causare
1766 2816 2013 2848 ministerialiter
2040 2816 2181 2846 calorem
2212 2815 2357 2846 eiusdem
2379 2816 2499 2856 speciei

1430 2873 1506 2895 cum
1522 2863 1628 2894 calore
1644 2862 1865 2903 quemhabet,
1889 2866 1997 2891 tamen
2017 2861 2104 2890 calor
2122 2870 2200 2891 suus
2223 2870 2290 2890 non
2314 2866 2396 2891 esset
2411 2861 2498 2900 prin-

1430 2909 1554 2949 cipium
1569 2907 1704 2938 formale
1721 2916 1789 2947 quo
1804 2906 1931 2946 lignum
1946 2904 2144 2935 calefaceret.
2156 2922 2178 2929 ·-
2193 2905 2377 2944 Propositio
2390 2910 2499 2935 autem
2520 2901 2524 2905 '

1429 2953 1538 2988 Sancti
1561 2953 1712 2983 Thomae
1723 2952 1740 2968 ἥ
1764 2949 1971 2990 intelligenda
1987 2954 2035 2980 est
2049 2950 2155 2989 primo
2171 2948 2283 2985 modo,
2304 2959 2372 2979 non
2388 2955 2498 2980 autem

1429 2996 1574 3031 secundo
1597 2995 1710 3031 modo.
1735 2995 1813 3026 Ideo
1837 2995 1917 3029 ratio
1941 3003 2010 3024 non
2033 2994 2188 3034 sequitur.

1482 3050 1514 3081 4.
1539 3040 1726 3072 Differentia
1750 3049 1827 3079 ergo
1851 3039 1905 3069 illa
1930 3039 2036 3078 posita
2066 3039 2149 3068 inter
2175 3046 2271 3077 agens
2299 3037 2442 3067 naturale
2466 3041 2497 3068 et

1429 3085 1592 3116 artificiale
1615 3086 1703 3115 iuxta
1719 3083 1894 3114 secundam
1910 3083 2207 3122 interpretationem
2219 3083 2246 3118 ἦ
2263 3081 2384 3112 scilicet
2407 3079 2497 3120 quod

1429 3140 1526 3170 agens
1550 3129 1695 3160 naturale
1712 3128 1820 3159 educit
1841 3128 2007 3158 materiam
2029 3127 2068 3157 de
2084 3126 2228 3166 potentia
2246 3126 2280 3155 in
2297 3131 2404 3155 actum
2420 3134 2496 3155 suae

1428 3174 1564 3210 formae,
1588 3183 1657 3204 non
1680 3178 1790 3204 autem
1809 3182 1905 3212 agens
1922 3170 2094 3207 artificiale,
2112 3176 2160 3201 est
2182 3170 2400 3200 universaliter
2422 3178 2496 3199 vera

1429 3218 1469 3253 de
1491 3218 1597 3249 forma
1620 3223 1779 3258 quantum
1795 3216 1835 3247 ad
1851 3215 1992 3246 eundem
2011 3215 2136 3246 essendi
2158 3213 2304 3245 modum.
2328 3213 2497 3251 Quantum

1429 3269 1539 3294 autem
1563 3262 1605 3294 ad
1630 3263 1734 3303 ipsam
1762 3261 1886 3294 formae
1909 3260 2078 3295 rationem,
2106 3265 2154 3289 est
2178 3268 2253 3289 vera
2277 3257 2495 3297 comparando

1429 3317 1526 3347 agens
1549 3307 1693 3339 naturale
1717 3305 1757 3336 ad
1782 3304 1862 3336 illud
1887 3309 2013 3334 tantum
2041 3313 2138 3343 agens
2163 3302 2324 3332 artificiale
2347 3302 2380 3331 in
2405 3301 2497 3341 cuius

1428 3351 1561 3382 materia
1577 3356 1624 3381 est
1647 3351 1842 3390 principium
1866 3349 2007 3378 activum
2026 3347 2066 3377 ad
2089 3347 2338 3387 productionem
2362 3345 2495 3382 formae,

1429 3394 1613 3426 cuiusmodi
1637 3404 1734 3434 agens
1765 3399 1811 3424 est
1839 3393 1998 3432 magister,
2024 3391 2063 3421 de
2091 3396 2158 3431 quo
2187 3391 2221 3420 in
2252 3389 2421 3430 proposito
2449 3394 2497 3420 est

1428 3449 1550 3471 sermo:
1566 3449 1634 3470 non
1651 3445 1760 3469 autem
1777 3437 1996 3468 universaliter
2012 3434 2231 3475 comparando
2248 3434 2288 3464 ad
2307 3443 2405 3474 agens
2424 3434 2497 3464 arti-

1428 3484 1542 3515 ficiale.
1555 3502 1579 3506 —
1589 3484 1819 3518 Veruntamen,
1832 3487 1868 3511 ut
1883 3481 2031 3516 diximus,
2043 3480 2146 3519 prima
2163 3479 2383 3518 interpretatio
2394 3479 2497 3519 magis

1429 3535 1477 3559 est
1500 3528 1540 3566 ad
1563 3528 1769 3568 propositum
1793 3526 1900 3556 Sancti
1924 3525 2083 3554 Thomae.

1483 3573 1552 3603 XII.
1578 3572 1671 3603 Circa
1694 3571 1782 3601 illam
1805 3569 2074 3610 propositionem,
2093 3567 2132 3598 In
2153 3577 2190 3598 eo
2215 3567 2271 3608 qui
2294 3567 2429 3597 docetur
2451 3571 2498 3597 est

1424 3617 1622 3657 principium
1646 3615 1785 3645 activum
1802 3613 1846 3644 ad
1866 3613 2043 3647 scientiam,
2067 3612 2189 3642 scilicet
2212 3611 2392 3642 intellectus
2412 3616 2444 3642 et
2458 3620 2498 3642 ea

1428 3670 1511 3701 quae
1542 3660 1739 3691 naturaliter
1761 3658 2002 3698 intelliguntur,
2024 3656 2147 3687 scilicet
2162 3656 2274 3696 prima
2291 3655 2457 3696 principia
2469 3656 2496 3691 θ,

2524 2958 2534 2967 '¹
2543 2955 2738 2983 Cf.num.x‚init.

2524 3089 2534 3097 ”
2549 3087 2585 3108 Cf.
2601 3087 2652 3109 init.
2668 3087 2737 3108 huius

2524 3119 2601 3142 parag.

2525 3635 2534 3643 '¹
2544 3632 2580 3654 Cf.
2589 3639 2651 3654 num.
2664 3638 2685 3655 x.
2697 3632 2738 3653 Di-

2525 3659 2586 3681 citur
2599 3658 2708 3681 secundo.
