2768 4134
65 1015 74 1023 ·
90 1013 123 1035 Cf.
142 1019 191 1035 n.1.

61 2485 70 2494 '
85 2483 120 2506 Cf.
138 2489 200 2505 n.v1.

63 2574 70 2583 ·
81 2571 179 2598 Cf.1P.,
189 2578 274 2598 xLV1,2.

73 3415 81 3423 ·
110 3413 197 3441 Ορυκ.
221 3413 283 3440 XVI,

72 3439 112 3461 iol.
125 3445 188 3466 io4v
209 3439 282 3467 (Rom.

72 3473 80 3488 ι
84 3466 143 3494 57⁰)-

72 3549 283 3599 ἷῦιρΛῃιιςεΠΠι.

83 3584 121 3604 ,4.

318 308 391 345 508

312 387 549 425 distinguuntur
565 382 691 422 seipsis:
709 382 734 411 si
748 379 1119 411 commensurationibus
1132 378 1382 418 distinguuntur,

313 437 344 461 et
367 427 639 460 commensuratio
662 425 741 456 nihil
770 424 855 455 aliud
879 425 918 454 sit
942 433 1041 464 quam
1065 424 1133 463 ipsa
1158 423 1284 453 animae
1307 423 1382 453 sub-

311 474 424 505 stantia
447 473 523 502 huic
547 471 674 510 corpori
702 474 972 499 commensurata.
1005 468 1079 498 Hoc
1104 473 1213 497 autem
1244 476 1313 497 non
1337 467 1382 497 vi-

310 518 403 549 detur
425 518 458 547 in
483 516 628 546 doctrina
652 514 760 545 Sancti
784 513 933 543 Thomae
957 521 1070 543 verum
1094 521 1173 542 esse.

366 559 592 601 Respondetur
604 557 694 599 quod
711 558 823 598 utique
840 557 1080 597 distinguuntur
1094 555 1206 596 seipsis
1226 555 1383 586 identice:

308 607 371 637 hoc
399 610 455 641 est,
486 614 554 634 non
584 613 641 644 per
670 603 812 643 aliquam
845 602 1010 632 entitatem
1039 600 1100 631 illis
1131 599 1380 640 superadditam.

309 649 498 681 Formaliter
517 654 626 679 autem
649 657 717 677 non
741 646 983 687 distinguuntur
999 645 1120 686 seipsis,
1144 644 1201 674 sed
1217 654 1275 684 per
1291 653 1381 675 com-

307 694 581 726 mensurationem
597 691 637 722 ad
657 701 804 732 corpora,
822 701 905 732 quae
921 691 961 721 ab
985 691 1053 730 ipsa
1077 690 1184 719 anima
1204 688 1382 719 formaliter

308 745 354 770 est
377 738 534 769 distincta.
563 737 653 767 Sicut
675 737 777 767 homo
802 735 952 776 specifice
975 735 1082 775 seipso
1106 733 1246 764 identice
1270 732 1381 764 distin-

307 784 415 824 guitur
439 783 478 812 ab
502 791 599 822 equo,
625 782 701 821 quia
724 790 793 811 non
817 790 874 821 per
890 780 1031 820 aliquam
1056 778 1221 809 entitatem
1246 779 1285 808 ab
1308 778 1380 818 ipso

307 828 489 860 distinctam
505 825 644 857 realiter:
667 825 843 856 formaliter
858 834 934 855 vero
951 834 1008 855 sua
1025 822 1203 854 differentia
1218 821 1379 863 specifica,

306 873 427 904 scilicet
451 871 619 905 rationali,
637 871 675 900 ab
700 871 771 910 ipso
789 869 1002 909 distinguitur.
1023 868 1068 898 Ita
1093 868 1179 898 enim
1202 868 1235 898 in
1259 867 1327 897 istis
1346 876 1380 897 se

305 918 402 948 habet
424 915 540 957 gradus
567 914 769 946 individualis
797 913 836 944 ad
866 913 1076 944 substantiam
1107 912 1233 942 animae
1264 911 1380 942 indivi-

306 962 414 997 duam,
438 962 521 991 sicut
544 959 721 990 differentia
744 957 893 998 specifica
917 957 957 988 ad
981 957 1133 998 speciem.

362 1006 413 1036 III.
430 1005 481 1036 Ad
497 1005 624 1036 tertiam
637 1006 654 1021 ἕ
666 1002 855 1043 respondet:
873 1009 905 1032 et
917 1002 1033 1042 primo,
1047 1000 1229 1032 secundum
1240 1001 1379 1031 aliorum

306 1051 510 1092 opinionem;
535 1048 651 1079 deinde
674 1047 854 1078 secundum
879 1046 1043 1087 propriam
1065 1046 1267 1086 opinionem.
1292 1045 1379 1076 Dicit

305 1105 381 1136 ergo
405 1095 510 1135 primo
535 1092 625 1133 quod
640 1093 722 1122 inter
745 1097 905 1132 ponentes
922 1091 1035 1122 mundi
1057 1090 1288 1127 aeternitatem,
1306 1091 1378 1131 qui-

304 1140 388 1175 dam,
413 1139 584 1169 occasione
612 1137 707 1167 huius
732 1136 875 1172 rationis,
900 1141 1130 1166 concesserunt
1154 1135 1277 1165 animas
1301 1144 1376 1166 cum

304 1183 494 1224 corporibus
517 1182 656 1212 interire.
672 1199 695 1203 -
711 1181 775 1211 Alii
799 1180 948 1211 dixerunt
971 1180 1011 1211 de
1035 1180 1188 1210 omnibus
1210 1180 1378 1210 animabus

302 1237 468 1259 remanere
491 1226 613 1266 aliquid
637 1235 756 1256 unum:
782 1225 903 1256 scilicet
926 1225 1128 1255 intellectum
1155 1229 1316 1264 agentem,
1341 1230 1377 1255 ut

302 1271 493 1308 Alexander,
509 1276 546 1302 ut
570 1271 602 1301 in
619 1271 722 1311 prima
741 1270 867 1300 ratione
883 1269 1014 1306 dicitur;
1039 1269 1089 1300 vel
1115 1278 1191 1300 cum
1214 1279 1255 1300 eo
1280 1270 1376 1300 etiam

302 1317 503 1348 intellectum
526 1315 724 1356 possibilem,
749 1320 785 1345 ut
809 1315 979 1345 Averroes.
1001 1332 1024 1337 —
1046 1314 1110 1344 Alii
1135 1314 1285 1344 dixerunt
1308 1323 1376 1345 eas-

303 1362 377 1393 dem
401 1362 523 1391 animas
546 1359 678 1391 diversis
701 1359 893 1400 corporibus
917 1359 1001 1390 uniri
1025 1364 1100 1399 post
1125 1358 1376 1390 determinatum

302 1412 441 1447 tempus,
460 1410 497 1436 ut
512 1405 614 1435 Plato.
630 1422 653 1426 —
669 1404 733 1434 Alii
757 1413 846 1440 vero,
863 1404 985 1434 scilicet
1001 1403 1169 1434 Avicenna
1185 1409 1218 1434 et
1232 1403 1375 1444 Algazel,

303 1451 450 1482 dixerunt
465 1459 532 1480 non
546 1458 614 1479 esse
630 1449 864 1479 inconveniens
880 1448 947 1479 dari
959 1447 1122 1479 infinitum
1136 1449 1169 1479 in
1182 1453 1256 1479 actu
1269 1449 1303 1479 in
1319 1457 1377 1489 per

303 1495 452 1526 accidens
475 1494 640 1529 ordinatis,
665 1493 850 1524 cuiusmodi
874 1498 950 1524 sunt
972 1493 1110 1523 animae.
1134 1510 1157 1516 -
1176 1493 1228 1523 Ab
1252 1493 1376 1524 Aristo-

301 1541 365 1572 tele
381 1545 490 1570 autem
506 1538 586 1579 quid
602 1539 721 1568 horum
735 1538 805 1578 ipse
821 1538 964 1574 senserit,
978 1547 1126 1578 expresse
1137 1547 1205 1568 non
1222 1538 1374 1568 habetur:

303 1594 379 1616 cum
394 1590 503 1615 tamen
519 1592 667 1624 expresse
684 1583 904 1613 aeternitatem
928 1582 1042 1613 mundi
1058 1587 1169 1623 ponat.
1187 1581 1251 1613 Sed
1265 1588 1375 1613 tamen

302 1629 467 1670 principiis
483 1628 522 1658 ab
539 1637 580 1658 eo
596 1627 710 1668 positis
725 1636 793 1658 non
810 1632 968 1667 repugnat
984 1626 1052 1657 dari
1070 1626 1235 1657 infinitum
1251 1627 1285 1657 in
1301 1632 1375 1657 actu

302 1675 337 1704 in
361 1673 545 1704 substantiis
567 1671 846 1702 immaterialibus:
865 1681 940 1702 cum
964 1672 996 1702 in
1022 1670 1064 1701 111
1087 1672 1186 1712 Phys.
1204 1671 1263 1701 etl
1283 1671 1376 1702 Caeli

303 1728 371 1749 non
395 1718 511 1758 probet
533 1726 601 1747 non
626 1716 692 1747 dari
715 1715 880 1747 infinitum
903 1717 938 1746 in
955 1722 1028 1746 actu
1053 1716 1114 1746 nisi
1130 1716 1163 1746 in
1186 1716 1376 1756 corporibus

304 1762 530 1794 materialibus.

359 1805 522 1842 Secundo,
539 1814 666 1845 ponens
690 1804 826 1835 Sanctus
843 1804 989 1835 Thomas
1012 1814 1104 1835 suam
1128 1805 1322 1836 sententiam
1346 1810 1377 1835 et

305 1851 493 1883 Catholicae
509 1849 596 1886 fidei,
613 1850 719 1889 inquit
735 1849 852 1880 falsum
868 1858 937 1880 esse
954 1849 1045 1889 quod
1060 1849 1204 1880 mundus
1220 1850 1260 1880 sit
1276 1855 1376 1880 aeter-

303 1906 374 1927 nus.
400 1895 440 1925 Et
463 1895 508 1925 sic
531 1894 595 1924 ruit
618 1893 868 1924 fundamentum
892 1894 1033 1924 rationis.

359 1940 411 1970 lV.
437 1938 500 1970 Sed
524 1939 607 1968 circa
631 1938 820 1969 huiusmodi
844 1939 984 1968 rationes
1008 1938 1148 1968 occurrit
1172 1937 1291 1978 duplex
1316 1936 1376 1967 du—

302 1984 402 2014 bium.
427 1983 572 2013 Primum
604 1987 651 2012 est
682 1982 764 2012 circa
796 1982 987 2022 opinionem
1021 1982 1211 2012 Aristotelis.
1241 1981 1377 2012 Videtur

303 2029 389 2059 enim
406 2027 497 2068 quod
520 2028 589 2067 ipse
612 2027 796 2066 probaverit
812 2036 881 2057 non
898 2026 965 2056 dari
988 2025 1163 2062 infinitum,
1183 2036 1252 2056 non
1268 2025 1375 2056 solum

301 2074 335 2104 in
359 2073 454 2103 rebus
472 2071 699 2106 materialibus,
719 2070 775 2101 sed
799 2071 896 2101 etiam
920 2071 952 2101 in
977 2071 1073 2101 rebus
1096 2070 1375 2102 immaterialibus:

302 2118 394 2149 cuius
411 2117 601 2157 oppositum
617 2115 670 2146 hic
686 2114 813 2146 dicitur.
830 2116 925 2146 Ratio
942 2124 1085 2155 namque
1100 2115 1141 2146 ab
1158 2115 1231 2156 ipso
1247 2120 1376 2155 sumpta

301 2161 520 2193 universaliter
539 2160 655 2201 probat
670 2169 738 2190 non
755 2169 852 2200 posse
869 2159 936 2190 dari
952 2159 1196 2190 multitudinem
1213 2165 1287 2190 actu
1304 2158 1376 2190 infi—

301 2207 415 2238 nitam:
440 2205 572 2241 scilicet,
590 2205 666 2245 quia
685 2214 840 2235 numerus
857 2210 905 2235 est
921 2204 1095 2235 multitudo
1113 2209 1302 2235 mensurata
1312 2213 1377 2244 per

303 2261 412 2283 unum.
437 2250 512 2281 Hoc
537 2250 623 2280 enim
649 2259 716 2280 non
740 2254 866 2280 tantum
890 2250 923 2279 in
947 2250 1043 2279 rebus
1066 2249 1295 2286 materialibus,
1319 2249 1376 2280 sed

303 2297 400 2328 etiam
423 2296 456 2326 in
479 2295 575 2325 rebus
605 2294 869 2325 immaterialibus
899 2303 1013 2324 verum
1042 2300 1100 2325 est.
1130 2293 1225 2325 Unde
1249 2299 1281 2325 et
1307 2294 1376 2334 ipsa

303 2342 426 2372 ratione
450 2340 550 2370 utitur
573 2338 709 2370 Sanctus
733 2338 879 2369 Thomas
902 2339 935 2369 in
960 2338 1076 2374 Prima,
1101 2348 1133 2379 q.
1150 2349 1203 2376 vn,
1228 2349 1256 2369 a.
1280 2348 1312 2378 4,
1337 2337 1377 2369 ad

303 2383 507 2427 probandum
520 2383 740 2414 universaliter
755 2383 954 2424 impossibile
967 2392 1035 2414 esse
1051 2383 1118 2414 dari
1133 2383 1377 2414 multitudinem

303 2435 377 2461 actu
400 2428 569 2460 infinitam.

361 2472 548 2505 Secundum
565 2472 701 2504 dubium
714 2473 731 2489 ⁹
748 2477 795 2503 est
812 2472 897 2512 quia,
916 2473 1063 2512 quamvis
1080 2472 1262 2503 secundum
1277 2471 1377 2503 fidem

303 2518 445 2550 mundus
457 2518 646 2558 incoeperit,
658 2522 746 2548 tenet
762 2522 871 2547 tamen
883 2517 952 2557 ipse
968 2516 1104 2548 Sanctus
1119 2517 1266 2548 Thomas
1281 2526 1377 2548 mun·

305 2564 383 2595 dum
400 2563 543 2604 potuisse
556 2571 624 2593 esse
640 2561 838 2602 productum
850 2561 889 2592 ab
906 2567 1037 2592 aeterno
1050 2562 1077 2592 ³.
1095 2562 1136 2593 Et
1147 2561 1223 2593 ideo
1239 2561 1377 2593 dubium

303 2614 350 2639 est
366 2607 547 2649 quomodo,
564 2607 647 2637 facta
663 2607 721 2637 hac
737 2606 973 2647 suppositione,
990 2607 1078 2637 iuxta
1094 2607 1164 2638 eius
1185 2607 1377 2648 opinionem

302 2651 565 2694 respondendum
589 2652 638 2682 sit.

358 2698 396 2728 V.
422 2696 472 2727 Ad
497 2697 639 2737 primurn
655 2695 792 2726 dubium
809 2694 926 2726 dicitur
942 2695 1033 2736 quod
1050 2696 1163 2736 utique
1187 2696 1378 2727 Aristoteles

302 2742 417 2783 probat
439 2747 565 2772 tantum
590 2740 629 2771 de
649 2739 777 2771 infinito
794 2740 827 2770 in
848 2740 944 2771 rebus
961 2740 1178 2771 materialibus
1195 2740 1286 2781 quod
1308 2750 1377 2772 non

303 2788 404 2828 possit
428 2785 495 2816 dari
518 2786 551 2816 in
576 2791 660 2821 actu,
685 2794 752 2815 non
776 2790 887 2815 autem
910 2786 943 2816 in
972 2785 1067 2816 rebus
1095 2785 1376 2817 immaterialibus:

302 2841 363 2862 nec
387 2830 481 2861 video
498 2830 635 2871 qualiter
651 2829 738 2870 apud
761 2830 870 2869 ipsum
886 2829 999 2860 salvari
1022 2830 1126 2871 possit
1149 2839 1219 2861 esse
1235 2830 1378 2862 animam

303 2876 529 2911 immortalem,
546 2875 607 2905 nisi
623 2873 836 2906 concedendo
861 2874 1042 2906 secundum
1060 2875 1169 2916 ipsum
1190 2884 1258 2906 non
1282 2884 1378 2916 repu-

303 2930 400 2961 gnare
417 2929 485 2951 esse
508 2918 672 2950 infinitum
688 2919 721 2949 in
745 2924 819 2949 actu
843 2919 876 2950 in
892 2919 988 2950 rebus
1011 2919 1284 2950 immaterialibus.
1302 2919 1378 2951 Non

305 2966 390 2996 enim
407 2969 543 3006 possunt
556 2973 670 2994 omnes
683 2963 761 2994 istae
777 2964 1019 3004 propositiones
1031 2969 1112 2995 stare
1125 2964 1238 2996 simul:
1252 2964 1380 3006 Infiniti

304 3010 449 3040 homines
468 3009 738 3050 praeces-seruum
761 3008 879 3039 Anima
907 3013 956 3039 est
982 3009 1179 3040 immortalis
1200 3009 1377 3040 secundum

304 3054 604 3095 multiplicationem
632 3063 808 3093 corporum
836 3053 1052 3094 multiplicata
1061 3061 1073 3090 ;
1101 3059 1142 3090 et,
1172 3054 1247 3085 Non
1271 3059 1379 3095 potest

305 3099 379 3129 dari
403 3099 563 3141 infinitum
591 3098 624 3128 in
651 3103 736 3128 actu.
761 3097 880 3135 Quare,
905 3099 931 3129 si
956 3098 1036 3129 duas
1063 3098 1181 3139 primas
1205 3098 1246 3130 de
1269 3104 1378 3130 mente

305 3144 404 3184 ipsius
428 3143 656 3179 concedamus,
681 3152 812 3173 necesse
836 3148 883 3173 est
904 3149 940 3174 ut
963 3148 1099 3183 negetur
1122 3143 1228 3174 tertia:
1253 3149 1308 3175 aut
1331 3143 1378 3175 di-

306 3187 445 3219 cendum
458 3188 516 3219 erit
532 3187 622 3228 quod
638 3196 675 3217 ex
693 3186 818 3218 duabus
833 3187 946 3228 primis
961 3188 1108 3228 sequitur
1128 3187 1251 3228 aliquid
1267 3193 1379 3220 contra

306 3233 406 3272 ipsius
430 3233 619 3273 opinionem
636 3231 726 3272 quod
742 3232 810 3271 ipse
834 3241 902 3263 non
918 3231 1014 3270 vidit;
1038 3231 1071 3262 id
1096 3232 1187 3272 quod
1210 3242 1271 3272 ego
1289 3238 1378 3264 tanto

307 3277 518 3317 philosopho,
539 3282 570 3307 et
593 3277 625 3306 in
650 3286 683 3306 re
707 3275 788 3306 adeo
813 3275 947 3313 famosa,
967 3277 1027 3307 sibi
1050 3276 1223 3307 attribuere
1239 3287 1307 3308 non
1323 3287 1379 3308 au-

309 3321 426 3352 derem.
454 3320 543 3359 Quid
566 3330 643 3351 vero
671 3320 880 3352 determinate
908 3320 948 3351 ad
975 3321 1134 3352 rationem
1165 3320 1281 3352 factam
1310 3322 1380 3362 ipse

310 3371 391 3396 esset
402 3375 625 3406 responsurus,
638 3364 714 3396 dicit
727 3364 862 3396 Sanctus
875 3365 1030 3402 Thomas,
1047 3366 1080 3396 in
1093 3365 1247 3396 Tractatu
1263 3371 1380 3398 contra

310 3411 514 3441 Averroistas
530 3411 556 3446 “,
581 3409 671 3450 quod
694 3419 714 3439 a
739 3410 830 3440 nobis
852 3410 931 3440 sciri
953 3420 1020 3441 non
1045 3415 1163 3450 potest,
1187 3410 1265 3450 quia
1290 3411 1380 3442 illam

306 3460 433 3494 partem
451 3454 695 3495 Metaphysicae
711 3463 775 3484 non
792 3455 945 3486 habemus
960 3464 1058 3496 quam
1072 3455 1161 3496 fecit
1178 3454 1218 3486 de
1233 3455 1381 3487 substan·

313 3499 365 3529 tiis
388 3499 566 3540 separatis:
588 3499 627 3530 de
641 3499 767 3540 formis
797 3499 882 3530 enim
913 3509 997 3541 quae
1025 3504 1102 3531 sunt
1126 3505 1300 3540 separatae
1325 3501 1382 3532 sed

312 3548 387 3573 sunt
403 3543 435 3573 in
451 3544 597 3579 materia,
615 3549 651 3574 ut
667 3544 733 3584 ipse
749 3543 788 3573 II
800 3544 1016 3584 Phys-icarum
1029 3545 1043 3561 ⁴¹
1058 3544 1114 3579 ait,
1128 3544 1319 3585 inquantum
1332 3555 1380 3576 se-

308 3587 473 3626 parabiles
495 3594 578 3623 sunt,
596 3588 805 3619 considerare
828 3594 876 3619 est
891 3599 971 3629 opus
994 3589 1125 3620 Primae
1142 3589 1380 3630 Philosophiae.

315 3629 400 3661 Cum
431 3637 539 3662 autem
568 3632 683 3663 dicitur
713 3632 803 3673 quod
834 3634 914 3664 ratio
944 3634 1013 3664 eius
1040 3634 1074 3664 in
1098 3633 1140 3664 111
1163 3633 1379 3675 Physicorum

314 3674 427 3715 probat
444 3676 660 3707 universaliter
675 3686 742 3707 non
759 3686 853 3717 posse
871 3677 937 3708 dari
957 3677 1198 3709 multitudinem
1216 3683 1289 3709 actu
1309 3678 1381 3710 infi-

687 302 874 340 SUMMA
905 300 1126 338 CONTRA
1154 299 1429 344 GENTILES,
1458 299 1552 335 LIB.
1573 298 1614 343 ΙΙ,
1645 297 1756 334 CAP.
1778 298 1933 343 LXXX,
1962 298 2134 335 LXXXI.

1438 377 1548 413 nitam,
1569 382 1713 416 negatur.
1731 376 1817 414 Quia
1841 377 1909 417 ipse
1929 385 1989 416 pro
2013 376 2227 407 fundamento
2243 379 2399 419 supponit
2423 378 2513 419 quod

1438 421 1545 451 omnis
1568 420 1744 451 multitudo
1769 426 1844 452 actu
1867 421 2006 451 existens
2026 426 2074 451 est
2096 431 2261 458 numerus,
2283 428 2315 453 et
2338 423 2429 463 quod
2452 434 2512 455 nu—

1437 474 1546 495 merus
1562 470 1609 495 est
1624 465 1798 495 multitudo
1815 470 2006 496 mensurata
2016 475 2080 506 per
2096 475 2208 496 unum.
2225 466 2388 498 Numerus
2404 474 2513 499 autem

1437 509 1478 540 de
1496 518 1614 549 genere
1638 510 1915 549 quantitatis‚.cui
1937 511 2091 541 convenit
2114 511 2294 542 mensurari
2315 520 2374 552 per
2395 521 2511 550 unum,

1437 563 1478 584 eo
1495 553 1586 594 quod
1601 554 1682 584 ratio
1697 563 1868 585 mensurae
1884 555 2125 586 concomitetur
2141 555 2326 595 quantitatis
2342 556 2512 596 rationem,

1437 607 1505 628 non
1521 598 1684 629 invenitur
1699 598 1760 629 nisi
1776 599 1810 629 in
1825 599 1921 630 rebus
1937 599 2168 631 materialibus:
2187 609 2263 630 cum
2278 609 2348 631 non
2364 606 2513 632 causetur

1436 643 1498 673 nisi
1522 652 1560 673 ex
1584 642 1742 674 divisione
1770 644 1929 674 continui.
1958 643 2035 675 Ideo
2059 644 2113 675 illa
2136 645 2217 675 ratio
2240 645 2274 675 in
2298 645 2394 675 rebus
2417 645 2512 676 dum-

1436 692 1521 718 taxat
1543 688 1762 719 materialibus
1778 688 1955 719 concludit.
1972 689 2108 730 Propter
2123 689 2215 730 quod
2237 689 2359 720 ibidem
2375 688 2512 721 Sanctus

1436 731 1592 768 Thomas,
1616 732 1690 763 lect.
1707 732 1739 769 8,
1756 731 1834 764 dicit
1857 742 1930 764 eam
1952 735 2112 765 rationem
2123 734 2327 775 probabilem
2343 743 2421 770 esse,
2439 740 2511 766 tan-

1435 785 1533 817 quam
1549 776 1782 817 procedentem
1806 787 1848 808 ex
1871 778 1912 809 iis
1933 787 2018 819 quae
2043 779 2260 810 communiter
2286 779 2442 810 dicuntur
2460 780 2511 820 (si,

1434 822 1581 861 inquam,
1606 820 1662 852 fiat
1685 821 1725 853 de
1755 822 1965 853 multitudine
1992 823 2168 863 absolute):
2196 824 2273 865 quia
2305 824 2361 855 ille
2383 825 2440 865 qui
2462 824 2511 855 di-

1434 871 1522 897 ceret
1544 865 1689 907 aliquam
1721 866 1960 898 multitudinem
1991 877 2059 899 esse
2089 868 2260 909 infinitam,
2293 878 2359 899 non
2389 869 2512 900 diceret

1435 911 1537 952 ipsam
1562 920 1630 942 esse
1653 920 1835 942 numerum.

1492 964 1521 985 2.
1535 955 1604 986 Nec
1621 961 1669 986 est
1685 965 1799 987 verum
1815 956 1907 996 quod
1922 957 2004 987 ratio
2017 965 2082 997 qua
2099 957 2200 987 utitur
2213 956 2350 988 Sanctus
2365 957 2511 988 Thomas

1433 1000 1467 1030 in
1491 1000 1597 1031 Prima
1620 1001 1723 1037 Parte,
1748 1001 1789 1031 sit
1811 1000 1926 1032 eadem
1950 1010 2027 1032 cum
2056 1002 2182 1032 ratione
2209 1002 2402 1032 Aristotelis.
2433 1002 2511 1033 Non

1433 1045 1522 1075 euim
1545 1046 1679 1076 assumit
1702 1045 1840 1076 Sanctus
1863 1045 2010 1076 Thomas
2034 1045 2125 1086 quod
2148 1046 2255 1077 omnis
2278 1045 2455 1078 multitudo
2470 1047 2512 1077 sit

1432 1099 1599 1126 numerus,
1616 1095 1652 1121 ut
1667 1089 1872 1121 Aristoteles:
1890 1090 1947 1121 sed
1963 1090 2055 1131 quod
2072 1091 2193 1131 species
2208 1090 2426 1122 multitudinis
2441 1100 2511 1131 spe-

1432 1134 1540 1165 ciebus
1569 1144 1781 1165 numerorum
1800 1135 2119 1176 proportionantur;
2141 1141 2174 1166 et
2201 1135 2293 1176 quod
2317 1135 2423 1166 omnis
2450 1145 2511 1166 nu-

1432 1188 1542 1209 merus
1565 1183 1613 1209 est
1634 1179 1808 1210 multitudo
1816 1180 1916 1222 facta
1934 1189 1999 1221 per
2013 1189 2114 1211 unum
2126 1181 2153 1217 *,
2170 1189 2255 1221 quae
2271 1180 2454 1221 propositio
2469 1179 2510 1211 ab

1431 1223 1485 1254 illa
1508 1224 1736 1264 propositione
1752 1233 1852 1265 quarn
1868 1225 2017 1256 maxime
2033 1224 2127 1255 distat
2144 1233 2244 1265 quam
2267 1225 2459 1256 Aristoteles
2474 1225 2510 1256 in

1431 1278 1489 1299 sua
1505 1268 1630 1299 ratione
1646 1269 1813 1310 supponit,
1830 1269 1952 1300 scilicet
1969 1269 2060 1310 quod
2075 1270 2182 1300 omnis
2197 1279 2354 1300 numerus
2369 1269 2412 1301 sit
2426 1269 2509 1300 mul,

1431 1313 1536 1344 titudo
1560 1318 1750 1344 mensurata
1760 1323 1826 1355 per
1840 1323 1941 1345 unum
1947 1321 1960 1351 ,·
1974 1323 2043 1345 non
2060 1315 2148 1345 enim
2163 1314 2252 1346 idem
2267 1320 2315 1345 est
2334 1323 2510 1345 numerum

1431 1358 1619 1389 mensurari
1634 1367 1700 1399 per
1718 1368 1830 1394 unum,
1847 1364 1880 1389 et
1894 1359 2003 1399 ipsum
2015 1358 2099 1400 fieri
2107 1368 2173 1400 per·
2195 1369 2307 1390 unum.
2326 1359 2391 1390 Ubi
2406 1359 2510 1390 scien-

1431 1402 1510 1434 dum
1535 1408 1583 1433 est
1607 1403 1707 1444 quod,
1725 1412 1802 1434 cum
1825 1403 1933 1434 omnis
1949 1404 2074 1444 species
2089 1403 2307 1435 multitudinis
2323 1404 2363 1434 sit
2385 1402 2510 1444 aliquid

1430 1457 1488 1488 per
1503 1457 1538 1478 se
1554 1457 1658 1478 unum
1674 1448 1798 1479 unitate
1815 1447 1951 1484 ordinis3
1969 1457 2008 1479 ex
2023 1448 2171 1489 pluribus
2186 1453 2296 1480 autem
2315 1457 2384 1479 non
2407 1449 2510 1489 possit

1430 1491 1499 1523 fieri
1522 1501 1581 1533 per
1603 1502 1637 1523 se
1661 1502 1766 1524 unum
1789 1493 1851 1523 nisi
1874 1492 2011 1524 alterum
2034 1502 2069 1524 se
2092 1493 2210 1524 habeat
2232 1499 2269 1525 ut
2290 1493 2436 1530 materia,
2462 1493 2509 1524 sl-

1429 1543 1536 1568 terum
1552 1546 1630 1568 vero
1646 1543 1683 1568 ut
1699 1537 1813 1574 forma,
1830 1543 1867 1568 ut
1883 1537 2000 1569 dicitur
2015 1538 2088 1568 Vlll
2105 1538 2248 1579 Metaph.
2261 1539 2295 1568 *z
2313 1546 2447 1570 necesse
2460 1542 2510 1569 est

1430 1587 1467 1612 ut
1489 1582 1572 1612 inter
1595 1582 1734 1612 unitates
1749 1581 1993 1613 multitudinem
2010 1584 2244 1614 constituentes
2263 1583 2303 1614 sit
2319 1582 2428 1623 aliqua
2442 1591 2509 1614 una

1431 1635 1515 1667 quae
1534 1626 1575 1656 sit
1597 1625 1703 1657 forma
1719 1625 1798 1657 dans
1822 1627 1966 1667 speciem
1989 1637 2139 1664 numero,
2157 1633 2190 1658 et
2207 1627 2289 1658 aliae
2312 1636 2347 1658 se
2370 1627 2511 1658 habeant

1430 1671 1514 1701 sicut
1529 1671 1672 1701 materia.
1688 1670 1764 1702 Hoc
1781 1677 1890 1702 autem
1905 1681 1975 1702 non
1991 1677 2101 1712 potest
2121 1681 2190 1703 esse
2205 1672 2268 1703 nisi
2283 1671 2378 1703 detur
2400 1671 2509 1712 aliqua

1430 1716 1536 1746 unitas
1558 1715 1684 1752 ultima,
1708 1715 1845 1746 reddens
1860 1716 1949 1747 illam
1965 1715 2209 1748 multitudinem
2229 1721 2336 1748 certae
2359 1715 2509 1747 determi-

1430 1760 1587 1791 nationis:
1605 1760 1682 1800 quia
1698 1759 1803 1791 forma
1818 1761 1916 1792 habet
1933 1761 2093 1792 rationem
2107 1761 2248 1792 termini.
2265 1761 2403 1801 Propter
2417 1759 2509 1801 quod

1430 1805 1537 1845 inquit
1567 1803 1828 1841 Commentator,
1852 1805 1894 1836 111
1918 1805 2018 1846 Phss.
2034 1806 2062 1842 ⁶,
2085 1805 2177 1846 quod
2207 1806 2264 1836 ubi
2290 1806 2356 1836 itur
2377 1804 2419 1836 ad
2441 1804 2508 1846 for}

1430 1858 1530 1885 mam,
1554 1859 1622 1880 non
1646 1849 1835 1890 proceditur
1860 1850 1894 1880 in
1921 1849 2098 1880 infinitum.
2125 1850 2310 1881 Numerum
2333 1859 2411 1891 ergo
2430 1850 2510 1891 sieri

1424 1903 1490 1934 per
1512 1893 1679 1929 unitatem,
1704 1899 1751 1924 est
1779 1903 1848 1924 esse
1871 1894 1973 1935 ipsius
2001 1894 2143 1934 aliquam
2174 1895 2333 1925 unitatem
2360 1893 2509 1927 ultimam

1430 1947 1489 1978 per
1511 1937 1649 1968 modum
1676 1937 1811 1974 formae,
1836 1947 1901 1978 qua
1930 1938 2102 1975 subtracta,
2128 1939 2199 1979 ipsa
2225 1938 2351 1979 species
2379 1938 2509 1971 numeri

1430 1982 1584 2012 variatur:
1610 1982 1694 2012 sicut
1716 1991 1735 2012 a
1757 1983 1898 2013 ternario
1930 1982 2092 2014 subtracta
2114 1983 2248 2019 unitate,
2272 1992 2340 2014 non
2363 1988 2510 2015 remanet

1431 2026 1571 2067 amplius
1593 2027 1761 2063 ternarius,
1786 2026 1843 2058 sed
1865 2027 2018 2058 binarius.
2042 2027 2107 2058 Sed
2125 2037 2302 2059 numerum
2320 2027 2510 2060 mensurari

1427 2080 1490 2111 per
1512 2070 1669 2102 unitatem
1687 2076 1735 2102 est
1757 2071 1866 2111 ipsum
1882 2081 1941 2112 per
1955 2071 2202 2113 replicationem
2217 2073 2349 2104 unitatis
2365 2073 2508 2114 praecise

1430 2114 1522 2146 reddi
1545 2120 1578 2146 et
1601 2114 1779 2146 certificari.

1488 2159 1582 2191 Unde
1605 2161 1687 2192 ratio
1714 2159 1896 2192 Aristotelis
1926 2165 1990 2192 est:
2015 2160 2133 2192 Omnis
2162 2160 2341 2193 multitudo
2372 2161 2510 2203 (scilicet

1430 2205 1617 2246 materialis)
1641 2205 1675 2236 in
1698 2210 1773 2236 actu
1789 2210 1838 2236 est
1859 2205 1894 2236 in
1917 2205 2026 2246 aliqua
2043 2205 2152 2247 specie
2174 2206 2320 2243 numeri;
2344 2205 2402 2238 sed
2423 2205 2509 2249 mul-

1430 2248 1537 2280 titudo
1561 2249 1687 2280 infinita
1709 2259 1779 2280 non
1802 2254 1850 2280 est
1873 2250 1906 2280 in
1929 2250 2038 2291 aliqua
2053 2251 2162 2291 specie
2177 2251 2324 2288 numeri;
2349 2260 2426 2292 ergo
2445 2256 2508 2283 etc.

1431 2294 1589 2325 Probatur
1611 2295 1735 2325 minor:
1760 2294 1838 2335 quia
1852 2295 1960 2326 omnis
1982 2295 2108 2336 species
2121 2296 2250 2327 numeri
2268 2300 2316 2326 est
2330 2295 2508 2328 multitudo

1431 2344 1617 2370 mensurata
1638 2348 1698 2380 per
1720 2348 1840 2376 unum;
1864 2339 2042 2371 multitudo
2067 2341 2183 2372 'autem
2210 2339 2336 2372 infinita
2369 2350 2438 2373 non
2458 2346 2509 2373 est

1431 2389 1616 2415 mensurata
1632 2393 1690 2424 per
1705 2393 1824 2420 unum;
1841 2393 1919 2425 ergo
1935 2389 1997 2416 etc.
2013 2401 2036 2406 -
2051 2384 2147 2416 Ratio
2162 2390 2274 2416 autem
2290 2384 2400 2417 Sancti
2416 2385 2508 2418 'rho-

1431 2437 1505 2459 mae
1528 2429 1562 2459 in
1586 2428 1694 2459 Prima
1716 2428 1810 2460 Parte
1826 2433 1888 2460 est:
1913 2428 2059 2460 Omnem
2080 2429 2324 2461 multitudinem
2344 2435 2418 2462 actu
2441 2430 2509 2463 exi-

1431 2478 1571 2504 stentem
1594 2478 1725 2514 oportet
1753 2482 1822 2504 esse
1852 2474 1887 2504 in
1915 2473 2024 2514 aliqua
2054 2474 2164 2515 specie
2190 2473 2424 2511 multitudinis3
2450 2473 2510 2506 sed

1432 2517 1596 2559 quaelibet
1612 2518 1737 2559 species
1752 2517 1970 2549 multitudinis
1985 2522 2034 2549 est
2051 2517 2157 2555 finita;
2173 2528 2251 2560 ergo
2268 2524 2330 2551 etc.
2350 2518 2510 2552 Probatur

1432 2563 1555 2594 minor:
1581 2563 1658 2603 quia
1680 2563 1805 2604 species
1827 2562 2045 2594 multitudinis
2061 2569 2136 2595 sunt
2159 2564 2331 2605 speciebus
2353 2572 2509 2597 numem-

1431 2617 1505 2639 rum
1521 2607 1805 2648 proportionatam
1822 2607 1879 2639 sed
1891 2608 2055 2649 quaelibet
2066 2609 2192 2649 species
2207 2609 2336 2640 numeri
2349 2613 2398 2640 est
2408 2607 2508 2652 finita,

1432 2653 1510 2693 quia
1533 2658 1582 2683 est
1604 2651 1781 2684 multitudo
1806 2651 1890 2684 facta
1909 2662 1966 2694 per
1984 2662 2106 2690 unum;
2131 2662 2209 2693 ergo
2233 2659 2294 2685 etc.

1488 2696 1586 2734 Ecce,
1610 2696 1701 2738 quod
1724 2697 1806 2728 ratio
1828 2697 2010 2728 Aristotelis
2033 2697 2182 2738 procedit
2197 2707 2236 2729 ex
2253 2706 2411 2729 numero:
2427 2697 2509 2731 tatio

1433 2747 1542 2773 autem
1567 2741 1675 2773 Sancti
1690 2741 1841 2773 Thomae
1857 2751 1895 2773 ex
1919 2742 2134 2783 proportione
2157 2743 2339 2783 specierum
2362 2741 2510 2777 multitu-

1433 2786 1515 2818 dinis
1531 2786 1572 2818 ad
1587 2786 1712 2827 species
1723 2795 1948 2818 numerorum.
1966 2786 2058 2824 Item,
2069 2787 2252 2819 Aristotelis
2263 2787 2347 2818 ratio
2362 2785 2510 2828 procedit

1433 2841 1471 2862 ex
1495 2831 1738 2862 mensuratione
1756 2840 1985 2863 numerorum:
2010 2832 2092 2863 ratio
2108 2836 2219 2863 autem
2234 2831 2344 2864 Sancti
2359 2831 2509 2864 Thomae

1432 2875 1580 2917 procedit
1603 2885 1641 2906 ex
1671 2876 1820 2916 ipsorum
1850 2875 1979 2908 formali
2008 2876 2252 2908 constitutione.
2281 2876 2322 2908 Et
2353 2877 2399 2908 sic
2421 2881 2510 2917 patet

1432 2930 1501 2952 non
1525 2930 1594 2952 esse
1618 2929 1718 2952 unam
1743 2926 1775 2951 et
1797 2920 1936 2952 eandem
1958 2921 2119 2952 rationem
2141 2921 2321 2962 utriusque.

1489 2965 1543 2996 Vl.
1560 2964 1612 2996 Ad
1627 2965 1809 2996 secundum
1826 2964 1964 2997 dubium
1976 2966 1994 2983 '
2009 2964 2224 3006 respondetur
2239 2964 2340 3006 quod,
2357 2963 2441 2998 facta
2455 2964 2510 2999 ill·

1433 3010 1659 3051 suppositione
1684 3009 1775 3050 quod
1798 3010 1941 3042 mundus
1965 3010 2005 3041 sit
2029 3015 2188 3047 aeternus,
2219 3015 2252 3042 et
2280 3009 2509 3044 similiter-1102

1433 3055 1560 3086 minum
1583 3055 1763 3095 generatim
1783 3064 1860 3086 cum
1882 3055 1941 3086 ista
1955 3055 2016 3086 tria
2030 3055 2308 3096 incompossibilia
2322 3055 2397 3091 sint,
2412 3062 2509 3090 mun»,

1434 3099 1512 3131 dum
1537 3104 1570 3130 et
1591 3100 1836 3140 generationem
1851 3100 2024 3131 hominum
2040 3105 2169 3131 aeterna
2185 3109 2265 3136 esse,
2282 3099 2424 3131 animam
2439 3107 2508 3133 ene

1434 3144 1662 3181 immortalem,
1687 3149 1719 3176 et
1742 3153 1810 3175 non
1834 3153 1931 3185 posse
1953 3143 2020 3176 dari
2050 3143 2213 3176 infinitum
2245 3145 2278 3175 in
2306 3150 2381 3176 actu
2410 3143 2508 3177 mum

1433 3189 1466 3220 in
1490 3189 1655 3220 abstractis
1678 3198 1697 3220 a
1719 3189 1867 3224 materia:
1884 3188 2060 3221 dicendum
2076 3195 2123 3220 est
2139 3188 2231 3230 quod
2253 3188 2344 3220 Deus
2365 3186 2508 3228 aliquem

1434 3233 1572 3265 modum
1595 3234 1630 3264 in
1653 3233 1749 3264 rebus
1772 3234 1947 3266 invenisset
1962 3243 2030 3274 quo
2047 3234 2159 3266 omnia
2180 3233 2242 3264 alia
2264 3232 2462 3264 salvarentur
2476 3236 2509 3262 et

1434 3288 1502 3310 non
1526 3284 1610 3309 esset
1637 3277 1803 3310 infinitum
1832 3279 1867 3309 in
1897 3284 1986 3314 actu;
2017 3283 2107 3319 puta,
2135 3275 2285 3310 faciendo
2314 3276 2438 3308 animas
2467 3275 2507 3308 de

1434 3323 1626 3364 corporibus
1649 3323 1683 3354 in
1706 3331 1843 3364 corpora
1867 3323 2014 3359 transire;
2038 3328 2095 3354 aut
2117 3320 2266 3355 faciendo
2281 3321 2404 3352 animas
2425 3319 2508 3352 desi-

1434 3377 1511 3399 nere
1535 3377 1592 3408 per
1615 3367 1869 3399 subtractionem
1884 3367 1936 3399 sui
1951 3366 2103 3403 influxus,
2117 3366 2193 3397 licet
2216 3364 2398 3396 secundum
2415 3374 2508 3397 suam

1434 3417 1583 3443 naturam
1606 3418 1712 3444 essent
1735 3412 1936 3444 immortales
1959 3417 1991 3442 et
2016 3409 2276 3451 incorruptibiles
2299 3410 2383 3441 sicut
2405 3415 2438 3441 et
2461 3411 2508 3442 in-

1434 3457 1645 3497 telligentiam
1670 3462 1725 3488 aut
1742 3457 1891 3497 quemvis
1907 3456 2005 3487 alium
2022 3454 2170 3486 ordinem
2186 3455 2281 3485 nobis
2304 3455 2508 3495 incognitum

1434 3502 1530 3532 rebus
1553 3501 1767 3542 imponendo.
1793 3501 1888 3539 Nam,
1911 3500 1994 3532 sicut
2015 3498 2156 3530 dicimus
2179 3499 2324 3540 potuisse
2347 3498 2508 3531 mundum

1435 3555 1503 3576 esse
1526 3546 1565 3576 ab
1590 3550 1722 3577 aeterno
1746 3544 1954 3586 productum,
1977 3553 2046 3575 non
2069 3549 2202 3584 propter
2224 3544 2367 3584 aliquam
2389 3543 2508 3576 realem

1434 3591 1615 3630 potentiam
1638 3590 1672 3621 in
1695 3591 1768 3630 ipso
1790 3588 1916 3621 mundo
1932 3587 1973 3619 ad
1996 3587 2060 3619 hoc
2075 3588 2277 3625 existentem,
2297 3587 2355 3620 sed
2376 3593 2509 3629 propter

1435 3634 1537 3666 solam
1561 3634 1623 3665 Dei
1638 3635 1790 3666 virtutem
1805 3634 1869 3664 hoc
1893 3637 2060 3673 potentem
2076 3632 2217 3669 efficere;
2238 3633 2282 3664 ita
2305 3642 2373 3664 non
2396 3636 2445 3664 est
2460 3633 2509 3664 in-

1436 3680 1633 3710 conveniens
1656 3678 1763 3709 dicere
1786 3677 1929 3718 aliquem
1944 3677 2044 3708 alium
2061 3677 2208 3709 ordinem
2224 3678 2257 3709 in
2278 3677 2373 3709 rebus
2396 3678 2508 3708 creatis

2538 1186 2547 1196 ‘
2558 1184 2614 1207 vid.
2624 1185 2671 1207 loe.
2679 1184 2720 1207 elt-
2728 1184 2753 1207 in

2537 1211 2591 1234 edd.
2615 1211 2675 1234 ven.
2695 1211 2753 1239 usq

2537 1242 2560 1260 et
2573 1238 2636 1267 ¹5⁰⁸·

2536 1547 2751 1578 ‘sul-3301&

2537 1575 2636 1603 mm.
2645 1581 2669 1604 9.
2684 1579 2721 1598 ιο.

2535 1817 2545 1827 ·
2563 1815 2634 1838 Text.
2649 1814 2691 1842 ⁶0,
2709 1814 2750 1837 toi.

2538 1849 2578 1870 ¹¹4
2587 1841 2658 1871 (Ven-
2669 1840 2738 1871 ¹562).

2539 2975 2549 2985 ·
2562 2973 2634 2997 Num.
2647 2979 2680 2996 nv.
