2768 4134
25 526 36 536 ‘
50 525 120 547 Num.
133 532 148 548 1.

8 1711 83 1733 ,οοιη
97 1712 146 1734 qm
160 1722 166 1727 .

9 3006 64 3040 Did:
74 3017 115 3045 xl.
124 3008 186 3046 usa.

832 272 1021 310 SUMMA
1050 275 1271 316 CONTRA
1299 277 1575 329 GENTILES,
1605 284 1716 322 CAP.
1737 286 1901 324 XLVIII.

268 349 359 391 quod
382 356 428 381 est
452 350 557 382 simile
580 352 742 392 principio
762 352 891 383 formali
911 356 1119 394 operationis.
1145 358 1185 388 Et
1209 359 1272 390 hoc
1296 365 1343 390 est

266 396 492 436 operationem
503 396 745 437 proportionari
759 396 886 428 formae
900 406 983 437 quae
996 406 1043 430 est
1055 402 1250 442 principium
1261 413 1340 443 ope-

266 440 410 477 rationis,
433 442 599 472 terminari
614 441 737 472 scilicet
751 441 792 472 ad
807 442 912 472 simile
936 442 1059 475 formae
1081 455 1119 475 ex
1135 456 1200 487 qua
1216 447 1342 480 elicitur

267 490 324 516 aut
345 485 551 526 specificatur
573 487 732 527 operatio.
1212 517 1214 519 .
1236 516 1239 517 ⁷
1296 518 1299 520 .

325 538 356 560 2.
379 529 455 562 Sed<
466 531 553 571 quia,
569 536 607 562 ut
622 530 762 562 diximus
777 531 805 566 *‚
830 530 1002 571 dupliciter
1018 532 1081 564 dici
1097 540 1203 574 potest
1218 536 1340 577 aliquid

265 574 374 614 primo
397 580 431 606 et
452 584 567 616 per-se
591 575 771 616 cognitum,
791 574 867 606 ideo
891 575 1056 616 duplicem
1075 578 1154 610 haec
1177 587 1340 622 assumpta

265 619 448 659 propositio
472 620 639 650 veritatem
662 620 782 651 habere
799 625 918 660 potest.
938 621 971 651 Si
991 622 1078 652 enim
1097 623 1233 655 velimus
1257 627 1339 657 acci-

265 672 343 703 pere
365 664 508 703 primum
531 669 564 694 et
586 673 645 704 per
666 673 701 695 se
727 665 896 705 cognitum
927 666 1033 705 primo
1056 667 1168 704 modo,
1193 670 1339 702 conside-

264 707 402 738 randum
426 713 474 738 est
497 708 588 749 quod
612 708 717 740 forma
740 719 824 750 quae
849 715 896 740 est
921 710 1118 751 principium
1142 715 1339 752 operationis

265 751 438 793 dupliciter
460 758 569 793 potest
592 753 805 785 considerari:
829 754 952 785 scilicet
977 756 1191 793 materialiter,
1216 764 1246 788 et
1274 759 1339 790 for—

264 795 399 828 maliter.
415 796 507 828 Sicut
523 798 611 828 enim
623 808 662 829 ex
678 804 768 839 parte
784 799 903 830 obiecti
920 805 996 830 sunt
1011 801 1186 832 materialia
1202 803 1337 840 obiecta,

263 841 386 873 scilicet
408 842 616 882 particulares
631 849 764 874 naturae
780 843 821 875 ad
837 853 917 884 quas
934 845 1080 884 operatio
1098 848 1261 885 potentiae
1277 854 1338 879 ter-

264 886 415 922 minatur,
433 892 464 918 et
487 886 632 919 formalis
647 889 740 924 ratio,
756 889 791 919 in
807 898 872 929 qua
888 889 1001 931 omnia
1022 892 1236 928 conveniunt;
1254 898 1289 923 ut
1304 894 1337 923 in

263 931 336 963 visu
358 931 535 963 materialia
554 933 682 975 obiecta
696 939 775 965 sunt
787 932 905 965 albedo
921 939 954 964 et
967 934 1103 976 nigredo
1120 941 1151 966 et
1166 936 1219 967 alii
1235 938 1338 977 speci-

263 974 318 1007 fici
341 976 478 1012 colores,
497 973 633 1009 formale
651 977 760 1008 autem
780 983 829 1008 est
846 978 949 1014 color,
973 979 1050 1018 quia
1073 989 1188 1011 omnes
1211 982 1338 1013 colores

262 1019 304 1052 ad
326 1022 432 1052 visum
449 1020 632 1054 referuntur
649 1023 844 1063 inquantum
864 1022 992 1053 colores
1011 1030 1101 1054 sunt:
1125 1025 1168 1055 ita
1185 1035 1222 1055 ex
1248 1032 1337 1066 parte

261 1064 387 1097 formae
399 1075 483 1107 quae
499 1072 547 1098 est
558 1067 756 1108 principium
770 1067 979 1108 operationis,
991 1069 1154 1100 materiale
1170 1075 1218 1100 est
1233 1070 1337 1102 forma

261 1110 359 1141 huius
374 1111 573 1152 particularis
587 1112 783 1152 inquantum
799 1117 847 1150 est
862 1111 943 1142 haec
958 1111 1074 1150 forma,
1088 1119 1119 1144 et
1132 1113 1235 1145 forma
1252 1115 1336 1147 illius

261 1154 458 1196 inquantum
473 1161 521 1186 est
536 1155 884 1197 particulariter-illium
901 1155 1038 1188 formale
1052 1164 1162 1189 autem
1178 1166 1226 1190 est
1246 1169 1337 1191 com-

260 1200 370 1231 munis
392 1200 475 1231 ratio
491 1201 524 1231 in
549 1210 614 1241 qua
629 1210 746 1232 omnes
762 1202 963 1232 conveniunt
979 1200 1103 1233 formae
1126 1203 1198 1234 talis
1220 1210 1335 1244 poten-

261 1245 334 1282 tiae,
359 1249 392 1276 et
413 1254 480 1286 qua
494 1245 602 1285 primo
619 1251 651 1276 et
666 1255 725 1286 per
739 1255 772 1276 se
788 1251 940 1287 operatur
955 1248 1115 1286 potentia;
1133 1249 1216 1279 sicut
1232 1248 1335 1281 forma

260 1294 263 1296 '
315 1287 318 1289 ’
391 1289 399 1296 ’
439 1290 474 1320 in
497 1290 630 1323 visunt
651 1290 886 1331 particulariter
911 1291 1090 1323 similitudo
1113 1292 1279 1330 albedinis,
1303 1300 1335 1326 et

248 1332 370 1367 soum
375 1333 555 1375 nigredinis
569 1340 606 1367 ut
620 1334 796 1376 nigredinis
811 1335 926 1373 forma,
942 1342 991 1367 est
1006 1335 1111 1368 forma
1126 1338 1212 1368 visus
1234 1345 1334 1370 mate-

257 1378 361 1421 ivi-Eu
384 1379 450 1411 hoc
473 1384 584 1411 autem
612 1379 705 1421 quod
727 1379 802 1410 dico
829 1380 1008 1412 similitudo
1039 1381 1173 1419 coloris,
1202 1383 1235 1413 in
1266 1393 1334 1425 quo

257 1432 375 1476 &mnes
398 1422 524 1456 formae
546 1424 634 1456 visus
657 1425 869 1462 conveniunt,
886 1430 934 1456 est
949 1425 1084 1457 formale
1100 1427 1132 1457 in
1150 1428 1206 1463 eis,
1223 1433 1255 1458 et
1277 1438 1335 1469 per

257 1465 364 1514 ipsam
378 1467 485 1510 primo
501 1474 534 1500 et
549 1478 607 1510 per
622 1478 656 1500 se
671 1469 759 1500 visus
774 1469 872 1501 videt.
889 1469 942 1502 Sic
958 1471 1055 1502 etiam
1072 1479 1110 1502 ex
1128 1478 1218 1512 parte
1240 1473 1334 1504 intel—

257 1506 372 1550 ὶυὲἑιιι,
391 1512 471 1545 licet
492 1514 527 1545 in
550 1523 619 1546 uno
642 1513 817 1546 intellectu·
829 1515 893 1546 sint
915 1516 1040 1556 species
1059 1522 1092 1547 et
1108 1517 1334 1549 similitudines

256 1557 457 1595 &aarum
478 1564 678 1596 naturarum,
701 1558 775 1591 illae
794 1565 904 1591 tamen
922 1560 1104 1592 secundum
1127 1561 1334 1602 particulares

253 1603 400 1637 &ouen
419 1603 647 1636 ‘consideratae
669 1604 850 1637 materiales
878 1611 954 1636 sunt
980 1604 1121 1637 formae:
1153 1606 1209 1638 sed
1236 1606 1270 1638 id
1299 1608 1333 1638 in

257 1656 327 1690 quo
350 1657 466 1680 omnes
489 1649 673 1680 intellectus
700 1649 787 1681 illius
818 1650 943 1691 species
973 1651 1175 1683 conveniunt
1197 1657 1246 1683 est
1268 1651 1333 1684 for—

216 1711 218 1714 ·
256 1693 401 1736 male..et
415 1693 507 1736 quod
517 1703 577 1736 per
591 1693 672 1726 illud
686 1700 943 1736 repraesentatur
958 1695 1147 1734 intellectui,
1163 1702 1211 1728 est
1226 1697 1332 1738 primo

254 1732 291 1779 et
310 1741 371 1781 per
392 1748 427 1771 se
451 1739 631 1781 cognitum.
650 1737 752 1776 Sicut,
772 1740 850 1780 quia
867 1749 983 1772 omnes
1006 1741 1130 1782 species
1150 1741 1332 1773 intellectus

252 1781 594 1820 nostri-'conveniunt
618 1784 653 1815 in
683 1784 749 1816 hoc
771 1783 863 1825 quod
885 1794 1104 1826 unaquaeque
1133 1791 1183 1817 est
1207 1787 1332 1827 species

251 1828 446 1870 wilatis
469 1829 659 1865 mater-iulis,
675 1829 844 1870 loquendo
868 1829 909 1861 de
924 1830 1056 1862 obiecto
1070 1832 1330 1872 proportionato,

249 1871 420 1920 inventis.
434 1873 605 1914 loquendo
621 1873 663 1906 de
682 1874 812 1908 obiecto
829 1873 1027 1916 adaequato:
1042 1875 1118 1908 ideo
1140 1876 1266 1916 species
1280 1877 1330 1908 in-

215 1924 218 1925 ’
252 1917 403 1956 ,Senectus
418 1919 531 1955 nostri,
547 1918 725 1950 formaliter
739 1924 880 1960 sumpta,
895 1929 962 1960 qua
975 1921 1083 1962 primo
1099 1925 1131 1951 et
1150 1930 1208 1962 per
1222 1930 1258 1953 se
1279 1922 1329 1952 in-

254 1962 380 2004 telligit,
398 1969 452 1995 ›est
473 1963 597 2004 species
621 1962 808 2004 quidditatis
832 1963 985 1996 naturalis
1007 1970 1063 1996 aut
1086 1965 1211 2005 species
1235 1966 1327 1997 entis.

255 2003 298 2039 Et
315 2007 363 2039 sic
385 2006 477 2049 quod
499 2007 553 2039 hic
572 2006 699 2043 dicitur,
715 2007 749 2039 id
765 2016 834 2039 esse
857 2009 964 2050 primo
981 2014 1013 2040 et
1031 2018 1089 2050 per
1106 2018 1140 2040 se
1160 2010 1328 2049 cognitum

255 2051 296 2083 ab
318 2052 485 2084 intellectu
509 2052 603 2084 cuius
626 2052 736 2093 specie
762 2052 921 2093 intelligit,
943 2053 1191 2094 intelligendum
1211 2060 1260 2085 est
1287 2054 1327 2086 de

253 2097 363 2138 specie
385 2096 565 2129 formaliter
591 2103 732 2138 sumpta,
757 2106 823 2138 qua
845 2098 953 2138 primo
977 2103 1009 2130 et
1031 2108 1090 2139 per
1111 2108 1146 2129 se
1168 2099 1326 2140 intelligit.

310 2141 363 2175 Sic
387 2147 497 2174 autem
519 2151 554 2173 se
577 2142 675 2173 habet
697 2143 835 2173 essentia
859 2142 967 2173 divina
993 2143 1033 2175 ad
1056 2143 1257 2178 intellectum
1280 2144 1327 2176 di-

251 2186 383 2226 yinum·
399 2187 477 2228 quia
492 2192 541 2218 est
555 2185 662 2218 forma
676 2196 742 2227 qua
757 2187 865 2228 primo
882 2193 914 2218 et
929 2196 987 2230 per
1001 2197 1036 2219 se
1050 2187 1207 2229 intelligit.
1222 2189 1327 2220 Immo

253 2230 319 2265 hoc
330 2231 428 2264 etiam
439 2231 537 2263 babet
552 2231 733 2272 proprium,
746 2231 837 2273 quod
848 2241 917 2263 non
928 2230 1163 2273 multiplicatur
1173 2233 1207 2264 in
1218 2233 1328 2274 plures

252 2276 434 2309 materiales
449 2277 583 2318 species,
607 2276 692 2307 sicut
709 2276 833 2317 species
855 2276 1038 2308 intellectus
1058 2278 1173 2315 nostri;
1191 2277 1247 2309 sed
1262 2288 1327 2310 una

252 2319 392 2353 numero
408 2326 529 2358 manet,
545 2320 694 2362 nihilque
708 2320 887 2352 intellectui
903 2320 1015 2352 divino
1031 2328 1248 2363 repraesentat
1266 2324 1327 2354 nisi

252 2366 450 2407 inquantum
473 2371 521 2397 est
544 2365 652 2397 divina
675 2366 814 2397 essentia
837 2370 892 2397 aut
915 2365 1095 2398 formaliter
1121 2373 1176 2398 aut
1199 2369 1327 2408 partici-

252 2411 371 2452 pative.
395 2410 473 2442 Ideo
488 2411 595 2452 primo
612 2416 644 2442 et
659 2420 717 2451 per
739 2420 774 2442 se
790 2411 959 2451 cognitum
975 2412 1015 2442 ab
1030 2411 1196 2443 intellectu
1216 2412 1327 2444 divino

246 2461 302 2494 ‚eet
323 2455 394 2496 ipsa
416 2455 524 2490 divina
546 2455 684 2487 essentia
707 2460 739 2486 et
761 2455 851 2495 Deus
873 2456 953 2497 ipse.

311 2499 342 2532 3.
366 2499 400 2531 Si
423 2497 535 2537 autem
557 2500 734 2541 accipiatur
756 2500 863 2541 primo
886 2506 919 2532 et
947 2509 1006 2541 per
1027 2510 1062 2532 se
1085 2501 1255 2542 cognitum
1278 2511 1338 2533 se-=

253 2544 364 2576 cundo
376 2544 491 2581 modo,
506 2549 545 2576 ut
559 2544 700 2576 diximus
715 2545 780 2576 hoc
796 2545 872 2576 loco
895 2545 999 2586 accipi
1015 2555 1033 2575 a
1049 2545 1171 2577 Sancto
1186 2546 1326 2583 Thoma,

253 2594 333 2621 tunc
355 2586 544 2630 intelligitur
571 2589 664 2631 quod
685 2589 767 2621 illud
789 2590 896 2631 primo
921 2595 953 2621 et
975 2599 1034 2631 per
1056 2600 1090 2621 se
1119 2592 1328 2631 cognoscitur

253 2633 294 2664 ab
317 2633 484 2665 intellectu
499 2634 594 2665 cuius
616 2634 725 2675 specie
744 2636 900 2676 tanquam
912 2635 1022 2675 primo
1039 2635 1123 2666 illud
1138 2646 1326 2676 repraesen-

245 2683 353 2715 tame,
375 2688 445 2710 non
467 2684 578 2710 autem
600 2685 858 2719 repraesentante
877 2679 965 2710 aliud
981 2680 1071 2720 prius
1093 2681 1127 2711 in
1151 2690 1219 2721 quo
1241 2681 1326 2712 relu-

246 2729 335 2760 ceat,
351 2723 510 2764 intelligit.
526 2723 568 2754 Et
584 2724 660 2764 quia
675 2724 800 2764 species
815 2733 880 2765 qua
895 2724 1079 2755 intellectus
1090 2724 1218 2756 divinus
1233 2725 1326 2756 intel-

253 2767 323 2809 ligit
345 2769 453 2809 primo
470 2774 502 2799 et
525 2777 583 2808 per
602 2777 637 2799 se
660 2767 803 2799 divinam
825 2769 997 2800 essentiam
1021 2775 1247 2809 repraesentat,
1265 2770 1325 2800 alia

254 2818 363 2844 autern
379 2819 416 2844 ut
438 2814 471 2843 in
495 2812 603 2843 divina
618 2812 764 2843 relucent
779 2814 931 2850 essentia;
958 2818 990 2844 et
1005 2813 1094 2844 nulla
1118 2815 1178 2845 alia
1201 2815 1325 2854 species

254 2863 302 2889 est
324 2858 358 2889 in
382 2857 492 2888 divino
516 2857 698 2893 intellectu;
722 2857 798 2888 ideo
821 2858 891 2897 ipse
914 2858 1003 2888 solus
1026 2859 1133 2898 primo
1157 2864 1189 2889 et
1211 2868 1270 2899 per
1291 2869 1324 2889 se

253 2912 272 2933 a
295 2912 329 2933 se
352 2902 549 2942 intelligitur.

310 2947 363 2978 111.
393 2947 564 2978 Secundo:
587 2952 620 2977 et
647 2951 695 2977 est
718 2946 799 2976 ratio
823 2952 952 2987 sumpta
979 2956 1022 2980 ,ex
1045 2946 1103 2977 XII
1127 2948 1323 2988 Metaplgrs.‚

219 2999 225 3018 ³
252 2997 328 3023 text.
355 2992 391 3023 5¹
412 2993 440 3022 ⁶.
464 2991 497 3022 Si
520 3000 588 3022 non
608 2991 654 3021 sic
678 2996 772 3026 esset,
795 2996 874 3021 tunc
896 2991 1078 3022 intellectus
1102 2991 1229 3022 divinus
1252 3001 1325 3023 mu-

251 3042 372 3070 taretur
395 3035 435 3068 de
459 3035 719 3073 consideratione
741 3035 792 3066 sui
815 3035 848 3066 in
868 3035 1161 3066 considerationem
1185 3036 1324 3068 alterius.

248 3082 295 3113 -Et
316 3089 394 3112 cum
417 3079 498 3113 illud
528 3085 612 3112 esset
639 3089 680 3111 eo
707 3079 893 3120 ignobilius,
923 3085 1103 3110 mutaretur
1125 3081 1159 3111 in
1182 3082 1285 3121 peius.
1301 3099 1325 3104 —

251 3124 411 3158 Probatur
433 3123 677 3166 consequentia.
694 3124 781 3162 Quia
798 3124 1000 3165 impossibile
1022 3130 1071 3155 est
1091 3125 1200 3165 primo
1216 3131 1250 3157 et
1267 3135 1325 3166 per

250 3180 288 3203 se
310 3171 403 3212 plura
425 3170 523 3201 simul
549 3170 742 3210 intelligere:
767 3179 808 3200 eo
838 3169 930 3210 quod
957 3179 1022 3200 una
1052 3171 1200 3210 operatio
1228 3170 1324 3201 simul

252 3216 364 3247 multis
386 3216 530 3247 terminis
548 3224 616 3246 non
633 3214 735 3255 possit
757 3214 930 3244 terminari.
955 3214 1053 3254 Ergo,
1078 3224 1161 3245 cum
1178 3215 1267 3246 Deus
1289 3225 1324 3246 se

253 3260 453 3302 quandoque
477 3260 643 3300 intelligat,
668 3259 694 3289 si
723 3258 846 3299 aliquid
867 3258 960 3290 <aliud
989 3258 1146 3299 intelligat
1168 3265 1323 3300 tanquam

252 3306 360 3346 primo
384 3311 417 3336 et
431 3304 491 3346 per
505 3314 540 3336 se
555 3304 768 3340 intellectum,-
783 3303 962 3335 mutabitur
983 3303 1260 3335 intellectus-suus
1283 3304 1323 3335 de

251 3346 512 3382 consideratione
534 3350 584 3380 sui
607 3349 648 3380 ad
671 3347 964 3381 considerationem
986 3347 1125 3378 alterius.

307 3394 447 3426 Adverte
471 3394 564 3435 quod
585 3394 645 3424 ista
667 3394 748 3424 ratio
771 3393 928 3434 supponit
949 3391 1040 3432 quod
1064 3392 1153 3423 Deus
1167 3393 1322 3433 seipsum

251 3440 358 3480 primo
375 3445 407 3470 et
421 3449 480 3480 per
495 3449 529 3470 se
546 3439 710 3481 intelligat,
728 3448 766 3469 ex
782 3437 1069 3478 praecedentibus:
1082 3437 1198 3477 probat
1213 3443 1322 3468 autem

252 3483 344 3525 quod
366 3484 447 3515 nihil
470 3483 564 3514 aliud.
581 3483 730 3523 intelligit
752 3484 858 3523 primo
883 3488 915 3513 et
937 3491 995 3522 per
1015 3491 1060 3518 se.

310 3539 341 3560 2.
364 3528 429 3560 Sed
444 3533 622 3559 occurrunt
643 3527 710 3558 duo
727 3527 834 3558 dubia.
858 3527 1004 3558 Primum
1027 3530 1075 3556 est
1097 3526 1174 3565 quia
1195 3524 1322 3557 videtur
1344 3557 1346 3562 ,

252 3571 352 3614 ςῑιοά’
366 3583 432 3604 una
447 3573 595 3614 operatio
611 3573 713 3613 possit
729 3572 860 3603 diversis
882 3572 1026 3603 terminis
1044 3571 1150 3610 primo
1167 3575 1202 3607 et
1213 3579 1272 3611 per
1286 3580 1321 3601 se
1343 3590 1345 3592 -

250 3619 426 3649 terminari.
443 3617 575 3648 Eadem.
591 3618 678 3648 enim
694 3617 772 3647 solis
793 3615 960 3647 calefactio
982 3614 1147 3655 liquefacit
1168 3624 1274 3645 ceram
1290 3620 1322 3645 et

251 3660 356 3693 lutuin'
380 3662 518 3693 indurat.

2392 304 2457 341 141

1453 362 1615 400 Secundo,
1629 365 1711 395 circa
1723 367 1890 398 rationem.
1904 369 2015 399 Posset
2028 371 2115 402 enim
2127 371 2242 412 aliquis
2254 371 2360 403 dicere
2373 374 2463 414 quod

1397 414 1436 436 ex
1451 416 1492 437 eo
1507 408 1598 447 quod
1608 427 1613 435 ›.
1620 409 1801 441 intellectus
1824 411 1951 443 divinus
1965 414 2114 455 intelligit
2136 416 2258 456 aliquid
2276 417 2462 454 aliud,*non

1397 457 1528 491 oportet
1553 458 1590 482 ut
1611 460 1714 484 cesset
1741 455 1780 485 ab
1807 455 2026 489 intellectione
2053 460 2112 490 sui.
2144 460 2227 491 Nam
2258 466 2290 492 et
2317 463 2460 502 angelus,

1395 504 1524 535 semper
1545 497 1688 536 seipsum
1710 499 1901 540 intelligens,
1917 507 1954 532 ut
1968 502 2101 534 inferius
2112 505 2133 531 Ἀ
2144 504 2340 542 ostendetur,
2364 508 2460 540 etiam

1396 539 1456 570 alia
1478 540 1627 581 intelligit
1648 543 1755 582 primo
1779 549 1810 574 et
1833 554 1891 585 per
1913 555 1957 581 se,
1974 546 2015 577 ad
2033 556 2163 578 sensum
2187 542 2424 584 conclusionis?

2489 505 2498 513 ·
2509 503 2560 525 Lib.
2567 504 2594 527 ll.
2604 510 2700 527 c.xcvn.

1452 583 1482 614 3.
1493 583 1545 615 Ad
1557 586 1699 626 primum
1710 588 1924 628 respondetur
1932 590 2023 630 quod
2033 591 2086 622 illa
2093 594 2249 632 operatio,
2258 594 2332 625 licet
2344 596 2384 625 sit
2395 605 2460 627 una
2497 602 2500 604 ’

1395 636 1434 658 ex
1457 634 1546 669 parte
1568 630 1718 671 principii
1741 633 1835 663 activi
1858 632 2034 666 formaliter
2055 641 2086 666 et
2107 636 2182 667 ideo
2206 637 2245 667 ab
2267 648 2333 669 una
2355 638 2459 671 forma

1394 673 1558 712 procedat,
1582 679 1691 706 tamen
1715 677 1890 708 virtualiter
1913 685 1959 709 est
1981 679 2100 719 plures,
2125 686 2157 711 et
2186 690 2225 711 ex
2248 688 2336 721 parte
2359 685 2458 723 passi-

1395 726 1511 748 vorum
1526 719 1770 760 multiplicatur:
1784 723 2046 764 unumquodque
2062 725 2149 755 enim
2165 725 2294 756 illorum
2311 724 2381 758 eam
2397 738 2457 760 suo

1394 761 1496 792 modo
1520 764 1643 804 recipit.

1449 806 1501 837 Ad
1517 808 1697 839 secundum
1714 810 1927 850 respondetur
1942 811 2033 852 quod
2049 813 2191 852 angelus,
2208 813 2282 844 licet
2305 815 2458 856 intelligat

1394 850 1464 887 alia,
1489 861 1555 882 non
1579 858 1688 884 tamen
1705 860 1806 885 cessat
1821 864 1838 885 a
1854 857 2041 895 cognitione
2061 857 2121 892 sui,
2138 857 2214 897 quia
2230 858 2290 888 alia
2312 859 2459 901 intelligit

1393 903 1451 934 per
1473 897 1596 936 species
1619 907 1697 928 suae
1720 899 1876 930 essentiae
1902 899 2137 941 superadditas;
2162 906 2193 931 et
2223 909 2459 942 consequenter

1393 939 1502 978 plures
1516 941 1616 978 simul
1635 942 1763 974 habere.
1775 944 2009 981 intellectiones
2031 950 2139 985 potest
2152 945 2192 976 ad
2208 945 2330 977 diversa
2353 949 2457 988 primo

1373 989 1426 1014 .et
1448 991 1506 1024 per
1521 994 1555 1016 se
1570 983 1768 1019 terminatas.
1781 987 1857 1019 Ideo
1870 997 1940 1020 non
1965 994 2095 1030 oportet
2114 994 2160 1025 ut,
2185 989 2263 1020 dum
2287 991 2346 1021 alia
2366 993 2458 1023 intel-

1394 1028 1471 1067 ligit,
1485 1028 1608 1060 desinat
1623 1040 1657 1061 se
1672 1032 1859 1072 intelligere.
1876 1033 1964 1064 Deus
1981 1040 2090 1064 autern
2106 1044 2164 1064 sua
2179 1040 2305 1065 tantum
2321 1038 2457 1068 essentia

1392 1072 1549 1114 intelligit,
1565 1080 1602 1105 ut
1624 1077 1771 1115 superius
1788 1083 1835 1107 est
1850 1083 2018 1108 ostensum
2029 1079 2056 1109 ⁴².
2082 1078 2122 1108 Et
2138 1085 2375 1120 consequenter
2389 1091 2456 1112 non

1392 1122 1498 1156 potest
1521 1119 1617 1149 simul
1640 1120 1748 1160 plures
1770 1121 2005 1153 intellectiones
2027 1123 2158 1153 habere:
2182 1133 2258 1154 nam
2280 1134 2336 1165 per
2358 1135 2456 1157 unam

1392 1160 1530 1192 formam
1553 1172 1620 1194 non
1637 1163 1862 1205 producuntur
1877 1167 1973 1198 simul
1988 1167 2097 1208 plures
2113 1168 2317 1207 operationes
2333 1170 2372 1199 ab
2388 1180 2455 1201 uno

1392 1212 1515 1246 agente.
1541 1207 1630 1244 Ideo,
1654 1218 1730 1239 cum
1754 1210 1845 1250 plura
1869 1212 1965 1242 unica
1987 1211 2207 1242 intellectione
2230 1213 2364 1253 intelligi
2387 1224 2454 1245 non

1390 1251 1515 1290 possint
1539 1252 1582 1282 ita
1606 1253 1695 1293 quod
1712 1255 1972 1296 unumquodque
1993 1257 2033 1286 sit
2052 1257 2157 1296 primo
2182 1262 2214 1287 et
2233 1266 2290 1296 per
2312 1267 2346 1288 se
2363 1258 2456 1289 intel'-

1390 1295 1522 1332 lectum,
1539 1306 1671 1328 necesse
1686 1304 1745 1334 est,
1761 1299 1787 1329 si
1803 1299 1892 1330 Deus
1914 1310 1948 1331 se
1963 1300 2111 1341 intelligit
2127 1306 2159 1331 et
2173 1301 2319 1332 similiter
2333 1302 2455 1345 aliquid

1390 1340 1477 1371 aliud
1492 1350 1510 1370 a
1526 1350 1571 1378 se,
1588 1342 1679 1382 quod
1693 1343 1757 1374 hoc
1772 1344 1812 1374 sit
1827 1346 2014 1376 successivis
2028 1345 2362 1382 intellectionibusz-et
2377 1356 2455 1384 con-
2478 1355 2481 1359 ·

1390 1390 1573 1425 sequenter,
1589 1386 1615 1416 si
1639 1387 1760 1427 aliquid
1776 1388 1864 1419 aliud
1878 1399 1897 1419 a
1916 1399 1950 1420 se
1966 1390 2072 1430 primo
2096 1395 2127 1420 et
2150 1399 2208 1430 per
2230 1400 2265 1421 se
2286 1390 2453 1432 intelligat,

1390 1428 1480 1470 quod
1503 1429 1626 1461 desinat
1649 1441 1682 1462 se
1704 1431 1892 1473 intelligere.
2291 1462 2294 1465 ,
2317 1437 2326 1456 ='
2356 1472 2359 1475 v
2407 1460 2419 1463 „

1412 1484 1417 1487 ⁴
1445 1473 1498 1504 IV.
1526 1474 1646 1505 Tertio.
1672 1475 1704 1506 Si
1721 1475 1810 1507 Deus
1833 1477 1980 1517 intelligit
1996 1487 2030 1508 se
2047 1483 2079 1508 et
2093 1477 2179 1508 aliud
2198 1475 2352 1519 tanquam
2368 1479 2455 1519 prin-

1389 1518 1494 1558 cipale
1517 1520 1693 1556 obiectum,
1709 1520 1817 1561 plures
1833 1522 1963 1552 habebit
1983 1522 2214 1553 intellectuales
2234 1524 2452 1563 operationes:

1389 1572 1467 1594 cum
1489 1565 1696 1605 operationes
1726 1565 1908 1597 intellectus
1935 1566 2170 1606 distinguantur
2192 1576 2293 1607 penes
2316 1567 2452 1599 obiecta.

1389 1607 1476 1648 Ergo
1492 1609 1543 1640 vel
1566 1610 1703 1640 essentia
1719 1619 1777 1649 sua
1792 1611 1851 1641 erit
1866 1611 1899 1641 in
1915 1611 2007 1651 plura
2023 1610 2133 1647 divisa,
2149 1612 2186 1647 si,
2202 1612 2346 1652 inquam,
2362 1613 2455 1643 intel-

1388 1652 1485 1684 lectio
1501 1654 1542 1684 sit
1564 1653 1652 1684 idem
1675 1653 1767 1695 quod
1781 1655 1851 1686 eius
1867 1656 2016 1686 essentia:
2034 1655 2084 1687 vel
2107 1655 2248 1696 aliquam
2264 1655 2455 1687 intellectio-

1388 1707 1463 1728 nem
1480 1697 1610 1729 habebit
1626 1707 1710 1738 quae
1725 1708 1793 1729 non
1807 1699 1865 1730 erit
1880 1700 1949 1730 eius
1965 1699 2150 1730 substantia.
2163 1699 2314 1739 Quorum
2331 1706 2455 1731 utrum-

1387 1751 1452 1784 que
1476 1748 1524 1774 est
1546 1742 1755 1784 impossibile.
2356 1746 2357 1749 ’

1443 1787 1583 1818 Adverte
1607 1787 1708 1828 quod,
1724 1788 1799 1819 licet
1814 1797 1929 1819 omnes
1945 1789 2150 1828 operationes
2172 1789 2268 1820 unius
2291 1790 2454 1830 potentiae

1386 1841 1487 1863 unam
1502 1831 1672 1864 formalem
1687 1833 1846 1864 rationem
1861 1833 2042 1873 respiciant,
2057 1833 2182 1865 ratione
2197 1834 2290 1866 cuius
2305 1833 2455 1865 dicuntur

1385 1886 1501 1908 omnes
1517 1876 1663 1908 eiusdem
1678 1878 1824 1914 rationis;
1840 1878 2044 1909 materialiter
2059 1883 2167 1909 tamen
2182 1877 2404 1918 plurificantut
2416 1888 2454 1910 ex

1384 1921 1565 1962 pluralitate
1581 1922 1785 1953 obiectorum
1799 1922 2024 1958 materialium,
2045 1922 2176 1963 quando
2192 1923 2453 1964 unumquodque

1383 1965 1513 1997 illorum
1528 1975 1587 2007 per
1602 1975 1636 1996 se
1651 1966 1816 2007 attingitur
1831 1976 1849 1996 a
1864 1967 2019 2007 potentia,
2036 1971 2068 1997 et
2082 1976 2150 1997 non
2166 1977 2270 1998 unum
2290 1968 2453 1998 ut'unitur

1383 2010 1487 2046 alteri;
1511 2011 1594 2040 sicut
1609 2010 1670 2041 alia
1685 2016 1732 2040 est
1748 2011 1830 2040 visio
1846 2011 1920 2046 albi,
1937 2010 2005 2041 alia·
2015 2010 2256 2052 nigri.'quando
2276 2017 2450 2052 utrumque

1382 2063 1441 2094 per
1463 2063 1497 2084 se
1520 2054 1656 2085 videtur.
1678 2054 1773 2086 Unde
1796 2055 1860 2085 hoc
1882 2055 1969 2091 loco,
1986 2064 2062 2086 cum
2086 2055 2202 2087 dicitur
2224 2056 2314 2096 quod
2337 2066 2450 2097 opera-

1382 2099 1488 2130 tiones
1503 2097 1744 2139 distinguuntur
1758 2099 1938 2130 secundum
1951 2100 2088 2136 obiecta,
2103 2100 2290 2140 intelligitur
2304 2100 2344 2132 de
2360 2101 2450 2132 obie-

1382 2144 1442 2175 ctis
1457 2143 1497 2174 ad
1509 2152 1592 2184 quae
1608 2152 1666 2184 per
1678 2153 1712 2182 se
1724 2149 1756 2174 et
1771 2143 1919 2175 distincte
1935 2145 2072 2175 omnino
2088 2145 2276 2176 terminatur
2291 2147 2447 2186 operatio,

1383 2194 1415 2219 et
1437 2187 1478 2219 de
1501 2188 1578 2219 reali
1601 2187 1806 2219 distinctione
1831 2189 2069 2229 operationum.

1438 2232 1478 2263 V.
1494 2231 1632 2269 Quarto.
1650 2232 1835 2264 Intellectus
1849 2232 1977 2264 divinus
1994 2239 2076 2264 esset
2091 2234 2125 2264 in
2141 2234 2286 2274 potentia
2300 2240 2448 2275 respectu

1383 2276 1519 2308 alicuius
1542 2277 1680 2308 alterius.
1696 2294 1719 2299 -
1734 2277 1891 2308 Probatur
1907 2279 2149 2318 consequentia.
2166 2277 2252 2316 Quia
2267 2279 2447 2310 intellectus

1383 2320 1532 2352 differens
1555 2331 1573 2352 a
1597 2330 1657 2352 suo
1682 2321 1812 2352 obiecto
1827 2322 1991 2353 intellecto
2007 2327 2055 2353 est
2077 2323 2110 2353 in
2134 2323 2278 2363 potentia
2300 2329 2447 2364 respectu

1382 2366 1478 2397 illius.

1441 2410 1575 2448 Quinto.
1600 2411 1691 2441 Esset
1714 2411 1835 2451 aliquid
1852 2411 1938 2442 aliud
1961 2410 2117 2452 perfectio
2133 2411 2233 2442 divini
2256 2412 2446 2449 intellectus,

1383 2460 1415 2487 et
1438 2465 1479 2487 eo
1499 2455 1651 2490 nobilius.
1666 2473 1691 2478 -
1706 2455 1862 2487 Probatur
1878 2457 2120 2496 consequentia.
2137 2456 2223 2494 Quia
2237 2457 2446 2494 intellectum,

1382 2500 1504 2532 scilicet
1526 2501 1679 2541 primum,
1704 2500 1794 2540 quod
1817 2510 1875 2541 per
1896 2501 2061 2542 propriam
2084 2501 2227 2541 speciem
2251 2502 2447 2542 intelligitur,

1383 2550 1431 2576 est
1453 2543 1610 2586 perfectio
1633 2545 1856 2585 intelligentis:
1881 2551 1913 2576 et
1939 2554 1997 2586 per
2024 2554 2239 2586 consequens,
2263 2551 2299 2577 ut
2321 2547 2377 2583 sic,
2401 2553 2448 2578 est

1382 2599 1423 2620 eo
1438 2588 1622 2631 perfectius.
1639 2589 1822 2620 Intellectus
1838 2590 1925 2621 enim
1940 2589 2102 2630 perfectus
2118 2596 2175 2627 est,
2191 2590 2304 2622 ultima
2327 2592 2448 2622 scilicet

1381 2633 1592 2674 perfectione,
1610 2642 1650 2664 eo
1667 2633 1758 2673 quod
1773 2639 1847 2665 actu
1862 2634 2020 2674 intelligit.
2045 2635 2119 2664 Hoc
2135 2639 2243 2665 autem
2260 2640 2307 2666 est
2330 2645 2368 2666 ex
2383 2635 2447 2666 hoc

1381 2678 1473 2719 quod
1496 2683 1543 2708 est
1566 2687 1671 2709 unum
1687 2688 1763 2710 cum
1779 2687 1820 2709 eo
1836 2678 1927 2719 quod
1942 2679 2138 2718 intelligitur,
2155 2684 2310 2719 tanquam
2325 2679 2447 2710 scilicet

1380 2724 1452 2764 ipso
1475 2722 1681 2753 informatus.
2259 2745 2261 2747 -

1436 2767 1547 2798 Sexto.
1571 2766 1711 2797 Scientia
1734 2767 1795 2797 Dei
1811 2772 1894 2798 esset
1909 2768 2104 2807 composita.
2117 2767 2158 2797 Et
2172 2768 2218 2797 sic
2234 2767 2294 2798 Dei
2310 2769 2446 2798 essentia

1381 2817 1463 2842 esset
1487 2812 1679 2852 composita,
1703 2813 1729 2842 si
1753 2812 1886 2842 scientia
1916 2812 1977 2842 Dei
2008 2817 2055 2842 est
2082 2811 2168 2842 idem
2192 2812 2282 2852 quod
2305 2813 2373 2843 eius
2397 2823 2445 2843 es-

1380 2856 1498 2892 sentia3
1521 2857 1574 2887 vel
1597 2857 1730 2887 scientia
1753 2857 1812 2887 erit
1834 2856 1982 2887 accidens
2007 2857 2088 2887 Deo.
2112 2874 2134 2878 -
2153 2856 2309 2887 Probatur
2332 2867 2445 2888 conse-

1380 2902 1522 2941 quentia.
1547 2901 1633 2939 Quia
1658 2910 1695 2931 ex
1718 2901 1828 2932 multis
1851 2901 2068 2942 principaliter
2091 2906 2122 2931 et
2145 2902 2250 2941 primo
2277 2902 2445 2932 intellectis

1379 2946 1556 2986 integratur
1577 2946 1720 2976 scientia.
2017 2973 2020 2976 ,
2191 2948 2209 2960 ·“
2433 2961 2435 2965 ·

1434 2989 1679 3021 Advertendum
1696 2989 1786 3031 quod
1800 2990 1948 3026 scientia,
1964 3000 2002 3021 ex
2019 3000 2056 3021 ea
2072 2995 2160 3030 parte
2180 3000 2244 3031 qua
2263 2989 2339 3021 dicit
2360 2989 2444 3021 ordi-

1378 3040 1488 3066 natam
1511 3035 1741 3066 collectionem
1763 3035 1945 3075 specierum
1963 3031 2222 3075 intelligibilium,
2241 3034 2318 3065 dicit
2341 3034 2445 3075 quod-

1379 3079 1454 3110 dam
1477 3089 1582 3111 unum
1605 3080 1831 3120 aggregatione
1854 3085 1886 3110 et
1909 3080 2140 3120 compositum.
2165 3079 2252 3115 Ide0,
2268 3080 2324 3110 ubi
2344 3079 2446 3110 multa

1378 3133 1438 3164 per
1460 3123 1599 3155 diversas
1622 3125 1745 3164 species
1761 3129 2004 3164 cognoscuntur
2018 3124 2057 3154 ab
2074 3124 2184 3164 aliquo
2200 3124 2375 3159 intellectu,
2392 3124 2444 3154 illa

1378 3169 1512 3200 scientia
1523 3169 1797 3208 compositionem
1809 3174 1840 3199 et
1851 3169 2121 3209 multiplicitatem
2133 3169 2238 3199 habet.
2250 3169 2324 3198 Hoc
2336 3173 2444 3199 autem

1380 3214 1487 3244 evenit
1509 3214 1567 3244 ubi
1589 3214 1691 3245 multa
1709 3214 1816 3254 primo
1840 3219 1872 3244 et
1894 3223 1951 3253 per
1966 3223 1999 3244 se
2022 3213 2257 3252 intelliguntur:
2275 3213 2351 3252 quia
2366 3219 2444 3244 tunc

1374 3257 1644 3299 unumquodque
1666 3267 1736 3290 non
1758 3267 1816 3298 per
1837 3258 1966 3288 alterius
1996 3258 2138 3298 speciem
2167 3257 2363 3297 intelligitur,
2388 3257 2444 3288 sed

1378 3312 1437 3343 per
1459 3303 1626 3343 propriam
1641 3303 1783 3343 speciem
1799 3307 1831 3333 et
1846 3301 2066 3342 adaequatam.
2084 3301 2171 3338 Ideo,
2187 3302 2214 3332 si
2229 3307 2335 3332 essent
2352 3301 2444 3342 plura

1378 3348 1485 3388 primo
1502 3353 1535 3378 et
1549 3357 1609 3388 per
1623 3357 1658 3378 se
1673 3357 1692 3378 a
1707 3348 1778 3378 Deo
1795 3348 1934 3387 cognita,
1947 3347 2079 3377 scientia
2095 3346 2154 3376 Dei
2171 3347 2444 3387 compositionem

1378 3397 1410 3423 et
1431 3392 1702 3432 multiplicitatem
1713 3415 1715 3418 .
1725 3392 1865 3422 haberet.
2314 3404 2317 3406 ·
2364 3403 2366 3406 >

1433 3437 1585 3477 Septimo.
1603 3436 1637 3468 Si
1652 3442 1735 3467 esset
1750 3435 1842 3474 aliud,
1852 3436 1958 3476 primo
1975 3440 2007 3465 et
2022 3444 2079 3474 per
2094 3444 2128 3465 se
2143 3435 2311 3474 cognitum
2326 3444 2345 3465 a
2357 3435 2442 3471 Deo,

1342 3515 1344 3518 ,
1377 3481 1552 3512 intellectio
1569 3481 1630 3512 Dei
1646 3481 1787 3521 speciem
1804 3485 1835 3511 et
1850 3480 2050 3510 nobilitatem
2065 3479 2196 3510 haberet
2210 3478 2392 3510 secundum
2408 3479 2443 3511 'id

1374 3525 1468 3566 quod
1484 3531 1532 3557 est
1547 3525 1636 3557 ali-ud
1649 3526 1689 3556 ab
1701 3526 1780 3566 ipsa.
1797 3525 1871 3555 Hoc
1881 3529 1990 3555 autem
2005 3524 2204 3564 impossibile
2219 3528 2280 3554 est:
2299 3533 2375 3555 cum
2386 3534 2444 3555 sua

1376 3571 1523 3610 operatio
1546 3571 1587 3601 sit
1609 3580 1666 3601 sua
1689 3569 1834 3600 essentia.
1856 3587 1880 3591 —
1902 3569 2060 3599 Probatur
2086 3568 2328 3608 consequentia.
2358 3568 2443 3607 Quia

1375 3615 1551 3646 intellectio
1575 3615 1717 3654 speciem
1733 3619 1765 3645 et
1779 3613 1979 3644 nobilitatem
1995 3613 2090 3643 habet
2109 3612 2290 3643 secundum
2305 3612 2338 3644 id
2354 3613 2444 3654 quod

1375 3664 1423 3690 est
1438 3660 1544 3699 primo
1562 3664 1593 3689 et
1604 3668 1662 3699 per
1677 3668 1710 3689 se
1726 3658 1939 3689 intellectum:
1956 3666 2032 3688 cum
2048 3657 2112 3688 hoc
2127 3658 2167 3688 sit
2181 3658 2251 3688 eius
2267 3658 2442 3689 obiectum.

2485 1077 2493 1085 ·
2509 1076 2566 1104 Cap.
2581 1083 2641 1099 uvi.
