2768 4134
37 1362 53 1374 ⁴¹
61 1341 113 1384 ish.
119 1361 138 1389 1,
146 1367 258 1390 amun.

37 2005 50 2015 ⁶
75 2003 119 2026 vu
139 2003 167 2026 Μ
223 2004 256 2031 k„

37 2029 187 2087 intimant.
215 2030 256 2057 ΙΙΙ,

38 2652 49 2663 “’
63 2651 120 2674 Loc-
135 2652 175 2674 cit.

38 2810 101 2839 ⁵⁴⁶·
126 2801 132 2807 .
188 2791 253 2815 ..3ov

36 2916 210 2967 ἓῐῑτῗὴρῐιὸιιι,
219 2924 254 2944 ¹2:

798 261 987 300 SUMMA
1017 265 1238 304 CONTRA
1267 269 1541 318 GENTILES,
1570 274 1663 311 LIB.
1686 276 1726 321 ΙΙ,
1757 277 1867 314 CAP.
1885 279 1971 316 XV.

286 341 419 379 venire
439 349 475 378 et
499 339 652 390 utrique
682 339 900 376 secundum
929 343 1037 390 quod
1066 343 1207 393 ipsum.
1237 348 1357 393 Quod

286 395 392 433 enim
421 395 469 432 de
498 394 630 444 aliquo
659 393 878 431 secundum
906 396 1014 443 quod
1043 396 1173 445 ipsum
1208 399 1356 445 dicitur,

285 449 417 499 ipsum
454 460 534 485 non
571 446 736 485 excedit:
776 446 873 484 sicut
910 448 1053 486 habere
1089 458 1164 488 tres
1197 455 1359 500 angulos

286 503 443 540 duobus
473 501 583 539 rectis
611 501 792 550 aequales
820 512 900 537 non
930 501 1078 538 excedit
1111 503 1357 552 triangulum.

285 556 327 594 Si
356 556 469 605 igitur
496 555 643 605 aliquid
671 554 828 592 duobus
856 554 1078 601 conveniat,
1108 568 1187 593 non
1217 570 1358 595 conve·
1382 574 1390 594 ς

286 610 365 647 niet
393 609 547 659 utrique
576 608 795 646 secundum
823 608 931 656 quod
961 607 1090 657 ipsum
1116 618 1182 646 est.
1213 612 1358 660 Impos-

285 663 393 701 sibile
422 671 478 700 est
507 662 620 711 igitur
647 661 804 711 aliquod
833 673 960 699 unum
989 662 1038 698 de
1066 662 1223 700 duobus
1252 676 1359 713 prae-

285 717 404 754 dicari
433 717 483 754 ita
511 716 619 766 quod
654 716 703 753 de
739 722 876 752 neutro
910 727 981 764 per
1013 727 1172 752 causam
1200 717 1358 764 dicatur,

285 771 354 808 sed
374 778 526 820 oportet
545 771 606 807 vel
627 781 753 807 unum
782 781 865 806 esse
893 768 1047 806 alterius
1073 781 1243 815 causam,
1264 771 1360 808 sicut

285 823 383 874 ignis
402 831 458 861 est
477 836 595 862 causa
623 822 761 862 caloris
789 822 943 872 corpori
964 821 1097 868 mixto,
1117 835 1209 860 cum
1229 832 1360 861 tamen
1376 841 1402 855 ιο

286 885 498 927 utrumque
527 878 691 915 calidum
720 877 886 922 dicatur;
915 877 977 914 vel
996 884 1148 925 oportet
1167 877 1275 926 quod
1295 878 1360 915 ali-

285 932 394 982 quod
413 931 570 969 tertium
590 931 636 968 sit
654 943 773 968 causa
791 929 957 979 utrique,
977 929 1075 966 sicut
1094 929 1248 967 duabus
1272 943 1360 968 can-

285 985 380 1023 delis
409 985 505 1034 ignis
534 993 590 1022 est
618 996 735 1022 causa
763 983 929 1021 lucendi.
959 984 1050 1020 Esse
1073 990 1203 1020 autem
1225 983 1362 1022 dicitur

284 1040 333 1078 de
363 1038 472 1077 omni
502 1051 548 1076 eo
578 1038 687 1088 quod
716 1045 782 1075 est.
811 1035 1052 1086 Impossibile
1073 1044 1128 1074 est
1147 1036 1260 1085 igitur
1278 1050 1360 1075 esse

285 1093 416 1143 aliqua
434 1093 516 1131 duo
536 1103 709 1142 quorum
737 1098 922 1136 neutrum
950 1089 1091 1128 habeat
1119 1103 1278 1128 causam
1305 1104 1385 1129 es-1

285 1147 407 1192 sendi‚
427 1147 496 1184 sed
515 1153 668 1196 oportet
687 1152 900 1193 utrumque
919 1151 1171 1194 acceptorum
1191 1157 1273 1182 esse
1293 1158 1362 1195 per

285 1212 456 1246 causam,
485 1201 548 1236 vel
576 1200 739 1236 alterurn
769 1197 875 1235 alteri
904 1209 988 1234 esse
1017 1210 1176 1235 causam
1196 1199 1359 1236 essendi.

286 1255 451 1306 Oportet
479 1252 594 1302 igitur
620 1252 729 1302 quod
758 1252 807 1289 ab
836 1251 900 1288 illo
929 1250 991 1289 cui
1025 1251 1119 1288 nihil
1155 1259 1211 1288 est
1245 1264 1361 1290 causa

285 1306 458 1359 essene&
469 1305 664 1350 suumne
693 1305 787 1343 illud
816 1305 925 1356 quod
954 1317 1209 1355 quocumque
1238 1307 1360 1344 modo

271 1363 356 1400 'est‘
367 1356 506 1405 Deum
523 1367 657 1398 autem
681 1371 798 1410 supra
815 1359 836 1381 '¹‘
864 1358 1107 1397 ostendimus
1134 1359 1362 1397 huiusmodi
1377 1374 1403 1388 ιο

284 1427 356 1454 ens
374 1426 458 1453 esse
478 1414 542 1452 cui
561 1413 658 1452 nihil
685 1413 731 1451 sit
759 1425 876 1451 causa
905 1412 1069 1450 essendi.
1100 1413 1161 1450 Ab
1183 1425 1231 1450 eo
1251 1413 1363 1461 igitur

285 1477 343 1508 est
360 1480 481 1507 omne
495 1468 605 1518 quod
625 1479 881 1517 quocumque
900 1466 1024 1504 modo
1043 1474 1111 1503 est.
1128 1489 1153 1493 —
1169 1466 1210 1504 Si
1229 1474 1361 1505 autem

285 1522 435 1562 dicatur
453 1522 562 1572 quod
581 1534 647 1559 ens
665 1533 747 1558 non
766 1529 823 1558 est
841 1520 1110 1571 praedicatum
1133 1520 1360 1567 univocum,

284 1575 381 1618 nihil
414 1575 546 1614 minus
581 1575 777 1626 praedicta
812 1573 1011 1612 conclusio
1047 1573 1231 1623 sequitur.
1269 1575 1362 1612 Non

282 1629 391 1675 enim
419 1629 468 1667 de
497 1628 629 1674 multis
657 1628 872 1679 aequivoce
900 1627 1050 1674 dicitur,
1076 1628 1144 1665 sed
1173 1640 1243 1678 per
1271 1640 1361 1666 ana-

283 1683 442 1733 logiam:
468 1691 506 1720 et
525 1683 579 1720 sic
597 1690 750 1732 oportet
769 1681 854 1720 fieri
873 1681 1143 1719 reductionem
1163 1681 1202 1718 in
1222 1694 1360 1719 unum.

337 1736 528 1787 Amplius.
559 1736 681 1784 Quod
709 1735 824 1774 alicui
853 1735 1037 1773 convenit
1056 1747 1102 1772 ex
1122 1747 1193 1772 sua
1213 1743 1361 1782 natura,

283 1802 365 1829 non
385 1802 431 1829 ex
451 1790 525 1828 alia
543 1802 672 1836 causa,
697 1790 937 1827 minoratum
967 1789 1006 1826 in
1035 1801 1083 1826 eo
1112 1796 1148 1826 et
1176 1789 1362 1827 deficiens

282 1856 367 1884 esse
395 1856 478 1882 non
506 1851 643 1894 potest.
675 1843 715 1882 Si
744 1843 851 1881 enim
880 1851 1040 1881 naturae
1069 1842 1213 1893 aliquid
1235 1852 1365 1881 essen-·

282 1897 370 1938 tiale
399 1897 639 1936 subtrahitur
666 1899 728 1935 vel
763 1897 930 1943 additur,
960 1896 1038 1934 iam
1074 1897 1191 1934 altera
1225 1905 1362 1935 natura

283 1952 370 1990 erit:
400 1952 499 1990 sicut
517 1959 554 1989 et
579 1951 620 1989 in
648 1951 824 1989 numeris
842 1950 991 1996 accidit,
1011 1950 1052 1988 in
1071 1949 1216 2000 quibus
1236 1951 1362 1988 unitas

283 2005 414 2044 addita
441 2007 504 2043 vel
533 2006 727 2043 subtracta
755 2005 926 2055 speciem
946 2004 1068 2042 variat
1086 2004 1117 2042 *.
1148 2004 1188 2042 Si
1217 2013 1360 2051 autem,

284 2067 423 2109 natura
441 2060 505 2097 vel
523 2058 736 2110 quidditate
755 2059 811 2096 rei
830 2058 976 2107 integra
999 2066 1194 2104 manente,
1215 2059 1360 2108 aliquid

284 2113 525 2152 minoratum
552 2111 784 2159 inveniatur,
805 2112 883 2150 iam
902 2119 1008 2162 patet
1026 2112 1136 2162 quod
1159 2111 1252 2150 illud
1280 2125 1360 2150 non

283 2165 507 2218 simpliciter
533 2166 730 2216 dependet
749 2179 796 2204 ex
816 2165 879 2203 illa
898 2174 1047 2212 natura,
1067 2166 1136 2204 sed
1156 2178 1202 2203 ex
1229 2166 1360 2216 aliquo

283 2220 377 2267 alio,
411 2231 482 2270 per
518 2219 630 2258 cuius
668 2219 930 2258 remotionem
971 2219 1200 2257 minoratur.
1241 2221 1360 2267 Quod

282 2274 398 2324 igitur
415 2274 529 2311 alicui
548 2273 680 2311 minus
708 2273 891 2311 convenit
909 2285 1031 2323 quam
1051 2273 1144 2319 aliis,
1164 2285 1245 2311 non
1269 2286 1360 2311 con—

281 2327 390 2366 venit
407 2327 443 2365 ei
463 2339 510 2365 ex
534 2339 605 2365 sua
634 2335 772 2365 natura
799 2335 964 2374 tantum,
985 2327 1052 2364 sed
1073 2339 1119 2365 ex
1139 2327 1213 2365 alia
1231 2340 1358 2365 causa.

282 2382 380 2422 Illud
399 2381 514 2430 igitur
541 2380 618 2419 erit·
638 2394 756 2419 causa
785 2381 967 2420 omnium
995 2380 1035 2419 in
1064 2381 1196 2431 aliquo
1221 2394 1360 2430 genere

281 2434 346 2475 cui
374 2434 545 2473 maxime
579 2435 764 2485 competit
797 2434 897 2473 illius
929 2434 1080 2484 generis
1108 2434 1358 2485 praedicatio:

282 2489 389 2527 unde
409 2497 446 2526 et
464 2489 575 2538 quod
594 2489 765 2527 maxime
794 2488 966 2527 calidum
993 2497 1050 2526 est
1078 2489 1259 2526 videmus
1278 2501 1359 2526 esse

282 2554 443 2581 causam
463 2542 602 2580 caloris
630 2542 670 2580 in
699 2542 885 2580 omnibus
913 2542 1056 2588 calidis,
1086 2551 1122 2580 et
1150 2543 1258 2592 quod
1279 2555 1358 2579 ma·

282 2595 386 2635 xime
406 2595 581 2634 lucidum
600 2608 760 2634 causam
789 2596 971 2634 omnium
1000 2596 1232 2634 lucidorum.
1254 2597 1360 2633 Deus

283 2658 414 2689 autem
435 2657 491 2688 est
514 2649 686 2688 maxime
711 2662 792 2696 enS‚
813 2658 855 2688 ut
875 2650 913 2687 in
934 2650 1063 2701 primo
1083 2649 1180 2687 libro
1195 2650 1215 2671 ’Β
1234 2657 1359 2686 osten-

283 2716 373 2743 sum
392 2712 460 2741 est.
490 2704 575 2754 Ipse
604 2703 718 2753 igitur
736 2712 793 2742 est
811 2717 930 2742 causa
949 2703 1130 2742 omnium
1149 2703 1197 2740 de
1217 2703 1358 2752 quibus

283 2770 349 2796 ens
375 2757 622 2808 praedicatur
639 2757 671 2795 *.

337 2812 490 2849 Adhuc.
521 2812 750 2849 Secundum
779 2811 959 2849 ordinem
979 2811 1187 2848 effectuum
1209 2817 1357 2858 oportet

283 2877 367 2902 esse
387 2864 566 2902 ordinem
586 2877 811 2903 causarum:
842 2878 889 2902 eo
918 2865 1027 2915 quod
1056 2865 1213 2901 effectus
1233 2862 1356 2900 causis

283 2918 363 2956 suis
377 2918 660 2969 proportionati
680 2927 770 2956 sunt
779 2919 811 2956 ²⁸.
832 2919 945 2957 Unde
961 2926 1113 2968 oportet
1127 2917 1244 2966 quod,
1261 2916 1356 2952 sicut

282 2971 444 3010 effectus
462 2971 610 3022 proprii
629 2972 870 3011 reducuntur
889 2972 926 3010 in
948 2984 1084 3010 causas
1102 2969 1287 3020 propriaS‚
1306 2969 1355 3006 ita
1371 2992 1395 3011 50

281 3025 321 3063 id
349 3026 459 3075 quod
486 3038 700 3064 commune
729 3034 786 3064 est
814 3026 853 3064 in
883 3025 1082 3063 effectibus
1102 3023 1354 3081 propriis-re—

280 3079 447 3117 ducatur
478 3079 517 3116 in
551 3079 722 3130 aliquam
759 3092 918 3118 causam
954 3089 1223 3116 communem:
1259 3083 1354 3112 sicut

2402 287 2475 333 295

1413 362 1530 409 supra
1557 353 1802 401 particulares
1830 368 1964 394 causas
1992 360 2247 406 generationis
2275 362 2392 400 huius
2415 366 2476 401 vel

1414 404 1513 440 illius
1531 408 1663 463 estsol
1682 407 1906 446 universalis
1925 422 2040 448 causa
2058 414 2329 462 generationis;
2356 424 2393 453 et
2412 407 2477 454 rei

1414 464 1469 492 est
1497 459 1722 516 universalis
1750 472 1867 498 causa
1900 464 2093 511 regiminis
2125 466 2165 508 in
2197 480 2334 516 regno„
2360 482 2476 519 supra

1413 518 1654 569 praeposnos
1682 513 1787 561 regni
1815 522 1851 550 et
1878 515 1992 553 etiam
2027 519 2183 556 urbium
2212 521 2474 570 singularium.

1415 561 1611 599 Omnibus
1630 572 1760 602 autem
1775 579 1985 606 commune
2004 579 2059 608 est
2077 585 2163 609 esse.
2186 574 2348 624 Oportet
2366 576 2477 624 igitur

1415 616 1523 673 quod
1543 628 1660 665 supra
1679 630 1816 656 omnes
1844 632 1977 659 causas
2005 624 2050 660 sit
2077 625 2204 675 aliqua
2232 639 2347 666 causa
2366 629 2476 667 cuius

1416 675 1462 703 snt
1490 668 1580 705 dare
1610 682 1703 707 esse.
1741 672 1869 710 Prima
1902 683 2031 713 autem
2063 690 2179 716 causa
2206 681 2312 718 Deus
2339 691 2404 727 est,
2434 692 2476 719 ut

1416 732 1533 769 supra
1547 722 1567 743 '¹‘
1593 731 1790 765 ostensum
1819 735 1885 763 est.
1916 729 2077 778 Oportet
2096 731 2207 780 igitur
2225 734 2356 771 omnia
2375 748 2475 784 quae

1416 782 1505 810 sunt
1533 787 1555 811 a
1583 776 1667 813 Deo
1696 790 1789 815 esse.

1470 828 1575 887 Item.
1606 830 1725 876 Quod
1760 844 1829 881 per
1864 835 2068 880 essentiam
2096 836 2244 884 dicitur,
2273 848 2328 876 est
2361 853 2475 879 causa

1417 892 1594 940 omnium
1615 895 1714 932 quae
1734 897 1803 934 per
1821 887 2151 937 participationem
2166 890 2359 929 dicuntur:
2381 893 2476 931 sicut

1417 945 1511 992 ignls
1531 944 1586 994 est
1605 948 1720 974 causa
1739 939 1918 977 omnium
1939 940 2145 989 ignitorum
2161 943 2390 993 inquantum
2407 948 2476 983 hu-

1417 989 1595 1047 lusmodl.
1617 990 1723 1027 Deus
1738 1000 1867 1030 autem
1887 1001 1942 1030 est
1961 1007 2025 1031 ens
2043 1008 2114 1045 per
2129 997 2331 1035 essentiam
2347 1011 2474 1036 suam:

1417 1052 1507 1090 qma
1528 1050 1582 1096 est
1602 1042 1729 1092 ipsum
1749 1057 1830 1082 esse
1849 1046 1879 1083 ³¹³.
1910 1047 2040 1084 Omne
2064 1057 2193 1087 autem
2213 1050 2315 1088 aliud
2336 1064 2403 1089 ens
2423 1061 2476 1090 est

1417 1106 1485 1131 ens
1504 1107 1573 1144 per
1593 1096 1936 1147 participationem:
1967 1101 2057 1150 quia
2083 1114 2151 1139 ens
2164 1105 2276 1152 ¹quod
2296 1105 2342 1142 sit
2360 1118 2475 1143 suum

1417 1160 1510 1193 esse,
1539 1161 1619 1186 non
1648 1159 1772 1199 potest
1799 1165 1881 1189 esse
1910 1153 1982 1190 nisi
2010 1167 2146 1201 unum,
2176 1164 2217 1193 ut
2245 1157 2284 1194 in
2312 1158 2477 1196 Primo*

1417 1209 1615 1239 ostensum
1636 1212 1701 1240 est.
1723 1205 1828 1242 Deus
1847 1206 1958 1254 igitur
1976 1215 2032 1244 est
2049 1221 2164 1246 causa
2183 1211 2334 1248 essendi
2353 1213 2476 1249 omni-

1417 1254 1490 1292 bus
1519 1255 1610 1292 aliis

1471 1309 1680 1347 Praeterea.
1699 1311 1828 1348 Omne
1844 1313 1950 1362 quod
1970 1322 2024 1350 est
2043 1315 2222 1364 possibile
2242 1330 2323 1354 esse
2343 1327 2379 1355 et
2398 1331 2476 1356 non

1417 1374 1511 1407 esse,
1546 1363 1661 1400 habet
1689 1376 1845 1402 causam
1874 1366 2058 1415 aliquam:
2088 1368 2178 1417 quia
2211 1369 2249 1406 in
2282 1383 2322 1408 se
2354 1372 2477 1414 consi-

1417 1415 1595 1453 deratum
1623 1417 1672 1454 ad
1702 1418 1923 1456 utrumlibet
1951 1432 1991 1457 se
2020 1421 2151 1467 habet;
2181 1431 2217 1459 et
2245 1423 2297 1460 sic
2329 1433 2478 1474 oportet

1418 1481 1500 1506 esse
1528 1469 1686 1519 aliquod
1710 1471 1813 1508 aliud
1837 1473 1943 1521 quod
1972 1473 2100 1522 ipsum
2129 1476 2177 1512 ad
2204 1488 2329 1514 unum
2357 1478 2477 1515 deter-

1418 1522 1549 1560 minet.
1571 1524 1694 1569 Unde,
1714 1537 1805 1562 cum
1834 1525 1873 1562 in
1902 1526 2095 1564 infinitum
2115 1530 2270 1577 procedi
2290 1542 2370 1567 non
2389 1543 2477 1580 pos-

1418 1575 1474 1621 sit,
1505 1585 1655 1625 oportet
1683 1578 1790 1627 quod
1824 1578 1869 1615 sit
1901 1579 2044 1629 aliquid
2082 1582 2338 1620 necessarium
2371 1586 2478 1633 quod

1378 1647 1400 1667 25
1418 1630 1463 1667 sit
1491 1642 1608 1668 causa
1636 1630 1815 1668 omnium
1844 1631 2084 1681 possibilium
2111 1646 2193 1671 esse
2222 1644 2258 1672 et
2285 1648 2365 1674 non
2384 1649 2476 1674 esse.

1418 1683 1691 1721 Necessarium
1710 1693 1841 1722 autem
1861 1686 2061 1734 quoddam
2081 1695 2136 1724 est
2155 1688 2300 1725 habens
2323 1701 2479 1727 causam

1418 1749 1511 1774 suae
1531 1737 1778 1775 necessitatis:
1809 1738 1847 1775 in
1876 1751 1956 1788 quo
1984 1739 2098 1776 etiam
2119 1740 2157 1777 in
2177 1741 2369 1779 infinitum
2393 1755 2479 1792 pro-

1418 1790 1502 1828 cedi
1531 1803 1610 1828 non
1639 1799 1783 1840 potest;
1813 1799 1849 1829 et
1876 1792 1929 1830 sic
1957 1800 2012 1829 est
2039 1794 2220 1832 devenire
2255 1796 2302 1832 ad
2338 1796 2479 1846 aliquid

1418 1844 1525 1895 quod
1546 1852 1602 1882 est
1619 1857 1690 1894 per
1703 1858 1743 1882 se
1763 1857 1918 1883 necesse
1938 1858 2032 1883 esse.
2049 1847 2135 1884 Hoc
2154 1856 2284 1886 autem
2298 1861 2378 1886 non
2396 1858 2479 1900 pot-

1390 1916 1404 1930 o
1417 1906 1473 1936 est
1497 1910 1579 1935 esse
1608 1898 1681 1936 nisi
1710 1911 1846 1944 unum,
1867 1908 1909 1936 ut
1928 1899 1967 1936 in
1985 1900 2112 1949 primo
2131 1901 2228 1939 libro
2243 1902 2263 1923 ’¹‘
2281 1911 2478 1941 ostensum
2506 1907 2514 1915 '

1417 1960 1483 1989 est.
1514 1952 1563 1989 Et
1591 1952 1666 1989 hoc
1695 1961 1750 1989 est
1779 1954 1896 1990 Deus.
1919 1953 2081 2003 Oportet
2104 1954 2216 2002 igitur
2234 1968 2350 1992 omne
2375 1956 2477 1994 aliud

1417 2006 1465 2043 ab
1486 2005 1570 2054 ipso
1590 2005 1721 2042 reduci
1750 2005 1788 2042 in
1817 2005 1946 2055 ipsum
1966 2007 2062 2044 sicut
2080 2007 2119 2044 in
2137 2019 2295 2045 causam
2313 2010 2475 2047 essendi.

1470 2058 1657 2109 Amplius.
1688 2059 1793 2095 Deus
1821 2059 2038 2097 secundum
2068 2061 2142 2097 hoc
2168 2061 2326 2099 factivus
2345 2071 2400 2099 est
2420 2075 2474 2100 re—

1417 2125 1503 2150 rum
1524 2113 1630 2162 quod
1651 2120 1737 2149 actu
1757 2119 1822 2158 est,
1844 2121 1884 2149 ut
1904 2125 2020 2162 supra
2039 2113 2060 2135 *
2086 2121 2284 2151 ostensum
2304 2123 2370 2152 est.
2392 2117 2475 2166 lpse
2503 2119 2511 2127 '

1416 2174 1546 2204 autem
1565 2178 1636 2203 sua
1654 2165 1865 2203 actualitate
1885 2174 1920 2203 et
1938 2167 2169 2216 perfectione
2189 2180 2326 2205 omnes
2345 2181 2474 2206 rerum

1416 2219 1666 2270 perfectiones
1694 2220 1996 2268 comprehendit,
2017 2228 2059 2257 ut
2077 2220 2116 2257 in
2140 2221 2271 2258 Primo
2290 2221 2310 2243 ’³‘
2337 2222 2474 2270 proba-
2507 2225 2516 2232 '

1416 2282 1499 2311 tum
1527 2281 1599 2310 est:
1630 2281 1666 2310 et
1694 2272 1746 2309 sic
1774 2281 1829 2309 est
1856 2273 2064 2310 virtualiter
2091 2274 2233 2312 omnia.
2271 2275 2338 2311 Est
2365 2275 2476 2323 igitur

1416 2327 1496 2377 ipse
1525 2326 1702 2364 omnium
1731 2325 1901 2363 factivus.
1936 2327 2022 2364 Hoc
2054 2335 2184 2364 autem
2211 2340 2290 2365 non
2320 2336 2417 2365 esset
2444 2329 2474 2365 si

1415 2380 1558 2430 aliquid
1579 2380 1681 2417 aliud
1701 2386 1797 2416 esset
1815 2387 1950 2416 natum
1970 2392 2052 2417 esse
2081 2380 2151 2418 nisi
2179 2380 2228 2418 ab
2257 2381 2355 2433 ipso:
2382 2381 2474 2419 nihil

1389 2452 1401 2466 ο
1416 2433 1519 2471 enim
1548 2442 1681 2471 natum
1702 2440 1756 2469 est
1776 2445 1857 2470 esse
1877 2433 1925 2470 ab
1945 2433 2019 2470 alio
2039 2441 2075 2470 et
2093 2446 2173 2472 non
2192 2434 2241 2471 ab
2260 2434 2350 2479 alio;
2371 2435 2472 2484 quia,

1415 2487 1445 2525 si
1474 2496 1608 2524 natum
1637 2494 1693 2523 est
1720 2498 1799 2523 non
1827 2486 1876 2523 ab
1904 2486 1979 2523 alio
2008 2499 2102 2532 esse,
2124 2495 2179 2524 est
2206 2500 2276 2537 per
2303 2487 2472 2537 seipsum

1415 2552 1570 2578 necesse
1598 2552 1691 2585 esse,
1711 2539 1817 2588 quod
1846 2551 2050 2589 nunquam
2074 2548 2198 2589 potest
2216 2541 2264 2577 ab
2285 2541 2358 2577 alio
2377 2553 2470 2578 esse.

1415 2594 1521 2631 Nihil
1549 2593 1660 2642 igitur
1686 2601 1811 2642 potest
1838 2605 1920 2629 esse
1949 2593 2021 2629 nisi
2050 2606 2071 2630 a
2100 2594 2195 2630 Deo.

1467 2649 1571 2684 Item.
1594 2647 1815 2695 imperfecta
1834 2658 1856 2682 a
1879 2645 2052 2695 perfectis
2080 2654 2240 2683 sumunt
2267 2646 2469 2695 originem:

1414 2709 1455 2738 ut
1482 2712 1615 2737 semen
1644 2700 1692 2737 ab
1720 2699 1886 2737 animali.
1917 2699 2023 2736 Deus
2051 2707 2180 2736 autern
2199 2707 2254 2736 est
2281 2698 2470 2748 perfectis-

1413 2754 1556 2791 simum
1585 2765 1653 2790 ens
1682 2761 1718 2789 et
1745 2764 1946 2790 summum
1975 2752 2136 2798 bonum,
2165 2760 2207 2789 ut
2234 2752 2273 2789 in
2302 2752 2431 2789 Primo
2450 2752 2470 2773 *

1412 2815 1610 2844 ostensum
1639 2814 1704 2842 est.
1734 2807 1817 2855 Ipse
1845 2805 1958 2853 igitur
1985 2814 2040 2842 est
2068 2805 2250 2842 omnibus
2277 2818 2391 2842 causa
2413 2817 2469 2841 es-

1411 2860 1534 2898 sendi:
1564 2859 1769 2909 praecipue
1797 2870 1889 2896 cum
1925 2866 2123 2895 ostensum
2151 2858 2198 2895 sit
2215 2858 2235 2880 '¹‘
2263 2858 2367 2907 quod
2396 2859 2468 2894 tale

1411 2926 1490 2951 non
1518 2912 1637 2963 possit
1665 2925 1746 2949 esse
1775 2911 1847 2948 nisi
1875 2924 2012 2949 unum.

1463 2967 1549 3004 Hoc
1568 2974 1697 3003 autem
1718 2964 1848 3002 divina
1866 2964 2071 3002 confirmat
2090 2964 2301 3002 auctoritas.
2323 2963 2469 3000 Dicitur

1409 3020 1513 3057 enim
1542 3020 1581 3056 in
1609 3020 1763 3056 Psalmo
1783 3018 1818 3055 *z
1855 3019 1929 3060 Qui
1948 3019 2044 3065 fecit
2075 3019 2218 3055 caelum
2254 3023 2287 3053 et
2313 3023 2467 3062 terram,

1408 3086 1525 3118 mare,
1542 3079 1575 3109 et
1594 3074 1721 3109 omnia
1737 3084 1832 3121 quae
1849 3074 1886 3108 in
1903 3074 1953 3108 eis
1971 3077 2066 3108 sunt.
2083 3072 2131 3107 Et
2145 3073 2251 3107 Ioan.
2269 3074 2311 3106 13:
2333 3070 2467 3106 Omnia

334 3249 351 3273 4
369 3240 537 3275 triangulum]
558 3242 590 3267 de
609 3249 664 3274 quo
683 3241 846 3274 praedicatur
864 3241 911 3265 sed
931 3245 971 3264 est
989 3239 1073 3264 eidem
1093 3235 1292 3262 convertibiliter
1309 3233 1388 3258 addit
1406 3233 1435 3262 Ρ,
1454 3232 1498 3265 qui
1518 3229 1601 3265 (quod
1619 3230 1683 3265 de)
1703 3230 1863 3262 praedicatur
1881 3228 1965 3253 eidem
1984 3226 2018 3261 (ei
2039 3226 2288 3269 Dic-onvem'biliter
2305 3227 2411 3252 addunt
2427 3234 2469 3252 ce-

279 3276 342 3303 teri.
355 3278 397 3310 ΡΑ
412 3284 465 3310 pro
482 3284 492 3302 1
510 3277 588 3308 Quod
607 3277 722 3302 enim...
742 3285 760 3308 4
778 3277 936 3310 &angulum
955 3274 1068 3299 habebat
1084 3273 1138 3298 sic:
1155 3271 1232 3302 Quod
1247 3270 1315 3295 enim
1329 3268 1474 3294 secundum
1487 3275 1516 3292 se
1534 3267 1566 3291 de
1580 3267 1668 3299 aliquo
1687 3266 1848 3299 praedicatur
1866 3265 1951 3289 eidem
1970 3263 2135 3288 convertibile
2154 3267 2206 3293 est;
2226 3262 2306 3287 verba
2324 3263 2468 3303 secundum

279 3320 310 3338 ae
328 3313 454 3338 delentur
470 3315 499 3339 et
512 3316 577 3346 post
595 3313 693 3346 aliquo,
711 3313 785 3346 quod
802 3315 843 3338 est
862 3312 888 3337 in
901 3312 960 3344 fine
978 3311 1071 3338 lineae,
1091 3314 1186 3340 margo
1205 3306 1283 3331 habet
1301 3304 1443 3329 secundum
1463 3303 1578 3336 quod...
1596 3302 1766 3333 triangulum:
1785 3301 1834 3326 hac
1846 3301 1926 3340 facta
1945 3299 2092 3340 metatione
2108 3301 2184 3339 patet
2201 3301 2319 3338 quatuor.
2330 3298 2376 3323 nlla
2388 3298 2469 3323 verba

279 3349 442 3381 pmedioetur
459 3349 545 3374 eidem
563 3348 732 3374 convertibile
749 3354 791 3373 eet
809 3347 970 3375 redundare,
989 3346 1037 3371 sed
1055 3348 1144 3369 tamen
1157 3349 1230 3367 mero
1244 3348 1307 3366 casu
1323 3347 1375 3365 non
1391 3339 1477 3364 deleta
1494 3341 1566 3363 sunt.
1582 3337 1734 3363 Delevimus
1746 3343 1802 3365 nos,
1817 3336 1849 3361 ob
1862 3335 2021 3360 evidentiam
2042 3338 2196 3359 intentionis
2207 3335 2347 3361 Antenoris,-
2363 3333 2397 3367 cf.
2412 3340 2468 3358 rem

277 3384 392 3410 similem
405 3384 459 3410 111.
470 3392 531 3417 cap.
545 3388 602 3418 47.
687 3384 701 3409 5
722 3384 858 3409 conveniet
877 3383 912 3413 N;
931 3381 1060 3406 convenit.

278 3420 334 3450 1us;
353 3419 530 3445 nihilominus.

279 3455 329 3480 alia
342 3455 525 3486 CEHNstb;
545 3461 571 3481 et
583 3463 636 3481 non
651 3463 682 3480 ex
697 3456 746 3480 alia
759 3456 790 3486 D,
809 3453 847 3489 (et
867 3454 897 3485 Ρ)
917 3462 968 3478 non
982 3460 1012 3476 ex
1027 3451 1111 3483 aliqua
1130 3447 1299 3478 BFGWYPc,
1316 3454 1368 3470 non
1381 3451 1422 3471 est
1434 3445 1521 3478 aliqua
1540 3445 1569 3474 d;
1589 3445 1626 3477 pZ
1645 3451 1688 3469 om
1707 3444 1767 3468 hom
1781 3450 1829 3467 sua
1842 3447 1932 3466 natura
1945 3449 1997 3465 non
2011 3448 2050 3465 ex.

279 3498 359 3523 quam
379 3492 468 3524 aliqua
486 3491 558 3526 alin„
577 3491 666 3525 aliqua
683 3491 732 3516 alia
751 3498 830 3516 causa
849 3489 998 3518 EGZsNPc‚
1018 3487 1103 3519 aliqua
1123 3492 1199 3509 causa
1217 3483 1276 3512 Wb,
1295 3482 1383 3523 aliqua
1401 3482 1449 3506 alia
1462 3481 1552 3506 ceteri.
2179 3510 2187 3517 ,

805 3526 838 3556 Ζ;
858 3525 970 3550 lucidum
985 3529 1063 3548 causa
1077 3522 1099 3545 Α
1111 3527 1173 3545 casu
1187 3524 1213 3544 et
1224 3518 1294 3548 ENb,
1308 3517 1423 3542 lucidum
1436 3522 1476 3541 est
1496 3523 1601 3541 causam
1617 3514 1774 3544 BCDFGPc,
1788 3519 1827 3538 est
1840 3519 1918 3537 causa
1931 3512 2002 3542 XsG,
2017 3519 2094 3536 causa
2111 3516 2151 3536 est
2164 3510 2181 3535 ἵ
2190 3530 2196 3536 .

1120 3554 1154 3585 48
1174 3562 1206 3579 eo
1224 3553 1304 3586 quod]
1325 3561 1385 3578 nam
1405 3552 1436 3577 D.

279 3527 344 3553 dum
363 3534 469 3553 eausam
485 3527 528 3552 lea
541 3527 656 3560 legimus
668 3535 729 3553 cum
743 3527 804 3552 Hw

278 3569 341 3595 cap.
356 3569 401 3596 17.
419 3571 446 3596 p.
461 3563 513 3596 304
531 3563 547 3588 b
559 3562 576 3588 6
595 3563 691 3588 creatio
710 3563 819 3587 mutatio
838 3562 935 3587 lacuna
954 3560 980 3584 in
999 3559 1030 3582 A.
1173 3591 1178 3595 -
1323 3588 1329 3594 -

332 3606 350 3630 4
369 3604 396 3623 et
413 3597 500 3632 etiam]
521 3604 548 3624 et
566 3607 618 3623 non
638 3607 664 3629 α,
683 3605 736 3623 non
754 3598 786 3627 X,
806 3602 832 3622 et
849 3597 880 3627 D,
900 3601 925 3620 et
944 3593 1106 3628 praepositos
1125 3591 1147 3615 Η
1169 3598 1194 3614 ιη
1213 3589 1350 3621 suppletis.

278 3633 342 3659 libet
360 3634 392 3659 D.
479 3635 516 3659 sic
535 3641 577 3659 om
598 3635 626 3659 Z.
716 3641 748 3658 22
768 3633 800 3658 ad
815 3639 898 3657 unum
913 3638 956 3655 om
970 3630 1001 3654 D.

1146 3385 1179 3403 10
1198 3383 1238 3402 est
1249 3383 1312 3401 casu
1327 3375 1416 3408 deficit
1429 3374 1454 3399 in
1468 3375 1499 3398 A.
1992 3405 1997 3410 ⁸
2159 3405 2165 3410 1

623 3428 656 3453 27
676 3428 707 3446 ex
727 3428 775 3445 sua
794 3417 893 3452 natura]
914 3417 1057 3442 secundum
1077 3422 1159 3439 suam*
1171 3418 1287 3437 naturam
1307 3411 1342 3442 D3
1361 3411 1411 3436 hoc
1430 3410 1455 3435 in
1476 3411 1498 3434 A
1517 3409 1622 3434 deletur
1639 3412 1702 3433 ante
1721 3415 1750 3433 ex
1771 3415 1817 3432 sua
1836 3412 1925 3431 natura
1943 3409 1970 3430 et
1988 3413 2014 3429 m
2033 3405 2125 3430 eadem
2144 3405 2223 3429 lmea.

1086 3627 1118 3651 23
1138 3624 1221 3658 Unde]
1242 3625 1274 3649 Et
1288 3624 1325 3649 sic
1338 3624 1369 3649 D.

1586 3373 1617 3398 13
1637 3372 1748 3405 lucendi]
1769 3371 1869 3397 lucendi
1888 3371 1929 3395 vel
1948 3370 2024 3395 lucidi
2043 3370 2074 3394 D.
2161 3376 2195 3400 ²4
2213 3368 2274 3393 nihil
2293 3368 2378 3393 minus
2391 3370 2469 3394 Aso-

2137 3439 2168 3464 35
2189 3440 2276 3472 aliquo
2295 3403 2348 3464 312ἰὲ
2365 3411 2469 3471 (ηὲἒίίῑξ

1636 3487 1671 3510 4⁰
1690 3479 1812 3510 competit
1830 3478 1866 3506 D;
1885 3477 2013 3501 convenit.
2099 3475 2167 3500 illius
2185 3482 2229 3500 om
2248 3474 2280 3499 D.
2351 3474 2385 3506 43
2407 3475 2470 3500 luci-

2280 3517 2314 3542 47
2334 3509 2469 3535 Adhuc...

1992 3589 2021 3607 21
2045 3589 2073 3606 se
2092 3580 2177 3615 habet]
2198 3586 2238 3606 est
2249 3580 2313 3606 ante
2325 3581 2357 3606 ad
2369 3586 2469 3606 utrum-

1436 3586 1614 3620 singularium]
1634 3585 1794 3617 singularum
1814 3583 1906 3608 DEsG.

2186 3616 2219 3648 45
2240 3615 2468 3649 perfectissimum}

1457 3630 1490 3653 24
1510 3621 1615 3654 aliquid]
1635 3621 1731 3653 aliquid
1745 3620 1813 3644 aliud
1831 3619 1862 3648 D,
1878 3618 1983 3650 aliquod
1997 3617 2100 3642 WYPc.

278 3669 399 3702 perfectis
419 3677 554 3695 summum
574 3670 624 3699 αΧ,
643 3669 776 3702 perfectus
795 3674 928 3692 summum
948 3666 976 3696 Z,
996 3662 1213 3697 perfectissimum
1233 3665 1259 3685 et
1277 3667 1411 3684 summum
1431 3658 1479 3683 Pd.

2505 736 2513 745 ‘
2528 735 2578 756 Lib.
2590 735 2607 761 1,
2622 736 2666 757 loc.
2676 735 2716 757 cit.

2505 1054 2513 1061 ·
2523 1052 2571 1074 Lib.
2579 1053 2596 1074 1.
2604 1059 2712 1080 cap.xxn.

2505 1159 2513 1167 ⁸
2528 1159 2584 1186 Cap.
2600 1166 2637 1180 xm

2567 2768 2572 2773 .
2580 2758 2655 2778 xxviii,
2662 2757 2706 2774 xu-

2496 2858 2505 2866 ·
2518 2857 2585 2882 lbid„
2595 2863 2645 2884 cap.
2654 2863 2708 2878 xm.

2496 3017 2504 3025 ·
2520 3015 2556 3035 Ps.
2571 3020 2636 3039 cxi-v,
2647 3013 2669 3035 6.
