2768 4134
90 386 98 394 '
113 385 163 406 Art.
179 390 210 406 12.

86 1369 189 1391 “.Ν1101
214 1375 299 1398 praec.,

86 1396 137 1418 init.

86 1729 95 1736 ·
113 1727 150 1748 Cf.
166 1733 189 1749 n.
201 1733 223 1748 x.

339 263 411 299 160

331 341 512 372 intellectus
536 344 567 369 et
590 338 741 368 voluntas
764 342 839 367 sunt
862 336 1028 377 potentiae
1051 334 1222 366 reflexivae
1237 344 1338 375 super,
1358 344 1407 365 se·

331 387 415 425 ipsas
439 389 471 414 et
493 392 558 414 una
580 391 679 422 super
702 381 807 417 aliam,
831 387 868 412 ut
891 380 1008 412 dicitur
1030 380 1137 416 Verit„
1162 390 1193 420 q.
1212 389 1277 410 xxu
1293 380 1324 415 *;
1349 388 1407 410 vo-

330 430 446 464 luntas,
459 428 497 458 ab
513 426 679 458 intellectu
695 427 740 457 sic
753 424 889 456 confuse
901 425 1165 466 apprehendente
1181 424 1303 465 aliquid
1318 429 1407 455 mota

330 473 478 504 motione
493 471 576 508 finis,
594 481 612 502 e
628 471 790 502 contrario
807 471 1009 502 intellectum
1032 469 1072 501 ad
1096 470 1279 501 distinctam
1295 470 1407 509 cogni·

329 518 455 548 tionem
478 517 548 547 eius
571 515 663 557 quod
686 516 747 546 sibi
770 515 908 547 confuse
931 515 1115 556 proposuit,
1139 524 1272 545 movere
1300 519 1408 554 potest

331 561 515 592 efficienter.
539 561 581 592 Et
597 561 653 597 sic,
671 561 820 601 quamvis
843 560 1019 601 aliquando
1040 570 1153 591 sensus
1168 560 1336 600 repentine
1352 559 1407 589 ali-

330 606 409 647 quid
432 606 587 642 sentiant;
612 611 643 636 et
666 606 855 646 imaginatio
879 605 1034 640 similiter,
1054 614 1093 635 ex
1117 605 1225 645 aliqua
1248 610 1408 635 transmu-

329 652 452 686 tatione
475 651 647 691 corporali,
664 651 748 681 circa
764 651 986 691 phantasmata
1003 655 1166 690 operetur,
1182 655 1219 680 ut
1234 650 1268 680 in
1284 649 1408 679 somnis

329 695 460 732 accidit3
485 695 667 727 intellectus
691 705 826 736 quoque
850 695 890 725 ad
914 694 1036 735 aliquid
1067 694 1336 734 cognoscendum
1367 693 1407 724 ab

330 741 509 772 extrinseco
525 740 690 771 intellectu
706 746 889 771 moveatur:
915 740 979 770 hoc
995 749 1063 770 non
1080 745 1128 769 est
1144 745 1256 770 contra
1276 747 1408 769 sensum

329 786 562 826 propositionis
586 785 694 816 Sancti
710 785 870 821 Thomae,
896 785 972 825 quia
1002 784 1080 814 tales
1109 784 1316 824 operationes
1339 793 1408 814 non

329 837 404 861 sunt
427 830 460 861 10
484 830 579 861 nobis
603 839 642 861 ex
666 830 826 861 electione
850 835 881 860 et
903 829 1012 860 libere.

339 892 342 896 ·
386 874 482 906 Circa
504 875 593 906 illam
616 875 887 915 propositionem,
915 873 1009 910 Quae
1032 878 1160 914 oportet
1185 873 1244 904 sub
1268 882 1334 903 una
1359 873 1407 903 in-

330 920 473 950 tentione
484 919 611 955 cadere,
627 919 725 950 simul
737 924 865 960 oportet
876 918 1043 960 cognosci,
1057 917 1291 949 advertendum
1304 917 1406 958 quod,

330 965 413 996 sicut
434 964 618 995 intellectus
641 974 709 995 non
733 969 841 1004 potest
865 963 939 994 ferri
962 964 995 994 in
1027 963 1120 1003 plura
1144 968 1180 994 ut
1203 962 1297 1004 plura
1319 968 1406 999 sunt,

330 1009 388 1042 sed
409 1014 446 1039 ut
469 1015 544 1040 sunt
566 1018 671 1040 unum
691 1009 800 1049 aliquo
817 1007 934 1044 111οάος
951 1008 996 1038 ita
1018 1008 1157 1039 intentio
1178 1012 1286 1048 potest
1309 1007 1407 1038 simul

330 1053 463 1094 quidem
486 1054 519 1084 in
542 1054 644 1084 multa
667 1053 742 1084 ferri
765 1054 862 1084 etiam
885 1062 952 1084 non
977 1053 1128 1083 habentia
1151 1052 1300 1083 ordinem
1324 1053 1407 1083 inter

329 1108 374 1135 se,
391 1098 448 1129 sed
470 1104 578 1129 tamen
604 1108 671 1129 non
687 1103 795 1138 potest
810 1098 843 1128 in
859 1097 912 1128 illa
928 1097 1003 1128 ferri
1018 1098 1080 1128 nisi
1099 1103 1135 1128 ut
1156 1098 1189 1128 in
1209 1097 1321 1137 aliquo
1337 1107 1406 1128 uno

329 1143 539 1179 conveniunt,
567 1149 603 1174 ut
630 1142 746 1174 dicitur
772 1143 878 1173 Prima
901 1142 1081 1179 Secundae,
1106 1152 1137 1183 q.
1155 1152 1209 1179 xn,
1226 1151 1254 1173 a.
1269 1142 1300 1178 3,
1317 1141 1357 1173 ad
1375 1152 1405 1173 2.

328 1188 463 1228 Propter
485 1188 551 1218 hoc
573 1188 679 1228 inquit
703 1187 840 1218 Sanctus
856 1187 1002 1218 Thomas
1022 1187 1113 1228 quod
1135 1188 1274 1218 intentio
1298 1186 1406 1218 divina

329 1232 428 1264 fertur
450 1232 484 1262 in
508 1233 618 1263 omnia
641 1233 837 1272 inquantum
854 1232 943 1263 Deus
958 1231 1097 1263 intendit
1111 1238 1214 1263 totam
1235 1241 1329 1262 suam
1344 1233 1407 1263 vir-

328 1282 431 1308 tutem
455 1286 664 1318 cognoscere,
683 1277 742 1308 sub
765 1287 830 1318 qua
855 1277 966 1308 omnia
993 1277 1220 1308 continentur:
1244 1277 1336 1317 quod
1359 1282 1407 1308 est

328 1321 495 1354 intendere
518 1321 611 1362 plura
634 1327 671 1353 ut
693 1328 770 1353 sunt
792 1322 903 1363 aliquo
928 1322 1030 1353 modo
1054 1332 1169 1354 unum.

382 1366 466 1397 VIII.
491 1366 586 1398 Circa
601 1367 829 1407 probationem
853 1367 1072 1398 antecedentis
1088 1368 1104 1384 ⁴*
1124 1367 1297 1399 dubitatur.
1321 1367 1407 1398 Nam

328 1411 442 1442 eadem
466 1411 591 1443 ratione
621 1412 756 1452 angelus
786 1413 906 1453 poterit
935 1413 1047 1444 omnia
1078 1412 1228 1443 distincte
1255 1418 1287 1443 et
1310 1412 1407 1444 simul

328 1465 526 1497 cognoscere
550 1466 692 1497 quorum
708 1457 796 1497 apud
811 1467 846 1488 se
862 1457 1023 1489 naturales
1046 1458 1143 1489 habet
1167 1457 1301 1498 species.
1319 1457 1407 1495 Quia

327 1502 396 1542 ipse
411 1500 550 1534 intendit
572 1511 606 1532 se
630 1501 772 1542 perfecte
787 1511 987 1543 cognoscere
1004 1509 1036 1533 et
1058 1512 1132 1534 suas
1152 1502 1314 1535 naturales
1330 1511 1407 1543 pro-

327 1547 488 1586 prietates,
505 1555 590 1586 quae
605 1552 681 1578 sunt
696 1547 820 1587 species
836 1547 1063 1588 intelligibiles,
1080 1548 1140 1579 sub
1157 1548 1276 1588 quibus
1295 1547 1407 1578 omnia

328 1592 367 1621 ab
384 1591 455 1631 ipso
472 1590 683 1632 intelligibilia
699 1592 918 1623 continentur.
943 1592 985 1623 Et
1000 1593 1046 1623 sic
1063 1593 1174 1624 omnia
1195 1592 1407 1632 intelligibilia

328 1637 367 1666 ab
391 1636 464 1676 ipso
488 1635 549 1666 sub
573 1646 637 1667 una
661 1637 842 1668 intentione
867 1636 997 1668 cadunt.

384 1680 557 1711 Dubitatur
569 1681 666 1713 etiam
682 1682 766 1713 circa
777 1682 867 1713 illam
883 1682 1155 1723 propositionem,
1169 1682 1264 1719 Quae
1280 1686 1408 1722 oportet

328 1725 387 1756 sub
408 1735 478 1756 una
502 1726 680 1757 intentione
702 1727 830 1763 cadere,
856 1732 985 1768 oportet
1001 1727 1100 1758 simul
1115 1737 1183 1758 esse
1204 1727 1366 1758 intellecta
1378 1727 1406 1756 *.

329 1771 396 1800 Aut
419 1770 506 1801 enim
531 1770 698 1811 loquimur
729 1771 768 1804 de
799 1772 988 1812 cognitione
1016 1772 1230 1813 praecedente
1253 1772 1407 1803 intentio-

329 1824 419 1846 nem:
444 1821 499 1846 aut
522 1814 563 1846 de
587 1821 820 1856 consequente.
845 1816 879 1848 Si
903 1816 943 1847 de
967 1816 1192 1857 praecedente,
1216 1817 1262 1847 sic
1285 1817 1340 1848 illa
1359 1822 1407 1847 est

329 1859 477 1896 confusa,
501 1859 634 1900 quando
665 1861 802 1892 intentio
833 1860 933 1893 fertur
955 1861 996 1892 ad
1024 1862 1132 1903 aliqua
1165 1861 1405 1902 cognoscenda.

329 1904 404 1935 Non
438 1904 526 1935 enim
558 1905 709 1935 voluntas
741 1911 853 1936 movet
884 1906 1086 1938 intellectum
1119 1906 1159 1937 ad
1183 1907 1406 1947 cognitionem

329 1958 428 1989 quam
445 1949 547 1979 habet
570 1954 644 1982 ante
668 1950 843 1981 voluntatis
867 1956 987 1987 actum,
1004 1952 1064 1982 nisi
1082 1951 1166 1981 forte
1189 1957 1350 1991 quantum
1366 1950 1406 1981 ad

329 1993 621 2030 continuationem,
646 1993 702 2025 sed
726 1994 766 2025 ad
793 1994 881 2026 illam
911 2005 1009 2036 quam
1033 2005 1102 2026 non
1133 1996 1239 2026 habet.
1271 1995 1305 2026 Si
1328 2004 1406 2035 ergo

329 2038 478 2069 voluntas
493 2043 604 2069 movet
619 2038 822 2070 intellectum
845 2039 885 2071 ad
910 2041 1133 2081 cognitionem
1150 2039 1333 2071 distinctam
1350 2040 1409 2072 ali·

328 2092 480 2123 quorum,
506 2083 558 2114 illa
589 2092 673 2123 quae
703 2084 866 2124 praecedit
898 2091 1007 2116 actum
1038 2086 1223 2122 voluntatis,
1247 2095 1316 2116 non
1348 2085 1408 2116 erit

328 2127 486 2163 distincta,
511 2127 567 2158 sed
591 2127 740 2160 confusa.
763 2146 786 2152 -
809 2129 843 2160 Si
866 2129 907 2161 de
937 2140 975 2161 ea
1005 2140 1090 2171 quae
1120 2131 1267 2171 sequitur
1297 2136 1406 2161 actum

328 2172 513 2209 voluntatis,
538 2182 606 2203 non
630 2172 757 2204 videtur
780 2175 963 2215 propositio
987 2185 1071 2206 vera.
1096 2175 1206 2206 Potest
1236 2175 1324 2206 enim
1348 2184 1407 2206 vo-

328 2217 434 2248 luntas
457 2217 624 2248 intendere
649 2218 853 2259 cognitiones
877 2219 1078 2251 diversorum
1103 2220 1298 2251 successive:
1324 2220 1407 2251 sicut

329 2271 405 2292 curn
436 2262 552 2302 aliquis
582 2263 738 2304 proponit
765 2262 885 2294 librum
915 2274 1019 2295 unum
1049 2265 1155 2305 legere
1184 2270 1215 2295 et
1246 2266 1407 2305 posterius

329 2306 439 2342 alium,
463 2307 530 2337 sive
553 2307 643 2347 prius
666 2307 707 2338 de
730 2307 898 2339 elementis
922 2315 954 2340 et
977 2310 1138 2350 posterius
1153 2309 1194 2340 de
1215 2310 1408 2349 corporibus

330 2351 520 2382 caelestibus
544 2351 758 2383 considerare.

386 2395 438 2427 IX.
463 2395 515 2426 Ad
538 2397 681 2436 primurn
704 2396 841 2428 dubium
864 2397 1080 2439 respondetur
1103 2398 1194 2439 quod
1210 2398 1300 2429 aliter
1316 2407 1407 2429 com-

330 2446 459 2481 paratur
488 2441 588 2472 virtus
618 2441 726 2472 divina
755 2441 796 2472 ad
819 2451 870 2473 res
893 2442 1082 2483 productas:
1109 2449 1139 2474 et
1163 2443 1253 2474 aliter
1283 2443 1408 2484 species

329 2484 545 2525 intelligibiles
569 2486 751 2518 intellectus
775 2487 910 2538 angelici
927 2487 968 2518 ad
988 2488 1116 2519 obiecta
1139 2487 1351 2539 intelligibilia
1367 2488 1407 2520 ab

329 2530 412 2570 ipso.
438 2529 522 2560 Nam
552 2530 660 2562 divina
692 2531 829 2562 essentia
860 2537 892 2562 et
923 2532 1030 2563 divina
1054 2533 1154 2564 virtus
1178 2538 1226 2563 est
1256 2533 1408 2564 omnium

330 2574 508 2606 similitudo
540 2576 684 2611 actualis,
717 2585 775 2616 per
807 2585 905 2627 quam
940 2577 1120 2608 intellectui
1153 2576 1264 2608 divino
1297 2578 1408 2608 omnia

330 2620 508 2659 praesentia
531 2625 607 2651 sunt
630 2620 796 2652 actualiter
819 2621 852 2652 in
876 2630 946 2652 esse
969 2622 1145 2659 obiectivo,
1163 2631 1203 2653 eo
1219 2621 1322 2653 modo
1339 2631 1407 2663 quo

329 2673 378 2694 res
402 2669 477 2695 sunt
507 2670 691 2705 praesentes
721 2671 834 2696 nostro
866 2666 1044 2698 intellectui
1078 2676 1136 2707 per
1168 2667 1312 2708 speciem
1342 2676 1407 2707 qua

329 2708 495 2739 actualiter
517 2709 727 2750 intelligimus
751 2715 783 2741 et
806 2719 864 2751 per
883 2717 1083 2752 conceptum
1098 2712 1138 2743 ab
1157 2711 1325 2743 intellectu
1342 2711 1406 2742 for-

329 2758 464 2784 matum.
489 2753 578 2790 ideo,
598 2753 679 2786 dum
702 2754 792 2786 Deus
815 2755 953 2786 intendit
968 2765 1061 2788 suam
1078 2757 1249 2788 essentiam
1266 2762 1298 2788 et
1313 2766 1407 2787 suam

328 2798 479 2830 virtutem
504 2799 728 2830 continentem
751 2800 862 2830 omnia
884 2799 1005 2837 videre,
1029 2801 1166 2832 intendit
1182 2801 1279 2832 etiam
1295 2802 1407 2832 omnia

328 2842 436 2874 videre
460 2843 626 2874 actualiter
649 2849 685 2875 ut
708 2845 742 2875 10
765 2853 823 2875 0110
847 2845 984 2876 essentia
1001 2851 1032 2876 et
1046 2846 1163 2878 virtute
1187 2846 1405 2877 continentur.

329 2887 460 2928 Species
483 2893 592 2919 autem
615 2888 798 2920 intellectus
821 2889 956 2930 angelici
980 2900 1047 2921 non
1072 2897 1147 2922 sunt
1162 2891 1304 2922 actuales
1319 2891 1407 2922 simi-

328 2932 481 2963 litudines
512 2942 647 2964 suorum
677 2933 894 2971 obiectorum,
918 2934 974 2966 sed
998 2935 1191 2967 habituales:
1220 2935 1307 2967 unde
1337 2945 1406 2968 non

328 2983 498 3018 ponuntur
520 2986 578 3018 per
601 2987 655 3008 eas
679 2978 806 3009 obiecta
830 2979 863 3009 in
887 2988 957 3010 esse
980 2980 1098 3012 actuali
1121 2981 1295 3012 obiectivo.
1328 2981 1406 3012 Ideo

327 3031 396 3052 non
420 3027 550 3063 oportet
579 3028 615 3053 ut
645 3023 788 3063 angelus.
813 3023 984 3055 intendens
1006 3024 1115 3056 videre
1146 3035 1219 3056 suas
1246 3026 1406 3058 naturales

328 3067 462 3107 species,
492 3066 638 3098 intendat
667 3066 776 3099 videre
807 3068 974 3100 actualiter
1004 3070 1148 3101 obiecta:
1180 3069 1236 3101 sed
1269 3070 1407 3102 intendit

327 3110 436 3143 videre
459 3121 496 3142 ea
520 3117 556 3143 ut
579 3118 654 3143 sunt
677 3113 710 3143 in
735 3113 807 3153 ipso
831 3113 1035 3145 habitualiter
1057 3115 1090 3145 in
1119 3121 1193 3146 actu
1223 3116 1341 3155 primo.
1366 3115 1407 3147 Et

328 3157 373 3187 sic
396 3155 484 3187 videt
508 3157 619 3187 omnia
642 3157 700 3188 illo
724 3157 826 3188 modo
851 3158 958 3195 simul,
974 3159 1117 3190 videndo
1137 3160 1261 3200 species
1280 3170 1355 3191 suas
1370 3166 1407 3191 ut

328 3206 403 3232 sunt
426 3210 530 3232 unum
554 3201 587 3233 in
611 3202 751 3233 essentia
774 3212 847 3234 sua:
871 3203 961 3243 quod
986 3210 1033 3234 est
1056 3204 1164 3235 videre
1188 3205 1222 3235 in
1253 3204 1405 3241 confuso,

328 3255 394 3276 non
419 3251 528 3277 autem
551 3247 683 3287 propria
707 3252 738 3277 et
762 3246 912 3279 distincta
936 3249 1138 3288 cognitione;
1163 3249 1246 3280 sicut
1270 3256 1301 3281 et
1329 3259 1405 3281 cum

328 3290 476 3322 videntur
500 3296 605 3331 partes
629 3292 661 3322 in
686 3296 768 3322 toto.

384 3334 447 3366 Sed
471 3336 612 3367 occurrit
634 3335 782 3367 dubium.
800 3336 892 3368 Licet
916 3338 1003 3368 enirn
1027 3338 1151 3378 species
1174 3347 1244 3370 non
1263 3339 1302 3369 sit
1318 3339 1405 3370 simi-

329 3379 432 3410 litudo
456 3380 576 3411 obiecti
599 3390 658 3421 per
681 3380 818 3413 modum
838 3387 1028 3422 conceptus,
1054 3389 1101 3413 est
1120 3388 1228 3413 tamen
1254 3384 1296 3414 rei
1317 3384 1406 3415 simi·

330 3423 443 3455 litudo.
457 3423 597 3465 Cognita
614 3431 723 3456 autem
740 3425 961 3463 similitudine,
975 3427 1184 3467 cognoscitur
1199 3427 1232 3458 id
1249 3429 1342 3459 cuius
1359 3434 1406 3459 est

330 3468 516 3499 similitudo.
542 3470 628 3510 Ergo
652 3476 712 3501 etc.

386 3513 612 3553 Respondetur
636 3515 737 3555 quod,
762 3516 891 3566 cognita
915 3515 970 3547 tali
986 3516 1195 3547 similitudine
1219 3516 1354 3548 alicuius
1370 3523 1406 3549 ut

331 3563 377 3586 est
401 3557 556 3597 perfectio
588 3560 825 3610 cognoscentis,
850 3561 1059 3601 cognoscitur
1085 3561 1155 3601 ipsa
1185 3570 1234 3592 res
1266 3571 1333 3592 non
1357 3571 1406 3592 se·

332 3601 474 3632 cundum
499 3603 590 3642 quod
613 3604 646 3634 in
670 3613 704 3635 se
728 3611 785 3640 est,
810 3604 867 3636 sed
891 3604 1071 3636 secundum
1096 3605 1187 3646 quod
1210 3606 1307 3637 estin
1326 3607 1405 3636 ima-

331 3645 416 3684 gine.
442 3645 481 3676 Et
507 3647 550 3677 sic
575 3648 764 3679 conceditur
796 3649 886 3689 quod
917 3649 1050 3690 angelus
1081 3651 1250 3690 cognoscit
1280 3651 1406 3682 obiecta

938 255 1127 293 SUMMA
1157 255 1382 292 CONTRA
1410 255 1688 303 GENTILES,
1720 257 1832 294 CAP.
1853 258 1934 294 LV.

1462 334 1516 365 illa
1539 335 1721 366 secundum
1745 345 1814 368 esse
1838 337 1929 378 quod
1952 338 2072 368 habent
2095 338 2128 368 in
2152 337 2230 378 ipsis
2254 338 2438 378 speciebus:
2472 348 2541 370 non

1463 384 1573 409 autem
1597 385 1634 410 ut
1656 380 1690 410 in
1714 381 1827 422 seipsis
1850 388 1935 413 sunt.

1520 424 1559 454 X.
1572 423 1625 454 Ad
1640 425 1823 456 secundum
1834 427 1851 443 *
1864 426 1981 458 dicitur
1997 426 2089 467 quod
2100 426 2289 466 intelligitur
2301 426 2341 458 de
2353 407 2542 467 cognitione

1464 474 1622 519 sequente
1645 469 1878 502 intentionem:
1902 477 1939 503 ut
1961 477 2050 512 patet
2073 481 2112 502 ex
2136 480 2177 502 eo
2201 471 2294 511 quod
2316 472 2433 512 inquit,
2458 481 2542 513 quo-

1464 513 1551 543 niam
1568 513 1618 544 vis
1633 515 1858 555 cognoscitiva
1874 525 1940 547 non
1957 516 2129 558 cognoscit
2142 516 2270 557 aliquid
2285 521 2360 547 actu
2377 516 2441 547 nisi
2456 517 2544 548 adsit

1465 558 1612 595 intentio,
1637 567 1722 598 quae
1745 560 1927 600 propositio
1951 571 2019 592 non
2044 566 2091 592 est
2112 570 2189 592 vera
2211 561 2272 592 nisi
2297 560 2338 592 de
2353 561 2543 601 cognitione

1464 608 1632 643 sequente,
1657 613 1725 634 non
1749 609 1860 635 autem
1883 605 1923 636 de
1946 605 2161 646 praecedente
2183 606 2411 637 intentionem.
2442 610 2445 612 ’

1520 647 1585 678 Sed
1600 647 1835 679 advertendum
1851 649 1943 690 quod
1955 659 2025 681 non
2039 651 2120 682 dixit
2135 650 2272 682 Sanctus
2285 651 2432 682 Thomas
2447 651 2543 682 abso-

1463 692 1530 723 lute
1548 698 1579 723 et
1594 692 1794 733 simpliciter,
1812 692 1906 730 Quae
1921 695 2044 726 cadunt
2057 696 2116 726 sub
2133 706 2199 727 una
2221 696 2400 727 intentione
2415 701 2545 737 oportet

1462 737 1562 767 simul
1584 747 1652 768 esse
1676 737 1858 768 intellecta:
1881 738 1937 769 sed
1961 741 2114 780 apposuit
2138 741 2483 772 etiamrnecessitatem
2504 750 2543 771 ex

1463 788 1554 822 parte
1577 783 1778 819 intentionis,
1802 782 1924 819 dicens,
1951 783 2046 820 Quae
2069 790 2198 824 oportet
2217 786 2278 817 sub
2302 796 2368 817 una
2385 791 2417 817 et
2431 785 2543 816 eadem

1465 827 1645 858 intentione
1674 827 1803 864 cadere,
1829 833 1959 868 oportet
1988 828 2087 859 simul
2117 838 2186 860 esse
2217 831 2390 862 intellecta.
2422 831 2544 871 Aliqua

1464 872 1552 902 enim
1571 872 1692 903 cadunt
1714 873 1775 903 sub
1799 882 1865 903 una
1887 873 2071 904 intentione
2088 873 2128 904 de
2143 876 2345 913 necessitate,
2361 877 2405 907 ita
2421 876 2544 906 scilicet

1464 916 1565 957 quod,
1589 917 1615 947 si
1639 927 1743 948 unum
1766 917 1962 954 intendatur,
1985 927 2118 949 necesse
2142 923 2190 949 est
2212 925 2249 950 ut
2271 925 2304 950 et
2325 920 2415 952 aliud
2437 921 2544 952 inten-

1464 961 1572 992 datur:
1597 962 1690 999 sicut,
1707 972 1785 993 cum
1807 962 1986 994 intenditur
2009 963 2173 994 medicina
2187 964 2248 994 sub
2264 964 2390 996 ratione
2403 965 2544 998 ordinati

1463 1006 1503 1037 ad
1526 1007 1707 1044 sanitatem,
1731 1016 1864 1038 necesse
1881 1013 1929 1039 est
1951 1013 1988 1039 ut
2011 1013 2043 1038 et
2066 1008 2184 1038 sanitas
2206 1008 2402 1040 intendatur.
2424 1010 2544 1052 Aliqua

1462 1061 1540 1082 vero
1565 1051 1687 1084 cadunt
1708 1053 1768 1083 sub
1796 1062 1863 1083 una
1892 1053 2074 1084 intentione
2105 1062 2173 1083 non
2198 1053 2239 1084 de
2261 1054 2463 1091 necessitate,
2486 1055 2544 1086 sed

1463 1105 1501 1127 ex
1525 1096 1671 1128 libertate
1694 1097 1884 1128 voluntatis:
1909 1098 2001 1128 sicut
2017 1107 2093 1128 cum
2113 1097 2229 1139 aliquis
2244 1107 2284 1129 ex
2300 1108 2366 1130 una
2380 1108 2416 1130 re
2433 1099 2543 1140 plures

1462 1140 1600 1172 intendit
1623 1142 1787 1179 utilitates,
1803 1147 1916 1183 posset
1931 1148 2040 1173 tamen
2057 1152 2158 1173 unam
2181 1143 2353 1174 utilitatem
2375 1143 2544 1176 intendere

1463 1191 1495 1216 et
1517 1195 1586 1216 non
1610 1187 1716 1218 aliam.
1741 1186 1894 1218 Similiter
1917 1197 1994 1228 ergo
2018 1193 2051 1218 et
2072 1188 2107 1218 in
2130 1188 2374 1229 cognitionibus
2400 1189 2543 1226 intentis,

1463 1230 1503 1261 de
1527 1231 1647 1271 quibus
1673 1232 1863 1273 intelligitur
1886 1233 2069 1273 propositio
2099 1232 2208 1264 Sancti
2231 1233 2392 1270 Thomae,
2417 1233 2544 1274 aliquae

1461 1276 1645 1308 necessario
1675 1277 1736 1307 sub
1766 1286 1833 1308 una
1860 1277 2043 1308 intentione
2073 1277 2205 1314 cadunt,
2229 1279 2307 1319 quia
2336 1287 2406 1310 non
2435 1284 2544 1319 potest

1462 1321 1560 1352 unius
1584 1322 1730 1362 cognitio
1753 1321 1879 1353 intendi
1903 1322 1983 1362 quin
2006 1322 2194 1354 intendatur
2223 1323 2353 1354 alterius
2380 1323 2542 1364 cognitio:

1462 1371 1495 1396 et
1518 1366 1598 1397 haec
1621 1372 1698 1397 sunt
1721 1376 1805 1407 quae
1835 1372 1958 1398 tantam
1988 1367 2235 1408 colligationem
2260 1368 2381 1399 habent
2403 1369 2487 1400 inter
2509 1377 2544 1399 se

1462 1410 1555 1451 quod
1577 1420 1684 1442 unum
1706 1412 1830 1453 absque
1854 1411 1918 1443 alio
1942 1413 2100 1452 cognosci
2122 1422 2192 1443 non
2216 1418 2340 1453 potest;
2357 1413 2424 1444 sive
2439 1413 2480 1444 sit
2494 1423 2544 1444 ra-

1461 1456 1553 1487 tione
1568 1456 1716 1496 ipsorum
1733 1457 1949 1495 obiectorum,
1965 1458 2049 1488 sicut
2064 1457 2118 1488 illa
2135 1467 2279 1498 quorum
2293 1467 2399 1488 unum
2414 1457 2544 1489 inalte-

1462 1501 1528 1532 rius
1539 1501 1668 1532 ‘ratione
1684 1501 1779 1538 cadit,
1795 1502 1864 1533 sive
1879 1511 1919 1533 ex
1934 1507 2024 1543 parte
2045 1501 2144 1533 medii
2168 1502 2413 1543 cognoscendi..
2424 1502 2544 1544 Aliqua

1462 1555 1540 1577 vero
1556 1551 1633 1577 sunt
1649 1555 1733 1587 quae
1748 1556 1816 1577 non
1836 1547 1957 1578 habent
1974 1547 2072 1578 talem
2097 1547 2350 1584 connexionem,
2366 1546 2423 1579 sed
2438 1557 2544 1579 unum

1462 1591 1585 1631 absque
1601 1591 1665 1622 alio
1682 1591 1806 1622 intendi
1830 1597 1949 1632 potest,
1965 1592 2041 1623 licet
2056 1592 2117 1622 sub
2133 1602 2199 1623 una
2214 1593 2402 1624 intentione.
2412 1591 2542 1624 cadant:

1462 1636 1546 1667 sicut
1562 1645 1639 1667 cum
1655 1636 1739 1676 quis,
1755 1635 1928 1668 intendens
1947 1636 2176 1677 philosophiae
2195 1637 2431 1678 cognitionem,
2446 1637 2544 1668 simul

1462 1680 1600 1712 intendit
1616 1681 1743 1712 caelum
1767 1690 1967 1722 cognoscere
1991 1686 2023 1712 et
2046 1681 2216 1712 elementa.
2241 1682 2306 1714 Ubi
2321 1691 2399 1723 ergo
2415 1681 2544 1723 aliquae

1463 1726 1668 1766 cognitiones
1692 1726 1788 1757 simul
1820 1736 1858 1757 ex
1888 1727 2079 1758 necessitate
2109 1726 2170 1757 sub
2197 1736 2264 1758 1100
2285 1727 2468 1758 intentione
2491 1736 2544 1758 ca-

1463 1770 1555 1806 dunt,
1580 1780 1713 1802 necesse
1737 1777 1784 1801 est
1807 1777 1844 1802 ut
1867 1771 1964 1802 simul
1988 1771 2085 1802 0118111
2107 1772 2172 1802 sint
2195 1772 2228 1802 in
2252 1771 2434 1803 intellectu:
2466 1771 2544 1812 quia

1461 1815 1551 1846 nulla
1574 1815 1635 1846 alia
1658 1816 1783 1846 ratione
1814 1816 1874 1846 sub
1905 1825 1971 1847 una
1999 1816 2182 1847 intentione
2211 1817 2396 1848 necessario
2423 1815 2545 1848 cadunt

1461 1861 1524 1891 nisi
1547 1861 1624 1900 quia
1647 1869 1713 1891 una
1736 1861 1859 1901 absque
1890 1860 1952 1891 alia
1983 1870 2052 1892 esse
2082 1870 2152 1892 non
2178 1866 2297 1901 potest.
2322 1861 2363 1892 Et
2384 1861 2443 1898 sic,
2460 1861 2545 1902 ,01110

1463 1905 1614 1936 omnium
1631 1905 1776 1945 cognitio
1793 1905 1834 1936 de
1849 1906 2041 1936 necessitate
2057 1905 2117 1936 sub
2133 1914 2199 1936 una
2214 1905 2398 1936 intentione
2416 1905 2544 1937 divinae

1462 1949 1638 1980 voluntatis
1662 1948 1748 1980 cadit
1770 1949 1968 1981 intendentis
1984 1949 2128 1981 divinam
2143 1950 2315 1981 essentiam
2339 1948 2483 1991 perfecte
2495 1950 2545 1981 vi-

1462 1994 1549 2030 dere,
1574 2003 1615 2025 eo
1639 1993 1730 2034 quod
1754 1993 1863 2025 divina
1887 1995 2023 2026 essentia
2046 1994 2190 2035 perfecte
2213 1994 2315 2034 videri
2341 2003 2411 2026 non
2442 1995 2546 2036 possit

1461 2039 1523 2070 nisi
1536 2038 1718 2070 secundum
1734 2044 1838 2070 totam
1855 2039 1925 2071 eius
1936 2039 2090 2071 virtutem
2106 2031 2262 2077 videatur,
2275 2040 2336 2071 sub
2352 2049 2419 2081 qua
2433 2040 2546 2071 omnia

1462 2083 1801 2124 comprehendunmr3
1821 2083 1944 2116 idcirco
1960 2094 2029 2116 non
2045 2090 2154 2125 potest
2168 2084 2294 2116 intendi
2309 2084 2456 2125 cognitio
2471 2093 2545 2126 pet-

1462 2128 1547 2160 fecta
1570 2128 1697 2160 divinae
1721 2130 1878 2160 essentiae
1902 2130 1983 2170 quin
2007 2129 2146 2161 aliorum
2173 2130 2319 2170 cognitio
2347 2129 2544 2171 intendatur.

1463 2174 1504 2205 Et
1520 2183 1578 2214 per
1593 2183 1800 2226 consequens
1819 2180 1951 2215 oportet
1966 2174 2075 2205 Deum
2091 2174 2204 2206 omnia
2219 2175 2315 2206 simul
2333 2183 2544 2216 cognoscere.

1518 2218 1572 2250 Ad
1595 2219 1755 2250 rationem
1774 2219 1807 2250 in
1832 2219 2024 2260 oppositum
2042 2219 2160 2251 dicitur
2174 2219 2264 2260 quod
2281 2229 2351 2250 non
2367 2225 2416 2251 est
2431 2225 2545 2251 contra

1462 2264 1624 2295 intentum
1641 2263 1750 2295 Sancti
1758 2263 1919 2295 Thomae.
1935 2263 2029 2295 Licet
2039 2264 2129 2295 enim
2141 2263 2214 2295 illae
2225 2265 2432 2305 cognitiones
2445 2264 2545 2296 simul

1462 2307 1754 2344 intendantur,non
1765 2313 1874 2340 tamen
1884 2309 2066 2340 necessario
2077 2309 2137 2340 sub
2147 2318 2212 2340 una
2221 2309 2404 2340 intentione
2412 2308 2543 2340 cadunt.

1519 2353 1573 2384 XI.
1590 2354 1701 2384 Tertio
1714 2354 1741 2384 '.
1755 2352 1789 2385 Si
1805 2363 1873 2385 non
1890 2354 2003 2385 omnia
2017 2353 2108 2385 Deus
2119 2359 2335 2394 cognosceret
2349 2353 2457 2391 simul,
2473 2363 2543 2385 non

1463 2398 1574 2429 omnia
1597 2398 1790 2438 intelligeret
1813 2407 1879 2429 una
1901 2398 2106 2439 operatione.
2131 2398 2206 2429 Hoc
2230 2404 2342 2430 autem
2357 2404 2406 2430 est
2419 2399 2544 2440 impos-

1462 2443 1568 2474 sibile:
1593 2452 1671 2474 cum
1694 2452 1753 2474 sua
1776 2443 1923 2483 operatio
1939 2443 1980 2474 sit
1994 2452 2053 2474 sua
2069 2444 2216 2475 essentia.
2240 2443 2328 2484 Ergo
2349 2449 2410 2475 etc.
2427 2461 2450 2467 —
2464 2442 2543 2475 Pro-

1462 2488 1556 2518 batur
1579 2487 1783 2518 antecedens.
1808 2486 1894 2526 Quia
1917 2487 2101 2519 intellectus
2121 2489 2302 2519 successive
2317 2488 2421 2519 multa
2436 2488 2544 2520 consi-

1463 2531 1604 2563 derantis
1628 2532 1829 2572 impossibile
1853 2538 1901 2563 est
1924 2542 2023 2564 unam
2047 2538 2174 2564 tantum
2198 2533 2425 2574 operationem
2458 2541 2543 2564 esse:

1463 2586 1539 2608 cum
1563 2578 1771 2617 operationes
1794 2576 1976 2608 secundum
2000 2578 2128 2609 obiecta
2152 2577 2313 2614 differant,
2327 2578 2420 2609 etsie
2444 2586 2543 2619 opor-

1476 2627 1544 2653 eret
1555 2622 1651 2662 primi
1667 2630 1737 2653 esse
1753 2622 1893 2663 primam
1909 2622 2147 2663 operationem,
2158 2628 2190 2654 et
2202 2622 2380 2654 secundam
2395 2622 2543 2654 secundi.

1518 2666 1587 2698 XII.
1616 2666 1680 2698 Sed
1707 2666 1833 2698 videtur
1859 2665 2111 2698 fundamentum
2137 2667 2234 2699 huius
2264 2668 2399 2699 rationis
2426 2667 2543 2699 falsum

1462 2721 1542 2743 esse.
1560 2711 1644 2742 Nam
1660 2711 1805 2752 angelus,
1819 2710 2028 2743 considerans
2045 2711 2186 2744 hominis
2201 2718 2362 2749 naturam,
2377 2721 2448 2744 non
2463 2721 2544 2744 con·

1461 2755 1579 2788 siderat
1595 2755 1723 2788 Sortem
1739 2755 1890 2788 nondum
1912 2757 2071 2797 genitum,
2094 2757 2172 2798 quia
2195 2766 2264 2789 non
2286 2756 2388 2789 fertur
2405 2757 2544 2789 inanitus

1462 2801 1532 2832 eius
1555 2801 1596 2832 ad
1623 2800 1744 2832 futura:
1769 2801 1864 2833 Sorte
1894 2806 2003 2833 autem
2032 2802 2156 2842 genito,
2183 2807 2410 2843 perseverante
2438 2803 2543 2844 prima

1462 2846 1661 2886 cognitione,
1686 2845 1870 2877 considerat
1893 2845 2032 2883 Sortem,
2057 2847 2134 2887 quia
2157 2856 2216 2888 per
2238 2846 2375 2879 eandam
2399 2847 2543 2888 speciem

1462 2891 1633 2931 cognoscit
1655 2891 1767 2922 omnia
1790 2890 1964 2932 singularia
1987 2892 2108 2932 speciei
2131 2891 2229 2924 simul
2252 2892 2431 2923 existentia.
2453 2892 2542 2933 Ergo

1461 2942 1600 2976 possunt
1624 2936 1732 2977 aliqua
1755 2935 1938 2968 successive
1961 2937 2117 2977 cognosci
2140 2946 2199 2978 per
2221 2945 2321 2968 unam
2345 2942 2377 2968 et
2405 2936 2543 2969 eandem

1461 2981 1697 3021 operationem.
1722 2980 1764 3011 Et
1786 2981 1832 3012 sic
1856 2980 2003 3012 dicemus
2027 2981 2135 3013 Deum
2158 2982 2342 3014 successive
2355 2991 2465 3014 rerum
2485 2991 2542 3013 co-

1460 3026 1642 3066 gnitionem
1664 3025 1793 3062 habere,
1818 3026 1902 3057 sicut
1930 3035 1981 3058 res
2011 3027 2193 3058 successive
2224 3036 2294 3058 esse
2320 3027 2450 3063 habent,
2473 3035 2542 3058 ma—

1461 3076 1559 3102 nente
1583 3076 1692 3102 tamen
1717 3080 1782 3102 una
1806 3076 1838 3102 et
1861 3070 1976 3102 eadem
2000 3072 2192 3111 operatione
2215 3071 2400 3103 intellectus
2428 3070 2539 3103 divini.

1520 3125 1549 3146 2.
1574 3114 1626 3146 Ad
1649 3115 1713 3146 hoc
1730 3115 1879 3152 dubium,
1895 3116 1921 3146 si
1937 3116 2096 3148 sustinere
2119 3116 2320 3149 voluerimus
2336 3114 2427 3156 quod
2446 3115 2540 3146 nullo

1461 3159 1563 3191 modo
1587 3161 1683 3192 unica
1707 3161 1898 3201 operatione
1921 3161 2047 3201 possint
2065 3161 2158 3202 plura
2173 3160 2353 3192 successive
2373 3160 2541 3200 cognosci,

1461 3204 1638 3236 dicendum
1663 3211 1710 3236 est
1734 3205 1826 3246 quod
1849 3211 2078 3246 argumentum
2101 3205 2219 3237 falsum
2234 3205 2402 3246 supponit,
2418 3205 2542 3236 00111001

1461 3249 1551 3290 quod
1588 3249 1697 3280 Sortes
1731 3251 1859 3281 noviter
1893 3256 2064 3291 generatus
2098 3255 2316 3291 cognoscatur
2351 3250 2540 3290 cognitione

1461 3294 1575 3326 eadem
1597 3303 1661 3335 qua
1685 3293 1969 3335 cognoscebantur
1990 3295 2051 3326 alia
2074 3293 2240 3326 individua
2256 3294 2346 3335 prius
2362 3294 2538 3326 existentia.

1461 3339 1536 3371 Hoc
1560 3340 1649 3370 enim
1679 3338 1796 3371 falsum
1820 3346 1877 3371 est.
1910 3339 2001 3371 Sicut
2031 3339 2119 3370 enim
2149 3338 2274 3379 species
2303 3338 2446 3370 hominis
2469 3349 2537 3371 non

1461 3389 1527 3415 erat
1551 3390 1625 3416 actu
1649 3384 1828 3416 similitudo
1852 3383 1955 3416 Sortis
1973 3389 2148 3424 antequam
2165 3383 2275 3415 Sortes
2291 3389 2384 3420 esset,
2400 3384 2444 3415 ita
2459 3393 2540 3416 con·

1461 3434 1575 3469 ceptus
1599 3438 1699 3469 quem
1722 3428 1875 3460 formavit
1897 3428 2079 3460 intellectus
2102 3437 2161 3469 per
2182 3428 2272 3459 illam
2295 3428 2450 3469 speciem,
2469 3438 2538 3460 non

1461 3479 1527 3504 erat
1550 3479 1732 3514 conceptus
1755 3482 1871 3505 eorum
1894 3481 1978 3513 quae
2002 3477 2077 3504 sunt
2100 3474 2231 3513 propria
2255 3472 2366 3505 Sortis.
2398 3472 2487 3510 Ideo,
2511 3474 2538 3504 si

1461 3518 1558 3549 debet
1580 3518 1714 3559 angelus
1744 3518 1872 3549 noviter
1902 3516 2031 3548 Sortem
2060 3517 2249 3558 intelligere,
2274 3527 2407 3549 necesse
2430 3524 2479 3550 est
2501 3524 2539 3549 ut

1461 3563 1561 3594 alium
1585 3569 1694 3595 actum
1718 3562 1834 3599 eliciat,
1858 3561 2026 3602 aliumque
2049 3568 2248 3603 conceptum
2273 3562 2400 3594 formet.

1515 3607 1549 3639 Si
1573 3614 1682 3639 autem
1705 3607 1851 3642 instetur,
1876 3606 1952 3646 quia
1976 3607 2182 3647 operationes
2205 3617 2275 3639 non
2298 3606 2449 3638 differunt
2475 3607 2536 3638 nisi

1461 3652 1642 3684 secundum
1666 3652 1794 3683 obiecta
1817 3650 1857 3682 ad
1881 3660 1965 3691 quae
1989 3652 2096 3692 primo
2120 3657 2152 3682 et
2175 3661 2233 3692 per
2255 3661 2289 3683 se
2313 3652 2534 3685 terminantur.

2570 424 2667 474 um.
2676 430 2728 452 vni,
2738 425 2768 447 Dt

2571 2356 2580 2366 ·
2591 2354 2628 2378 Cf.
2636 2361 2658 2377 n.
2667 2361 2719 2381 vui,
2727 2354 2768 2377 init

2571 2386 2593 2404 et
2607 2387 2631 2404 n.
2645 2388 2699 2405 xiii.
