2768 4134
73 758 82 767 ¹¹
98 755 155 782 Cap.
164 759 288 780 unumv-

74 783 206 804 comment.
221 785 285 801 num.

73 815 127 857 *vell
134 839 198 856 num.
204 839 230 860 ιι,
237 838 285 854 vni.

72 2098 80 2108 ¹·
95 2097 145 2119 Fol.
160 2097 188 2126 36
195 2103 217 2119 v.

76 2581 85 2589 ·
95 2579 127 2601 IV
140 2585 211 2608 cuper
229 2579 286 2602 Gen.

74 2606 108 2627 ad
121 2606 173 2633 litt„
183 2612 242 2632 xxm
254 2606 287 2628 XI

74 2632 103 2654 de
118 2633 166 2655 (Σίν.
178 2633 229 2656 Dei.
245 2639 287 2656 νιι.

314 321 388 369 598

314 398 403 440 quod
427 397 606 428 intellectus
629 394 799 436 cognoscit
820 391 1007 434 singularia
1032 389 1145 420 altiori
1169 389 1266 440 modo
1277 397 1383 440 'quam

311 451 433 478 sensus,
451 451 523 472 cum
540 441 606 480 ipse
622 443 772 480 penetret
795 438 838 469 ad
861 437 963 477 ipsam
988 439 1141 465 naturam
1164 443 1281 474 speciei
1300 442 1384 474 quae

313 493 359 518 est
386 487 418 516 in
441 484 627 521 individuis,
656 484 712 514 ille
739 492 816 513 vero
848 480 1016 511 individua
1047 483 1228 521 cognoscat
1258 483 1383 509 tantum

313 535 468 572 quantum
481 529 524 559 ad
535 528 721 559 materiales
733 526 960 567 dispositiones
971 529 1003 554 et
1013 524 1194 555 accidentia
1205 523 1383 554 exteriora.

367 575 415 605 Ex
439 575 557 614 quibus
575 578 662 613 patet
686 571 776 612 quod
799 580 856 611 per
875 570 964 600 illam
987 569 1257 609 propositionem,
1285 567 1383 604 Quic-

311 619 389 660 quid
406 622 514 659 potest
536 618 639 648 virtus
663 616 814 658 inferior,
833 618 943 655 potest
966 614 1071 644 uirtus
1091 613 1253 654 superior,
1277 617 1385 652 potest

312 664 408 694 etiam
424 663 464 693 de
478 661 644 692 intellectu
660 666 772 692 nostro
789 658 941 690 concludi
957 658 1048 698 quod
1067 658 1179 698 aliquo
1194 657 1296 688 modo
1319 657 1383 687 sin-

311 708 431 748 gularia
454 706 629 737 materialia
648 713 846 746 cognoscere
867 703 979 744 possit.
1004 701 1068 733 Sed
1088 702 1128 733 de
1150 703 1211 733 hac
1234 702 1384 742 proposi-

312 753 401 783 tione
425 751 548 782 dictum
571 756 619 781 est
643 751 739 781 etiam
761 750 795 780 in
819 748 925 790 primo
948 747 1042 784 libro,
1067 747 1172 787 capite
1195 756 1268 777 Lxrv
1282 747 1309 777 ἦ

367 796 421 826 V1.
450 796 558 826 Tertio
574 796 601 825 ⁴⁶.
630 795 762 836 Species
787 793 971 824 intellectus
999 792 1195 822 substantiae
1222 796 1383 832 separatae

311 846 413 871 totam
428 850 497 871 rem
519 840 705 880 respiciunt,
723 839 845 869 scilicet
859 837 1017 878 principia
1040 837 1161 876 speciei
1180 836 1384 876 etprincipia

311 885 553 916 individuantia.
567 885 653 925 Ergo
667 890 727 915 etc.
740 901 762 905 -
772 883 928 913 Probatur
939 879 1142 911 antecedens.
1160 881 1247 918 Quia
1262 890 1316 912 eas
1331 890 1383 911 ac-

312 931 390 970 cipit
410 939 479 961 non
499 939 557 970 per
574 930 659 960 viam
679 927 887 959 resolutionis
903 931 934 956 et
950 925 1172 956 abstractionis
1188 935 1206 955 a
1222 925 1383 956 conditio-

311 975 407 1005 nibus
422 974 648 1010 materialibus,
660 978 695 1003 ut
711 971 892 1003 intellectus
907 975 1032 1006 nostem
1045 969 1102 1000 sed
1117 971 1209 1010 quasi
1225 979 1283 1010 per
1297 970 1383 1002 viam

312 1019 569 1060 compositionis,
583 1028 621 1048 ex
633 1016 861 1048 assimilatione
877 1015 926 1046 sui
939 1014 979 1045 ad
994 1014 1134 1055 primam
1147 1014 1383 1055 intelligibilem

312 1065 454 1105 speciem
476 1063 658 1093 intellectus
681 1061 791 1096 divini,
808 1069 891 1100 quae
910 1068 980 1090 non
1001 1064 1049 1089 est
1064 1068 1082 1089 a
1097 1060 1194 1091 rebus
1216 1060 1383 1096 abstracta,

311 1109 367 1139 sed
391 1114 438 1139 est
460 1109 602 1147 ipsarum
626 1112 658 1137 et
681 1111 840 1146 quantum
867 1103 908 1135 ad
930 1103 1068 1134 formam
1097 1109 1129 1134 et
1155 1110 1316 1144 quantum
1344 1103 1384 1135 ad

311 1153 489 1188 materiam,
514 1160 597 1192 quae
621 1156 668 1181 est
690 1149 956 1181 individuationis
978 1149 1187 1189 principium,
1212 1149 1338 1180 factiva.

309 1224 311 1226 .
366 1196 610 1228 Advertendum
641 1195 733 1235 quod
759 1194 884 1235 species
910 1193 1126 1234 intelligibiles
1151 1195 1320 1234 pervenire
1344 1193 1384 1224 ad

310 1241 512 1272 intellectum
535 1240 730 1271 substantiae
753 1243 916 1279 separatae
933 1247 999 1278 per
1021 1238 1153 1269 modum
1176 1239 1385 1279 compositio-

312 1286 372 1322 nis,
403 1291 450 1316 est
478 1286 563 1326 ipsas
593 1284 771 1315 intellectui
800 1288 1040 1324 repraesentare
1066 1282 1280 1324 quidditatem
1307 1292 1385 1315 cum

311 1331 551 1371 compositione
572 1329 612 1360 ad
628 1328 805 1360 accidentia
829 1326 1075 1358 individuantia:
1100 1327 1184 1360 sicut
1207 1328 1312 1359 forma
1335 1329 1385 1359 in-

311 1375 482 1415 telligibilis
501 1374 601 1405 divini
619 1373 802 1404 intellectus
818 1378 866 1403 est
881 1371 996 1403 factiva
1019 1372 1206 1412 quidditatis
1230 1383 1308 1404 cum
1329 1373 1386 1404 tali

312 1420 562 1460 compositione.
579 1418 710 1460 Species
729 1423 839 1448 autem
853 1417 1070 1457 intelligibiles
1084 1418 1267 1450 intellectus
1282 1418 1386 1450 nostri

311 1465 504 1505 perveniunt
513 1473 577 1504 per
592 1464 678 1494 viam
695 1462 925 1493 resolutionis:
941 1462 1028 1502 quia,
1045 1464 1194 1503 quamvis
1213 1469 1386 1494 causentur

312 1519 330 1539 a
346 1519 379 1541 re
395 1509 578 1549 composita
598 1514 630 1539 et
648 1508 738 1539 unita
760 1506 982 1538 accidentibus
1004 1507 1266 1545 individualibus,
1281 1509 1386 1549 ipsam

312 1560 420 1585 tamen
444 1552 656 1594 quidditatem
679 1552 782 1583 solam
805 1557 1055 1592 repraesentant,
1071 1556 1103 1582 et
1118 1562 1187 1584 non
1206 1562 1282 1584 cum
1306 1562 1386 1584 con-

313 1599 456 1630 cretione
473 1597 513 1628 ad
528 1597 706 1628 accidentia
721 1596 965 1628 individuantia.
975 1613 998 1618 —
1009 1596 1109 1628 Addit
1124 1603 1234 1629 tamen
1249 1597 1387 1629 Sanctus

313 1643 468 1680 Thomas,
479 1642 591 1683 quasi:
602 1648 639 1672 ut
654 1641 803 1672 ostendat
814 1641 859 1671 ibi
875 1650 945 1672 esse
961 1641 1125 1682 quandam
1140 1642 1387 1673 similitudinem

314 1687 572 1728 compositionis,
582 1696 651 1717 non
663 1691 772 1717 autem
784 1695 893 1716 veram
905 1686 1192 1726 compositionem.
1200 1687 1295 1724 Nam,
1304 1688 1388 1718 sicut

314 1733 347 1763 in
364 1733 500 1764 essentia
515 1731 623 1762 divina
640 1731 732 1762 unite
751 1731 960 1761 continentur
983 1730 1146 1770 quidditas
1169 1732 1341 1763 materialis
1356 1736 1388 1762 et

314 1777 502 1813 accidentia,
526 1785 595 1806 non
618 1781 727 1806 tamen
750 1775 795 1806 ibi
818 1774 941 1806 faciunt
963 1784 1073 1806 veram
1100 1777 1387 1817 compositionem,

315 1821 371 1854 sed
393 1822 427 1852 in
442 1830 507 1852 una
530 1820 669 1860 simplici
692 1820 809 1850 virtute
832 1818 948 1850 factiva
970 1820 1140 1860 utriusque
1163 1822 1387 1857 continentum

315 1867 358 1896 ita
381 1867 414 1896 in
437 1866 545 1906 specie
569 1864 760 1904 intelligibili
784 1864 980 1894 substantiae
1003 1870 1167 1904 separatae
1194 1866 1286 1896 unite
1309 1875 1388 1896 con-

314 1911 467 1946 tinentur,
492 1910 687 1949 inquantum
710 1909 789 1948 ipsa,
806 1917 871 1939 una
892 1909 1040 1945 existens,
1060 1914 1093 1939 et
1119 1909 1333 1949 quidditatem
1351 1907 1388 1940 'et

314 1954 491 1985 accidentia
513 1958 739 1993 repraesentat,
755 1953 789 1983 in
806 1961 843 1983 ea
861 1957 970 1984 tamen
987 1961 1095 1983 veram
1113 1954 1388 1994 compositionem

313 2008 381 2030 non
405 1997 537 2029 faciunt.

370 2043 437 2074 VII.
461 2042 513 2073 Ad
536 2042 619 2073 hanc
642 2041 802 2071 rationem
832 2039 910 2071 dicit
939 2040 1068 2080 Scotus,
1098 2041 1262 2082 Secundo,
1287 2042 1317 2074 d.
1341 2053 1387 2081 ιιι,

314 2097 344 2128 q.
363 2088 420 2119 ult.
437 2088 464 2126 ⁴,
482 2087 560 2118 duo.
584 2086 694 2117 Primo
719 2085 819 2126 quod,
837 2085 948 2126 posito
972 2086 1060 2126 quod
1083 2096 1136 2118 res
1146 2087 1264 2127 fluant
1278 2097 1299 2118 a
1315 2088 1386 2119 Deo

312 2133 422 2174 quoad
444 2131 615 2163 materiam
638 2135 670 2161 et
691 2130 801 2171 quoad
813 2130 977 2172 sormam,
1003 2140 1068 2161 non
1093 2136 1200 2162 tamen
1223 2132 1388 2174 sequitur:

312 2178 406 2219 Ergo
419 2177 528 2218 quoad
537 2175 758 2218 cognitionem
768 2175 1014 2216 singularitatis
1025 2175 1166 2216 effluunt
1177 2177 1209 2207 in
1223 2178 1387 2209 intellectu

311 2222 510 2253 substantiae
524 2225 714 2262 separatae;
723 2220 920 2260 praesertim
936 2229 1021 2258 cum,
1037 2221 1214 2252 secundum
1231 2222 1387 2253 Sanctum

316 2267 483 2305 Thomam,
508 2265 647 2296 materia
663 2265 831 2306 pertineat
853 2264 896 2295 ad
918 2265 1006 2306 quod
1027 2266 1107 2306 quid
1129 2271 1186 2297 est.

369 2311 521 2343 Secundo
545 2310 622 2342 dicit
645 2309 736 2350 quod
759 2319 913 2351 arguere,
933 2310 1088 2350 quoniam
1112 2311 1225 2342 divina
1248 2312 1387 2343 essentia

313 2361 360 2387 est
383 2357 469 2387 ratio
493 2354 713 2397 cognoscendi
735 2355 908 2396 singulare
923 2360 954 2386 et
969 2355 1164 2392 uniuersale,
1181 2357 1270 2398 quod
1289 2357 1386 2388 etiam

313 2401 433 2441 species
450 2401 578 2441 influxa
596 2400 628 2430 in
646 2404 750 2430 mente
764 2399 964 2430 substantiae
978 2406 1151 2441 separatae
1165 2401 1208 2432 sit
1224 2401 1310 2432 ratio
1328 2402 1386 2433 illa

314 2445 543 2487 cognoscendi,
567 2450 614 2475 est
636 2444 836 2475 committere
853 2444 1033 2486 fallaciam
1063 2446 1250 2483 accidentis,
1268 2456 1386 2487 proce-

314 2490 419 2520 dendo
443 2500 464 2520 a
484 2490 591 2531 magis
610 2489 758 2530 perfecto
780 2489 824 2519 ad
844 2489 951 2520 minus
969 2490 1153 2532 perfectum
1176 2491 1384 2532 affirmative.

371 2544 400 2565 2.
421 2534 472 2565 Ad
487 2535 629 2575 primum
646 2534 764 2564 horum
781 2533 897 2564 dicitur
912 2535 1030 2574 primo,
1054 2535 1145 2576 quod
1161 2536 1286 2576 optime
1301 2537 1386 2568 valet

313 2579 367 2609 illa
390 2579 634 2620 consequentia.
651 2578 738 2617 Quia
759 2587 845 2614 cum,
862 2579 1042 2610 secundum
1059 2581 1280 2621 Augustinum
1292 2582 1319 2618 ⁹,
1335 2591 1385 2613 res

313 2633 331 2654 a
348 2623 419 2655 Deo
435 2623 615 2655 secundum
638 2623 758 2664 duplex
775 2632 843 2654 esse
859 2624 1048 2663 procedant,
1064 2625 1186 2656 scilicet
1203 2626 1385 2658 secundum

314 2678 382 2699 esse
405 2669 567 2700 materiale
583 2668 617 2699 in
632 2668 755 2708 seipsis,
772 2674 803 2699 et
818 2669 999 2700 secundum
1023 2679 1093 2700 esse
1116 2670 1327 2702 intentionale
1350 2672 1383 2703 in

312 2719 420 2744 mente
444 2713 638 2744 substantiae
660 2718 838 2753 separatae;
863 2714 945 2744 sicut
963 2715 997 2745 in
1013 2723 1082 2746 esse
1106 2715 1242 2746 naturali
1266 2716 1385 2747 habent

312 2758 477 2789 materiam
501 2763 532 2788 et
555 2757 694 2788 formam
718 2767 735 2788 a
759 2758 841 2795 Deo,
866 2758 908 2788 ita
932 2768 1137 2799 consequens
1161 2765 1208 2791 est
1230 2767 1267 2791 ut
1283 2766 1315 2792 et
1330 2761 1384 2793 illa

311 2803 449 2833 habeant
477 2803 511 2833 in
542 2811 610 2833 esse
641 2803 844 2834 intentionali
867 2809 898 2834 et
922 2805 1192 2843 repraesentativo
1216 2805 1249 2836 in
1273 2811 1383 2837 mente

312 2847 506 2878 substantiae
537 2852 715 2888 separatae;
746 2847 891 2888 alioquin
921 2857 989 2879 non
1012 2854 1080 2879 tota
1103 2859 1153 2880 res
1176 2849 1209 2880 in
1233 2859 1303 2881 esse
1326 2860 1383 2882 na—

311 2897 401 2922 turae
424 2891 582 2933 producta
604 2901 623 2922 a
642 2891 725 2928 Deo,
742 2898 825 2923 esset
846 2894 881 2924 in
904 2901 973 2923 esse
997 2893 1200 2925 intentionali
1224 2895 1383 2935 producta

311 2937 344 2966 in
361 2937 537 2968 substantia
559 2941 713 2977 separata.
738 2936 779 2967 Et
802 2938 879 2978 quia
903 2938 1047 2977 cognitio
1072 2937 1107 2969 fit
1129 2939 1312 2970 secundum
1335 2949 1384 2971 re-

311 2981 603 3021 praesentationem
630 2980 753 3012 formae
779 2982 998 3022 intelligibilis,
1025 2982 1100 3013 ideo
1124 2984 1270 3024 sequitur
1293 2985 1384 3025 quod

311 3026 485 3056 substantia
508 3031 652 3066 separata
675 3032 850 3065 cognoscat
872 3027 1039 3057 materiam
1055 3033 1087 3058 et
1102 3026 1241 3060 formam
1264 3039 1383 3067 rerum,

312 3069 402 3110 quod
425 3076 472 3101 est
494 3079 692 3110 cognoscere
715 3070 887 3111 singularia
909 3072 942 3102 in
967 3081 1024 3102 sua
1048 3072 1275 3112 singularitate.

366 3114 434 3145 Nec
453 3115 558 3145 obstat
577 3114 668 3156 quod
691 3114 778 3155 apud
798 3115 952 3147 Sanctum
976 3115 1140 3147 'rhomam
1163 3119 1295 3149 materia
1311 3127 1384 3159 per-

311 3159 410 3189 tineat
429 3158 469 3190 ad
488 3159 576 3200 quod
599 3159 677 3200 quid
700 3164 756 3196 est,
772 3169 811 3190 ex
831 3169 899 3201 quo
922 3160 1049 3191 videtur
1073 3161 1163 3201 quod
1187 3162 1282 3194 etiam
1307 3164 1383 3195 sub-

311 3204 424 3234 stantia
447 3209 600 3244 separata,
617 3204 765 3244 quamvis
789 3210 965 3245 cognoscat
986 3206 1164 3243 materiam,
1181 3216 1249 3238 non
1273 3213 1383 3239 tamen

313 3253 441 3287 oportet
463 3248 554 3289 quod
577 3254 754 3289 cognoscat
776 3249 936 3290 singulare
951 3250 985 3281 in
1001 3259 1059 3281 sua
1081 3250 1308 3291 singularitate.
1326 3253 1383 3284 Di-

312 3291 394 3322 citur
424 3292 511 3323 enim
542 3292 643 3333 quod,
667 3293 742 3324 licet
764 3299 865 3334 ponat
888 3294 1024 3326 Sanctus
1047 3294 1193 3326 Thomas
1216 3298 1383 3329 materiam

312 3344 522 3367 communem
545 3347 615 3368 esse
631 3337 671 3368 de
689 3338 814 3369 ratione
837 3338 1034 3379 quidditatis,
1056 3348 1126 3370 non
1149 3345 1258 3372 tamen
1281 3348 1383 3373 mate·

312 3380 391 3411 riam
413 3380 655 3419 individualem,
679 3381 719 3412 de
743 3391 808 3423 qua
830 3383 998 3424 loquimur
1021 3393 1097 3415 cum
1121 3383 1260 3416 dicimus
1275 3386 1383 3418 Deum

313 3432 381 3455 esse
397 3434 526 3456 causam
542 3427 588 3457 rei
607 3436 676 3458 non
692 3426 799 3458 solum
821 3434 980 3468 quantum
995 3427 1036 3459 ad
1059 3427 1198 3460 formam
1214 3430 1271 3461 sed
1287 3431 1383 3462 etiam

313 3474 471 3508 quantum
483 3470 523 3501 ad
533 3472 711 3508 materiam,
724 3477 755 3502 et
768 3472 858 3512 quod
870 3473 1047 3504 substantia
1058 3479 1202 3514 separata
1215 3477 1384 3515 cognoscit

312 3521 380 3543 rem
397 3520 555 3554 quantum
568 3515 607 3546 ad
618 3516 786 3547 materiam
799 3521 830 3547 et
842 3523 1002 3557 quantum
1014 3517 1055 3549 ad
1065 3517 1215 3549 formam.
1229 3518 1282 3550 Sic
1295 3521 1382 3551 enim

314 3565 442 3589 causare
465 3568 534 3590 rem
557 3565 716 3600 quantum
734 3560 774 3591 ad
790 3562 958 3593 materiam
973 3567 1006 3593 et
1021 3561 1172 3600 formam,
1189 3568 1236 3594 est
1252 3572 1383 3596 causare

837 314 1025 352 SUMMA
1054 312 1277 350 CONTRA
1305 309 1582 355 GENTILES,
1612 309 1707 346 LlB.
1728 309 1770 354 ΙΙ,
1801 307 1913 345 CAP.
1936 308 1979 346 C.

1497 388 1526 418 3.
1547 388 1599 419 Ad
1615 387 1798 420 secundum
1818 387 1936 418 dicitur
1951 387 2043 427 quod
2058 388 2148 419 nulla
2163 390 2378 422 committitur
2393 390 2518 422 fallacia

1440 441 1519 463 cum
1540 433 1683 473 arguitur
1702 442 1720 462 a
1738 432 1841 472 magis
1864 430 2011 472 perfeeto
2035 431 2076 464 ad
2098 433 2207 463 minus
2229 434 2411 474 perfectum
2435 435 2518 467 affir-

1439 477 1569 514 mative,
1585 478 1619 507 in
1634 477 1673 507 iis
1688 477 1722 507 in
1738 477 1859 516 quibus
1881 476 1990 507 minus
2012 475 2196 517 perfectum
2212 487 2230 508 a
2245 479 2348 519 magis
2370 479 2517 520 perfecto

1439 526 1595 562 tanquam
1612 522 1652 552 ab
1671 521 1801 552 alterius
1824 520 2000 561 exemplari
2023 520 2203 552 deductum
2223 528 2280 553 est.
2304 523 2406 562 Quod
2429 525 2518 556 enim

1439 567 1593 597 convenit
1613 565 1788 606 exemplari
1803 565 2000 606 inquantum
2016 571 2065 598 est
2082 566 2164 599 ratio
2181 567 2318 599 alicuius
2334 569 2518 610 exemplati,

1438 620 1571 641 necesse
1595 616 1643 641 est
1666 616 1699 640 et
1721 610 1917 650 exemplato,
1937 610 2134 651 inquantum
2156 611 2358 652 huiusmodi,
2381 622 2519 644 concor-

1439 655 1528 686 dare:
1553 654 1691 696 figuram
1707 655 1796 685 enim
1812 655 1963 686 Herculis
1979 664 2064 695 quae
2079 656 2281 697 exemplatur
2297 657 2337 688 ab
2353 658 2423 689 eius
2437 658 2518 689 ima-

1439 700 1514 740 gine
1529 700 1726 740 inquantum
1741 705 1789 730 est
1805 699 1875 731 eius
1897 699 2017 740 imago,
2040 706 2179 741 oportet.
2189 701 2325 733 Herculi
2340 703 2518 740 assimilari,

1439 745 1523 775 sicut
1547 750 1579 775 et
1598 745 1667 776 eius
1690 744 1800 784 imago
1823 744 1878 775 illi-
1893 744 2096 776 assimilatur.
2121 744 2210 777 Cum
2233 755 2311 788 ergo
2335 748 2462 788 species
2483 747 2518 779 in

1438 794 1549 820 mente
1564 789 1761 820 substantiae
1783 794 1948 829 separatae
1972 789 2154 827 existentes,
2174 795 2211 821 ut
2232 791 2350 823 dicitur
2373 792 2401 823 11
2417 792 2517 828 Sent„

1439 833 1470 864 d.
1490 843 1535 870 m,
1550 843 1584 874 q.
1601 834 1671 870 ult„
1688 843 1716 864 a.
1735 833 1752 864 3
1765 833 1793 870 ἡ
1809 834 1872 864 sint
1888 833 2089 874 exemplatae
2109 843 2128 865 a
2148 836 2288 876 propriis
2305 836 2386 868 ideis
2409 846 2519 869 rerum

1437 879 1635 919 inquantum
1657 883 1734 909 sunt
1755 878 1898 918 ipsarum
1922 878 2064 911 rationes
2086 880 2252 920 propriae;
2275 885 2310 912 et
2330 881 2404 912 illae
2425 881 2519 914 ideae

1438 928 1680 964 repraesentent
1702 932 1752 954 res
1771 928 1932 963 quantum
1958 922 1999 954 ad
2029 933 2142 954 earum
2164 924 2433 965 singularitatem:
2460 936 2518 958 ne-

1439 977 1528 999 cesse
1551 974 1600 999 est
1622 973 1659 998 ut
1683 968 1780 998 etiarn
1807 967 1933 1008 species
1959 968 2049 1008 ipsae
2075 977 2126 999 res
2149 975 2311 1010 quantum
2337 970 2379 1001 ad
2406 981 2518 1003 earum

1438 1013 1693 1053 singularitatem
1714 1017 1966 1052 repraesentent.
2328 1041 2332 1044 .

1494 1057 1577 1089 V111.
1601 1056 1740 1094 Quarto.
1760 1056 1861 1097 Apud
1875 1057 2103 1098 philosophos,
2120 1067 2259 1099 corpora
2274 1059 2424 1091 caelestia
2445 1069 2519 1092 mo-

1438 1107 1555 1134 ventur
1577 1112 1596 1133 a
1619 1102 1806 1133 substantiis
1836 1102 2000 1142 separatis.
2024 1102 2112 1143 Ergo
2135 1103 2332 1135 substantiae
2354 1110 2519 1146 separatae

1439 1152 1646 1188 cognoscunt
1667 1146 1791 1177 mobile
1814 1146 1906 1187 quod
1928 1153 2075 1186 movent,
2092 1152 2124 1178 et
2142 1148 2223 1179 situs
2242 1148 2301 1189 qui
2315 1158 2375 1190 per
2387 1155 2519 1181 motum

1438 1197 1648 1228 renovantur,
1662 1201 1747 1232 quae
1762 1196 1838 1222 sunt
1853 1191 2016 1232 quaedam
2030 1192 2214 1233 singularia.
2230 1192 2318 1234 Ergo
2335 1199 2396 1225 etc.
2405 1212 2429 1217 -
2438 1194 2519 1226 Pro·

1441 1237 1533 1268 batur
1557 1236 1763 1267 antecedens.
1785 1235 1873 1274 Quia
1896 1241 1997 1277 agunt
2013 1242 2045 1267 et
2065 1243 2202 1268 movent
2223 1247 2282 1278 per
2304 1238 2517 1271 intellectum.

1497 1281 1553 1312 IX.
1583 1281 1786 1313 Praedictam
1814 1280 2064 1312 conclusionem
2078 1282 2096 1298 ⁴*
2126 1287 2288 1323 quantum
2315 1283 2451 1324 quidem
2478 1283 2520 1315 ad

1439 1327 1524 1358 hanc
1539 1332 1665 1367 partem
1689 1324 1781 1366 quod
1796 1326 1994 1358 substantiae
2009 1331 2176 1367 separatae
2191 1333 2395 1368 cognoscant
2409 1329 2521 1370 singu-

1439 1371 1527 1409 laria,
1551 1377 1641 1404 tenet
1664 1371 1761 1402 etiam
1784 1369 1913 1408 Scotus,
1932 1370 1966 1402 in
1990 1370 2156 1412 Secundo,
2173 1371 2204 1403 d.
2220 1381 2266 1409 m,
2283 1377 2315 1404 et
2338 1372 2370 1404 d.
2387 1383 2431 1404 ix.
2454 1373 2520 1405 Sed

1441 1422 1602 1457 quantum
1625 1415 1666 1448 ad
1693 1415 1789 1446 aliam
1816 1421 1953 1456 partem,
1980 1415 2104 1449 scilicet
2134 1416 2228 1457 quod
2252 1426 2320 1449 una
2345 1423 2379 1449 et
2405 1417 2521 1450 eadem

1444 1462 1570 1502 species
1592 1462 1632 1492 sit
1655 1460 1925 1502 repraesentativa
1949 1465 1981 1491 et
2007 1460 2195 1502 quidditatis
2221 1467 2254 1493 et
2275 1463 2427 1494 omnium
2450 1463 2521 1495 eius

1439 1506 1653 1546 singularium
1673 1506 1707 1536 in
1727 1510 1839 1536 mente
1862 1505 2018 1546 angelica,
2041 1506 2258 1547 reprehendit.

1496 1550 1539 1582 Et
1553 1551 1658 1592 arguit
1673 1551 1720 1581 sic
1736 1550 1844 1590 primo
1856 1550 1884 1580 “.
1900 1549 1988 1588 Quia
2003 1555 2194 1591 sequeretur
2205 1550 2298 1592 quod
2309 1551 2381 1585 talis
2396 1553 2522 1593 species

1441 1601 1524 1626 esset
1539 1595 1675 1627 infinita.
1696 1595 1758 1625 Ubi
1772 1594 1858 1625 enim
1873 1595 2055 1635 pluralitas
2071 1596 2252 1628 numeralis
2271 1597 2439 1628 concludit
2452 1606 2522 1629 mao-

1442 1640 1545 1671 iorem
1557 1640 1805 1682 perfectionem,
1823 1639 1970 1680 infinitas
1985 1640 2166 1671 numeralis
2177 1641 2345 1673 concludit
2359 1641 2522 1684 infinitam

1436 1685 1685 1727 perfectionem.
1702 1683 1758 1715 Sic
1771 1688 1880 1715 autem
1904 1689 1951 1716 est
1967 1685 2001 1715 in
2021 1685 2206 1716 rationibus
2224 1687 2521 1727 repraesentativis,

1442 1729 1530 1771 quod
1539 1739 1640 1770 posse
1663 1733 1912 1770 repraesentare
1928 1729 2032 1770 plura
2055 1730 2223 1761 concludit
2237 1731 2399 1762 maiorem
2408 1732 2523 1774 perse-

1443 1774 1592 1805 ctionem.
1616 1774 1712 1816 Ergo
1726 1783 1826 1815 posse
1849 1779 2096 1814 repraesentare
2118 1774 2268 1807 distincte
2291 1775 2420 1817 infinita
2443 1786 2522 1808 eon·

1443 1819 1546 1850 cludit
1564 1819 1725 1861 infinitam
1739 1818 1977 1860 perfectionem
1997 1819 2031 1849 in
2053 1819 2184 1850 ratione
2201 1826 2476 1861 repraesentante.

1499 1863 1652 1894 Secundo
1668 1865 1695 1894 *.
1719 1863 1818 1894 Ratio
1842 1868 2093 1904 repraesentans
2116 1864 2296 1906 uniformis
2318 1866 2352 1896 in
2375 1875 2412 1897 se
2433 1871 2465 1898 et
2487 1866 2521 1898 in

1443 1908 1618 1944 intellectu,
1636 1917 1702 1939 non
1719 1913 1945 1948 repraesentat
1962 1907 2162 1949 difformiter
2179 1909 2316 1950 aliquid.
2339 1909 2436 1952 Ergo
2458 1911 2523 1942 ixa

1443 1952 1530 1983 ratio
1562 1961 1629 1983 una
1655 1961 1740 1993 quae
1760 1952 1911 1993 ponitur,
1937 1952 1988 1983 vel
2015 1953 2272 1993 repraesentabit
2295 1954 2396 1986 simul
2421 1964 2523 1997 oppo-

1442 1997 1506 2027 sita
1523 1997 1726 2037 pertinentia
1749 1996 1794 2028 ad
1815 1997 2006 2028 existentias
2029 2006 2141 2028 rerum
2157 1998 2375 2030 naturaliter:
2394 2004 2430 2032 et
2445 1998 2524 2032 mne

1441 2050 1569 2082 semper
1592 2041 1848 2082 repraesentabit
1870 2042 2030 2083 opposita,
2054 2047 2086 2073 et
2108 2043 2154 2074 ita
2177 2043 2341 2086 intelliget
2362 2045 2522 2086 opposita,

1443 2091 1475 2116 et
1492 2091 1728 2128 consequenter
1750 2086 1842 2118 nihil.
1861 2086 1916 2118 Vel
1939 2087 2196 2128 repraesentabit
2217 2088 2364 2120 alterum
2383 2089 2522 2122 istoru-

1443 2131 1675 2162 determinate:
1697 2135 1730 2162 et
1752 2131 1799 2162 ita
1819 2140 1986 2172 nunquam
2011 2132 2172 2173 reliquum
2197 2134 2463 2174 repraesentabit.
2486 2135 2523 2167 Si

1443 2176 1549 2218 igitur
1570 2176 1767 2217 quandoque
1787 2176 1916 2208 habebit
1932 2181 2056 2208 certam
2079 2182 2111 2208 et
2133 2177 2383 2210 determinatam
2406 2181 2522 2222 cogni-

1443 2222 1563 2252 tionem
1579 2221 1619 2252 de
1636 2230 1701 2252 uno
1722 2221 1946 2262 oppositorum
1970 2227 2130 2263 quantum
2144 2222 2189 2254 ad
2203 2223 2420 2260 existentiam,
2437 2234 2522 2257 nun·

1442 2272 1540 2307 quarn
1549 2275 1614 2307 per
1629 2265 1764 2297 eandem
1781 2266 1943 2297 rationem
1959 2266 2087 2298 habebit
2101 2267 2252 2299 notitiam
2271 2268 2521 2302 determinatam

1442 2316 1474 2343 et
1493 2315 1616 2343 certam
1636 2311 1676 2342 de
1693 2311 1762 2342 alio
1786 2310 1946 2352 opposito.

1498 2355 1641 2388 Adducit
1670 2355 1827 2397 quasdam
1858 2356 1956 2387 etiam
1983 2355 2061 2387 alias
2083 2357 2236 2396 rationes,
2262 2358 2382 2399 quibus
2404 2359 2522 2400 probat

1442 2400 1534 2442 quod
1556 2400 1738 2432 universale
1762 2401 1933 2441 cognitum
1955 2409 2025 2432 non
2041 2406 2090 2432 est
2103 2401 2186 2433 ratio
2210 2402 2434 2443 cognoscendi
2455 2404 2521 2436 ain-

1440 2446 1552 2487 gulare
1575 2445 1735 2477 distincte.
1751 2463 1775 2469 -
1790 2445 1854 2477 Sed
1878 2444 1956 2487 quia
1971 2445 2036 2477 hoc
2059 2455 2129 2478 non
2147 2445 2296 2484 dicimus,
2312 2447 2369 2479 sed
2391 2452 2520 2480 tantiam

1441 2490 1533 2532 quod
1555 2490 1671 2522 eadem
1694 2490 1819 2532 species
1842 2499 1928 2531 quae
1945 2495 1995 2522 est
2017 2492 2289 2531 repraesentativa
2310 2497 2456 2531 nauatae,
2471 2498 2520 2525 eet

1441 2536 1538 2567 etiam
1561 2535 1831 2576 repraesentativa
1854 2535 2078 2576 singularium,
2095 2541 2127 2567 et
2148 2535 2242 2577 quod
2256 2545 2316 2578 per
2330 2546 2431 2569 unam
2445 2547 2520 2580 ape·

1441 2581 1525 2612 ciem
1548 2581 1726 2612 substantia
1747 2585 1894 2620 separata
1908 2585 1941 2611 et
1954 2580 2137 2612 universale
2152 2586 2185 2612 et
2199 2581 2372 2622 singularia
2394 2591 2519 2624 cogno·

1440 2626 1510 2663 scit,
1534 2625 1610 2657 ideo
1634 2624 1675 2656 ad
1697 2625 1752 2656 illa
1774 2634 1843 2656 non
1866 2629 1997 2666 oportet
2020 2625 2111 2656 aliter
2133 2625 2342 2667 respondere.

1498 2680 1528 2702 2.
1544 2670 1709 2702 Aureolus
1724 2678 1872 2711 quoque,
1888 2668 1977 2711 apud
1988 2668 2200 2710 capreolum,
2216 2670 2294 2702 loco
2310 2671 2450 2712 allegato
2462 2680 2518 2704 su·

1439 2716 1548 2756 petius
1557 2717 1585 2752 *,
1604 2715 1709 2755 arguit
1725 2720 1839 2746 contra
1861 2714 1982 2746 dictam
2004 2714 2254 2747 conclusionem
2266 2717 2312 2747 ”.
2327 2715 2440 2748 Primo
2452 2717 2516 2749 dc:

1439 2766 1470 2792 et
1494 2760 1620 2792 videtur
1642 2760 1725 2791 ratio
1748 2765 1879 2800 sumpta
1902 2768 1941 2790 ex
1963 2759 2119 2796 Averroe,
2142 2759 2187 2792 111
2208 2760 2250 2792 de
2269 2761 2401 2797 Anima,
2425 2770 2517 2794 oom-

1438 2811 1538 2837 ment.
1557 2814 1598 2836 22
1615 2810 1648 2836 et
1665 2804 1718 2836 23.
1736 2803 1923 2836 universale
1938 2809 1972 2836 et
1985 2804 2149 2845 singulare
2163 2810 2240 2837 sunt
2255 2804 2400 2838 diversae
2410 2806 2517 2838 inten-

1437 2851 1544 2882 tiones
1556 2855 1589 2881 et
1603 2849 1728 2881 diversa
1743 2849 1882 2881 obiecta.
1898 2849 1987 2890 Ergo
2002 2849 2172 2890 requirunt
2186 2849 2328 2882 diversas
2342 2851 2516 2892 potentin.

1438 2895 1526 2935 Ergo
1549 2894 1728 2926 substantia
1750 2899 1896 2935 separata
1924 2903 1994 2925 non
2016 2899 2126 2935 potest
2154 2901 2214 2935 per
2240 2904 2340 2927 unam
2364 2896 2516 2928 virtutem

1439 2949 1523 2981 quae
1539 2945 1587 2970 est
1603 2938 1796 2976 intellectus,
1808 2937 2052 2980 apprehendere
2068 2939 2250 2971 universale
2264 2945 2298 2972 et
2313 2940 2517 2982 pardulino.

1494 2983 1647 3016 Secundo
1667 2985 1695 3015 “.
1726 2983 1856 3025 Species
1882 2983 2067 3026 singularis
2093 2990 2319 3025 repraesentas
2342 2985 2395 3017 sin
2545 2988 2554 2998 ⁸

1438 3029 1535 3060 modo
1551 3029 1769 3070 quantitative
1785 3033 1817 3060 et
1839 3028 2014 3065 materiali,
2030 3028 2155 3060 scilieet
2169 3034 2206 3061 ut
2223 3029 2277 3061 hic
2291 3034 2324 3062 et
2339 3039 2436 3062 nune.
2453 3030 2518 3062 Sed

1438 3074 1616 3106 intellectui
1638 3073 1719 3105 haec
1741 3078 1939 3115 repugnant.
1962 3073 2058 3115 Ergo
2081 3078 2141 3105 etc.

1494 3119 1533 3150 X.
1557 3118 1610 3150 Ad
1633 3119 1771 3159 primam
1795 3118 1886 3150 scoti
1909 3117 2038 3155 dicitur,
2054 3127 2093 3149 ex
2116 3119 2276 3150 sententia
2299 3118 2408 3151 Sancti
2424 3118 2517 3152 Tho-

1437 3172 1511 3195 mae
1535 3163 1643 3199 Verit„
1661 3172 1693 3204 q.
1709 3173 1761 3201 xx,
1781 3172 1810 3194 a.
1826 3172 1859 3202 4,
1882 3162 1923 3194 ad
1951 3170 1979 3199 ι,
2003 3162 2095 3204 quod
2117 3172 2186 3195 non
2209 3169 2259 3195 est
2281 3164 2517 3196 inconveniens

1437 3208 1580 3249 aliquam
1607 3208 1752 3248 speciem
1778 3217 1849 3239 esse
1877 3206 2040 3239 infinitam
2069 3207 2252 3240 secundum
2275 3208 2366 3250 quid,
2389 3207 2516 3240 finitam

1437 3258 1547 3284 tamen
1577 3253 1776 3294 simpliciter.
1801 3252 1892 3284 Sicut
1921 3252 2010 3284 enim
2036 3251 2164 3284 infinita
2185 3252 2353 3285 individua
2374 3260 2515 3284 numero

1437 3297 1534 3329 unius
1555 3297 1674 3338 speciei
1694 3303 1770 3328 sunt
1784 3296 1875 3328 finita
1894 3296 2077 3328 secundum
2092 3297 2247 3339 speciem,
2262 3297 2459 3338 inquantum
2474 3296 2516 3329 ad

1437 3351 1536 3374 unam
1553 3341 1798 3374 determinatam
1815 3342 1959 3383 speciem
1971 3342 2149 3382 pertinent3
2164 3342 2208 3373 ita
2224 3350 2290 3373 una
2304 3341 2430 3382 species
2441 3340 2514 3373 infi-

1436 3387 1581 3418 nitorum
1596 3386 1841 3418 individuorum
1856 3386 2126 3427 repraesentativa
2141 3391 2190 3417 eet
2209 3384 2300 3417 finita
2315 3386 2514 3427 simpliciter,

1437 3432 1514 3472 quia
1537 3436 1586 3462 est
1609 3430 1820 3463 determinata
1836 3430 1877 3462 ad
1891 3440 1992 3463 unam
2015 3430 2170 3471 speeiem,
2190 3429 2247 3461 sed
2267 3435 2315 3462 est
2331 3431 2514 3463 secundum

1437 3475 1516 3517 quid
1539 3475 1675 3513 infinita,
1691 3476 1888 3517 inquantum
1903 3480 1951 3507 est
1974 3473 2177 3506 infinitorum
2192 3474 2438 3508 individuorum
2453 3475 2514 3508 sub

1437 3530 1503 3552 una
1526 3521 1634 3561 specie
1657 3526 1890 3552 contentorum
1912 3519 2191 3560 repraesentativa.

1496 3574 1525 3596 2.
1550 3564 1602 3596 Ad
1625 3564 1804 3597 secundm
1826 3562 2025 3606 respondent
2047 3562 2181 3604 quidam
2194 3564 2211 3595 ⁴?
2227 3564 2319 3605 quod
2339 3565 2419 3596 haec
2433 3573 2513 3606 sup-
2540 3595 2564 3612 m

2546 842 2555 851 ·
2566 842 2604 863 ΑΙ.
2614 847 2652 870 qu.
2664 847 2700 870 ιιι,
2708 848 2730 864 a.
2738 847 2763 871 3.

2547 1285 2556 1294 '
2571 1283 2609 1306 Cf.
2623 1289 2690 1306 num.
2703 1289 2721 1306 ι.

2548 1556 2558 1567 ·
2565 1555 2617 1584 Fol,
2626 1561 2656 1586 34
2663 1561 2690 1584 νς
2703 1555 2766 1584 46v.

2549 1866 2559 1876 ·
2574 1864 2625 1888 ΡοΙ.
2638 1871 2677 1894 47.

2565 3594 2612 3613 ent.
2622 3566 2663 3613 ‘ii’
2682 3589 2694 3612 ι

314 3600 415 3640 ipsam
435 3608 592 3642 quantum
608 3604 648 3635 ad
667 3613 758 3635 suam
774 3605 1041 3646 singularitatem
1065 3616 1264 3648 cognoscere
1278 3609 1383 3649 ipsam

315 3651 472 3684 quantum
495 3647 534 3678 ad
557 3657 649 3679 suam
672 3649 848 3686 materiam,
865 3656 911 3681 est
931 3651 1034 3691 ipsam
1059 3658 1219 3692 quantum
1234 3652 1274 3683 ad
1291 3662 1382 3685 suam

313 3688 563 3728 singularitatem
587 3702 794 3733 cognoscere.

1437 3610 1531 3651 ponit
1562 3609 1689 3646 falsum,
1713 3609 1837 3641 scilicet
1859 3607 1950 3650 quod
1979 3608 2103 3648 species
2125 3608 2160 3639 in
2183 3614 2294 3641 mente
2317 3609 2512 3641 substantiae
2539 3621 2719 3645 q.=.vu,·.=.n.

1437 3659 1602 3694 separatae
1623 3659 1842 3695 repraesentet
1864 3652 2105 3684 coniunctionis
2129 3653 2346 3694 contingentis
2369 3653 2512 3686 duratio-
2540 3649 2592 3673 Ἦ·

1438 3707 1513 3730 nem
1537 3704 1693 3740 tanquam
1711 3707 1781 3730 rem
1803 3702 2085 3738 repraesentatam.
2103 3697 2178 3729 Hoc
2193 3703 2303 3730 autem
2319 3704 2368 3730 est
2382 3698 2511 3730 idsum.
