2768 4134
835 278 1024 315 SUMMA
1053 279 1274 318 CONTRA
1302 281 1577 330 GENTILES,
1608 283 1719 321 CAP.
1740 285 1874 322 XLIX.

254 361 435 402 aliqualiter
458 359 643 400 praeexistit
657 359 692 390 in
707 368 765 389 sua
781 367 892 394 causa;
918 359 1027 398 quoad
1051 361 1227 392 secundam
1251 371 1327 393 vero

253 411 391 449 partem,
404 406 482 446 quia
493 414 594 436 omne
611 403 702 445 quod
717 408 766 434 est
780 403 813 434 in
830 402 941 444 aliquo
959 405 1051 435 estin
1065 415 1104 436 eo
1121 415 1178 446 per
1190 406 1327 437 modum

254 452 324 483 eius
347 451 382 481 in
406 459 475 491 quo
492 455 551 486 est,
567 449 657 480 Deus
673 453 782 484 autem
797 447 981 479 secundum
998 455 1147 484 naturam
1170 459 1264 488 snam
1281 456 1345 483 est·

253 495 490 528 intellectualis.

314 540 435 571 Tertio.
452 539 542 570 Deus
558 537 729 578 cognoscit
744 546 778 568 se
802 546 871 567 esse
888 546 1029 568 causam.
1054 538 1140 578 Ergo
1160 540 1329 579 cognoscit

254 585 435 627 aliqualiter
458 588 636 614 causatum.
661 582 748 622 Ergo
776 581 837 612 alia
861 591 878 611 a
902 591 949 612 se:
976 583 1052 622 quia
1075 592 1142 614 non
1163 589 1210 614 est
1233 594 1328 615 causa

253 631 304 662 sui
315 630 428 671 ipsius,
440 627 498 660 sed
513 627 650 659 alicuius
661 626 801 658 alterius.
817 644 840 648 -
855 626 1014 657 Probatur
1025 627 1228 658 antecedens.
1243 628 1328 667 Quia

254 675 457 716 quicumque
480 672 650 713 cognoscit
671 680 741 702 rem
757 671 910 711 aliquam,
928 672 1097 711 cognoscit
1120 673 1230 702 omnia
1246 683 1328 713 quae

254 720 295 751 de
317 719 372 750 illa
394 727 428 749 re
452 726 528 748 vere
543 722 682 757 possunt
698 715 763 746 dici
779 722 811 747 et
831 725 916 757 quae
940 716 969 746 ei
994 717 1194 747 conveniunt
1214 727 1328 748 secun—

254 764 335 796 dum
349 767 509 794 murram.
530 761 620 792 Deus
643 766 753 792 autem
773 762 917 802 seipsum
940 759 1082 801 perfecte
1098 763 1280 801 cognoscit;
1298 768 1330 794 et

253 807 437 842 seeundum
458 815 553 838 suam
576 813 724 839 naturam
749 806 902 838 convenit
925 805 985 837 sibi
1010 805 1103 846 quod
1125 806 1165 836 sit
1191 806 1330 838 aliorum

255 863 361 887 causa.
385 852 473 894 Ergo
497 857 559 884 etc.

310 897 406 930 Circa
429 902 634 938 assumptum
657 894 698 927 ad
721 895 949 938 probationem
973 894 1203 932 antecedentis,
1223 896 1329 927 consi—

254 941 435 975 derandum
458 941 551 983 quod
574 941 808 973 convenienter
823 939 946 971 addidit
961 939 1099 970 Sanctus
1122 939 1278 977 Thomas,
1300 946 1331 971 et

253 986 340 1030 'quae
361 989 392 1019 ei
414 986 614 1018 conveniunt
635 985 813 1017 secundum
837 989 1010 1016 naturam:
1029 985 1105 1025 quia
1128 994 1330 1025 cognoscens

253 1032 397 1075 perfecte
419 1032 563 1073 aliquan
588 1038 668 1068 rem,
698 1039 768 1062 non
796 1035 927 1070 oportet
955 1035 992 1060 ut
1019 1036 1197 1069 cognoscat
1220 1031 1331 1061 omnia

253 1078 442 1120 simplicitet
457 1086 543 1118 quae
557 1082 633 1109 nata
647 1080 725 1108 sunt
739 1075 800 1106 sibi
814 1085 834 1107 a
849 1084 947 1106 causa
961 1075 1139 1106 extrinseca
1156 1076 1331 1107 convenire

254 1129 287 1155 et
309 1132 385 1157 vere
408 1121 449 1157 de
472 1123 541 1164 ipsa
564 1120 629 1153 dici
659 1125 812 1163 possunt;
835 1118 892 1150 sed
914 1119 971 1150 illa
995 1124 1123 1151 tantum
1150 1129 1233 1160 quae
1257 1130 1331 1151 vere

253 1167 318 1206 dici
340 1172 478 1210 possunt
501 1164 542 1197 de
557 1166 626 1207 ipsa
646 1164 874 1196 convenientia
893 1163 953 1196 sibi
969 1163 1150 1195 secundum
1172 1170 1330 1196 naturam.

253 1213 391 1255 Propter
418 1209 510 1253 quod
537 1210 741 1242 conlunctim
769 1209 958 1250 accipienda
986 1214 1034 1239 est
1057 1209 1109 1239 illa
1137 1210 1330 1250 propositio,

253 1265 323 1290 non
346 1262 456 1288 autem
479 1252 618 1287 divisim.

308 1302 408 1333 cirea
423 1301 522 1340 ,illam
531 1300 808 1342 propositionem,
824 1299 896 1329 Deo
913 1299 1065 1329 convenit
1079 1299 1256 1330 secundum
1274 1308 1331 1330 na-

253 1348 366 1382 min
387 1351 424 1380 ut
444 1346 488 1376 sit
509 1345 655 1377 aliorum
678 1353 791 1379 causa,
806 1343 1040 1376 advertendum
1057 1343 1148 1384 quod
1167 1343 1332 1384 duplicem

253 1401 390 1431 sensim
409 1390 529 1423 habere
550 1395 670 1432 potest.
694 1389 788 1422 Unus
811 1394 861 1420 est
882 1394 920 1421 ut
941 1394 1055 1420 natura
1071 1388 1189 1425 divina,
1212 1388 1332 1420 forma·

253 1436 327 1473 liter
348 1441 491 1477 sumpta,
514 1435 556 1466 sit
582 1433 810 1467 immediatum
838 1433 1037 1474 principium
1065 1433 1191 1474 agendi.
1216 1433 1258 1464 Et
1279 1434 1332 1465 hic

253 1479 368 1514 sensus
389 1489 460 1511 non
483 1485 532 1511 est
553 1479 607 1511 hic
634 1479 790 1515 intentus,
814 1477 871 1509 sed
901 1484 949 1509 est
979 1477 1095 1509 falsus:
1125 1477 1333 1510 denotaretur

254 1522 345 1559 enim
366 1524 475 1557 Deum
498 1523 540 1556 de
563 1524 754 1556 necessitate
777 1529 912 1554 naturae
935 1531 1041 1563 agere,
1065 1532 1134 1554 non
1156 1532 1215 1564 per
1238 1523 1332 1554 intel-

252 1572 387 1606 lectum.
397 1587 422 1594 -
433 1569 537 1607 Alius,
553 1574 591 1600 ut
605 1570 801 1610 importetur
811 1567 1065 1600 fundamentum
1076 1573 1241 1599 remotum
1256 1577 1331 1599 cau-

252 1616 386 1650 talitatis
400 1623 472 1647 etse
486 1620 652 1647 naturam:
677 1615 762 1646 sicut
776 1614 803 1644 si
819 1613 1001 1645 diceremus
1023 1613 1194 1644 hominem
1216 1622 1332 1644 secun·

253 1661 336 1702 ψῃ
356 1666 506 1692 namram
528 1659 719 1700 intelligere,
741 1667 811 1690 non
835 1659 913 1700 quia
935 1664 1050 1690 natura
1073 1663 1105 1689 et
1132 1658 1270 1689 essentia
1293 1659 1333 1689 sit

253 1700 480 1760 {quodiam
491 1705 691 1747 principium
699 1703 940 1740 intellectionis,
951 1702 1008 1736 sed
1020 1703 1097 1744 quia
1109 1709 1156 1734 est
1167 1708 1332 1735 remotum

253 1746 454 1794 principium
477 1754 509 1780 et
541 1748 792 1781 fundamentum
817 1758 856 1780 ex
883 1757 953 1790 quo
980 1747 1078 1779 habet
1101 1749 1137 1779 ut
1164 1747 1331 1788 intelligat.

253 1796 297 1831 Et
317 1796 372 1828 hic
394 1804 508 1826 sensus
524 1800 572 1826 est
588 1803 693 1831 verus,
711 1800 744 1826 et
766 1794 819 1825 hic
835 1804 854 1824 a
877 1794 998 1826 Sancto
1022 1793 1154 1824 Thoma
1175 1793 1330 1824 intentus.

253 1832 356 1882 Qiiod
378 1841 468 1871 enim
491 1839 581 1871 Deus
604 1840 646 1870 sit
668 1848 766 1870 causa
789 1839 939 1870 omnium
962 1838 1102 1870 aliorum
1125 1847 1184 1879 per
1205 1838 1330 1869 intelle-

253 1892 356 1923 ctam.
379 1884 535 1917 convenit
557 1885 617 1916 sibi
640 1893 680 1916 ex
707 1882 908 1925 perfectione
935 1892 1013 1915 suae
1034 1888 1170 1915 natiuae
1191 1883 1331 1924 origina-

253 1932 327 1969 liter
349 1935 382 1963 et
403 1928 699 1962 fundamentaliter.

265 1999 268 2001 Α
309 1974 502 2008 Notandum
524 1974 623 2005 etiam
638 1971 730 2014 quod
745 1973 826 2004 haec
844 1973 927 2005 ratio
943 1971 1050 2004 differt
1072 1982 1091 2002 a
1113 1973 1231 2013 prima:
1253 1973 1330 2013 quia

253 2021 288 2052 in
311 2020 372 2051 ista
387 2017 610 2050 consideratur
624 2018 726 2048 virtus
742 2026 858 2048 causae
881 2025 958 2048 cum
980 2016 1169 2048 habitudine
1192 2016 1233 2047 ad
1253 2016 1330 2048 effe—

255 2069 356 2101 ctum,
381 2063 472 2105 quod
488 2062 582 2094 datur
596 2061 734 2103 intelligi
757 2071 834 2094 cum
857 2060 976 2093 dicitur
999 2061 1107 2092 Deum
1131 2069 1330 2102 cognoscere

254 2117 291 2142 se
323 2118 394 2141 esse
421 2116 570 2144 causam;
597 2108 632 2139 in
660 2108 765 2148 prima
793 2111 903 2138 autem
931 2106 1155 2138 consideratur
1182 2106 1331 2137 absolute

254 2156 355 2187 vinus
378 2159 413 2185 et
433 2152 592 2195 perfectio
615 2161 742 2184 caune.

309 2199 349 2230 11.
373 2198 423 2230 Ex
444 2199 506 2230 hac
529 2197 743 2230 conclusione
759 2202 792 2228 et
807 2195 1015 2238 praecedenti
1030 2195 1202 2227 deducitur
1224 2195 1332 2227 corol-

253 2244 332 2275 larie
347 2242 439 2284 quod
462 2243 552 2273 Deus
574 2242 714 2283 seipsum
737 2241 909 2283 cognoscit
927 2245 1083 2281 tanquam
1101 2241 1212 2282 primo
1229 2246 1260 2272 et
1269 2250 1332 2282 per

253 2297 290 2320 se
312 2293 437 2324 notum,
461 2287 530 2320 alia
554 2297 632 2318 vero
655 2287 741 2318 sicut
762 2286 796 2316 in
820 2285 959 2316 essentia
982 2295 1044 2316 sua
1067 2285 1146 2316 visa.

265 2335 269 2337 '
291 2331 412 2375 *Quod
436 2332 684 2364 etauctoritate
707 2330 868 2373 Dionysii,
891 2339 936 2362 vn
959 2339 1029 2371 cap.
1054 2329 1095 2361 de
1121 2329 1197 2360 Div.
1222 2329 1331 2366 Nom„

255 2377 476 2410 confirmatur.
500 2377 543 2408 Et
565 2377 600 2408 in
625 2376 756 2407 Psalmo
785 2374 915 2407 dicitur:
940 2375 1116 2416 Prospexit
1140 2374 1181 2405 de
1203 2375 1332 2406 excelso

254 2428 370 2456 saneto
392 2432 465 2458 suo,
489 2422 582 2463 quasi
604 2421 647 2453 de
670 2422 779 2462 seipso
802 2421 864 2452 alia
886 2418 1009 2451 videns.

310 2468 364 2502 111.
389 2467 485 2499 Circa
498 2466 707 2498 corollarium
727 2465 824 2503 istud.
841 2471 872 2496 et
884 2466 982 2496 etiam
1002 2465 1262 2501 conclusionem,
1277 2473 1334 2495 oc-

256 2514 355 2546 currit
377 2511 528 2544 dubium:
554 2511 727 2553 quomodo
751 2510 813 2542 alia
834 2510 925 2541 Deus
947 2510 982 2541 in
1005 2510 1113 2551 seipso
1136 2515 1263 2541 tantum
1286 2509 1333 2540 vi-

256 2557 345 2595 deat3
371 2566 448 2588 cum
471 2565 522 2588 res
543 2555 684 2587 habeant
703 2565 774 2587 esse
793 2554 833 2586 ab
853 2555 926 2597 ipso
950 2553 1149 2590 distinctum,
1167 2560 1199 2585 et
1221 2554 1333 2585 huius-

255 2600 347 2634 modi
369 2602 404 2632 in
427 2601 492 2632 alio
515 2609 714 2642 cognoscere
737 2601 778 2631 sit
799 2599 990 2640 imperfecte
1014 2607 1223 2640 cognoscere.

262 2663 265 2667 ·
313 2656 343 2678 2.
368 2645 421 2677 Ad
442 2646 541 2677 huius
563 2644 760 2676 evidentiam
786 2644 1061 2675 considerandum
1085 2643 1176 2685 quod
1199 2642 1333 2674 effectus

257 2691 369 2728 divini,
385 2696 422 2722 ut
436 2690 554 2722 dicitur
574 2690 685 2727 Ver-it„
701 2698 735 2731 q.
749 2699 816 2726 vm,
833 2699 862 2720 a.
878 2698 911 2728 4,
926 2698 996 2721 non
1011 2690 1220 2720 continentur
1234 2689 1269 2719 in
1285 2687 1332 2718 di·

256 2737 331 2770 vina
347 2736 484 2768 essentia
499 2736 584 2767 sicut
604 2744 714 2766 rerum
727 2735 886 2775 imagines
903 2735 937 2766 in
953 2734 1089 2776 speculo
1109 2734 1331 2764 continentur:

257 2783 335 2824 quia
358 2790 442 2823 quae
466 2780 674 2812 continentur
696 2780 730 2810 in
746 2779 882 2820 speculo
901 2779 1051 2810 distincta
1074 2784 1150 2809 sunt
1168 2783 1200 2809 et
1222 2777 1332 2808 multi-

256 2823 364 2868 plicia,
388 2825 515 2857 realiter
536 2825 620 2856 inter
635 2834 670 2855 se
693 2822 936 2854 distinctionem
954 2823 1105 2855 habentia
1124 2823 1157 2853 in
1181 2821 1331 2863 specu103

257 2871 391 2904 effectus
414 2875 524 2902 autem
547 2869 647 2900 divini
663 2877 731 2899 non
748 2869 956 2899 continentur
972 2867 1098 2899 divisim
1123 2873 1155 2898 et
1176 2866 1332 2907 multipli-

257 2916 336 2948 citer
358 2916 392 2947 in
416 2914 524 2946 divina
547 2914 696 2945 essentia.
718 2912 783 2944 Sed
806 2913 1015 2944 continentur
1037 2913 1120 2943 sicut
1143 2911 1275 2943 effectus
1298 2911 1332 2941 in

257 2967 356 2992 causa
377 2969 436 3002 per
458 2961 590 2991 unicam
611 2959 766 2989 virtutem
781 2958 894 2988 omnia
910 2958 1127 2998 producente:
1151 2957 1185 2987 in
1202 2965 1269 2996 qua
1285 2955 1333 2987 ef-

257 3005 363 3038 fectus
385 3014 455 3037 non
469 3010 547 3036 sunt
570 3003 698 3035 divisim
721 3009 753 3034 et
776 3002 1009 3043 multipliciter,
1032 3001 1090 3034 sed
1112 3001 1203 3032 unite
1218 3001 1253 3031 in
1268 3010 1333 3032 una

257 3051 376 3082 virtute
399 3059 516 3081 omnes
531 3049 713 3080 eminenter
729 3048 928 3084 continente.
945 3047 989 3078 ita
1005 3046 1096 3088 quod
1120 3055 1235 3077 omnes
1258 3050 1334 3076 sunt

257 3096 327 3137 ipsa
350 3095 450 3126 virtus
473 3093 675 3125 indivisibilis
691 3098 722 3124 et
737 3091 884 3133 simplex.
909 3091 986 3122 Ideo
1010 3100 1209 3132 cognoscere
1225 3089 1333 3121 Deum

257 3149 308 3172 res
331 3140 365 3171 in
389 3149 447 3171 sua
470 3138 607 3170 essentia
635 3147 703 3168 non
728 3142 776 3168 est
797 3136 906 3168 videre
935 3145 988 3167 eas
1016 3136 1100 3167 sicut
1128 3136 1162 3166 in
1186 3134 1332 3176 speculo,

259 3184 350 3226 quod
374 3191 422 3215 est
443 3183 553 3215 videre
570 3192 622 3214 eas
639 3192 716 3214 cum
733 3180 873 3222 quadam
893 3180 1101 3212 distinctione
1124 3181 1280 3211 existente
1298 3180 1333 3210 in

259 3239 300 3261 eo
315 3231 351 3261 in
366 3239 435 3270 quo
450 3228 619 3260 videntur:
640 3227 697 3258 sed
712 3232 761 3258 est
775 3226 885 3257 videre
900 3235 955 3257 eas
970 3226 1055 3257 sicut
1068 3226 1103 3256 in
1119 3234 1226 3261 causa,
1241 3223 1334 3265 quod

259 3279 308 3306 est
329 3274 439 3306 videre
463 3283 516 3305 eas
539 3274 573 3305 in
597 3282 663 3305 una
684 3271 870 3304 indivisibili
894 3271 1033 3302 essentia
1055 3271 1165 3302 omnia
1189 3270 1279 3301 unite
1302 3274 1335 3300 et

259 3320 440 3352 eminenter
452 3319 641 3350 continente
653 3322 685 3349 et
697 3317 808 3348 omnia
821 3315 1053 3358 perfectissime
1063 3319 1333 3355 repraesentante.

259 3362 301 3396 Et
324 3365 352 3396 si
366 3362 552 3408 ¹aliquando
575 3362 758 3399 inveniatur
781 3372 798 3392 a
826 3361 943 3392 sanctis
970 3359 1095 3391 dictum
1118 3356 1261 3390 divinam
1285 3368 1333 3390 es-

258 3409 396 3440 sentiam
413 3418 482 3440 esse
506 3407 688 3449 speculum,
712 3405 958 3446 intelligendum
975 3410 1022 3436 est
1046 3409 1204 3445 quantum
1221 3402 1261 3434 ad
1277 3403 1333 3434 ali-

2379 287 2448 334 143

1382 361 1471 402 quid,
1488 363 1684 404 inquantum
1698 365 1819 395 scilicet
1834 366 1867 395 in
1885 375 1921 396 ea
1941 365 2091 397 videntur
2111 367 2236 397 omnia:
2254 377 2322 398 non
2342 372 2450 398 autem

1383 412 1542 449 quantum
1566 407 1606 438 ad
1629 408 1766 439 modum
1790 410 1946 440 existendi
1969 420 2076 441 rerum
2099 412 2132 441 in
2156 412 2301 452 speculo.

1402 461 1406 464 ’
1426 451 1469 482 ·3.
1483 451 1551 483 Sed'
1562 451 1734 493 dupliciter
1748 458 1856 493 potest
1864 453 2004 495 *intelligi
2016 455 2076 485 alia
2091 465 2110 485 a
2123 456 2193 486 Deo
2206 457 2239 487 in
2252 458 2323 497 ipso
2339 456 2449 489 videri.

1382 495 1458 526 Uno
1474 496 1587 533 modo,
1603 502 1640 527 ut
1656 497 1825 528 videantur
1840 507 1890 528 res
1904 499 1938 528 in
1954 498 2061 529 divina
2077 501 2212 531 essentia
2224 502 2331 533 solum
2348 511 2451 543 quan-

1382 546 1453 571 tum
1476 540 1518 572 ad
1541 551 1610 572 esse
1634 541 1725 581 quod
1747 542 1781 572 in
1804 543 1874 582 ipsa
1897 542 2025 573 habent.
2050 543 2091 574 Et
2114 545 2159 575 sic
2182 555 2250 576 non
2272 547 2449 587 accipimus

1382 585 1448 616 hic:
1475 586 1561 626 quia,
1586 595 1663 616 curn
1685 586 1765 617 illud
1789 595 1858 618 esse
1873 596 1981 617 rerum
1996 588 2077 618 nihil
2093 588 2180 620 aliud
2204 591 2244 620 sit
2266 600 2364 631 quam
2381 601 2449 622 esse

1383 629 1540 667 divinum,
1565 639 1762 671 cognoscere
1791 631 1837 661 sic
1864 640 1914 661 res
1942 637 2027 662 esset
2056 631 2201 664 divinum
2232 639 2357 666 tantum
2381 646 2449 667 esse

1383 684 1591 714 cognoscere.
1608 693 1631 698 —-
1646 675 1722 706 Alio
1745 675 1859 711 modo,
1882 682 1918 706 ut
1940 676 1975 706 in
1998 677 2067 716 ipsa
2091 676 2198 708 divina
2222 680 2358 710 essentia
2381 691 2448 712 non

1383 720 1490 750 solum
1514 719 1661 750 videatur
1680 729 1748 750 esse
1763 729 1872 750 rerum
1888 720 1978 760 quod
2001 721 2035 751 in
2051 722 2119 761 ipsa
2134 722 2262 759 habent,
2279 723 2335 754 sed
2353 726 2448 756 etiam

1383 773 1452 795 esse
1476 763 1568 804 quod
1590 763 1854 805 unumquodque
1876 765 1912 795 in
1926 765 2034 805 seipso
2057 766 2163 802 habet,
2186 768 2380 807 inquantum
2402 769 2449 800 di-

1381 809 1456 839 vina
1479 809 1616 840 essentia
1638 818 1744 840 rerum
1769 810 1929 846 omnium,
1946 815 2106 850 quantum
2121 810 2161 842 ad
2184 813 2295 843 omnia
2317 814 2450 853 quaein

1381 854 1459 894 ipsis
1482 859 1567 890 sunt,
1585 859 1632 884 est
1648 863 1795 895 expressa
1810 854 2002 886 similitudo:
2019 855 2111 892 sicut,
2136 857 2162 887 si
2177 857 2284 897 imago
2297 866 2384 898 quae
2403 863 2451 888 est

1382 898 1415 928 in
1438 898 1572 938 speculo
1597 903 1847 940 repraesentaret
1873 899 1984 930 omnia
2008 909 2091 940 quae
2114 905 2190 931 sunt
2215 902 2248 931 in
2272 910 2306 932 re
2328 906 2361 932 et
2383 895 2450 932 esse

1382 943 1572 983 particulare
1596 943 1687 984 quod
1702 944 1799 974 habet
1813 953 1863 975 res
1878 943 1912 974 in
1929 953 1973 980 se,
1990 954 2028 974 ex
2051 945 2175 976 visione
2197 945 2282 976 illius
2304 946 2451 986 imaginis

1382 987 1546 1018 videretur
1567 989 1663 1019 etiam
1686 998 1736 1019 res
1759 990 1828 1029 ipsa
1850 988 2003 1029 perfecte.

1439 1033 1488 1063 Ex
1500 1042 1568 1074 quo
1578 1033 1725 1073 sequitur
1736 1033 1828 1073 quod
1842 1033 2014 1074 dupliciter
2029 1039 2137 1074 potest
2151 1034 2345 1066 considerari
2360 1033 2452 1075 quod

1384 1077 1424 1107 ab
1447 1078 1610 1118 aliquibus
1632 1077 1759 1115 dicitur,
1783 1078 1891 1109 Deum
1915 1088 1966 1110 res
1992 1078 2069 1110 alias
2096 1079 2273 1119 intelligere
2296 1079 2451 1110 termina-

1384 1122 1457 1154 tive.
1482 1123 1558 1154 Uno
1581 1122 1695 1159 modo,
1719 1129 1755 1154 ut
1777 1122 1865 1154 idem
1894 1124 1935 1154 sit
1963 1123 2053 1164 quod
2078 1124 2278 1156 intellectum
2305 1124 2450 1156 divinum

1385 1165 1512 1198 extendi
1528 1177 1585 1198 sua
1601 1167 1729 1198 actione
1752 1167 1792 1198 ad
1808 1177 1876 1198 esse
1892 1177 2000 1198 rerum
2024 1168 2114 1209 quod
2138 1169 2171 1200 in
2194 1170 2306 1210 seipsis
2320 1169 2450 1205 habent,

1385 1212 1451 1242 sive
1467 1213 1530 1242 hoc
1546 1213 1586 1242 sit
1602 1211 1786 1243 immediate
1803 1213 1868 1243 sive
1881 1212 2029 1243 mediate.
2043 1213 2084 1243 Et
2099 1213 2145 1244 sic
2157 1223 2268 1245 verum
2282 1219 2329 1245 est
2343 1214 2451 1254 ipsum

1385 1257 1562 1297 intelligere
1585 1266 1635 1287 res
1657 1257 1870 1288 terminative.
1886 1274 1911 1279 ——
1925 1257 2000 1288 Alio
2015 1257 2128 1294 mode,
2145 1263 2181 1289 ut
2195 1258 2283 1290 idem
2306 1259 2346 1289 sit
2361 1259 2451 1299 quod

1385 1301 1571 1332 immediate
1586 1302 1696 1342 ipsum
1712 1301 1752 1332 ad
1761 1311 1811 1332 res
1822 1302 1986 1332 terminari
2000 1302 2180 1334 secundum
2193 1303 2285 1344 quod
2295 1304 2329 1334 in
2339 1304 2451 1344 seipsis

1385 1352 1470 1382 sunt,
1493 1346 1537 1377 ita
1559 1346 1651 1387 quod
1673 1356 1742 1377 non
1769 1346 1914 1378 videatur
1941 1356 2010 1377 esse
2034 1357 2146 1379 earum
2174 1349 2208 1379 in
2231 1350 2295 1380 alio
2318 1350 2451 1389 cognito

1385 1391 1419 1422 in
1442 1400 1510 1432 quo
1534 1397 1822 1433 repraesententur.
1838 1391 1879 1422 Et
1895 1391 1940 1422 sic
1955 1401 2024 1423 non
2039 1392 2188 1433 intelligit
2205 1403 2258 1424 eas
2280 1393 2370 1424 Deus
2390 1399 2452 1424 ter·

1385 1436 1553 1467 minative:
1579 1437 1655 1476 quia
1681 1435 1722 1466 ad
1745 1445 1798 1466 eas
1820 1441 1856 1466 ut
1879 1436 1912 1466 in
1941 1437 2053 1476 seipsis
2075 1443 2151 1468 sunt
2173 1447 2242 1468 non
2264 1438 2453 1469 terminatur

1385 1479 1447 1511 nisi
1470 1479 1662 1512 secundario
1678 1485 1710 1511 et
1723 1489 1781 1520 per
1796 1479 1938 1510 divinam
1954 1482 2135 1518 essentiam,
2159 1482 2192 1512 in
2217 1492 2281 1523 qua
2303 1481 2452 1514 videntur

1384 1530 1540 1566 tanquam
1563 1534 1623 1566 per
1644 1525 1748 1565 ipsam
1770 1530 2034 1565 repraesentatae.

1441 1579 1474 1609 4.
1489 1569 1592 1609 Quod
1606 1576 1715 1601 autem
1731 1569 1857 1600 videtur
1880 1569 1986 1601 dicere
2008 1569 2206 1607 Aristoteles,
2222 1570 2280 1601 XII
2297 1571 2451 1611 Metaph„

1385 1620 1462 1646 text.
1480 1615 1516 1646 51
1533 1616 1561 1651 ⁵,
1585 1614 1694 1646 Deum
1714 1615 1857 1655 seipsum
1880 1619 2006 1646 tantum
2027 1624 2225 1655 cognoscere
2248 1621 2281 1646 et
2302 1625 2370 1646 non
2393 1616 2454 1646 alia

1386 1665 1472 1691 extra
1495 1669 1540 1696 se,
1564 1669 1632 1690 non
1649 1660 1764 1690 obstat.
1780 1659 1905 1690 Dicitur
1928 1660 2016 1690 enim
2033 1659 2124 1700 quod
2146 1660 2254 1690 Deum
2278 1660 2454 1700 intelligere

1384 1703 1507 1746 aliquid
1531 1709 1617 1735 extra
1632 1714 1667 1735 se
1683 1703 1812 1735 duobus
1830 1702 1936 1734 modis
1951 1710 2060 1745 potest
2082 1704 2227 1745 intelligi.
2250 1703 2326 1735 Uno
2341 1704 2454 1741 modo,

1385 1749 1463 1791 quia
1485 1747 1635 1791 intelligit
1656 1748 1690 1780 id
1713 1748 1804 1790 quod
1827 1754 1874 1779 est
1890 1748 1977 1780 aliud
1999 1749 2039 1780 ab
2055 1749 2138 1790 ipso.
2161 1748 2204 1780 Et
2226 1749 2272 1779 sic
2295 1749 2384 1780 Deus
2406 1750 2455 1780 in—

1383 1793 1498 1835 telligit
1514 1792 1637 1834 aliquid
1652 1798 1739 1825 extra
1755 1803 1800 1825 se.
1816 1811 1839 1815 -
1854 1793 1929 1824 Alio
1953 1793 2066 1830 modo,
2084 1793 2160 1834 quia
2184 1794 2352 1834 cognoscit
2368 1793 2455 1826 aliud

1384 1849 1403 1870 a
1425 1848 1460 1870 se
1482 1839 1590 1879 primo
1613 1843 1646 1869 et
1667 1847 1726 1879 per
1743 1848 1788 1875 se,
1804 1848 1873 1869 non
1888 1844 1998 1870 autem
2020 1839 2055 1869 in
2070 1839 2143 1879 ipso
2160 1839 2243 1869 Deo.
2267 1839 2309 1870 Et
2323 1840 2369 1870 sic
2385 1849 2452 1871 non

1383 1883 1533 1924 intelligit
1543 1882 1667 1924 aliquid
1681 1889 1768 1914 extra
1783 1892 1828 1920 se,
1844 1882 1901 1915 sed
1916 1893 2016 1915 omne
2031 1883 2122 1924 quod
2132 1884 2301 1924 cognoscit
2313 1883 2454 1916 videndo

1385 1929 1556 1960 essentiam
1579 1937 1672 1960 suam
1694 1928 1853 1968 intelligit.
1877 1928 1919 1959 Et
1941 1929 1987 1960 sic
2009 1928 2166 1960 intellexit
2188 1929 2386 1960 Aristoteles.

1440 1972 1541 2011 Quod
1564 1973 1661 2004 etiam
1691 1972 1817 2003 videtur
1848 1972 1930 2003 velle
1959 1972 2080 2004 ibidem
2110 1971 2338 2013 Philosophus,
2363 1971 2453 2014 quod

1384 2016 1566 2048 intellectus
1589 2016 1716 2047 divinus
1739 2017 1905 2047 vilesceret
1927 2017 1953 2047 si
1977 2022 2188 2057 cognosceret
2211 2026 2248 2047 ea
2271 2027 2355 2059 quae
2378 2022 2453 2048 sunt

1383 2059 1466 2091 infra
1489 2070 1534 2098 se,
1557 2060 1746 2102 intelligitur
1768 2061 1922 2096 similiter,
1939 2061 1965 2091 si
1988 2061 2042 2092 illa
2065 2068 2276 2102 cognosceret
2297 2067 2451 2102 tanquam

1384 2106 1527 2146 primum
1551 2110 1583 2137 et
1605 2115 1664 2146 per
1685 2115 1720 2136 se
1743 2106 1919 2141 obiectum,
1943 2115 1978 2136 se
2001 2110 2110 2137 autem
2133 2115 2200 2136 non
2229 2112 2449 2147 cognosceret.

1385 2150 1482 2182 Tunc
1505 2151 1593 2182 enim
1615 2151 1760 2191 cognitio
1784 2150 1846 2182 Dei
1867 2151 2092 2182 terminaretur
2117 2149 2159 2182 ad
2180 2150 2243 2182 vile
2266 2152 2449 2183 obiectum:

1385 2195 1594 2236 intelligentia
1617 2204 1694 2226 vero
1716 2204 1855 2226 movens
1869 2195 1983 2226 orbem
1997 2195 2188 2236 intelligeret
2202 2195 2310 2236 ipsum
2333 2197 2451 2232 Deum,

1386 2240 1478 2281 quod
1501 2246 1549 2272 est
1572 2240 1810 2271 nobilissimum
1838 2241 2018 2280 cognitum.
2046 2240 2087 2270 Et
2110 2239 2155 2270 sic
2178 2240 2381 2272 vilificaretur
2403 2242 2452 2272 in-

1385 2285 1534 2317 tellectus
1557 2284 1695 2322 divinus,
1711 2283 1790 2316 dum
1814 2283 1855 2314 ad
1877 2293 1927 2315 res
1950 2283 2128 2321 inferiores,
2147 2287 2371 2325 praetermisso
2393 2295 2452 2316 no-

1386 2329 1543 2361 bilissimo
1567 2334 1653 2366 ente,
1677 2330 1910 2360 terminaretur.
1935 2346 1956 2350 -
1978 2329 2070 2360 Patet
2097 2330 2162 2360 hoc
2189 2339 2258 2362 esse
2282 2330 2322 2362 de
2344 2335 2453 2361 mente

1386 2375 1569 2406 Aristotelis
1592 2374 1723 2411 ibidem,
1748 2375 1824 2415 quia
1846 2373 1925 2404 illud
1949 2373 2026 2404 dixit
2045 2374 2273 2415 respondendo
2292 2375 2332 2406 ad
2356 2385 2453 2416 quae-

1386 2421 1528 2452 stionem
1541 2420 1632 2451 illam
1646 2428 1711 2460 qua
1727 2418 1940 2460 quaerebatur
1955 2423 2064 2450 utrum
2080 2426 2257 2459 cognoscat
2271 2429 2306 2451 se
2321 2429 2362 2451 an
2382 2420 2452 2450 alia.

1387 2465 1429 2498 Et
1451 2464 1628 2506 respondet
1641 2463 1734 2506 quod
1755 2474 1824 2495 non
1847 2464 2016 2504 cognoscit
2030 2464 2101 2500 alia,
2118 2464 2239 2496 scilicet
2260 2465 2378 2501 solum,
2398 2463 2455 2495 sed

1387 2510 1558 2552 cognoscit
1571 2519 1606 2540 se
1621 2515 1777 2551 tanquam
1792 2509 1899 2550 primo
1914 2509 2093 2548 cognitum,
2110 2515 2186 2540 etc.:
2203 2510 2290 2550 quia,
2305 2511 2332 2540 si
2347 2509 2455 2540 solum

1387 2555 1448 2586 alia
1471 2565 1489 2586 a
1512 2564 1546 2585 se
1562 2558 1783 2596 cognosceret,
1800 2553 1943 2593 cognitio
1960 2563 2017 2583 sua
2033 2553 2103 2584 vilis
2119 2559 2202 2585 esset
2216 2554 2298 2584 inter
2321 2554 2454 2585 aliarum

1386 2599 1670 2639 intelligentiarum
1694 2597 1908 2638 cognitiones.
1924 2616 1947 2619 —
1962 2597 2072 2628 Potest
2096 2599 2192 2629 etiam
2215 2597 2279 2629 dici
2303 2597 2403 2639 quod,
2428 2599 2455 2630 si

1386 2643 1578 2684 intelligeret
1600 2643 1661 2674 alia
1683 2652 1702 2673 a
1724 2652 1759 2673 se
1781 2650 1839 2683 per
1861 2642 2077 2673 mutationem
2100 2642 2140 2673 ab
2162 2642 2381 2674 intellectione
2404 2643 2454 2673 sui

1386 2689 1426 2719 ad
1456 2689 1595 2719 aliorum
1622 2687 1888 2723 intellectionem‚
1918 2687 2034 2726 utique
2061 2687 2242 2718 vilesceret:
2273 2688 2350 2727 quia
2375 2692 2453 2718 tunc

1386 2734 1532 2765 transiret
1546 2733 1586 2763 ab
1602 2742 1643 2764 eo
1660 2731 1752 2772 quod
1766 2737 1814 2763 est
1833 2731 1975 2763 nobilius
1990 2730 2031 2762 ad
2048 2731 2083 2762 id
2101 2731 2192 2772 quod
2207 2737 2255 2763 est
2268 2731 2452 2772 ignobilius.

1444 2778 1473 2808 5.
1498 2776 1550 2808 Ad
1572 2776 1709 2808 dubium
1725 2786 1802 2818 ergo
1826 2776 1942 2808 dicitur
1964 2775 2066 2816 quod,
2089 2777 2236 2817 quamvis
2258 2785 2318 2813 res,
2339 2785 2453 2807 secun-

1386 2822 1466 2853 dum
1482 2821 1573 2863 quod
1596 2823 1630 2853 in
1646 2821 1758 2862 seipsis
1773 2827 1858 2857 sunt,
1875 2820 2013 2851 habeant
2036 2830 2104 2851 esse
2129 2819 2315 2852 distinctum
2331 2830 2349 2851 a
2370 2819 2452 2855 Deo,

1385 2876 1454 2898 non
1477 2872 1587 2898 tamen
1611 2867 1687 2908 quia
1709 2864 1859 2897 videntur
1887 2866 1921 2896 in
1949 2864 2057 2896 divina
2087 2866 2235 2901 essentia,
2258 2863 2452 2906 imperfecto

1386 2911 1488 2943 modo
1512 2910 1672 2943 videntur.
1697 2910 1840 2949 Quando
1870 2911 1957 2941 enim
1987 2909 2108 2952 aliquid
2138 2909 2264 2940 videtur
2285 2910 2318 2940 in
2343 2909 2452 2949 aliquo

1385 2955 1618 2998 perfectissime
1633 2957 1742 2996 ipsum
1758 2960 1917 2996 quantum
1933 2954 1974 2985 ad
1989 2955 2100 2986 omnia
2122 2959 2389 2995 repraesentante,
2411 2955 2454 2984 ita

1387 3001 1479 3042 quod
1500 3010 1559 3042 per
1580 3002 1690 3042 ipsum
1707 3000 1788 3032 illud
1810 2999 2001 3031 secundario
2017 3000 2205 3031 terminatur
2227 2999 2267 3030 ad
2290 3008 2360 3030 esse
2379 3008 2454 3039 pro-

1386 3047 1496 3088 prium
1518 3046 1574 3083 rei,
1598 3051 1678 3076 tunc
1700 3055 1768 3076 non
1792 3045 2000 3085 cognoscitur
2022 3044 2225 3085 imperfecte:
2244 3045 2359 3079 immo,
2381 3052 2454 3083 per-

1386 3091 1570 3122 fectissime.
1587 3089 1651 3122 Sed
1666 3090 1749 3121 bene
1764 3088 1954 3131 imperfecte
1977 3094 2228 3130 cognosceretur
2251 3089 2277 3118 si
2296 3092 2351 3118 aut
2374 3085 2454 3118 illud

1386 3145 1455 3167 non
1472 3141 1555 3166 esset
1570 3135 1640 3166 eius
1655 3133 1798 3175 perfecta
1813 3133 2006 3170 similitudo;
2022 3138 2077 3164 aut
2091 3134 2125 3164 in
2141 3134 2210 3174 ipsa
2225 3137 2350 3163 tantum
2366 3131 2453 3162 simi-

1386 3179 1523 3212 litudine
1538 3180 1662 3211 sisteret
1675 3180 1822 3215 intuitus,
1838 3184 1871 3210 et
1885 3177 1926 3209 ad
1940 3188 2008 3210 rem
2021 3179 2124 3218 ipsam
2138 3187 2207 3208 non
2220 3177 2452 3207 terminaretur.

1442 3224 1689 3256 Advertendum
1708 3229 1827 3260 tamen,
1843 3232 1920 3254 curn
1935 3223 2052 3254 dicitur
2071 3222 2212 3253 divinam
2233 3221 2454 3261 cognitionem

1386 3270 1551 3302 terminari
1564 3269 1762 3303 secundario
1778 3268 1820 3299 ad
1833 3278 1894 3305 res,
1910 3267 2001 3308 quod
2022 3276 2081 3308 per
2095 3267 2160 3298 hoc
2174 3276 2242 3299 non
2257 3265 2455 3298 intendimus

1386 3324 1510 3356 ponere
1533 3314 1681 3346 ordinem
1703 3314 1738 3345 in
1760 3314 1829 3354 ipsa
1857 3313 2044 3354 cognitione
2072 3311 2179 3343 divina
2201 3309 2381 3342 secundum
2408 3319 2453 3345 se,

1386 3358 1444 3390 sed
1459 3365 1586 3391 tantum
1601 3360 1685 3390 inter
1700 3358 1840 3399 cognita.
1855 3357 1896 3388 Et
1912 3363 1959 3389 est
1979 3366 2091 3388 sensus
2108 3354 2198 3396 quod
2218 3365 2268 3386 res
2284 3354 2363 3386 aliae
2379 3359 2454 3386 sunt

1386 3402 1578 3435 secundario
1602 3403 1728 3433 obiecta
1751 3402 1877 3433 divinae
1901 3401 2104 3442 cognitionis.

1092 3563 1628 3596 *ww-*—

2481 1616 2490 1625 ·
2511 1615 2536 1637 S.
2553 1615 2598 1636 Th.
2622 1615 2636 1636 Ι.
2660 1622 2692 1641 ιι;

2482 1641 2534 1663 Did.
2550 1641 2630 1668 Xl,1x‚
2640 1647 2661 1669 2,
2672 1648 2690 1670 3.
