2768 4134
49 1967 58 1976 ¹
74 1965 131 1992 Cap.
144 1971 190 1991 xvi,
207 1971 230 1986 n.
242 1972 262 1986 v.

51 2593 59 2602 '
70 2592 153 2618 1)ist.=,
162 2598 185 2620 q.
195 2598 213 2617 ις
226 2591 261 2613 cd.

52 2625 114 2646 ¹497,
130 2619 145 2641 f.
156 2624 196 2645 av.
212 2625 248 2647 3r.

297 322 371 358 312

295 399 452 440 quaedam
483 397 650 427 renovatio
683 395 933 435 dispositionum
963 393 1034 424 fiat:
1067 393 1157 434 quod
1181 394 1249 422 sine
1273 397 1366 422 motu

295 453 362 474 esse
386 452 453 472 non
478 447 594 482 potest.

349 488 401 517 Vl.
424 486 542 516 Tertio.
559 485 695 516 Nullum
719 493 838 524 corpus
861 489 928 514 tota
952 493 1010 513 sua
1026 482 1201 513 substantia
1217 482 1291 521 agit,
1308 481 1367 511 etsi

293 538 397 562 totum
415 536 495 571 agat.
521 530 607 570 Ergo
630 535 733 560 totam
753 529 962 559 substantiam
979 529 1023 558 rei
1040 537 1105 558 non
1123 532 1230 567 potest
1246 525 1366 566 produ-

294 586 374 606 cere.
400 576 485 615 Ergo
510 584 577 605 non
601 580 709 615 potest
725 583 841 604 creare.
858 592 880 595 -
897 573 1016 604 Ultima
1032 571 1264 611 consequentia
1280 575 1368 610 patet

294 631 331 651 ex
354 621 478 650 ratione
503 620 683 650 creationis.
706 637 729 641 -
750 618 956 649 Antecedens
984 626 1061 647 vero
1092 617 1254 656 probatur.
1281 614 1366 652 Quia

293 666 318 695 si
341 671 408 695 tota
431 674 489 695 sua
512 665 687 695 substantia
703 669 820 703 ageret,
837 668 942 693 totum
968 668 1050 692 esset
1073 661 1192 691 forma:
1218 669 1258 690 eo
1276 659 1365 699 quod

293 718 390 740 omne
407 718 504 750 agens
521 715 592 750 agat
607 718 665 750 per
681 708 829 739 formam.
847 707 947 745 Quod
963 712 1011 737 est
1026 706 1158 736 falsum:
1177 714 1252 734 curn
1269 705 1366 734 etiam

293 755 407 785 habeat
430 755 607 785 materiam.

348 800 455 830 Prima
479 800 575 830 etiam
599 798 831 838 consequentia
855 797 1019 837 probatur.
1045 794 1130 832 Quia
1161 803 1228 824 non
1260 798 1368 834 potest
1393 810 1394 816 κ

293 853 361 874 esse
384 843 613 884 productivum
642 843 741 873 totius
771 841 965 872 substantiae
996 839 1070 870 facti
1093 838 1183 879 quod
1207 847 1275 868 non
1299 843 1366 868 tota
1392 851 1394 858 ⁴

292 898 349 919 sua
365 889 540 919 substantia
556 889 629 928 agit.
641 906 662 909 —
674 887 748 917 Hoc
764 892 872 916 autem
889 885 1052 925 probatur.
1071 884 1159 914 Tum
1176 883 1252 923 quia
1269 892 1366 923 agens
1392 900 1394 927 3

293 939 324 963 et
340 932 461 964 factum
477 938 607 973 oportet
623 941 690 963 esse
707 931 834 962 similia:
857 935 1016 971 quantum
1032 929 1154 959 scilicet
1170 927 1210 958 ad
1226 927 1259 958 id
1275 927 1366 968 quod

293 987 390 1018 agens
413 979 486 1018 agit.
512 978 552 1008 Et
574 977 660 1013 ideo,
677 977 703 1006 si
727 976 791 1015 agit
813 980 938 1005 tantum
961 983 1019 1014 per
1042 979 1166 1014 partem
1189 982 1267 1003 suae
1290 973 1365 1003 sub-

292 1023 435 1059 stantiae,
452 1032 519 1053 non
543 1021 765 1052 assimilabitur
788 1020 847 1049 sibi
871 1019 992 1049 factum
1009 1018 1172 1048 materiale
1187 1017 1249 1048 nisi
1264 1026 1366 1058 quan-

292 1074 362 1097 tum
385 1067 425 1097 ad
448 1072 571 1108 partem
602 1066 805 1096 substantiae.
837 1064 878 1094 Et
907 1064 952 1094 sic
984 1072 1051 1094 non
1083 1062 1281 1103 producetur
1303 1062 1365 1092 nisi

292 1122 363 1152 pars
387 1112 580 1142 substantiae
604 1110 694 1140 facti:
719 1118 804 1145 nam,
829 1110 854 1139 si
879 1108 1024 1139 dicamus
1052 1107 1173 1148 aliquid
1202 1107 1365 1138 materiale

291 1166 384 1196 agere
408 1166 464 1196 per
487 1155 635 1191 formam,
653 1164 710 1195 per
726 1163 824 1194 quam
841 1159 889 1184 est
905 1159 989 1189 actu,
1007 1162 1074 1183 non
1091 1158 1199 1183 autem
1224 1161 1282 1192 per
1297 1161 1364 1182 ma-

291 1201 412 1237 teriam,
425 1199 583 1240 producet
599 1201 632 1230 in
649 1198 766 1230 effectu
782 1198 1025 1229 similitudinem
1041 1197 1165 1228 formae
1181 1206 1258 1227 suae
1270 1196 1365 1227 dum-

290 1251 383 1282 taxat,
403 1255 470 1275 non
495 1250 604 1275 autem
627 1244 777 1275 materiae
801 1253 887 1274 suae.
911 1243 953 1273 Et
976 1243 1021 1273 sic
1044 1243 1176 1273 materia
1201 1242 1275 1272 facti
1297 1250 1363 1272 non

291 1291 349 1320 erit
372 1290 410 1319 ab
434 1291 506 1330 ipso
529 1289 697 1330 producta.
721 1307 743 1310 —
768 1288 855 1318 Tum
880 1289 976 1318 etiam
1001 1297 1038 1318 ex
1063 1296 1217 1328 processu
1242 1287 1365 1317 Aristo-

290 1335 360 1365 telis
376 1334 431 1364 Vll
449 1334 703 1375 Metaphysicae‚
724 1343 741 1364 e
766 1333 928 1364 contrario
953 1333 1115 1373 arguentis
1143 1331 1233 1372 quod
1261 1331 1365 1362 forma

290 1381 358 1409 sine
378 1381 518 1415 materia,
536 1389 619 1420 quae
643 1388 676 1409 se
700 1383 767 1408 tota
792 1379 866 1418 agit,
883 1387 951 1408 non
968 1383 1076 1418 potest
1092 1386 1161 1407 esse
1178 1385 1273 1407 causa
1290 1386 1365 1416 pro-

289 1425 374 1454 xima
396 1424 621 1464 generationis,
646 1422 826 1454 secundum
851 1432 949 1463 quarn
974 1422 1042 1453 sola
1066 1422 1170 1452 forma
1194 1422 1226 1451 in
1256 1427 1364 1451 actum

290 1469 447 1500 educitur.

346 1513 588 1544 Advertendum
605 1512 695 1553 quod
714 1513 748 1543 in
772 1513 875 1543 littera
891 1511 978 1542 addit
996 1512 1132 1543 Sanctus
1149 1511 1294 1542 Thomas
1311 1520 1366 1541 an-

289 1558 459 1594 tecedenti,
484 1559 543 1589 etsi
566 1563 668 1588 totum
692 1562 790 1598 agat:
813 1557 889 1598 quia
913 1557 999 1588 aliud
1023 1562 1071 1587 est
1098 1556 1232 1597 aliquod
1262 1561 1364 1586 totum

290 1613 399 1645 agere,
425 1609 456 1634 et
479 1602 566 1634 aliud
589 1612 649 1633 sua
674 1607 742 1632 tota
765 1602 947 1632 substantia
970 1611 1080 1644 agere.
1106 1601 1141 1632 In
1158 1601 1261 1641 prima
1277 1601 1365 1631 enim

290 1648 462 1678 denotatur
472 1648 579 1688 ipsum
596 1656 693 1688 agens
706 1647 907 1687 completum
923 1656 1031 1687 agere:
1049 1647 1081 1676 in
1099 1645 1241 1676 secunda
1257 1651 1365 1676 autem

291 1693 469 1733 quamlibet
492 1698 616 1732 partem
635 1692 830 1722 substantiae
854 1692 893 1731 (si
910 1697 1015 1732 partes
1031 1691 1140 1730 habet)
1158 1700 1227 1721 esse
1243 1691 1302 1721 sibi
1318 1700 1367 1720 ra-

290 1739 414 1768 tionem
438 1737 562 1778 agendi.
594 1737 739 1767 Primum
767 1742 877 1767 autem
905 1737 1035 1776 corpori
1063 1736 1232 1766 convenit:
1257 1736 1364 1776 ipsum

292 1783 379 1813 enim
405 1787 523 1819 totum,
547 1781 629 1812 idest
656 1782 858 1821 completum
883 1787 914 1812 et
938 1781 1128 1821 perfectum,
1149 1786 1197 1810 est
1216 1781 1367 1821 supposi-
1391 1772 1394 1830 i

290 1833 361 1858 tum
385 1827 476 1867 quod
503 1827 576 1867 agit.
601 1826 664 1857 Sed
694 1826 875 1857 secundum
905 1826 964 1856 sibi
994 1835 1058 1856 non
1089 1826 1258 1856 convenit:
1289 1826 1364 1865 quia

291 1882 359 1902 non
376 1871 538 1912 quaelibet
554 1881 625 1912 pars
642 1881 718 1901 suae
734 1871 928 1901 substantiae
953 1877 999 1900 est
1023 1870 1081 1900 sibi
1102 1870 1183 1900 ratio
1201 1869 1326 1910 agendi.
1343 1888 1365 1892 —

291 1917 340 1946 De
364 1915 577 1947 fundamento
601 1916 696 1946 huius
727 1916 860 1946 rationis
891 1915 964 1945 satis
989 1915 1111 1945 dictum
1143 1920 1190 1944 est
1217 1915 1249 1945 in
1274 1924 1365 1955 prae-

291 1960 479 1991 cedentibus
495 1962 521 1990 *ἦ

347 2005 414 2035 V11.
441 2005 579 2041 Quarto.
608 2005 726 2035 Creare
753 2013 820 2035 non
851 2011 899 2034 est
926 2004 986 2034 nisi
1014 2004 1179 2043 potentiae
1209 2002 1364 2034 infinitae.
1392 1999 1395 2034 l

291 2050 353 2080 Sed
383 2050 511 2081 nullum
542 2058 660 2089 corpus
690 2055 738 2079 est
767 2049 932 2089 potentiae
962 2047 1116 2079 infinitae.
1148 2048 1235 2088 Ergo
1259 2054 1320 2079 etc.
1342 2066 1366 2070 —

291 2095 399 2125 Minor
414 2099 462 2125 est
476 2094 677 2135 Philosophi,
691 2094 762 2124 Vlll
772 2093 999 2134 Phssicorum.
1010 2111 1032 2116 —
1046 2093 1150 2123 Maior
1166 2098 1274 2124 autem
1290 2102 1366 2133 pro-

290 2139 392 2170 batur.
417 2139 525 2170 Tanto
549 2148 647 2180 agens
670 2139 801 2169 maioris
825 2139 989 2179 potentiae
1013 2143 1070 2174 est,
1095 2143 1218 2179 quanto
1249 2143 1366 2178 poten-

290 2185 366 2214 tiam
390 2184 491 2225 magis
516 2184 554 2214 ab
578 2189 652 2214 actu
676 2182 846 2214 distantem
870 2183 903 2214 in
928 2188 1036 2214 actum
1059 2182 1214 2213 reducere
1243 2188 1365 2223 potest:

290 2234 326 2259 ut
350 2228 440 2268 quod
464 2238 502 2259 ex
525 2237 610 2269 aqua
634 2233 741 2268 potest
764 2229 873 2268 ignem
897 2227 1088 2268 producere,
1105 2237 1204 2267 quam
1220 2227 1311 2268 quod
1328 2237 1365 2258 ex

291 2283 373 2303 aere.
398 2273 461 2304 Sed
491 2274 546 2303 ubi
571 2273 708 2303 omnino
739 2273 884 2313 potentia
914 2273 1130 2313 praeexistens
1160 2273 1366 2308 subtrahitur,

291 2317 455 2348 exceditur
478 2318 585 2348 omnis
616 2317 844 2348 determinatae
869 2317 1036 2348 distantiae
1066 2317 1248 2357 proportio.
1280 2317 1366 2357 Ergo

291 2363 436 2402 potentia
459 2363 582 2402 agentis
605 2371 690 2402 quae
713 2361 835 2403 aliquid
857 2361 946 2392 nulla
969 2362 1202 2402 praeexistente
1221 2362 1367 2402 potentia

290 2407 436 2443 instituit,
461 2407 585 2438 excedit
615 2415 749 2437 omnem
779 2407 1026 2447 proportionem
1057 2415 1141 2446 quae
1172 2406 1367 2437 considerari

291 2457 398 2492 potest
421 2451 461 2482 ad
485 2452 665 2492 potentiam
682 2451 804 2491 aliquid
820 2461 858 2481 ex
875 2451 1007 2481 materia
1023 2450 1178 2481 facientis.
1202 2451 1288 2491 Ergo
1305 2457 1365 2481 etc.

349 2505 377 2527 2.
395 2495 490 2527 Circa
512 2497 739 2536 probationem
763 2496 832 2526 eius
855 2495 946 2536 quod
970 2496 1103 2526 assumit
1123 2494 1260 2526 Sanctus
1275 2495 1366 2526 Tho-

291 2550 369 2577 mas,
386 2541 478 2581 quod
493 2541 615 2572 scilicet
638 2550 752 2571 creare
777 2550 842 2571 non
866 2545 914 2571 est
937 2540 999 2570 nisi
1017 2540 1186 2581 potentiae
1209 2540 1365 2582 infinitae,

291 2585 454 2616 dubitatur
476 2585 563 2626 apud
587 2585 732 2621 Scotum,
749 2586 781 2615 in
800 2585 842 2615 lV
859 2585 1099 2615 Sententiarum
1116 2586 1142 2615 ἥ.
1169 2585 1254 2616 Dicit
1278 2586 1364 2616 enirn

291 2629 391 2670 quod,
416 2630 490 2661 licet
512 2630 666 2661 distantia
691 2630 813 2660 nullius
839 2630 1006 2670 potentiae
1036 2630 1079 2660 ad
1108 2635 1216 2660 actum
1241 2630 1365 2660 nullam

289 2675 405 2705 habeat
422 2675 670 2716 proportionem
694 2674 737 2706 ad
761 2675 850 2705 illam
874 2684 958 2716 quae
973 2679 1021 2706 est
1040 2675 1180 2705 alicuius
1198 2675 1366 2715 potentiae

290 2719 333 2749 ad
355 2724 473 2756 actum,
498 2729 564 2750 non
589 2724 695 2750 tamen
720 2724 848 2760 oportet
871 2719 996 2750 nullam
1020 2729 1089 2750 esse
1113 2719 1364 2760 proportionem

290 2764 419 2794 virtutis
442 2765 570 2807 agentis
593 2774 635 2794 ex
659 2764 751 2795 nulla
770 2763 917 2805 potentia
942 2763 985 2794 ad
1009 2764 1158 2794 virtutem
1180 2764 1308 2805 agentis
1323 2773 1365 2794 ex

289 2809 400 2849 aliqua
418 2809 577 2850 potentia.
605 2809 692 2846 Quia
709 2809 786 2839 illae
809 2809 982 2839 distantiae
996 2814 1073 2839 sunt
1089 2809 1365 2849 improportiona-

741 316 928 353 SUMMA
959 314 1180 351 CONTRA
1210 313 1486 358 GENTILES,
1515 313 1673 357 LlB.11‚
1704 313 1815 349 CAP.
1838 313 1921 359 XX,
1943 314 2042 350 XXI.

1393 392 1395 397 '
1421 392 1509 427 biles,
1535 401 1572 421 eo
1597 391 1684 431 quod
1708 401 1774 421 una
1797 391 1840 422 sit
1867 393 2031 433 negativa,
2056 393 2161 423 altera
2183 394 2345 433 positiva:
2362 396 2498 437 positivi

1393 439 1395 465 ἐ
1422 436 1506 466 enim
1531 436 1574 466 ad
1597 435 1784 477 negativum
1809 436 1901 466 nulla
1925 441 1972 467 est
1989 437 2175 478 proportio.
2196 438 2373 469 Positivum
2389 445 2497 471 autem

1422 490 1487 510 non
1511 485 1559 510 est
1582 480 1906 520 improportionabile
1929 481 2027 512 alteri
2044 482 2186 522 positivo
2212 482 2274 513 nisi
2291 489 2430 524 propter
2449 485 2500 515 in·

1393 543 1395 564 5
1410 525 1577 566 finitatem
1602 525 1635 555 in
1660 526 1775 555 altero.
1805 526 1897 556 Unde
1921 536 1987 556 una
2015 526 2244 557 distantiarum
2275 527 2407 558 illarum
2432 539 2497 560 non

1393 572 1394 575 ’
1421 574 1468 600 est
1484 570 1780 610 proportionabilis
1803 570 1919 601 alteri.-
1942 571 2019 612 quia
2043 572 2149 602 altera
2174 581 2238 602 non
2262 572 2357 603 habet
2371 574 2499 613 quanti-

1421 619 1528 650 tatem,
1545 615 1721 645 secundum
1738 624 1834 656 quam
1848 616 1955 656 possit
1971 617 2243 657 proportionari;
2262 617 2347 647 sicut
2355 622 2500 658 punctus

1421 664 1469 689 est
1492 659 1828 700 improportionabilis
1852 661 1958 691 lineae
1980 661 2057 702 quia
2082 671 2148 692 non
2172 666 2220 692 est
2241 667 2392 703 quantus.

1477 703 1540 734 Sed
1563 705 1589 734 si
1614 704 1860 735 considerentur
1877 705 2047 746 diligenter
2061 707 2158 737 verba
2174 706 2282 737 Sancti
2298 707 2448 737 Thomae
2464 707 2497 738 in

1421 749 1481 779 hac
1498 749 1632 786 ratione,
1649 749 1707 779 ista
1731 750 1900 790 responsio
1923 750 2012 780 nulla
2036 756 2092 781 est.
2117 751 2299 792 Dupliciter
2313 752 2401 783 enim
2421 761 2498 792 pos-

1421 799 1497 824 sunt
1520 795 1700 834 comparari
1725 794 1832 835 aliqua
1855 795 2002 835 potentia
2025 800 2057 825 et
2079 796 2169 826 nulla
2190 797 2336 837 potentia
2362 797 2496 838 passiva.

1422 838 1497 869 Uno
1521 838 1634 875 modo,
1659 839 1807 870 absolute
1831 845 1863 870 et
1886 839 2067 870 secundum
2091 849 2134 870 se.
2151 840 2194 870 Et
2208 842 2254 872 sic
2268 851 2330 872 nec
2345 842 2430 872 inter
2443 842 2497 872 illa

1421 889 1468 914 est
1491 884 1673 923 proportio,
1698 893 1759 914 nec
1783 889 1858 914 sunt
1882 884 1922 914 de
1945 893 2063 925 genere
2087 893 2202 915 eorum
2225 886 2308 916 inter
2323 895 2407 928 quae
2422 892 2497 917 nata

1392 931 1394 934 “
1421 934 1468 958 est
1492 937 1560 959 esse
1583 929 1771 969 proportio:
1796 929 1880 960 sicut
1901 938 1963 960 nec
1987 929 2070 960 inter
2092 935 2253 970 punctum
2275 935 2308 960 et
2328 931 2458 962 lineam.
2475 948 2499 955 -

1420 973 1496 1004 Alio
1512 973 1624 1010 modo,
1641 973 1823 1004 secundum
1839 973 2022 1004 distantiam
2042 979 2074 1004 et
2097 974 2340 1014 elongationem
2355 976 2395 1006 ab
2411 981 2496 1006 actu.

1420 1018 1462 1048 Et
1477 1018 1521 1048 sic
1537 1019 1620 1049 inter
1636 1018 1778 1059 aliquam
1802 1019 1983 1059 potentiam
2007 1025 2039 1050 et
2062 1019 2184 1050 nullam
2208 1020 2389 1060 potentiam
2408 1020 2497 1051 nulla

1420 1063 1552 1103 quidem
1577 1069 1624 1094 est
1647 1064 1834 1105 proportio:
1867 1063 1923 1094 sed
1946 1068 2056 1094 tamen
2079 1069 2156 1094 sunt
2177 1063 2218 1095 de
2241 1073 2359 1105 genere
2383 1073 2497 1096 eorum

1419 1109 1502 1138 inter
1514 1117 1598 1149 quae
1613 1114 1687 1139 nata
1703 1114 1751 1139 est
1766 1117 1835 1139 esse
1850 1109 2033 1149 proportio.
2049 1108 2136 1140 Inter
2151 1108 2393 1150 elongationem
2410 1110 2497 1140 enim

1420 1162 1519 1183 unam
1535 1154 1575 1183 ab
1591 1159 1666 1184 actu
1682 1159 1714 1184 et
1730 1154 1824 1184 aliam
1841 1153 2084 1194 elongationem
2099 1158 2208 1194 potest
2223 1162 2293 1184 esse
2308 1154 2496 1194 proportio:

1419 1207 1495 1228 nam
1518 1198 1621 1238 magis
1645 1198 1815 1239 elongatur
1838 1208 1856 1228 a
1879 1197 1985 1229 forma
2007 1198 2090 1238 ignis
2113 1199 2259 1239 potentia
2275 1207 2359 1240 quae
2374 1203 2422 1230 est
2437 1199 2502 1230 sub·

1420 1242 1524 1273 forma
1539 1249 1642 1273 terrae
1658 1252 1758 1283 quarn
1774 1243 1920 1284 potentia
1931 1252 2015 1284 quae
2032 1249 2079 1274 est
2094 1244 2155 1274 sub
2167 1242 2273 1274 forma
2289 1244 2386 1280 aeris;
2404 1244 2496 1281 sicut,

1419 1287 1494 1318 licet
1517 1288 1601 1318 linea
1624 1287 1749 1319 infinita
1773 1288 1896 1319 nullam
1919 1288 2035 1319 habeat
2057 1289 2306 1329 proportionem
2322 1287 2362 1319 ad
2377 1288 2498 1319 lineam

1419 1332 1554 1369 finitam,
1579 1338 1655 1363 sunt
1677 1338 1787 1363 tamen
1811 1332 1851 1363 de
1874 1342 1993 1373 genere
2017 1342 2132 1364 eorum
2155 1333 2239 1364 inter
2261 1342 2345 1374 quae
2360 1338 2435 1364 nata
2450 1339 2499 1364 est

1420 1386 1489 1408 esse
1505 1378 1686 1418 proportio,
1703 1378 1780 1418 quia
1795 1378 2005 1408 inveniuntur
2023 1377 2103 1408 aliae
2118 1377 2223 1408 lineae
2246 1378 2401 1409 habentes
2415 1378 2499 1409 inter

1419 1432 1453 1453 se
1477 1423 1735 1463 proportionem.
1761 1423 1835 1453 Hoc
1859 1431 1936 1463 ergo
1953 1422 2099 1453 secundo
2115 1422 2218 1453 modo
2236 1428 2404 1463 comparat
2418 1422 2499 1454 San-

1420 1473 1491 1498 ctus
1503 1467 1650 1498 Thomas
1664 1467 1808 1508 aliquam
1823 1468 2005 1508 potentiam
2021 1473 2053 1498 et
2068 1467 2192 1498 nullam
2208 1468 2403 1508 potentiam:
2421 1468 2501 1508 quia.

1420 1512 1508 1543 nulla
1532 1511 1677 1553 potentia
1701 1512 1824 1544 nullam
1848 1513 2096 1553 proportionem
2112 1512 2209 1543 habet
2223 1511 2263 1543 ad
2279 1512 2422 1553 aliquam
2437 1521 2499 1554 po-

1419 1558 1563 1594 tentiam,
1588 1558 1614 1587 si
1638 1557 1671 1588 in
1694 1558 1818 1588 ratione
1842 1557 1983 1598 elongati
2006 1558 2046 1587 ab
2069 1562 2144 1588 actu
2166 1562 2344 1598 utrumque
2366 1556 2497 1588 illorum

1420 1601 1658 1639 consideretur;
1684 1612 1724 1633 eo
1749 1601 1839 1642 quod
1863 1601 2011 1632 distantia
2034 1602 2156 1632 nullius
2178 1602 2344 1643 potentiae
2368 1602 2401 1633 in
2424 1600 2498 1633 infi-

1420 1647 1525 1677 nitum
1549 1646 1682 1677 excedat
1706 1646 1888 1677 distantiam
1913 1643 2049 1678 alicuius
2072 1647 2238 1687 potentiae
2257 1647 2297 1677 ab
2313 1652 2398 1684 actu,
2415 1647 2499 1678 sicut

1420 1692 1504 1722 linea
1528 1690 1652 1722 infinita
1676 1691 1803 1722 excedit
1825 1691 1943 1722 lineam
1960 1691 2085 1722 finitam
2108 1692 2465 1732 improportionaliter..

1476 1735 1576 1774 Quod
1600 1742 1709 1766 autem
1733 1737 1820 1767 hunc
1845 1746 1976 1767 sensum
2006 1735 2153 1767 intendat
2180 1736 2318 1767 Sanctus
2340 1737 2496 1774 Thomas,

1420 1786 1508 1821 patet
1525 1790 1563 1811 ex
1576 1781 1681 1811 verbis
1697 1781 1767 1812 eius
1782 1790 1858 1812 cum
1875 1782 1994 1821 inquit:
2012 1781 2077 1812 Ubi
2093 1781 2227 1811 omnino
2237 1781 2387 1821 potentia
2397 1788 2498 1822 prae-

1420 1826 1561 1856 existens
1583 1826 1795 1862 subtrahitur,
1812 1826 1982 1864 exceditur
1997 1826 2103 1856 omnis
2122 1825 2356 1857 determinatae
2375 1825 2499 1856 distan-

1421 1871 1485 1901 tiae
1503 1870 1689 1911 proportio.
1714 1870 1800 1901 Ecce
1825 1870 1914 1911 quod
1938 1870 2055 1911 accipit
2078 1870 2372 1911 improportionem
2400 1870 2498 1901 unius

1392 1949 1394 1955 A
1421 1915 1460 1945 ad
1485 1915 1621 1945 alterum
1646 1914 1827 1945 secundum
1855 1914 1947 1956 quod
1977 1923 2082 1945 unum
2105 1914 2242 1945 alterum
2265 1915 2497 1955 improportio-

1392 1958 1395 1971 '
1420 1959 1578 1995 nabiliter,
1595 1960 1662 1989 sive
1677 1960 1711 1989 in
1728 1958 1902 1996 infinitum,
1920 1958 2062 1990 excedit:
2083 1967 2152 1989 non
2168 1963 2279 1990 autem
2294 1964 2332 1990 ut
2346 1958 2499 1990 dicuntur

1421 2003 1756 2044 improportionabilia
1779 2012 1864 2044 quae
1887 2009 1962 2035 sunt
1985 2003 2025 2034 de
2047 2012 2166 2044 genere
2186 2012 2301 2034 eorum
2316 2004 2400 2035 inter
2414 2012 2499 2045 quae

1420 2058 1488 2079 non
1513 2054 1560 2079 est
1583 2054 1657 2079 nata
1680 2058 1749 2079 esse
1773 2049 1954 2089 proportio.
1978 2048 2031 2079 Ad
2053 2048 2151 2079 talem
2173 2053 2284 2079 autem
2313 2048 2499 2090 impropor-

1420 2095 1546 2124 tionem
1561 2093 1742 2124 secundum
1759 2102 1927 2125 excessum
1942 2092 2088 2134 sequitur
2110 2093 2327 2134 improportio
2341 2093 2500 2125 virtum

1422 2139 1586 2179 agentium
1609 2137 1790 2169 secundum
1815 2147 2000 2169 excessum:
2025 2138 2112 2178 quia,
2130 2143 2166 2169 ut
2181 2143 2386 2179 assumptum
2400 2143 2450 2170 est
2463 2139 2497 2170 in

1421 2184 1555 2219 ratione,
1580 2188 1672 2214 tanto
1696 2192 1800 2225 agens
1823 2183 1960 2214 maioris
1977 2183 2148 2224 potentiae
2165 2187 2222 2218 est,
2239 2188 2362 2224 quanto
2381 2188 2498 2224 poten-

1421 2228 1498 2259 tiam
1516 2228 1624 2270 magis
1639 2228 1680 2259 ab
1694 2233 1770 2258 actu
1794 2227 1967 2258 distantem
1991 2228 2024 2258 in
2049 2233 2158 2258 actum
2175 2227 2333 2259 reducere
2341 2232 2461 2269 potest.
2475 2245 2499 2252 —

1422 2273 1470 2304 De
1486 2274 1546 2304 hac
1563 2274 1686 2304 ratione
1710 2273 1742 2303 in
1768 2273 1874 2313 primo
1898 2272 1992 2308 libro,
2017 2281 2087 2314 cap.
2105 2273 2208 2302 xpm*
2227 2272 2367 2312 amplior
2389 2281 2497 2304 sermo

1421 2318 1548 2348 habitus
1571 2323 1628 2348 est.
1653 2317 1730 2348 ldeo
1754 2318 1834 2348 haec
1857 2317 1931 2348 satis
1954 2325 2043 2348 nunc
2065 2317 2139 2348 sint.

1478 2362 1560 2393 Vlll.
1587 2361 1721 2399 Quinto.
1758 2362 1895 2393 Movens
1925 2367 1957 2393 et
1982 2367 2122 2398 motum,
2148 2360 2270 2392 faciens
2300 2366 2334 2392 et
2363 2360 2496 2399 sactum,

1421 2412 1552 2448 oportet
1567 2416 1637 2438 esse
1652 2407 1760 2443 simul,
1776 2407 1834 2437 Vll
1850 2406 2076 2448 physicorum.
2101 2405 2164 2439 Sed
2181 2414 2300 2446 corpus
2315 2415 2415 2446 agens
2427 2414 2496 2438 non

1421 2457 1528 2492 potest
1544 2451 1654 2482 adesse
1682 2461 1742 2482 suo
1767 2451 1907 2488 effectui,
1930 2451 2014 2482 idest
2036 2451 2133 2482 simul
2157 2459 2228 2481 esse
2251 2459 2328 2482 cum
2350 2450 2419 2488 illo,
2434 2451 2497 2482 nisi

1421 2505 1479 2537 per
1494 2501 1694 2526 contactum.
1711 2496 1809 2536 Ergo,
1826 2496 1866 2527 ad
1882 2496 1946 2527 hoc
1962 2502 1999 2527 ut
2014 2501 2096 2537 agat,
2113 2504 2246 2526 necesse
2262 2501 2310 2526 est
2325 2499 2362 2526 ut
2377 2500 2496 2536 tangat.

1421 2541 1508 2581 Ergo
1531 2549 1662 2571 necesse
1678 2546 1726 2572 est
1741 2550 1811 2572 esse
1826 2540 1949 2581 aliquid
1965 2539 2052 2571 aliud
2074 2540 2302 2581 praeexistens.
2325 2539 2413 2580 Ergo
2425 2549 2496 2572 non

1420 2591 1527 2626 potest
1551 2594 1669 2616 creare.
1687 2602 1711 2608 -
1733 2585 1892 2616 Probatur
1914 2584 2056 2616 secunda
2080 2585 2324 2625 consequentia.
2348 2583 2436 2623 Quia
2449 2589 2497 2616 tt-

1421 2636 1491 2661 ctus
1512 2630 1648 2661 alicuius
1671 2636 1718 2660 est
1741 2629 1781 2660 ad
1805 2630 1957 2661 alterum:
1982 2629 2074 2666 idest,
2091 2639 2190 2660 omne
2207 2629 2298 2670 quod
2313 2629 2425 2670 tangit,
2439 2628 2497 2661 nli-

1420 2674 1499 2716 quid
1522 2674 1609 2705 aliud
1632 2684 1650 2704 a
1673 2684 1707 2705 se
1730 2675 1840 2715 tangit.

1475 2719 1522 2750 Ex
1539 2728 1604 2750 noc
1619 2729 1718 2749 ruer
1738 2729 1841 2750 ennon
1860 2718 2039 2750 dicentium
2054 2719 2182 2750 caelum
2198 2727 2329 2750 causam
2343 2718 2495 2750 materiae

1419 2764 1656 2795 elementorum
1677 2773 1756 2794 esse.
1781 2763 1864 2794 Nam
1888 2764 2020 2795 materia
2042 2772 2112 2794 non
2134 2769 2243 2804 potest
2257 2764 2319 2794 nisi
2335 2772 2394 2803 per
2408 2772 2496 2794 crea-

1418 2809 1542 2839 tionem
1566 2808 1720 2849 produci:
1746 2817 1822 2839 cum
1846 2809 1885 2839 sit
1909 2809 2052 2849 primum
2074 2809 2267 2839 subiectum.

1121 2923 1659 2967 *w—

710 3082 1193 3138 CAPITULUM
1230 3081 1698 3139 VIGESIMUM
1736 3081 2062 3138 PRIMUM

1260 3192 1288 3222 A
1326 3191 1397 3222 31v

1433 3192 1453 3221 b
1468 3191 1519 3222 38.

893 3281 1068 3333 QUOD
1104 3280 1322 3323 SOLIUS
1355 3281 1459 3322 DEI
1494 3281 1608 3322 EST
1643 3280 1892 3322 CREARE

429 3440 433 3447 ,
478 3417 523 3441 x
551 3403 772 3454 praemissis
808 3403 923 3440 etiam
959 3402 1109 3440 ostendi
1146 3411 1270 3453 potest
1305 3405 1360 3440 ul-

359 3490 385 3499 ..
514 3457 632 3495 terius
669 3457 777 3507 quod
814 3456 956 3494 creatio
995 3464 1051 3493 est
1089 3456 1246 3506 propria
1288 3457 1361 3495 Dei

316 3533 335 3554 ».
371 3520 432 3559 μ,
514 3510 625 3557 actio,
655 3519 692 3548 et
720 3511 828 3561 quod
858 3509 941 3548 eius
970 3509 1088 3547 solius
1126 3518 1181 3546 est
1218 3522 1358 3548 creare.

457 3564 462 3569 '
570 3565 674 3601 Cum
694 3564 798 3601 enim
819 3563 1038 3601 secundum
1053 3563 1232 3600 ordinem
1247 3575 1360 3611 agen—

348 3682 357 3700 ι
381 3676 489 3702 ulterius
507 3679 602 3710 (supra
622 3679 782 3712 marginem,
802 3679 972 3704 inserendum
992 3678 1046 3711 hic)
1065 3680 1087 3703 A
1106 3679 1192 3707 solun
1211 3682 1275 3703 ante
1293 3679 1404 3703 ostendi.

1415 3403 1514 3441 tium
1534 3403 1578 3440 sit
1599 3403 1697 3442 ordo
1717 3402 1927 3450 actionum,
1943 3413 1991 3440 eo
2006 3401 2114 3452 quod
2129 3399 2328 3438 nobilioris
2346 3400 2491 3450 agentis

1416 3457 1582 3495 nobilior
1608 3465 1665 3495 est
1693 3455 1811 3503 actio;
1841 3463 1993 3506 oportet
2020 3454 2128 3505 quod
2156 3453 2283 3504 prima
2311 3453 2410 3492 actio
2442 3453 2490 3492 sit

1416 3510 1531 3560 primi
1560 3509 1705 3559 agentis
1733 3509 1902 3560 propria.
1931 3507 2084 3549 Creatio
2113 3516 2245 3545 autem
2273 3516 2329 3546 est
2363 3506 2489 3558 prima

1417 3563 1532 3602 actio:
1551 3575 1599 3601 eo
1619 3564 1727 3613 quod
1750 3563 1896 3600 nullam
1918 3561 2034 3598 aliam
2048 3560 2338 3611 praesupponit,
2350 3571 2489 3599 omnes

346 3719 363 3742 4
382 3719 474 3736 omnes
494 3717 578 3737 autem
599 3713 730 3743 Nwzun
750 3714 796 3738 sed
815 3722 908 3738 ornnes
926 3713 969 3744 W,
989 3719 1013 3738 et
1031 3721 1125 3738 omnes
1145 3713 1214 3745 DbP,
1233 3721 1325 3738 omnes
1345 3714 1434 3739 ceteri.

2525 2276 2535 2286 ·
2549 2275 2621 2298 Num.
2636 2281 2660 2297 ιι
2675 2281 2711 2304 sq.
