2768 4134
25 946 35 954 *
52 943 88 966 Cf.
106 942 239 973 Commem.

27 977 76 998 cap.
92 976 124 997 vr,
138 974 188 991 mn.

26 1172 34 1180 ·
50 1170 85 1192 Cf.
102 1175 124 1190 n.
140 1175 174 1191 ru.

27 1842 37 1851 ¹'
52 1840 88 1862 cf.
99 1843 153 1863 text.
165 1844 185 1862 et
194 1847 240 1862 var.

271 278 346 326 296

266 369 335 406 per
364 358 481 404 ipsum
500 354 612 401 jacta
629 356 725 396 sunt,
746 355 779 386 et
797 351 877 386 sine
895 350 974 398 ipso
992 348 1215 395 factumest
1237 342 1339 382 nihil.

268 410 317 446 Et
346 409 459 444 Rom.
480 403 564 443 xl³⁶z
595 406 659 442 Ex
688 415 761 453 quo
789 403 929 447 omnia,
960 413 1032 450 per
1059 411 1169 449 quem
1198 399 1339 444 omnia,

266 469 301 498 et
328 464 365 498 in
396 472 468 510 quo
497 460 638 504 omnia,
667 458 738 507 ipsi
762 457 890 506 gloria
918 457 955 491 in
983 453 1145 491 saecula.

321 515 395 551 Per
423 514 498 549 hoc
527 519 658 549 autem
687 509 902 547 excluditur
929 506 1183 556 antiquorum
1219 506 1341 543 Natu—

811 622 923 656 saecula]
943 628 993 648 etc.
1013 622 1044 648 D.

321 636 333 652 2
354 628 397 660 ιιι]
417 635 441 652 x.
461 628 510 652 αΧ.
602 633 649 659 per
668 633 791 659 quem...

1029 737 1370 770 Commentaria

323 858 469 882 osi-oum
501 849 748 881 determinatum
780 853 826 878 est
854 846 894 877 de
924 845 1086 887 principio
1117 844 1343 886 productionis

271 861 550 933 pereaturarum,
570 893 715 925 secundo
733 892 809 923 loco
825 891 1018 922 determinat
1042 890 1180 921 Sanctus
1197 890 1343 921 Thomas

267 940 307 972 de
323 940 462 972 termino
486 938 710 980 productionis
725 938 756 967 ἢ
782 942 817 967 ut
841 945 880 967 ex
903 935 1066 976 principio
1083 940 1114 966 et
1129 935 1270 966 termino
1287 944 1343 966 co·

267 986 363 1025 gnitis
386 983 511 1015 facilius
534 985 603 1026 ipsa
626 981 800 1023 productio
825 986 1050 1021 cognoscatur.

323 1031 346 1061 Ι.
371 1030 412 1060 Et
438 1029 532 1070 ponit
560 1029 642 1059 hanc
674 1026 935 1057 conclusionem:
962 1024 1054 1055 Nihil
1077 1029 1215 1066 praeter
1238 1024 1343 1055 Deum

267 1080 314 1105 est
338 1074 401 1105 nisi
423 1074 463 1104 ab
487 1074 575 1115 ipso:
598 1072 690 1108 idest,
715 1071 807 1101 Nihil
834 1075 882 1101 est
911 1070 944 1100 in
977 1079 1087 1100 rerum
1112 1074 1233 1100 natura
1257 1068 1345 1110 quod

268 1129 288 1150 a
311 1120 382 1149 Deo
402 1118 599 1160 productum
625 1125 689 1147 non
713 1116 765 1146 sit.
970 1144 974 1148 ,

322 1164 486 1194 Probatur
503 1163 614 1204 primo
630 1163 657 1192 ἦ
683 1160 885 1201 Impossibile
901 1165 949 1190 est
965 1169 1035 1190 esse
1050 1159 1159 1200 aliqua
1175 1159 1242 1190 duo
1260 1167 1344 1199 quo-

267 1218 339 1239 rum
371 1214 524 1239 neutrum
558 1207 674 1238 habeat
708 1214 838 1236 causam
873 1203 1014 1236 essendi:
1052 1203 1108 1235 sed
1135 1209 1266 1245 oportet
1292 1203 1343 1234 vel

267 1259 442 1294 utrumque
465 1262 580 1283 eorum
605 1261 673 1283 esse
698 1260 755 1291 per
779 1259 924 1286 causam;
945 1250 995 1280 vel
1015 1249 1159 1293 alterum*
1169 1249 1259 1280 alteri
1275 1257 1344 1279 esse

268 1307 397 1329 causam
421 1297 557 1328 essendi.
582 1297 669 1337 Ergo
693 1296 733 1326 ab
757 1295 813 1326 illo
838 1295 891 1326 cui
915 1294 995 1325 nihil
1019 1300 1067 1325 est
1090 1303 1187 1325 causa
1206 1292 1343 1330 essendi,

267 1350 314 1374 est
338 1352 437 1374 omne
453 1341 544 1383 quod
560 1349 774 1382 quocumque
789 1339 892 1371 modo
909 1344 967 1370 est.
992 1338 1080 1380 Ergo
1097 1339 1209 1370 omnia
1224 1338 1345 1369 habent

267 1397 335 1419 esse
360 1398 377 1418 a
402 1387 484 1418 Deo.

322 1433 478 1463 Probatur
510 1432 616 1472 primo
649 1429 854 1461 antecedens.
889 1429 1093 1470 Impossibile
1128 1434 1175 1459 est
1210 1427 1345 1468 aliquod

268 1487 370 1508 unum
394 1477 435 1508 de
459 1476 588 1508 duobus
611 1474 788 1517 praedicari
811 1475 856 1505 ita
879 1473 971 1515 quod
993 1473 1034 1504 de
1057 1479 1175 1505 neutro
1194 1482 1253 1514 per
1269 1482 1344 1504 cau-

267 1532 335 1553 sam
358 1521 494 1553 dicatur:
520 1521 576 1552 sed
599 1525 730 1562 oportet
753 1519 805 1550 vel
828 1528 931 1550 unum
955 1528 1025 1550 esse
1049 1528 1180 1550 causam
1203 1518 1344 1555 alterius,

266 1568 350 1598 sicut
371 1567 454 1607 ignis
478 1572 526 1597 est
549 1575 645 1597 causa
675 1564 790 1595 caloris
822 1564 954 1604 corpori
984 1563 1101 1600 mixto;
1130 1563 1181 1594 vel
1211 1562 1345 1603 aliquod

266 1612 397 1643 tertium
421 1620 490 1642 esse
513 1619 644 1642 causam
668 1609 807 1650 utrique,
831 1609 915 1640 sicut
938 1608 1063 1640 duabus
1091 1607 1233 1639 candelis
1263 1608 1346 1648 ignis
1372 1627 1374 1642 ‚

267 1662 314 1687 est
338 1666 434 1688 causa
457 1654 598 1687 lucendi.
612 1654 687 1686 ‘Sed
711 1663 780 1685 esse
803 1652 844 1684 de
868 1654 959 1684 omni
984 1663 1025 1684 eo
1050 1652 1140 1694 quod
1157 1658 1204 1684 est
1220 1652 1346 1693 praedi-

268 1708 367 1732 catur.
392 1701 479 1741 Ergo
495 1706 556 1731 etc.
573 1718 596 1723 —
612 1699 717 1730 Maior
735 1699 900 1739 probatur.
925 1698 1128 1739 Impossibile
1153 1703 1201 1728 est
1224 1697 1347 1738 aliquid

269 1746 399 1777 duobus
415 1745 590 1777 convenire
606 1743 788 1775 secundum
804 1743 895 1784 quod
918 1743 1041 1784 ipsum:
1067 1743 1143 1783 quia
1159 1741 1251 1783 quod
1266 1751 1346 1773 con-

268 1791 357 1822 venit
379 1790 475 1822 alicui
504 1789 687 1821 secundum
710 1788 801 1829 quod
829 1788 949 1829 ipsum,
974 1789 1082 1829 ipsum
1112 1797 1180 1818 non
1210 1787 1346 1824 excedit,

270 1845 345 1866 cum
362 1836 421 1866 sibi
437 1834 689 1866 convertibiliter
712 1833 885 1864 conveniat
901 1833 932 1870 ’ς
957 1833 1039 1864 sicut
1058 1832 1177 1863 habere
1197 1837 1262 1863 tres
1277 1841 1346 1862 non

270 1879 395 1911 excedit
416 1879 624 1920 triangulum.
648 1879 736 1919 Ergo
760 1877 851 1919 quod
873 1878 1027 1908 convenit
1050 1877 1207 1917 pluribus,
1224 1877 1346 1917 impos-

269 1925 359 1956 sibile
376 1929 424 1955 est
442 1930 479 1955 ut
494 1924 598 1955 neutri
615 1933 674 1964 per
688 1932 819 1954 causam
835 1922 1018 1953 conveniat.
1035 1921 1125 1952 Patet
1141 1930 1347 1962 consequen-

269 1971 326 2000 tia:
352 1970 429 2010 quia
445 1968 536 2009 quod
552 1968 648 1999 alicui
664 1967 818 1998 convenit
832 1976 901 1997 non
917 1965 1099 1997 secundum
1115 1965 1208 2006 quod
1225 1966 1346 2006 ipsum,

268 2023 326 2054 per
341 2014 483 2054 aliquam
500 2022 630 2044 causam
643 2013 672 2043 ei
688 2012 856 2048 convenit;
872 2020 950 2042 narn
962 2011 1155 2052 oppositum
1171 2009 1346 2051 praedicati

268 2057 363 2089 infert
379 2058 571 2099 oppositum
586 2057 737 2093 subiecti;
761 2056 852 2097 quod
880 2056 967 2087 enim
992 2065 1124 2087 causam
1147 2065 1215 2086 non
1240 2055 1346 2091 habet,

269 2103 411 2144 primum
435 2108 467 2134 et
490 2101 714 2133 immediatum
732 2106 789 2138 est,
806 2106 838 2132 et
854 2101 898 2132 sic
916 2106 964 2131 est
978 2110 1037 2142 per
1052 2110 1086 2131 se
1109 2105 1140 2131 et
1163 2098 1347 2131 secundum

269 2147 359 2188 quod
382 2148 501 2188 ipsum.

323 2192 430 2223 Prima
446 2197 554 2223 autem
571 2190 807 2232 consequentia
822 2194 920 2231 patet.
934 2189 981 2220 Ex
994 2189 1150 2231 opposito
1167 2190 1254 2220 enim
1267 2199 1347 2220 con-

268 2238 434 2278 sequentis
456 2236 592 2268 infertur
614 2236 805 2277 oppositum
831 2234 1045 2266 antecedenti.
1069 2234 1223 2275 Sequitur
1243 2235 1346 2266 enim:
1374 2266 1376 2274 ¹

268 2282 344 2313 Non
370 2291 466 2313 omne
487 2281 576 2323 quod
598 2286 647 2312 est
668 2281 708 2312 ab
731 2290 770 2312 eo
794 2285 843 2311 est
860 2279 914 2311 cui
930 2279 1013 2310 nihil
1031 2284 1079 2310 est
1093 2289 1194 2311 causa
1210 2279 1346 2316 essendi,

268 2327 362 2369 Ergo
382 2331 522 2368 possunt
544 2336 613 2357 esse
638 2326 751 2367 aliqua
782 2324 848 2356 duo
879 2333 1021 2366 quorum
1049 2329 1201 2355 neutrum
1231 2324 1348 2356 habeat

269 2371 395 2403 essendi
418 2379 569 2402 causam:
593 2380 669 2408 cum
693 2370 780 2401 enim
804 2370 912 2410 ipsum
941 2375 972 2400 et
999 2368 1080 2400 illud
1103 2368 1192 2400 aliud
1216 2379 1346 2400 causam

270 2416 395 2448 essendi
419 2424 632 2447 communem
663 2424 730 2446 non
761 2415 910 2450 habeant,
934 2423 995 2445 nec
1019 2423 1124 2445 unum
1151 2414 1191 2444 sit
1218 2413 1347 2446 alterius
1374 2423 1376 2444 :

269 2461 376 2498 causa,
400 2467 577 2502 utrumque
600 2460 658 2492 erit
681 2460 804 2501 absque
827 2467 933 2490 causa.

325 2505 475 2538 Secunda
498 2506 595 2537 etiam
618 2504 853 2546 consequentia
877 2509 924 2534 est
948 2502 1132 2535 manifesta:
1157 2512 1234 2534 cum
1250 2513 1347 2545 supra

270 2557 437 2583 ostensum
461 2551 500 2581 sit
522 2550 631 2581 Deum
647 2559 718 2581 esse
733 2559 791 2580 ens
807 2549 860 2580 cui
877 2548 956 2579 nihil
980 2549 1020 2579 sit
1043 2557 1140 2580 causa
1163 2547 1301 2580 essendi.

326 2596 394 2627 Ista
407 2595 493 2626 ratio
507 2595 635 2626 videtur
650 2604 718 2626 esse
732 2594 890 2630 Platonis,
904 2599 939 2624 ut
955 2592 1072 2624 dicitur
1083 2593 1243 2629 Potentia,
1257 2603 1288 2634 q.
1303 2604 1346 2630 ιιι,
1374 2591 1376 2604 ’“

270 2642 338 2677 a.5,
355 2640 412 2682 qui
434 2640 538 2671 voluit
559 2639 647 2681 quod
669 2644 744 2670 ante
767 2648 893 2669 omnem
917 2637 1155 2669 multitudinem
1179 2642 1262 2669 esset
1285 2638 1347 2669 ali-

269 2695 333 2727 qua
358 2684 476 2716 unitas.

326 2740 355 2761 2.
380 2729 466 2761 Huic
491 2734 599 2760 autem
624 2729 740 2760 rationi
770 2727 853 2759 forte
881 2727 1008 2758 obstare
1036 2733 1146 2768 posset
1173 2727 1264 2768 quod
1291 2737 1348 2758 ens
1373 2733 1376 2754 1

269 2776 409 2806 univoce
425 2784 494 2806 non
510 2774 636 2805 dicitur.
662 2773 710 2804 Ex
730 2773 795 2804 hoc
811 2773 900 2804 enim
915 2772 1077 2804 videretur
1092 2772 1177 2803 male
1200 2773 1347 2804 subsumi
1373 2781 1376 2800 ι

268 2821 301 2850 in
325 2820 462 2851 ratione.
486 2819 574 2850 Cum
598 2819 686 2850 enim
710 2818 886 2855 dicebatur,
911 2817 1114 2859 Impossibile
1143 2823 1191 2849 est
1213 2817 1349 2859 aliquod

270 2874 370 2895 unum
393 2864 433 2896 de
456 2863 581 2895 duobus
606 2863 797 2905 praedicari
828 2863 873 2894 ita
902 2862 991 2904 quod
1013 2862 1053 2893 de
1076 2868 1194 2894 neutro
1218 2863 1349 2894 dicatur
1374 2860 1376 2868 '

264 2919 327 2950 per
342 2918 486 2945 causam,
499 2908 595 2939 habet
611 2908 778 2939 veritatem
793 2907 833 2939 de
850 2906 1036 2949 praedicato
1052 2913 1178 2939 tantum
1193 2908 1346 2939 univoco.

270 2954 374 2991 Unde,
398 2954 425 2985 si
455 2954 672 2990 subsumetur,
696 2952 778 2984 Esse
800 2951 1018 2994 praedicatur
1041 2952 1081 2983 de
1111 2953 1270 2989 omnibus,
1300 2952 1347 2984 di-

269 2999 351 3030 citur
367 2998 458 3040 quod
474 3007 542 3030 non
558 2997 762 3039 praedicatur
784 2997 935 3028 univoce.
951 3014 976 3020 —
990 2996 1054 3029 Sed
1077 2997 1253 3039 respondet
1268 2997 1348 3030 San-

270 3050 340 3075 ctus
356 3043 502 3075 Thomas
526 3042 628 3084 quod,
652 3042 728 3073 licet
749 3051 818 3073 non
842 3042 882 3073 sit
904 3041 1126 3082 praedicatum
1156 3043 1347 3080 univocum,

270 3098 336 3120 non
353 3095 462 3120 tamen
479 3094 527 3119 est
542 3088 771 3128 aequivocum,
788 3086 845 3118 sed
863 3087 1053 3128 analogum:
1077 3093 1108 3118 et
1124 3093 1257 3128 propter
1272 3088 1347 3125 hoc,

270 3133 401 3170 scilicet,
422 3138 553 3175 oportet
576 3131 645 3163 fieri
668 3132 894 3163 reductionem
914 3132 947 3162 in
964 3141 1077 3162 unum.
1103 3131 1193 3163 Sicut
1210 3133 1297 3163 enirn
1314 3134 1346 3164 in
1374 3139 1376 3156 1

271 3178 418 3209 univocis
437 3177 627 3219 praedicatis
642 3176 776 3208 secundi
796 3175 886 3207 modi
903 3186 959 3217 per
978 3186 1022 3213 se,
1039 3182 1170 3217 oportet
1186 3183 1221 3208 ut
1237 3178 1348 3209 omnia
1374 3172 1376 3176 ”

272 3222 310 3253 de
335 3223 453 3264 quibus
476 3222 557 3254 illud
579 3221 782 3263 praedicatur
806 3220 1001 3252 reducantur
1017 3222 1049 3252 in
1066 3231 1170 3253 unum
1192 3223 1243 3253 cui
1268 3222 1348 3254 illud

272 3267 378 3307 primo
391 3273 422 3299 et
438 3266 620 3298 secundum
631 3266 723 3308 quod
735 3266 843 3308 ipsum
859 3266 1024 3303 convenit,
1036 3267 1079 3297 ita
1096 3272 1128 3297 et
1144 3267 1175 3297 in
1193 3267 1347 3308 analogis.

273 3311 416 3343 Primum
440 3313 527 3343 enim
558 3311 805 3352 analogatorum
829 3317 877 3342 est
900 3311 953 3342 cui
977 3311 1084 3351 primo
1108 3316 1140 3342 et
1167 3311 1348 3343 secundum

273 3356 362 3396 quod
378 3357 487 3397 ipsum
503 3356 657 3388 convenit
680 3356 866 3397 analogum.
892 3355 987 3387 Unde
1005 3356 1110 3386 maior
1125 3365 1199 3387 vera
1216 3362 1263 3387 est
1280 3366 1347 3387 non

272 3406 397 3433 tantum
421 3401 461 3432 de
485 3400 670 3442 praedicato
690 3401 846 3438 univoco,
862 3399 919 3431 sed
938 3401 1035 3431 etiam
1051 3399 1091 3431 de
1108 3401 1258 3442 analogo.

330 3445 359 3476 3.
384 3445 628 3477 Advertendum
653 3446 737 3477 circa
765 3444 942 3477 efficaciam
970 3445 1117 3482 rationis,
1141 3444 1247 3486 quod,
1273 3454 1348 3476 cum

274 3487 408 3521 Sanctus
425 3489 570 3522 Thomas
594 3490 739 3522 intendat
762 3490 900 3532 probare
923 3490 1034 3521 omnia
1050 3499 1068 3521 a
1084 3489 1156 3521 Deo
1180 3499 1249 3521 esse
1273 3489 1349 3521 effe-

275 3534 367 3570 ctive,
392 3543 429 3565 ex
453 3535 511 3566 ista
535 3536 659 3566 ratione
689 3545 757 3566 non
789 3534 916 3566 videtur
942 3534 1051 3566 haberi
1075 3534 1167 3575 quod
1190 3535 1230 3565 sit
1253 3544 1350 3566 causa

276 3579 422 3609 omnium
447 3578 601 3610 effective.
627 3580 674 3610 Ex
699 3590 739 3611 eo
764 3580 851 3611 enim
868 3579 958 3621 quod
974 3578 1096 3621 aliquid
1112 3579 1152 3610 sit
1167 3579 1349 3610 secundum

276 3621 382 3662 ipsum
397 3623 470 3660 tale,
487 3623 576 3664 quod
594 3630 641 3655 est
656 3625 752 3655 huius
772 3624 905 3656 rationis
928 3623 1189 3661 fundamentum,
1206 3633 1274 3655 non
1293 3623 1349 3654 ha-

275 3665 367 3696 betur
391 3667 480 3707 quod
504 3668 542 3698 sit
567 3678 661 3699 causa
693 3668 838 3700 effectiva
869 3675 905 3700 ut
936 3669 995 3700 alia
1023 3669 1086 3699 sint
1115 3669 1199 3699 talia.
1225 3667 1349 3700 Sufficit

780 269 969 307 SUMMA
999 267 1222 305 CONTRA
1251 263 1529 309 GENTILES,
1558 263 1653 300 LlB.
1675 263 1716 308 11,
1747 263 1859 300 CAP.
1882 262 1964 299 XV.

1397 342 1538 381 ralium
1558 354 1676 389 error,
1691 341 1760 392 qui
1778 341 1978 392 ponebant
1997 353 2163 391 corpora
2177 343 2373 391 quaedam
2392 354 2473 380 non

1397 397 1541 434 habere
1561 408 1720 433 causam
1742 394 1906 433 essendi.
1932 396 1980 433 Et
1999 394 2116 432 etiam
2135 396 2388 444 quorundam
2406 396 2474 445 qui

1399 450 1532 488 dicunt
1551 451 1683 487 Deum
1702 461 1785 487 non
1812 461 1896 486 esse
1924 460 2085 486 causam
2113 448 2349 486 substantiae
2367 449 2473 494 caeli,

1398 505 1467 541 sed
1496 505 1625 541 solum
1654 510 1798 540 motus.

1402 735 1714 768 Fen-ariensis

1400 845 1488 876 enim
1511 843 1604 884 quod
1626 844 1666 874 sit
1690 853 1786 874 causa
1811 842 1967 873 formalis:
2000 842 2084 873 sicut
2109 842 2288 883 triangulus
2312 848 2360 874 est
2383 852 2478 874 causa

1398 888 1543 920 formalis
1562 898 1662 929 quare
1678 887 1832 919 isosceles
1847 887 1964 918 habeat
1979 892 2055 918 tres.
2075 886 2139 918 Sed
2154 887 2229 918 licet
2244 887 2394 929 explicite
2409 897 2478 919 non

1398 934 1554 965 habeatur
1578 933 1669 974 quod
1699 933 1740 964 sit
1763 942 1861 964 causa
1884 931 2045 969 effectiva,
2072 932 2210 963 habetur
2235 937 2344 964 tamen
2371 932 2479 973 impli-

1399 979 1471 1010 cite.
1497 978 1599 1017 Quod
1622 979 1710 1010 enim
1734 977 1890 1010 convenit
1912 977 2009 1008 alicui
2033 982 2066 1007 et
2087 975 2365 1008 non-secundum
2388 977 2479 1018 quod

1398 1024 1518 1064 ipsum,
1547 1029 1678 1064 oportet
1706 1021 1797 1064 quod
1821 1028 1875 1053 aut
1903 1022 1943 1052 ab
1967 1031 2008 1052 eo
2033 1020 2123 1062 quod
2147 1027 2195 1052 est
2225 1020 2408 1052 secundum
2430 1031 2480 1053 se-

1398 1069 1508 1109 ipsum
1523 1067 1605 1099 illud
1620 1068 1736 1099 habeat
1759 1067 1916 1104 effective,
1933 1071 1989 1098 aut
2005 1067 2044 1097 ab
2060 1066 2172 1107 aliquo
2189 1066 2281 1107 quod
2304 1071 2481 1107 utrumque

1399 1114 1581 1144 eminenter
1607 1113 1784 1144 contineat.
1812 1111 1914 1151 Quod
1936 1112 2026 1143 enim
2048 1111 2231 1142 secundum
2259 1120 2328 1142 esse
2356 1111 2481 1142 actuale

1399 1158 1554 1189 convenit
1573 1157 1670 1188 alicui
1694 1157 1882 1188 distinctum
1907 1157 1946 1188 ab
1971 1157 2041 1188 eius
2064 1157 2202 1187 essentia
2225 1162 2258 1187 et
2280 1165 2349 1187 non
2365 1165 2481 1187 secun-

1399 1202 1479 1234 dum
1495 1202 1588 1243 quod
1606 1203 1726 1243 ipsum,
1742 1211 1875 1233 necesse
1892 1208 1940 1233 est
1955 1207 1992 1233 ut
2007 1201 2047 1232 ab
2064 1201 2172 1242 aliqua
2189 1210 2285 1232 causa
2300 1200 2382 1232 illud
2397 1201 2481 1232 acci—

1399 1248 1476 1289 piat.
1501 1247 1581 1278 Esse
1604 1253 1714 1278 autem
1738 1246 1945 1287 distinguitur
1974 1247 2014 1277 ab
2046 1246 2184 1277 essentia
2210 1250 2387 1277 creaturae:
2412 1255 2481 1276 non

1399 1298 1573 1334 potestque
1586 1292 1658 1322 Deo
1670 1292 1779 1333 aliqua
1795 1291 1856 1322 alia
1868 1301 1964 1323 causa
1976 1291 2125 1332 superior
2136 1300 2216 1328 esse,
2230 1300 2307 1322 cum
2323 1290 2363 1321 sit
2378 1291 2481 1332 prima

1399 1346 1496 1369 causa
1520 1343 1552 1368 et
1575 1346 1633 1368 ens
1657 1346 1715 1378 per
1738 1346 1772 1368 se
1787 1345 1920 1367 necesse
1944 1345 2024 1367 esse.
2049 1335 2127 1367 Ideo
2151 1341 2283 1377 oportet
2306 1335 2397 1376 quod
2420 1335 2481 1366 alia

1399 1382 1539 1413 habeant
1561 1383 1602 1412 ab
1625 1383 1698 1424 ipso
1724 1381 1796 1413 Deo
1820 1391 1890 1412 esse
1913 1390 2009 1412 suum
2033 1381 2131 1411 etiam
2155 1379 2312 1412 effective.

1457 1427 1494 1458 11.
1510 1426 1563 1458 Ad
1587 1427 1784 1458 evidentiam
1799 1426 1885 1458 illius
1901 1425 2146 1467 propositionis,
2165 1425 2264 1462 Quod
2283 1425 2385 1456 alicui
2405 1434 2483 1456 con·

1401 1472 1489 1503 venit
1503 1482 1570 1502 non
1587 1471 1765 1504 secundum
1781 1471 1869 1512 quod
1885 1471 2000 1512 ι’ρειυη,
2015 1480 2080 1511 per
2093 1471 2239 1511 aliquam
2255 1479 2389 1502 causam
2405 1479 2483 1501 con-

1401 1517 1488 1548 venit
1503 1517 1542 1552 ei,
1560 1516 1834 1548 considerandum
1851 1522 1900 1548 est
1914 1515 2016 1557 quod,
2033 1525 2108 1547 cum
2127 1514 2288 1557 quaedam
2308 1515 2373 1546 sint
2392 1523 2483 1556 prae-

1401 1560 1505 1592 dicata
1521 1561 1712 1599 essentialia,
1726 1571 1763 1592 ea
1779 1561 1902 1592 scilicet
1918 1570 2002 1602 quae
2018 1566 2094 1592 sunt
2110 1560 2206 1602 primi
2222 1559 2314 1591 modi
2322 1569 2388 1601 per
2401 1568 2436 1591 se
2445 1558 2482 1596 ’“;

1401 1605 1562 1647 quaedam
1578 1616 1656 1638 vero
1674 1616 1758 1647 quae
1782 1615 1850 1637 non
1868 1612 1943 1637 sunt
1959 1605 2152 1642 essentialia,
2169 1604 2226 1636 sed
2246 1604 2286 1636 ad
2302 1603 2483 1636 secundum

1401 1651 1539 1682 modum
1563 1661 1628 1692 per
1649 1661 1684 1682 se
1707 1652 1883 1692 pertinent:
1907 1650 2084 1682 secundum
2109 1649 2198 1691 quod
2227 1649 2331 1691 ipsum
2361 1654 2392 1680 et
2417 1658 2483 1680 non

1400 1696 1578 1727 secundum
1594 1696 1683 1737 quod
1699 1697 1802 1736 ipsum
1825 1696 1859 1726 in
1880 1697 2024 1736 utrisque
2044 1694 2235 1735 praedicatis
2250 1694 2484 1726 consideratur.

1402 1740 1443 1772 Et
1467 1741 1689 1772 universaliter
1712 1750 1827 1772 verum
1851 1747 1898 1771 est
1926 1740 2017 1781 quod
2041 1749 2141 1771 omne
2165 1739 2364 1771 conveniens
2387 1739 2484 1770 alicui

1402 1795 1470 1817 non
1498 1786 1682 1818 secundum
1708 1786 1876 1827 propriam
1906 1784 2132 1821 differentiam,
2156 1785 2311 1816 convenit
2334 1784 2395 1815 sibi
2417 1783 2484 1816 for-

1373 1838 1375 1850 ¹
1402 1830 1528 1862 maliter
1550 1840 1609 1872 per
1632 1831 1728 1862 aliam
1752 1840 1882 1862 causam
1907 1840 1925 1861 a
1949 1830 2096 1861 subiecto
2128 1828 2322 1866 distinctam,
2346 1829 2413 1860 sive
2437 1827 2484 1860 di-

1401 1876 1582 1916 stinguatur
1612 1876 1652 1906 ab
1682 1876 1754 1916 ipso
1785 1874 1922 1911 realiter,
1947 1875 2014 1905 sive
2046 1873 2228 1905 secundum
2255 1873 2427 1904 rationem.
2450 1871 2485 1906 Si

1402 1920 1490 1950 enim
1514 1920 1669 1951 convenit
1699 1928 1757 1960 per
1788 1918 1923 1960 aliquod
1953 1918 2041 1950 aliud
2071 1918 2267 1954 subiectum,
2291 1917 2346 1949 cui
2377 1918 2484 1958 primo

1402 1965 1585 2001 conveniat,
1602 1963 1643 1995 ad
1666 1965 1776 2005 ipsum
1799 1964 1883 1995 sicut
1906 1963 2056 2005 superius
2079 1968 2135 1994 aut
2159 1962 2293 1994 inferius
2317 1962 2485 1994 essentiale

1401 2018 1436 2040 se
1460 2009 1592 2045 habens,
1617 2014 1695 2040 tunc
1719 2008 1774 2040 illa
1797 2017 1894 2040 causa
1917 2018 1935 2039 a
1957 2008 2107 2039 subiecto
2131 2008 2256 2038 ratione
2286 2012 2414 2039 tantum
2436 2006 2486 2039 di·

1373 2051 1375 2064 ¹
1402 2054 1589 2094 stinguitur:
1615 2054 1699 2085 sicut
1722 2062 1799 2084 cum
1823 2053 1962 2085 dicimus
1985 2053 2104 2084 habere
2127 2057 2193 2084 tres
2216 2052 2393 2084 convenire
2419 2052 2485 2084 iso-

1374 2107 1375 2113 *
1402 2098 1480 2130 sceli
1496 2104 1527 2130 et
1543 2097 1665 2140 figurae
1685 2098 1810 2129 ratione
1834 2098 1995 2140 trianguli.
2020 2097 2054 2129 Si
2073 2103 2183 2129 autem
2198 2096 2280 2128 illud
2300 2096 2354 2128 cui
2377 2096 2485 2138 primo

1403 2143 1558 2175 convenit
1581 2153 1649 2174 non
1673 2152 1707 2174 se
1730 2143 1828 2174 habet
1850 2143 1934 2174 sicut
1957 2142 2106 2184 superius
2133 2147 2165 2173 et
2188 2140 2322 2173 inferius
2345 2140 2386 2173 ad
2409 2141 2485 2174 sub-

1403 2189 1535 2225 iectum,
1562 2193 1641 2219 tunc
1669 2188 1740 2218 talis
1768 2197 1864 2219 causa
1891 2197 1908 2219 a
1936 2187 2084 2219 subiecto
2108 2186 2234 2218 realiter
2262 2186 2484 2228 distinguitur:

1402 2234 1486 2264 sicut
1510 2232 1648 2264 dicimus
1677 2232 1872 2264 caliditatem
1904 2233 2079 2264 convenire
2110 2232 2264 2263 omnibus
2294 2230 2406 2263 calidis
2427 2240 2487 2273 per

1402 2278 1527 2319 ignem;
1559 2278 1642 2319 ignis
1666 2278 1754 2309 enim
1786 2278 1826 2309 ab
1857 2277 1918 2309 illis
1947 2276 2130 2308 secundum
2156 2285 2250 2308 suam
2274 2275 2485 2309 substantiam

1403 2323 1527 2354 realiter
1551 2322 1769 2363 distinguitur,
1794 2323 1869 2354 licet
1892 2322 2001 2364 aliqua
2030 2322 2100 2354 eius
2130 2321 2335 2362 participatio
2366 2321 2400 2353 in
2423 2320 2486 2353 illis

1403 2367 1453 2404 sit,
1477 2377 1516 2398 ex
1541 2377 1605 2408 qua
1629 2367 1712 2408 ignis
1736 2367 1968 2408 proprietatem
1992 2367 2196 2408 participant.
2229 2365 2285 2397 Illa
2308 2375 2385 2407 ergo
2409 2375 2485 2407 pro-

1403 2412 1524 2453 positio
1540 2413 1586 2443 sic
1601 2412 1805 2453 intelligitur:
1819 2411 1923 2451 Quod
1936 2412 2091 2443 convenit
2106 2411 2202 2442 alicui
2218 2419 2287 2442 non
2303 2409 2484 2443 secundum

1403 2456 1494 2498 quod
1517 2458 1637 2498 ipsum,
1662 2458 1817 2488 convenit
1841 2457 1900 2488 sibi
1924 2465 1982 2498 per
2009 2456 2152 2498 aliquam
2176 2464 2308 2487 causam
2331 2465 2349 2487 a
2372 2465 2407 2487 se
2430 2461 2486 2487 aut

1402 2502 1530 2533 realiter
1545 2507 1601 2533 aut
1617 2501 1799 2533 secundum
1816 2502 1975 2533 rationem
1988 2501 2183 2538 distinctam,
2195 2500 2379 2532 secundum
2394 2500 2485 2542 quod

1374 2575 1376 2582 ,
1402 2546 1620 2578 diversimode
1644 2547 1787 2588 primum
1811 2547 1995 2579 subiectum
2012 2546 2053 2578 ad
2068 2545 2251 2578 secundum
2266 2550 2485 2587 comparatur.

1461 2601 1491 2623 2.
1509 2591 1603 2623 Circa
1626 2591 1715 2623 illam
1738 2592 2010 2633 propositionem,
2030 2591 2127 2628 Quod
2143 2600 2276 2622 causam
2295 2600 2362 2622 non
2380 2589 2484 2626 hahet,

1397 2636 1542 2678 primum
1567 2642 1599 2667 et
1622 2636 1842 2668 immediatum
1867 2641 1924 2673 est,
1948 2635 2183 2668 advertendum
2208 2635 2299 2676 quod
2322 2634 2486 2677 praedica-

1403 2687 1474 2713 tum
1490 2691 1559 2713 non
1575 2681 1698 2712 habens
1715 2690 1845 2713 causam
1862 2679 1980 2712 dicitur
1990 2681 2146 2723 primum,
2164 2680 2241 2722 quia
2257 2680 2386 2712 nullum
2397 2679 2485 2712 aliud

1402 2725 1624 2767 praedicatum
1640 2726 1730 2767 prius
1750 2736 1790 2758 eo
1808 2727 1962 2757 convenit
1986 2726 2134 2757 subiecto
2151 2725 2242 2767 quod
2257 2726 2298 2756 sit
2313 2725 2372 2756 sibi
2389 2733 2484 2756 causa

1404 2778 1438 2803 ut
1463 2771 1675 2812 praedicetur.
1702 2771 1827 2802 Dicitur
1851 2772 1947 2802 etiam
1972 2770 2086 2802 eadem
2110 2771 2235 2802 ratione
2254 2769 2484 2806 immediatum,

1403 2817 1480 2857 quia
1511 2818 1595 2847 inter
1624 2817 1733 2857 ipsum
1765 2822 1797 2847 et
1827 2817 2010 2848 subiectum
2043 2816 2123 2847 nihil
2156 2815 2276 2848 mediat
2307 2824 2364 2856 per
2395 2814 2485 2856 quod

1403 2862 1567 2893 inhaereat
1590 2862 1749 2892 subiecto.

1462 2906 1490 2937 3.
1505 2905 1599 2937 Circa
1615 2906 1710 2937 aliam
1727 2906 2000 2947 propositionem,
2017 2904 2114 2942 Quod
2129 2905 2169 2936 de
2184 2905 2296 2946 aliquo
2308 2904 2484 2936 secundum

1402 2950 1492 2993 quod
1515 2951 1618 2992 ipsum
1641 2950 1771 2986 dicitur,
1789 2950 1893 2992 ipsum
1911 2960 1976 2981 non
1993 2950 2130 2986 excedit,
2147 2955 2179 2981 et
2193 2949 2398 2981 convertitur
2412 2958 2484 2981 cum

1404 2996 1474 3038 ipso
1486 2998 1513 3033 ',
1531 2995 1705 3028 dubitatur.
1731 2995 1766 3027 ln
1791 2996 1963 3037 proposito
1980 2995 2068 3027 enim
2084 3004 2154 3027 esse
2171 2995 2326 3026 convenit
2343 2994 2415 3026 Deo
2435 3003 2485 3026 se-

1403 3041 1550 3072 eundum
1578 3039 1669 3082 quod
1700 3041 1808 3081 ipsum
1840 3046 1897 3077 est,
1922 3046 1954 3071 et
1977 3045 2086 3072 tamen
2109 3041 2219 3081 ipsum
2243 3039 2383 3071 excedit:
2409 3046 2484 3070 cum

1403 3086 1483 3123 aliis,
1508 3095 1592 3127 quae
1616 3095 1684 3117 non
1708 3091 1784 3117 sunt
1807 3085 1907 3122 Deus,
1924 3086 2107 3117 conveniat.
2133 3085 2220 3125 Ergo
2244 3090 2292 3116 est
2315 3083 2394 3116 falsa
2409 3093 2485 3126 pro-

1403 3131 1534 3172 positio.
1561 3131 1601 3161 Et
1625 3130 1751 3162 videtur
1774 3130 1911 3162 Sanctus
1932 3130 2078 3161 Thomas
2102 3130 2135 3161 in
2164 3130 2288 3161 ratione
2318 3128 2485 3170 implicare

1404 3175 1709 3207 contradictionem.

1460 3220 1689 3262 Respondetur
1713 3219 1803 3262 quod
1831 3219 2004 3261 dupliciter
2030 3225 2139 3261 potest
2161 3218 2296 3259 intelligi
2320 3217 2484 3259 praedica—

1404 3271 1474 3297 tum
1491 3275 1558 3296 non
1576 3265 1731 3296 excedere
1755 3265 1949 3296 subiectum.
1973 3264 2084 3296 Primo
2107 3262 2221 3300 modo,
2237 3261 2415 3294 formaliter
2426 3272 2484 3304 vsu-

1403 3310 1526 3342 mendo
1549 3310 1733 3342 subiectum
1758 3316 1789 3340 et
1813 3309 1995 3341 secundum
2019 3309 2183 3350 propriam
2202 3307 2377 3339 rationem:
2402 3307 2485 3338 sicut

1403 3356 1522 3386 habere
1545 3360 1611 3386 tres
1634 3355 1835 3386 convertitur
1862 3363 1939 3386 cum
1970 3353 2132 3394 triangulo
2155 3357 2188 3384 et
2211 3353 2318 3393 ipsum
2341 3361 2410 3383 non
2430 3361 2484 3383 ex-

1404 3400 1499 3437 cedit,
1524 3401 1600 3442 quia
1624 3399 1705 3431 nulli
1729 3400 1884 3431 convenit
1907 3408 1966 3440 per
1985 3407 2018 3429 se
2039 3398 2092 3430 cui
2113 3406 2181 3429 non
2205 3397 2379 3428 conveniat
2402 3396 2483 3428 ratio

1403 3445 1564 3486 trianguli.
1587 3463 1609 3467 -
1632 3443 1786 3476 Secundo
1809 3443 1923 3480 modo,
1947 3441 2108 3474 sumendo
2132 3442 2315 3473 subiectum
2339 3446 2395 3473 aut
2419 3440 2483 3472 for-

1403 3489 1530 3521 maliter
1557 3489 1739 3521 secundum
1763 3489 1929 3530 propriam
1952 3487 2123 3523 rationem,
2143 3493 2199 3518 aut
2221 3485 2403 3518 secundum
2426 3485 2483 3517 ali-

1404 3543 1503 3576 quam
1520 3534 1590 3566 eius
1606 3534 1898 3576 participationem.
1924 3532 1965 3563 Et
1980 3532 2026 3563 sic
2042 3541 2112 3564 esse
2128 3541 2196 3563 non
2214 3530 2340 3563 excedit
2360 3530 2482 3562 Deum:

1405 3579 1480 3620 quia
1505 3588 1605 3610 omne
1629 3579 1682 3610 cui
1706 3578 1861 3610 convenit
1884 3586 1964 3614 esse,
1986 3582 2041 3608 aut
2065 3582 2112 3607 est
2136 3576 2235 3613 Deus,
2257 3582 2312 3607 aut
2335 3575 2483 3606 similitu-

1404 3623 1479 3655 dine
1503 3624 1573 3655 eius
1597 3623 1781 3665 participatu
1805 3628 1836 3654 et
1859 3621 1940 3653 nulli
1964 3626 2127 3652 creaturae
2151 3621 2305 3653 convenit
2329 3629 2398 3651 esse
2422 3620 2483 3651 nisi

1404 3669 1599 3708 inquantum
1623 3668 1731 3708 aliqua
1755 3666 1861 3698 divina
1885 3666 2095 3698 similitudine
2120 3665 2298 3706 participat.

2513 2993 2522 3002 ·
2537 2991 2575 3014 ef.
2595 2997 2617 3014 n.
2634 2997 2650 3018 ι,
2671 2990 2730 3013 Pro

2512 3018 2673 3068 mnino
2687 3024 2731 3040 an-
