2768 4134
29 718 37 725 ·
54 717 121 738 Num.
134 723 167 744 111,
179 722 198 736 ²-

25 2633 33 2641 ”
49 2631 104 2658 Cap.
117 2637 183 2652 xxiii.

30 3217 38 3225 ·
54 3216 110 3244 Cap.
127 3223 175 3238 xm.

31 3323 39 3332 ·
55 3321 110 3349 cap.
128 3328 178 3344 xm.

277 296 353 333 290

272 366 321 395 his
344 362 530 394 nominibus
550 359 660 390 scibile
681 364 712 388 et
730 357 872 387 Creator
889 366 958 387 esse
975 361 1155 396 conceptus
1179 356 1344 392 relativos;

272 414 319 439 est
342 407 429 438 enim
452 404 561 436 scibile
578 404 685 443 aliqua
705 402 838 433 scientia
858 401 978 437 scibile,
996 406 1028 430 et
1049 406 1193 431 creatura
1209 400 1345 431 alicuius

271 452 422 484 creatoris
450 455 604 484 creatura,
633 446 814 477 secundum
844 445 935 486 quod
965 446 1024 475 ista
1050 445 1186 475 nomina
1214 445 1345 475 relative

271 498 431 528 dicuntur.

323 541 448 570 Dicitur
470 538 566 568 tertio
590 536 691 577 quod,
708 536 793 572 licet,
810 535 902 566 nullo
924 534 1091 564 intellectu
1107 533 1343 570 considerante,

269 587 302 616 in
326 594 359 615 re
384 593 481 624 quae
491 581 610 613 scibilis
633 581 750 612 dicitur
765 590 833 611 non
851 581 891 609 sit
914 579 1027 609 relatio
1044 579 1146 615 realis,
1164 585 1212 610 est
1235 585 1345 610 tamen

268 632 302 661 in
325 631 395 670 ipsa
417 628 528 658 relatio
560 627 691 657 rationis
721 624 902 656 secundum
933 624 1120 664 proximum
1150 623 1344 655 fundamen-

267 681 350 710 tum,
373 674 569 723 inquantum
600 671 766 702 actualiter
796 670 946 700 terminat
969 669 1162 699 relationem
1190 669 1344 700 scientiae

268 719 307 750 ad
331 720 450 759 ipsum.
467 717 509 748 Et
525 717 571 747 sic
595 715 634 746 de
651 716 730 746 aliis.
749 714 843 745 Unde
860 713 952 754 quod
968 713 1046 744 dicit
1061 714 1165 764 prima
1184 714 1300 754 opinio
1316 714 1343 750 *,

267 764 347 795 nihil
370 772 467 804 posse
492 771 562 792 esse
585 761 762 791 terminum
777 759 901 789 relativi
924 759 987 789 nisi
1010 758 1126 788 habeat
1148 759 1183 789 in
1206 768 1240 789 se
1264 758 1343 789 rela-

266 810 392 840 tionem
408 807 450 838 ad
464 808 583 847 ipsum,
599 805 802 845 intelligitur.
820 809 879 834 aut
892 803 1100 845 formaliter,
1117 808 1177 833 aut
1188 804 1345 844 proxime

258 852 567 896 fundamentaliter.
597 849 697 888 Quod
721 849 808 879 enim
832 848 999 879 actualiter
1021 848 1172 878 terminat
1195 847 1344 879 ordinem

267 899 402 930 alicuius
425 897 547 928 relativi
564 895 604 926 ad
619 896 736 935 ipsum,
754 894 850 924 habet
868 903 902 931 in
923 903 956 923 se
980 892 1067 923 unde
1092 893 1222 933 concipi
1242 893 1345 933 possit

267 945 300 975 in
325 943 438 974 ordine
454 941 494 972 ad
517 941 625 981 ipsum
642 939 822 974 relativum,
839 943 871 968 et
894 938 940 968 sic
962 943 1072 978 potest
1087 937 1151 968 dici
1171 937 1257 968 illius
1273 947 1343 968 cor·

266 989 450 1020 relativum:
475 987 568 1021 sicut,
592 985 668 1015 licet
691 984 829 1024 privatio
853 992 921 1013 non
945 984 986 1013 sit
1009 982 1191 1013 formaliter.
1210 983 1244 1013 in
1268 983 1344 1013 sub-

266 1035 352 1065 iecto
383 1031 475 1062 realis
506 1030 619 1065 forma,
644 1028 700 1059 sed
730 1029 770 1058 sit
799 1034 927 1058 tantum
955 1028 988 1058 in
1019 1027 1196 1063 intellectu,
1227 1027 1344 1058 dicitur

266 1085 375 1109 tamen
398 1077 581 1107 subiectum
604 1074 729 1104 realiter
753 1074 925 1113 privatum,
942 1074 1019 1113 quia
1043 1078 1131 1103 caret
1145 1071 1223 1102 reali
1239 1071 1344 1103 forma

266 1132 366 1164 quam
389 1127 503 1152 natum
527 1125 574 1150 est
598 1119 725 1149 habere.

322 1166 415 1198 Unde
440 1165 479 1196 ad
504 1169 732 1204 argumentum
757 1162 874 1193 dicitur
902 1161 993 1203 quod
1021 1162 1169 1202 procedit
1199 1171 1237 1192 ex
1262 1160 1343 1192 falso

265 1212 431 1243 intellectu
448 1210 623 1240 verborum
637 1208 831 1244 Aristotelis,
848 1217 885 1238 ac
909 1207 1032 1238 scilicet
1048 1208 1074 1237 si
1098 1207 1219 1238 diceret
1242 1207 1275 1237 in
1294 1216 1344 1238 re-

265 1257 367 1288 lativis
386 1256 470 1286 tertii
486 1254 577 1285 modi
593 1254 626 1284 in
643 1254 743 1284 altero
760 1253 968 1283 relativorum
985 1252 1108 1283 nullam
1128 1261 1196 1283 esse
1216 1252 1343 1282 relatio-

264 1311 350 1338 nem,
367 1309 476 1341 neque
496 1300 542 1330 rei
557 1308 665 1339 neque
681 1299 825 1334 rationis,
842 1307 950 1338 neque
966 1297 1127 1328 actualem
1143 1306 1251 1338 neque
1267 1307 1344 1337 pro-

265 1348 349 1377 xime
369 1344 660 1376 fundamentalem:
686 1353 763 1374 cum
786 1350 895 1374 tamen
920 1343 1076 1382 intelligat
1099 1343 1134 1373 in
1157 1342 1258 1374 altero
1274 1351 1343 1373 non

264 1401 333 1422 esse
357 1391 549 1421 relationem
572 1389 703 1419 realem.
729 1388 835 1424 Unde,
858 1394 992 1428 accepta
1016 1387 1198 1418 Aristotelis
1222 1393 1342 1424 mente,

264 1442 400 1477 negatur
423 1435 668 1474 consequentia.

321 1491 350 1511 2.
376 1480 426 1511 Ad
448 1479 635 1515 secundum,
661 1484 796 1519 negatur
819 1478 938 1508 minor.
962 1478 1064 1508 Actus
1080 1478 1179 1514 enim,
1199 1483 1236 1509 ut
1254 1478 1344 1518 prior

265 1526 420 1567 potentia,
437 1534 505 1555 non
522 1523 636 1555 definit
651 1523 832 1564 potentiam
849 1529 885 1554 ut
909 1523 1077 1559 terminus,
1095 1528 1255 1563 quantum
1271 1532 1344 1563 per-

263 1572 345 1602 tinet
360 1570 401 1602 ad
417 1575 562 1601 mentem
578 1569 759 1600 Aristotelis
782 1568 816 1598 in
840 1568 897 1599 illo
914 1568 1006 1599 loco:
1023 1567 1080 1598 sed
1096 1567 1210 1599 definit
1227 1577 1344 1599 secun-

265 1616 344 1647 dum
361 1615 451 1657 quod
468 1621 645 1655 utrumque
668 1615 800 1645 illorum
819 1613 1000 1644 secundum
1024 1622 1116 1644 suam
1140 1613 1343 1644 essentialem

265 1662 425 1692 rationem
449 1661 631 1691 absolutam
662 1659 894 1694 consideratur,
925 1657 1108 1689 secundum
1138 1667 1238 1698 quam
1261 1658 1342 1688 ratio

265 1712 355 1737 actus
378 1712 427 1736 est
449 1706 538 1746 prior
561 1706 686 1735 ratione
710 1705 886 1745 potentiae,
911 1709 943 1734 et
965 1704 1099 1743 ponitur
1121 1703 1155 1733 in
1171 1704 1240 1734 eius
1264 1702 1344 1734 defi-

744 278 932 315 SUMMA
962 277 1184 314 CONTRA
1213 276 1489 320 GENTILES,
1518 276 1613 312 LIB.
1634 277 1675 321 ΙΙ,
1705 276 1817 313 CAP.
1838 277 1900 322 ΧΙ,
1922 278 2000 314 ΧΙΙ.

1371 354 1374 393 Ι
1400 356 1525 386 uitione
1541 356 1625 386 sicut
1640 355 1818 386 substantia
1841 356 1875 386 in
1890 355 2081 388 definitione
2097 357 2282 390 accidentis.
2297 360 2375 391 Non
2391 362 2479 392 enim

1400 400 1591 431 inconvenit
1618 410 1668 431 res
1697 409 1781 440 quae
1811 401 1943 432 relative
1967 400 2222 433 denominantur
2249 404 2367 436 habere
2396 407 2479 436 inter

1400 454 1434 475 se
1458 444 1607 475 ordinem
1631 446 1746 486 prioris
1769 451 1802 476 et
1825 446 2023 486 posterioriS,
2048 452 2080 477 et
2103 457 2208 481 unum
2224 449 2312 488 >poni
2342 451 2376 481 in
2400 450 2479 481 defi-

1400 490 1525 520 nitione
1549 490 1680 521 alterius
1706 490 1763 521 sed
1786 500 1855 521 non
1879 500 1897 522 e
1921 500 2092 528 converso,
2115 493 2274 532 quamvis,
2290 498 2328 524 ut
2349 494 2480 525 relativa

1400 540 1485 571 sunt,
1519 535 1617 566 simul
1649 536 1713 566 sint
1742 541 1858 566 natura
1888 542 1920 567 et
1950 536 2127 574 intellectu,
2159 543 2196 568 ut
2225 536 2343 569 dicitur
2373 538 2480 570 Prima

1400 580 1503 615 Parte,
1528 581 1584 610 ubi
1607 590 1705 621 supra
1719 581 1747 611 ’ἢ

1399 670 1432 699 in
1457 669 1614 701 absolutis
1638 670 1797 701 definiens
1827 672 1868 701 sit
1895 672 1984 711 prius
2015 671 2161 709 definito,
2192 673 2277 704 sicut
2304 673 2481 704 substantia

1400 714 1578 752 accidente,
1602 716 1636 745 in
1660 715 1800 746 relativis
1818 721 1928 746 tamen
1951 725 2020 747 non
2036 722 2085 747 est
2099 718 2159 748 sic:
2177 727 2254 748 cum
2270 717 2402 748 relativa
2417 719 2481 749 sint

1400 759 1497 790 simul
1521 765 1635 791 natura
1659 766 1691 791 et
1714 761 1914 800 cognitione,
1930 761 1958 791 si
1981 762 2044 792 sint
2068 768 2154 793 reete
2171 763 2338 803 assignata,
2357 769 2389 794 et
2404 763 2479 794 ideo

1400 810 1518 835 mutuo
1542 814 1575 836 se
1600 804 1765 836 definiant.
1904 827 1906 830 -

1456 858 1488 888 4.
1513 850 1565 880 Ad
1586 855 1741 891 quartum
1764 850 1882 881 dicitur
1905 850 2007 891 quod,
2023 851 2116 882 nullo
2140 851 2306 884 intellectu
2331 852 2480 884 conside-

1400 899 1500 930 rante,
1525 895 1558 925 in
1583 895 1686 926 scibili
1710 900 1742 925 et
1765 895 1798 926 in
1822 895 1895 926 Deo
1919 901 1967 926 est
1989 895 2103 927 relatio
2126 897 2259 928 rationis
2286 897 2480 929 fundamen-

1399 939 1504 969 taliter
1527 941 1686 980 proxime,
1711 949 1780 971 non
1803 945 1914 971 autem
1943 941 2110 972 actualiter
2138 947 2170 972 et
2199 942 2374 983 complete.
2403 943 2480 974 Hoc

1400 989 1509 1014 autem
1533 984 1651 1016 sufficit
1674 984 1716 1015 ad
1739 985 1804 1015 hoc
1827 991 1864 1016 ut
1886 985 2010 1026 aliquid
2029 985 2156 1017 dicatur
2177 986 2219 1017 ad
2242 987 2377 1018 alterum
2400 988 2480 1019 rela-

1400 1029 1464 1060 tive
1480 1038 1539 1069 per
1554 1030 1693 1061 modum
1709 1030 1839 1060 termini
1856 1030 2014 1061 absolute.
2032 1031 2080 1061 Ex
2096 1031 2161 1062 hoc
2177 1032 2266 1062 enim
2282 1032 2374 1072 quod
2390 1033 2479 1065 Deus

1400 1073 1496 1104 habet
1520 1075 1701 1114 potentiam
1725 1075 1933 1106 coercitivam
1949 1075 2166 1113 subditorum,
2183 1082 2216 1107 et
2237 1078 2404 1108 actualiter
2417 1083 2481 1110 ter-

1399 1119 1500 1149 minat
1516 1119 1708 1151 relationem
1724 1119 1932 1151 subditorum
1947 1120 1988 1151 ad
2011 1121 2131 1161 ipsum,
2147 1127 2243 1152 natus
2263 1127 2312 1153 est
2334 1122 2481 1163 intelligi,

1399 1164 1424 1193 si
1454 1164 1660 1215 concipiatur
1686 1170 1723 1196 ut
1752 1165 1858 1195 taliter
1887 1166 2074 1202 terminans,
2100 1175 2176 1197 cum
2199 1167 2390 1198 habitudine
2421 1167 2481 1198 do-

1399 1209 1492 1239 minii
1515 1209 1556 1239 ad
1579 1209 1738 1240 subditos.
1755 1209 1860 1240 Unde
1868 1216 2098 1250 argumentum
2115 1217 2163 1242 est
2185 1221 2246 1253 pro
2270 1213 2375 1253 prima
2391 1218 2481 1253 parte

1400 1252 1679 1285 determinationis
1702 1253 1805 1285 factae
1821 1255 1848 1285 “.

1456 1298 1583 1330 Dicitur
1605 1299 1752 1330 secundo
1776 1277 1877 1340 quoti,
1902 1300 2000 1331 etiam
2023 1301 2116 1332 nullo
2139 1301 2307 1333 intellectu
2331 1301 2482 1333 conside-

1399 1349 1489 1374 rante
1513 1344 1690 1380 actualiter,
1714 1346 1748 1375 in
1772 1345 1896 1375 ratione
1912 1354 1972 1385 per
1993 1346 2082 1377 hunc
2097 1347 2274 1378 terminum
2290 1347 2402 1378 scibile
2420 1348 2482 1378 im-

1399 1394 1526 1429 portata
1549 1389 1727 1421 includitur
1742 1389 1855 1420 relatio
1871 1389 1912 1420 ad
1935 1390 2114 1422 scientiam.
2132 1391 2210 1422 Non
2225 1393 2314 1423 enim
2334 1397 2481 1433 oportet,

1399 1433 1440 1464 ad
1462 1434 1528 1471 hoc
1552 1439 1588 1465 ut
1611 1439 1792 1475 conceptus
1808 1434 1924 1475 aliquis
1940 1444 1999 1475 per
2022 1445 2146 1467 nomen
2168 1437 2373 1477 importetur,
2390 1437 2482 1478 quod

1399 1488 1529 1519 semper
1550 1485 1627 1510 actu
1651 1480 1826 1520 cogitetur:
1850 1479 1969 1511 sufficit
1991 1481 2080 1512 enim
2104 1481 2196 1522 quod
2218 1491 2342 1513 nomen
2365 1483 2407 1513 sit
2420 1483 2482 1513 im-

1400 1525 1545 1564 positum
1568 1524 1609 1555 ad
1632 1523 1884 1565 significandum
1899 1533 1968 1555 rem
1987 1525 2152 1557 mediante
2167 1526 2222 1557 mli
2238 1532 2414 1568 conceptu.
2430 1525 2482 1558 Ad

1399 1569 1464 1600 hoc
1488 1574 1598 1600 autem
1621 1575 1658 1600 ut
1681 1570 1840 1600 terminus
1862 1568 2041 1601 formaliter
2069 1569 2156 1602 dicat
2184 1571 2388 1608 relationem,
2415 1571 2482 1603 suf-

1400 1613 1468 1645 ficit
1491 1620 1527 1644 ut
1550 1620 1731 1655 conceptus
1755 1624 1814 1654 per
1836 1623 1960 1646 nomen
1992 1616 2123 1649 termini
2152 1615 2336 1648 definientis
2359 1617 2482 1658 impor—

1399 1664 1494 1695 tatus,
1519 1668 1587 1699 quo
1611 1658 1775 1690 mediante
1790 1668 1914 1690 nomen
1931 1666 1979 1691 est
2002 1661 2047 1691 rei
2071 1661 2274 1701 impositum,
2290 1661 2481 1693 relationem

1400 1704 1565 1744 importet.

1104 1811 1400 1852 -›————2ml‘·
1411 1827 1422 1835 ι

788 1970 1317 2028 CAPITULUM
1367 1951 1964 2027 DUoDEchM

1249 2080 1279 2110 A
1305 2079 1374 2110 30r
1409 2080 1494 2118 a45.

529 2172 704 2225 QUOD
739 2170 1134 2212 RELATIONES
1169 2170 1402 2211 DICTAE
1436 2170 1521 2212 DE
1553 2170 1682 2212 DEO
1719 2170 1806 2212 AD
1842 2170 2220 2214 CREATURAS

907 2233 1036 2274 NON
1072 2233 1236 2274 SUNT
1270 2233 1582 2274 REALITER
1616 2233 1677 2274 IN
1712 2233 1840 2274 DEO

342 2369 413 2411 >25
446 2367 648 2394 uiusmom
677 2362 808 2392 autern
838 2353 1043 2392 relationes
1062 2365 1163 2404 quae
1189 2353 1346 2391 suntad

328 2406 403 2454 ..ξ
445 2410 454 2437 ³
491 2421 585 2447 suos
613 2409 786 2454 effectus,
808 2407 958 2446 realiter
985 2408 1025 2445 in
1055 2407 1142 2445 Deo
1162 2419 1246 2444 esse
1266 2419 1346 2444 non

291 2456 297 2467 '
328 2475 414 2517 ᾗς
445 2468 462 2508 3'
491 2471 668 2513 possunt.

287 2518 292 2525 '
339 2510 385 2563 'st
546 2517 640 2554 Non
668 2515 775 2554 enim
804 2515 843 2552 in
872 2527 920 2553 eo
950 2527 1034 2552 esse
1063 2522 1222 2565 possent
1246 2514 1348 2551 sicut

267 2570 478 2609 accidentia
513 2570 552 2608 in
588 2569 778 2608 subiecto:
815 2581 907 2607 cum
938 2568 976 2606 in
1005 2568 1091 2619 ipso
1120 2569 1272 2606 nullum
1302 2567 1348 2605 sit

266 2624 457 2671 accidens,
479 2632 521 2661 ut
543 2624 583 2662 in
603 2623 732 2684 primo
752 2622 886 2661 libro*
905 2630 1108 2661 ostensum
1128 2630 1196 2660 est.
1218 2645 1242 2649 -
1263 2622 1348 2660 Nec

266 2678 382 2716 etiam
397 2686 556 2729 possent
575 2690 659 2716 esse
679 2677 763 2728 ipsa
782 2676 855 2715 Dei
874 2676 1099 2715 substantia.
1118 2676 1222 2714 Cum
1241 2675 1348 2714 enim

266 2732 423 2770 relativa
452 2731 526 2769 sint
554 2745 651 2783 quae
681 2732 887 2769 secundum
919 2743 1029 2768 suum
1063 2743 1142 2768 esse
1169 2731 1220 2768 ad
1246 2730 1351 2768 aliud

267 2786 544 2837 quodammodo
576 2799 616 2823 se
647 2787 796 2832 habent,
826 2792 868 2822 ut
897 2785 1162 2835 Philosophus
1189 2783 1280 2822 dicit
1308 2783 1349 2821 in

266 2840 585 2878 Praedicamentis
603 2839 640 2886 *,
671 2847 867 2890 oporteret
895 2839 1004 2888 quod
1034 2837 1107 2876 Dei
1136 2837 1349 2876 substantia

267 2895 343 2932 hoc
371 2894 503 2944 ipsum
531 2893 640 2943 quod
677 2901 733 2931 est
768 2892 818 2931 ad
853 2891 959 2930 aliud
994 2891 1196 2930 diceretur.
1227 2891 1348 2940 Quod

267 2956 399 2986 autem
427 2947 559 2998 ipsum
579 2947 688 2997 quod
713 2955 769 2985 est
789 2946 838 2984 ad
858 2946 963 2984 aliud
983 2946 1134 2991 dicitur,
1154 2946 1348 2996 quodam-

267 3002 389 3039 modo
418 3002 468 3039 ab
498 3001 583 3052 ipso
612 3001 823 3050 dependet:
854 3012 946 3038 cum
976 3012 1048 3037 nec
1077 3012 1161 3038 esse
1191 3012 1263 3038 nec
1292 2999 1348 3037 in-

268 3055 379 3104 telligi
409 3055 491 3093 sine
520 3067 569 3092 eo
597 3054 729 3106 possit.
760 3054 969 3105 Oporteret
997 3054 1111 3103 igitur
1137 3054 1246 3104 quod
1276 3054 1348 3091 Dei

269 3108 481 3147 substantia
500 3108 550 3147 ab
570 3108 646 3147 alio
666 3107 880 3146 extrinseco
910 3115 1010 3145 esset
1037 3107 1276 3158 dependens
1301 3108 1373 3145 Et¹

269 3162 322 3200 sic
355 3175 437 3201 non
471 3171 569 3201 esset
605 3175 675 3213 per
709 3161 884 3212 seipsum
920 3173 1077 3199 necesse
1114 3174 1208 3207 esse,
1239 3169 1281 3199 ut
1309 3161 1347 3199 in

270 3216 397 3265 primo
425 3217 524 3255 libro
543 3216 563 3239 *
591 3224 794 3254 ostensum
823 3223 890 3254 est.
922 3216 1015 3253 Non
1035 3224 1125 3253 sunt
1144 3215 1258 3264 igitur
1276 3216 1349 3253 hu-

271 3269 439 3308 iusmodi
469 3270 673 3308 relationes
702 3269 922 3308 secundum
953 3281 1034 3307 rem
1065 3269 1103 3306 in
1134 3270 1230 3307 Deo.

324 3324 430 3362 Item.
466 3325 679 3362 Ostensum
716 3331 772 3361 est
808 3323 847 3360 in
884 3323 1017 3360 Primo
1042 3322 1063 3345 *
1097 3323 1205 3373 quod
1242 3323 1349 3360 Deus

272 3377 451 3415 omnium
471 3377 621 3416 entium
641 3386 697 3416 est
717 3377 843 3428 prima
864 3388 1060 3414 mensura.
1089 3376 1391 3426 eomparatur-2

274 3430 384 3479 igitur
403 3432 510 3469 Deus
529 3432 577 3470 ad
598 3431 671 3470 alia
691 3431 792 3470 entia
812 3431 910 3469 sicut
930 3430 1060 3468 scibile
1081 3430 1130 3468 ad
1150 3429 1349 3468 scientiam

327 3543 343 3568 8
363 3551 440 3569 nuum
459 3552 501 3569 om
522 3545 632 3571 axYPc.
724 3553 740 3579 9
760 3546 785 3570 in
805 3526 1024 3570 Praedicamentie
1043 3551 1087 3570 om
1109 3544 1236 3569 EGWzb.

275 3582 345 3604 tasse
363 3580 394 3604 Α.
487 3580 519 3606 16
539 3588 598 3606 esse
617 3587 659 3606 om
679 3581 730 3606 ΖΡ.

331 3622 343 3639 2
364 3615 451 3648 opinio
471 3621 495 3640 et
514 3616 622 3650 (margo
641 3618 672 3646 Α,
692 3624 734 3642 om
756 3616 802 3650 ΒΗ
823 3616 913 3649 opinio
932 3616 973 3642 vel
993 3622 1093 3642 omnes.

1325 3551 1356 3570 η
1378 3544 1474 3578 ἰριιιιῐι]
1495 3545 1546 3571 hoc
1564 3546 1650 3579 iprum
1671 3545 1717 3571 Pe.

825 3588 856 3614 ¹9
876 3581 903 3605 in
922 3578 1019 3614 Primo]
1040 3581 1065 3605 in
1085 3580 1142 3605 Deo
1161 3580 1212 3610 αΧ,
1231 3579 1256 3605 in
1276 3579 1361 3613 primo
1381 3580 1447 3606 libro
1467 3581 1515 3606 Pd-

1184 3614 1201 3640 8
1221 3615 1290 3640 aliud
1309 3615 1428 3649 referturl
1449 3616 1498 3642 alia
1517 3615 1665 3642 referuntur
1683 3616 1724 3650 pa
1742 3619 1770 3641 et
1788 3614 1859 3646 DsY,
1879 3614 1948 3640 aliud
1967 3615 2095 3640 refer-tur
2112 3614 2182 3645 EnG,
2203 3615 2252 3641 elin
2270 3614 2380 3640 refertur
2398 3614 2430 3645 Y,
2450 3615 2482 3640 nd

1402 2361 1588 2399 nostram,
1608 2353 1717 2404 quod
1737 2353 1821 2405 eius
1841 2365 2027 2392 mensura
2046 2351 2232 2394 estz'nam
2252 2368 2302 2393 ex
2320 2367 2365 2393 eo
2384 2356 2486 2406 quod

1403 2420 1462 2445 res
1481 2413 1532 2445 est
1559 2408 1618 2446 vel
1647 2421 1721 2446 non
1752 2417 1815 2453 est,
1835 2409 1965 2458 opinio
1992 2414 2026 2446 el
2054 2410 2176 2446 oratio
2194 2421 2287 2447 vera
2306 2410 2366 2447 vel
2374 2410 2483 2458 salsa

1403 2467 1465 2507 est,
1486 2461 1705 2500 secundum
1727 2462 2016 2523 Philosophum
2043 2461 2084 2500 in
2111 2463 2432 2501 baeda-amentis
2448 2463 2481 2501 ².
2510 2475 2520 2484 ·

1403 2514 1544 2552 Scibile
1573 2523 1704 2553 autem
1734 2515 1820 2553 licet
1847 2516 1896 2554 ad
1925 2515 2126 2554 scientiam
2145 2516 2303 2554 relative
2322 2515 2483 2565 dicatur,

1371 2586 1379 2606 ς
1403 2576 1533 2606 tamen
1563 2568 1696 2607 relatio
1725 2569 1945 2607 secundum
1974 2581 2058 2608 rem
2087 2569 2126 2608 in
2155 2569 2277 2608 scibili
2305 2582 2387 2609 non
2415 2576 2483 2631 est,

1403 2622 1471 2660 sed
1501 2621 1540 2660 in
1569 2622 1727 2661 scientia
1755 2631 1922 2662 tantum:
1961 2623 2066 2662 unde
2100 2623 2320 2663 secundum
2353 2614 2483 2667 Philo·

1403 2677 1588 2726 sophum,
1619 2677 1658 2714 in
1678 2677 1713 2714 V
1732 2679 1903 2728 Metaph.
1924 2677 1955 2723 *,
1985 2677 2115 2717 scibile
2142 2677 2283 2717 dicitur
2314 2678 2482 2725 relative,
2510 2689 2520 2699 ·

1404 2743 1479 2768 non
1509 2732 1597 2780 quia
1625 2733 1746 2781 ipsum
1775 2732 1976 2780 referatur,
1995 2732 2063 2769 sed
2079 2733 2168 2782 quia
2188 2732 2294 2770 aliud
2319 2732 2485 2782 refertur

1403 2785 1455 2822 ad
1472 2787 1605 2835 ipsum.
1628 2784 1761 2823 Dictae
1781 2785 1895 2834 igitur
1912 2785 2117 2823 relationes
2136 2785 2175 2824 in
2190 2786 2277 2824 Deo
2293 2796 2374 2823 non
2393 2793 2485 2824 sunt

1365 2853 1390 2868 ιο
1404 2838 1564 2876 realiter.

1458 2892 1611 2931 Adhuc.
1642 2891 1863 2942 Relationes
1889 2892 2107 2944 praedictae
2127 2890 2311 2932 dicuntur
2327 2893 2377 2932 de
2397 2890 2484 2933 Deo

1405 2958 1485 2984 non
1515 2948 1644 2984 solum
1674 2955 1852 2996 respectu
1880 2959 2021 2986 eorum
2049 2959 2152 2997 quae
2180 2955 2270 2986 sunt
2294 2955 2395 2994 actu,
2415 2947 2483 2986 sed

1405 3009 1582 3050 respectu
1614 3012 1754 3038 eorum
1783 3013 1885 3050 quae
1917 3009 2008 3038 sunt
2036 3000 2075 3038 in
2104 3000 2292 3051 potentia:
2321 3001 2415 3051 quia
2446 3007 2485 3039 et

1404 3065 1543 3092 eorum
1564 3053 1764 3092 scientiam
1785 3055 1911 3100 habet,
1932 3062 1970 3092 et
1989 3061 2166 3105 respectu
2185 3066 2326 3093 eorum
2345 3054 2486 3106 dicitur

1365 3116 1440 3146 set
1468 3107 1642 3159 primum
1676 3119 1745 3146 ens
1779 3116 1815 3146 et
1850 3120 2054 3146 summurn
2090 3107 2254 3147 bonum.
2293 3108 2372 3148 Sed
2400 3103 2484 3147 eius

1404 3162 1513 3212 quod
1542 3169 1598 3200 est
1626 3169 1714 3200 actu
1743 3162 1792 3200 ad
1822 3161 1860 3200 id
1890 3162 1997 3212 quod
2027 3174 2108 3200 non
2137 3169 2193 3200 est
2219 3169 2307 3200 actu
2325 3158 2394 3199 sed
2412 3173 2482 3211 po-

1404 3214 1532 3261 tentia,
1553 3228 1634 3254 non
1654 3224 1744 3254 sunt
1763 3211 1968 3254 relationes
1987 3217 2124 3254 reales:
2144 3214 2239 3255 alias
2256 3222 2485 3264 sequeretur

1404 3269 1514 3320 quod
1542 3277 1670 3307 essent
1703 3269 1876 3307 infinitae
1911 3269 2115 3308 relationes
2142 3276 2230 3307 actu
2259 3268 2297 3306 in
2327 3268 2482 3314 eodem,

1404 3335 1496 3361 cum
1518 3322 1671 3361 numeri
1702 3322 1841 3361 infiniti
1871 3323 1908 3361 in
1938 3321 2109 3374 potentia
2137 3321 2212 3359 sint
2240 3322 2407 3359 maiores
2427 3321 2482 3378 δί,-

1406 3377 1525 3422 nario,
1543 3376 1686 3427 quibus
1702 3376 1917 3415 omnibus
1908 3387 1989 3428 ipse
2009 3383 2065 3414 est
2083 3374 2201 3426 prior.
2223 3375 2331 3413 Deus
2350 3370 2481 3414 autern

1405 3443 1486 3469 non
1516 3430 1623 3469 aliter
1651 3432 1811 3470 retertur
1838 3430 1887 3469 ad
1916 3442 1962 3468 ea
1990 3441 2092 3480 quae
2120 3436 2210 3467 sunt
2245 3437 2333 3468 actu
2361 3441 2483 3479 quam

1803 3551 1837 3576 ¹4
1855 3542 1949 3577 ponitl
1969 3548 2059 3576 penset
2077 3543 2162 3569 «Xcd.
2246 3542 2303 3578 Dei}
2323 3542 2409 3569 divina
2422 3543 2483 3576 sor-

1609 3588 1642 3606 ao
1661 3580 1745 3614 prima
1763 3587 1807 3606 οικ
1825 3586 1930 3608 omnen
1947 3579 2014 3612 quid
2033 3579 2055 3604 D
2075 3579 2135 3605 vide
2154 3580 2204 3613 ρΑ.

276 3649 345 3674 aliud
364 3650 474 3675 refertur
493 3659 518 3681 α
538 3651 646 3685 (aliquid
666 3652 697 3684 Ρ)
718 3652 785 3677 aliud
805 3652 849 3684 (ad
869 3652 967 3686 ipsum)
987 3651 1097 3677 refertur
1117 3651 1166 3681 Pc;
1186 3650 1205 3676 Z
1225 3651 1306 3685 legit:
1323 3658 1377 3676 non
1396 3652 1457 3685 quia
1475 3652 1564 3686 ipsum
1583 3652 1710 3678 reseratur
1729 3651 1760 3676 ad
1779 3650 1913 3676 scientiam
1933 3650 1980 3675 sed
2000 3650 2061 3684 quin
2079 3651 2186 3676 scientia
2200 3650 2325 3677 referatur
2339 3649 2392 3675 nd
2386 3657 2482 3683 ipsum.

279 3691 309 3710 n
330 3684 396 3718 netu}
417 3686 442 3709 in
463 3691 519 3711 actu
539 3687 585 3711 ed.
677 3688 723 3712 sed
743 3689 764 3712 Α
784 3689 868 3717 solus:
889 3688 935 3713 sed
955 3688 1041 3713 etiam.

1136 3686 1193 3712 13·
1187 3695 1212 3711 in
1232 3686 1355 3720 potentia}
1377 3688 1491 3720 potentia
1510 3687 1541 3713 D.

2507 583 2516 592 ·
2532 582 2580 610 Qu.
2592 587 2644 608 xm,
2655 587 2677 610 7,
2691 581 2721 603 ed

1458 625 1487 655 3.
1513 625 1564 655 Aa
1587 626 1728 661 tertium,
1753 631 1890 666 negatur
1905 626 2010 666 prima
2025 628 2271 668 consequentia.
2291 627 2388 666 Quia,
2405 628 2480 660 licet
2508 608 2530 629 δ’

2508 1254 2604 1277 'Num
2614 1259 2647 1278 iv.
2657 1252 2710 1276 init.
