2768 4134
10 2198 24 2209 ”
31 2197 89 2227 Cap.
97 2202 148 2226 m,
155 2203 180 2221 a.
190 2203 229 2220 vu.

10 2735 24 2745 ⁴
45 2733 100 2756 Did.
117 2733 169 2762 vu,
197 2740 230 2761 vr,

14 2766 28 2790 3
41 2767 94 2790 “lq-

15 2966 26 2976 ”
47 2965 72 2988 S.
88 2965 136 2988 Th.
161 2965 176 2987 l.
193 2971 230 2990 υς

15 2991 71 3014 Did.
88 2991 152 3020 vm,
171 2998 195 3018 x,
218 2997 230 3014 a

11 3024 68 3047 '‘lq-

828 278 1017 315 SUMMA
1047 279 1269 319 CONTRA
1297 283 1573 334 GENTILES,
1604 287 1714 325 CAP.
1736 289 1795 334 LI,
1816 290 1894 326 LII.

2386 304 2457 340 149

1026 394 1362 429 Commentario.
1392 398 1700 432 Fen-ariensis

335 503 451 525 srnnso
471 493 545 534 quis
559 493 601 523 sit
614 491 734 522 modus
751 500 790 522 ex
810 496 900 531 parte
923 486 970 521 rei
991 491 1140 531 cognitae
1163 501 1232 532 quo
1249 493 1337 524 Deus

263 504 398 570 Oalia
409 549 427 570 a
439 548 474 569 se
489 537 671 578 cognoscit,
683 530 780 567 restat
798 534 1058 576 investigandum
1071 536 1144 576 quis
1163 537 1204 566 sit
1218 537 1337 568 modus

18 586 232 636 {ffif'iss‘t'mmem'
260 594 300 615 ex
314 589 405 625 parte
420 582 650 624 cognoscentis
661 582 689 611 ⁹.
709 580 805 611 Circa
819 580 884 611 hoc
904 585 1015 611 autem
1030 580 1098 611 duo
1114 580 1190 612 facit
1201 580 1337 612 Sanctus

260 629 422 660 Thomas:
437 629 556 669 primo,
573 627 639 667 agit
653 625 694 656 de
709 624 812 656 modo
825 634 864 656 ex
879 621 970 665 parte
984 625 1085 656 medii
1100 626 1336 666 cognoscendi3

260 672 418 709 secundo,
434 682 474 704 ex
496 677 588 713 parte
610 670 712 711 ipsius
732 670 941 710 cognitionis,
957 679 1028 711 cap.
1053 680 1103 700 ιν.
1119 687 1142 692 -
1157 669 1252 701 Circa
1273 672 1337 711 pri-

259 727 354 749 mum
376 717 450 748 duo
468 716 558 747 facit:
582 716 702 756 primo,
726 714 888 756 quosdam
914 714 1057 746 excludit
1079 714 1178 746 falsos
1201 715 1335 752 modos;

259 762 418 798 secundo,
443 761 516 802 quis
541 770 636 791 verus
658 761 699 791 sit
721 759 841 791 modus
865 759 1017 796 ostendit,
1042 760 1146 800 capite
1171 769 1234 790 Lm.

316 806 488 846 Quantum
510 804 552 836 ad
573 806 728 846 primum,
752 810 816 836 tres
838 804 958 836 modos
982 803 1133 836 excludit.
1151 804 1336 845 Triplieiter

259 853 348 883 enim
371 851 454 883 falso
477 859 654 892 possumus
669 850 847 890 intelligere
863 850 972 880 Deum
995 849 1098 880 multa
1121 858 1334 889 cognoscere:

260 902 316 928 aut
337 896 461 928 scilicet
482 895 640 937 ponendo
656 896 691 926 in
705 895 872 926 intellectu
887 894 999 925 divino
1023 894 1266 925 multitudinem
1287 895 1335 925 in-

258 942 466 973 tellectorum
494 941 613 972 habere
636 949 706 971 esse
736 939 943 976 distinctum;
975 945 1030 969 aut
1062 938 1220 979 ponendo
1250 940 1335 980 ipsas

257 986 380 1018 formas
402 985 582 1018 intellectas
599 986 810 1016 subsistentes
828 993 908 1020 esse,
927 984 1104 1024 Deumque
1119 993 1178 1024 per
1195 984 1264 1014 illas
1286 984 1335 1015 in-

258 1031 419 1072 telligere;
435 1036 492 1062 aut
502 1030 661 1071 ponendo
672 1030 758 1071 ipsas
773 1029 892 1060 habere
903 1038 973 1060 esse
985 1029 1019 1059 in
1030 1028 1198 1060 intellectu
1214 1034 1333 1065 creato,

259 1081 292 1107 et
313 1077 360 1107 sic
382 1086 442 1117 per
463 1076 550 1116 ipsas
573 1075 682 1106 Deum
704 1073 894 1114 intelligere.
923 1073 1133 1114 Quapropter
1163 1072 1204 1104 ad
1226 1073 1335 1104 exclu-

258 1121 404 1152 dendum
421 1126 486 1152 tres
503 1121 580 1151 istas
596 1119 856 1160 imaginationes,
875 1123 940 1149 tres
958 1124 1129 1159 ponuntur
1151 1118 1335 1149 conclusio-

257 1175 331 1197 nes:
350 1166 455 1207 prima
474 1171 506 1196 et
525 1164 669 1196 secunda
687 1164 822 1205 ponitur
835 1163 871 1194 in
886 1163 951 1194 hoc
968 1163 1088 1204 capite;
1104 1163 1207 1199 tertia,
1229 1164 1335 1204 capite

225 1214 231 1233 ³
257 1211 408 1252 sequenti
423 1211 450 1241 ·.

314 1255 339 1286 1.
361 1255 470 1286 Prima
491 1255 602 1295 itaque
625 1253 796 1285 conclusio
820 1247 884 1284 est':
909 1253 1018 1284 Multa
1038 1262 1059 1283 a
1075 1253 1147 1283 Deo
1172 1252 1334 1284 intellecta

256 1301 292 1331 in
315 1299 600 1331 Deo-distinctum
629 1308 700 1330 esse
729 1308 796 1329 non
822 1298 951 1329 habent.
981 1298 1150 1329 Probatur.
1179 1297 1247 1328 Aut
1275 1298 1335 1328 ista

253 1342 551 1376 intellectaessent
564 1343 653 1375 idem
677 1343 768 1384 quod
783 1342 893 1374 divina
909 1343 1062 1374 essentia:
1083 1347 1139 1373 aut
1162 1348 1270 1373 essent
1287 1342 1334 1374 illi

255 1388 472 1432 superaddita.
503 1388 582 1420 Non
604 1389 764 1430 primum:
794 1389 872 1429 quia
898 1393 977 1419 tunc
1006 1388 1041 1418 in
1065 1388 1203 1418 essentia
1225 1387 1334 1419 divina

257 1435 367 1476 aliqua
387 1439 474 1466 esset
493 1433 684 1470 multitudo,
699 1433 823 1464 scilicet
844 1433 1026 1464 intrinseca.
1043 1432 1114 1463 Nec
1136 1431 1331 1464 secundum:

256 1480 334 1522 quin
355 1479 397 1511 in·
413 1479 487 1510 Deo
510 1484 595 1510 esset
617 1477 753 1520 aliquod
775 1477 936 1509 accidens.
961 1477 1048 1518 Ergo
1072 1483 1134 1508 etc.

275 1538 278 1539 ⁷
311 1524 455 1556 Adverte
469 1523 571 1565 quod,
587 1524 615 1554 si
628 1524 733 1555 multa
746 1523 903 1554 haberent
921 1532 991 1553 esse
1006 1522 1194 1554 distinctum
1209 1523 1244 1553 in
1260 1522 1332 1553 Deo

256 1575 290 1602 et
312 1574 419 1601 essent
433 1568 522 1600 idem
537 1569 664 1600 realiter
679 1578 755 1600 cum
772 1568 920 1604 essentia,
937 1577 1006 1598 non
1023 1572 1156 1608 possent
1171 1566 1211 1598 ad
1228 1567 1332 1607 ipsam

256 1615 430 1646 meatim
451 1614 634 1655 comparari
655 1613 719 1644 nisi
739 1619 897 1654 tanquam
915 1613 986 1643 eius
1008 1618 1114 1653 partes
1137 1612 1332 1643 essentiales.

256 1659 302 1697 Et'
319 1660 368 1690 sic
386 1660 460 1701 ipsa
483 1659 623 1690 essentia
649 1667 718 1689 non
749 1663 832 1689 esset
861 1657 1009 1699 simplex,
1033 1657 1090 1688 sed
1120 1667 1159 1688 ex
1189 1658 1333 1698 partibus

255 1705 452 1746 composita,
474 1703 516 1735 ad
540 1703 681 1735 modum
708 1703 920 1734 essentiarum
947 1702 1174 1734 materialium.
1198 1703 1334 1744 Propter

255 1750 322 1781 hoc
341 1750 451 1791 inquit
473 1749 612 1780 Sanctus
626 1748 773 1780 Thomas
788 1747 881 1788 quod
898 1753 1083 1788 poneretur
1104 1748 1137 1778 in
1161 1756 1200 1778 eo
1224 1748 1333 1778 multi-

256 1794 346 1832 tudo,
369 1794 494 1826 scilicet
515 1794 657 1835 partium
680 1793 910 1824 essentialium.

311 1838 532 1871 11..Secunda
558 1838 730 1870 conclusio
759 1843 822 1869 est:
851 1838 929 1868 Non
955 1842 1097 1878 possunt
1127 1837 1224 1868 etiam
1249 1837 1333 1878 poni

253 1884 443 1917 hemodi
456 1885 597 1926 formae
618 1883 802 1914 intellectae
818 1892 884 1923 per
903 1891 939 1914 se
965 1882 1117 1919 existere,
1138 1887 1175 1912 ut
1192 1891 1256 1922 per
1277 1891 1333 1912 eas

253 1929 387 1961 divinus
409 1929 592 1960 inteuectus
615 1928 800 1969 intelligat:
823 1933 860 1958 ut
880 1927 986 1962 Plato,
1010 1927 1055 1957 ad
1069 1926 1222 1957 evitanda
1245 1926 1332 1957 dicta

254 1974 529 2010 inconvenientia,
551 1973 672 2014 posuit.

310 2018 478 2050 Probatur
493 2018 616 2060 primo.
641 2017 780 2048 Formae
802 2025 918 2047 rerum*
933 2015 1148 2046 materialium
1171 2016 1240 2046 sine
1263 2025 1332 2046 ma-

254 2065 335 2095 teria
356 2063 493 2104 intelligi
511 2072 580 2094 non
596 2067 744 2104 possunt.
761 2061 848 2102 Ergo
864 2060 970 2091 multo
986 2061 1095 2091 minus
1109 2065 1248 2101 possunt
1262 2060 1331 2092 sine

255 2109 390 2140 materia
412 2117 497 2139 esse:
523 2117 592 2149 quo
615 2107 738 2138 scilicet
761 2105 863 2137 modo
887 2111 962 2136 sunt
985 2110 1059 2136 actu
1082 2105 1274 2136 intellectae.

309 2152 451 2184 Adverte
482 2151 584 2194 quod,
616 2152 765 2192 quamvis
796 2150 1056 2186 Commentator,
1088 2149 1144 2180 Vll
1176 2149 1329 2190 Metaph„

256 2207 378 2230 comm.
397 2205 434 2228 21
462 2203 495 2228 et
511 2197 564 2236 34,
587 2202 707 2233 teneat,
731 2201 768 2227 ut
790 2196 967 2236 superius*
990 2195 1139 2231 diximus,
1163 2195 1331 2225 materiam

255 2242 370 2275 cadere
386 2243 421 2273 in
436 2241 627 2273 definitione
642 2250 750 2272 rerum
765 2240 980 2271 materialium
995 2244 1121 2270 tantum
1138 2245 1174 2270 ut
1189 2239 1222 2270 id
1244 2238 1332 2279 quod

255 2288 427 2320 essentiam
437 2287 556 2329 defert,
573 2296 642 2317 non
658 2291 814 2326 tanquam
830 2285 870 2316 de
887 2285 1024 2316 essentia
1039 2285 1102 2320 rei3
1118 2289 1207 2315 tenet
1221 2289 1330 2314 tamen

255 2333 394 2366 Sanctus
405 2332 562 2368 Thomas,
571 2331 680 2362 Prima
689 2331 792 2367 Parte,
803 2339 860 2371 qu.
869 2339 961 2366 cxxv,
974 2339 1002 2360 a.
1014 2340 1047 2370 4,
1060 2334 1093 2360 et
1103 2328 1161 2359 VII
1175 2328 1329 2369 Metaph.,

255 2378 277 2410 l.
294 2388 326 2419 9,
350 2383 383 2408 et
405 2378 440 2408 in
461 2381 600 2408 tractatu
622 2375 662 2407 de
683 2375 770 2406 Ente
793 2380 823 2406 et
846 2374 998 2406 Essentia
1013 2375 1041 2411 *,
1063 2374 1234 2405 materiam
1261 2383 1331 2404 esse

254 2428 382 2464 partem
397 2421 584 2463 quidditatis
598 2421 645 2452 rei
659 2420 842 2451 materialis.
859 2420 948 2451 Tum
967 2419 1045 2460 quia
1060 2417 1207 2449 definitio
1222 2427 1330 2449 rerum

254 2467 453 2500 naturalium
467 2466 635 2497 materiam
651 2471 683 2496 et
698 2465 838 2496 formam
854 2465 1010 2496 continet.
1027 2463 1096 2494 Nec
1112 2463 1246 2504 ponitur
1263 2472 1331 2493 ma-

255 2513 336 2545 teria
349 2513 384 2543 in
401 2521 439 2542 ea
453 2517 610 2552 tanquam
625 2510 772 2542 additum
789 2510 962 2541 essentiae:
987 2509 1063 2550 quia
1086 2507 1167 2539 illud
1190 2513 1238 2539 est
1255 2517 1331 2548 pro-

255 2558 365 2599 prium
395 2555 580 2592 accidentis,
612 2555 739 2587 definiri
765 2564 824 2596 per
853 2554 1125 2590 additamentum
1153 2558 1208 2584 aut
1234 2553 1331 2583 etiam

256 2602 437 2634 formarum
453 2610 537 2642 quae
553 2605 628 2631 sunt
643 2606 759 2641 partes.
771 2617 795 2623 -
810 2599 899 2631 Tum
919 2599 996 2640 quia
1014 2598 1147 2630 materia
1164 2603 1211 2628 est
1226 2597 1266 2628 de
1282 2607 1331 2628 es-

256 2647 360 2679 sentia
378 2646 529 2677 omnium
544 2644 788 2676 individuorum
801 2644 1006 2676 naturalium.
1018 2662 1042 2666 -
1055 2643 1144 2674 Tum
1157 2643 1233 2682 quia
1251 2642 1331 2672 haec

256 2691 438 2724 Aristotelis
453 2690 591 2721 intentio
615 2699 685 2721 esse
703 2689 842 2726 videtur,
858 2689 915 2730 qui
935 2688 1007 2719 VIII
1023 2688 1178 2728 Metaph„
1195 2691 1271 2718 text.
1291 2687 1328 2717 15

258 2742 290 2768 et
309 2745 320 2767 ι
329 2737 348 2767 6
361 2737 389 2772 *,
405 2736 500 2777 ponit
514 2733 727 2765 differentiam
742 2735 827 2765 inter
842 2733 1055 2774 quidditatem
1071 2732 1331 2772 compositorum

258 2787 291 2813 et
312 2781 510 2822 simplicium
533 2785 692 2820 quantum
716 2778 757 2809 ad
771 2779 941 2815 unitatem,
957 2777 1048 2819 quod
1071 2777 1330 2816 compositorum

257 2825 405 2858 definitio
430 2830 478 2857 est
499 2834 565 2855 una
581 2825 658 2864 quia
681 2833 720 2854 ex
742 2828 817 2854 actu
836 2827 869 2854 et
886 2822 1032 2863 potentia
1054 2827 1167 2851 natum
1191 2826 1239 2851 est
1261 2819 1331 2850 fieri

258 2880 381 2908 unum3
405 2869 604 2911 simplicium
627 2873 736 2899 autem
760 2866 955 2908 quidditates
981 2866 1093 2906 seipsis
1117 2865 1236 2896 habent
1258 2865 1331 2895 uni-

258 2922 369 2952 tatem,
393 2925 435 2947 eo
459 2913 551 2955 quod
573 2913 697 2944 formae
721 2911 887 2943 dumtaxat
914 2912 988 2942 sint.
1015 2911 1115 2942 Nono
1140 2910 1237 2940 etiam
1260 2909 1331 2939 Me-

259 2961 357 3002 taph„
375 2961 416 2992 *in
445 2959 569 2991 ultimis
598 2958 738 2989 textibus
754 2958 781 2994 “,
805 2956 884 2987 dicit
913 2955 1004 2996 quod
1034 2956 1068 2985 in
1099 2953 1331 2994 quidditatibus

259 3006 520 3046 compositorum
536 3003 652 3034 accidit
667 3011 756 3033 error
773 3005 907 3042 propter
921 2999 1164 3031 multitudinem
1179 2998 1331 3039 partium,

259 3051 317 3092 qui
331 3050 366 3081 in
382 3049 583 3090 simplicibus
598 3057 667 3078 non
684 3045 810 3082 accidit,
834 3050 967 3086 propter
983 3044 1157 3075 carentiam
1180 3043 1330 3084 partium.

314 3095 451 3135 Propter
472 3094 538 3124 hoc
553 3101 631 3133 ergo
646 3091 754 3132 inquit
768 3090 904 3122 Sanctus
920 3089 1067 3120 Thomas
1090 3086 1182 3128 quod
1196 3086 1331 3124 formae,

259 3139 342 3172 idest
365 3138 570 3180 quidditates,
594 3146 702 3168 rerum
725 3135 921 3166 naturalium
937 3134 1006 3164 sine
1029 3132 1162 3164 materia
1186 3142 1246 3162 nec
1265 3141 1334 3163 esse

260 3194 320 3216 nec
342 3183 486 3225 intelligi
504 3186 662 3224 possunt:
684 3181 760 3222 quia
783 3179 934 3210 videlicet
961 3177 1042 3209 nihil
1067 3182 1176 3218 potest
1198 3177 1334 3218 intelligi

260 3235 316 3262 aut
339 3239 408 3260 esse
432 3229 554 3269 absque
577 3237 619 3258 eo
643 3225 734 3267 quod
758 3224 798 3256 ad
821 3225 891 3255 eius
913 3224 1052 3264 pertinet
1075 3222 1258 3253 essentiam.

316 3274 370 3305 111.
386 3273 548 3304 Secundo.
565 3272 599 3303 Si
614 3271 704 3302 Deus
718 3279 777 3311 per
792 3268 912 3300 formas
930 3267 1110 3299 intellectas
1124 3267 1334 3297 subsistentes

261 3324 349 3350 extra
370 3319 490 3359 ipsum,
507 3317 616 3359 posito
640 3314 731 3357 quod
755 3318 870 3350 essent,
886 3312 1087 3353 intelligeret,
1104 3321 1162 3342 sua
1177 3309 1333 3352 perfectio

260 3364 295 3394 in
317 3362 529 3404 intelligendo
553 3362 592 3392 ab
616 3360 681 3392 alio
705 3358 910 3400 dependeret.
927 3357 968 3388 Et
991 3366 1049 3398 per
1071 3364 1277 3396 consequens
1299 3356 1333 3386 in

261 3407 415 3439 essendo:
439 3417 517 3439 cum
539 3415 638 3438 suum
660 3404 838 3444 intelligere
861 3403 901 3433 sit
923 3411 1020 3433 suum
1044 3410 1123 3431 esse.
1139 3419 1162 3424 -
1177 3400 1335 3431 Probatur

261 3453 506 3493 consequentia.
529 3451 618 3490 Quia
635 3450 676 3481 ad
698 3448 934 3490 perfectionem
956 3445 1139 3477 intellectus
1162 3444 1263 3475 divini
1285 3454 1335 3475 re-

261 3498 399 3539 quiritur
413 3502 451 3529 ut
465 3495 711 3528 multitudinem
733 3502 841 3525 rerum
856 3492 1021 3532 intelligat.
1046 3490 1143 3530 Ergo,
1168 3490 1195 3520 si
1210 3489 1335 3520 formae

261 3552 320 3583 per
342 3552 423 3583 quas
445 3541 596 3581 intelligit
625 3545 702 3571 sunt
731 3544 819 3569 extra
847 3538 966 3578 ipsum,
991 3540 1120 3576 oportet
1148 3539 1184 3564 ut
1207 3534 1246 3564 ab
1270 3533 1334 3564 alio

261 3586 419 3628 perfectio
442 3596 521 3617 suae
543 3584 773 3616 intellectionis
797 3581 988 3623 dependeat.

318 3631 382 3662 Hic
404 3630 550 3662 notanda
573 3635 649 3660 sunt
676 3628 754 3659 duo.
778 3628 924 3658 Primum
953 3630 1000 3656 est
1024 3623 1114 3665 quod
1138 3632 1206 3654 non
1230 3623 1337 3662 inquit

263 3675 401 3707 Sanctus
423 3675 570 3706 Thomas
593 3674 741 3705 absolute
769 3671 1004 3713 perfectionem
1028 3669 1128 3700 divini
1154 3667 1335 3698 intellectus

1392 495 1566 525 consistere
1586 496 1619 526 in
1642 498 1830 536 cognitione
1852 500 2067 531 multitudinis
2089 512 2206 539 rerum,
2223 504 2279 535 sed
2301 506 2455 546 quoniam

1391 537 1452 588 hoc
1475 538 1519 568 ad
1537 540 1773 580 perfectionem
1803 543 1855 573 sui
1878 544 2057 575 intellectus
2085 548 2273 587 requiritur.
2297 550 2455 582 Perfectio

1392 590 1479 633 enim
1503 582 1629 633 divinae
1652 585 1879 617 intellectionis
1898 588 2084 628 simpliciter
2107 591 2267 631 dependet
2290 603 2328 624 ex
2351 595 2455 635 perfe-

1392 631 1500 676 ctione
1524 629 1620 667 prtmi
1642 628 1806 665 intellecti,
1831 631 1922 670 quod
1945 637 1992 663 est
2015 632 2122 664 divina
2144 638 2294 667 essentia:
2317 639 2401 670 sicut
2423 645 2455 670 et

1390 679 1424 721 m
1449 672 1602 702 omnibus
1617 672 1685 703 aliis
1701 674 1871 705 virtutibus
1893 675 2048 715 perfectio
2065 680 2261 718 operationis
2283 683 2455 714 attenditur

1390 724 1424 745 in
1448 717 1693 756 comparatione
1717 718 1756 748 ad
1779 719 1921 759 primum
1938 726 1969 751 et
1989 722 2165 762 principale
2189 725 2257 755 eius
2280 726 2452 759 obiectum.

1390 759 1590 810 Sedverum
1621 767 1669 792 est
1692 762 1783 802 quod
1812 763 1852 794 ad
1882 764 2117 804 perfectionem
2147 767 2247 799 divini
2276 770 2454 803 intellectus

1390 810 1527 845 exigitur
1550 811 1586 836 ut
1608 815 1665 836 sua
1690 807 1866 838 intellectio
1890 818 1958 839 non
1981 809 2089 840 solum
2105 810 2145 841 ad
2160 821 2251 843 suam
2275 816 2454 851 essentiam,

1389 848 1446 879 sed
1469 850 1567 881 etiam
1590 850 1630 881 ad
1653 860 1761 882 rerum
1787 853 2029 884 multitudinem
2055 864 2090 885 se
2117 856 2281 887 extendat:
2305 857 2396 894 idest,
2420 866 2455 890 ut

1389 893 1505 925 habeat
1527 895 1561 926 in
1584 905 1619 926 se
1642 895 1730 927 unde
1759 906 1794 927 se
1825 896 1865 928 ad
1887 907 1995 929 rerum
2025 898 2175 930 extendat
2203 901 2454 934 multitudinem.

1389 938 1478 969 Tum
1502 940 1579 980 quia
1602 946 1692 971 tanto
1716 941 1897 973 intellectus
1921 942 2094 982 perfectior
2117 949 2165 974 est
2187 945 2221 975 in
2247 946 2457 987 intelligendo

1389 989 1512 1023 quanto
1529 984 1568 1015 ad
1584 985 1676 1025 plura
1699 995 1733 1016 se
1750 986 1901 1018 extendit.
1918 987 2006 1018 Tum
2023 988 2099 1028 quia
2121 998 2189 1019 non
2213 995 2295 1020 esset
2317 991 2456 1031 perfecta

1389 1029 1533 1068 cognitio
1558 1039 1672 1061 causae
1696 1031 1756 1061 nisi
1780 1030 1914 1062 effectus
1937 1032 1976 1062 ab
1999 1033 2068 1072 ipsa
2097 1033 2310 1072 procedentes
2333 1045 2455 1076 cogno-

1389 1079 1564 1104 scerentur.

1444 1118 1592 1150 Alterum
1615 1125 1663 1150 est
1685 1119 1777 1160 quod
1803 1120 1986 1151 intellectus
2015 1120 2251 1161 perfectionem
2274 1123 2454 1164 dependere

1389 1162 1429 1192 ab
1445 1163 1507 1193 illis
1522 1163 1635 1196 formis
1650 1164 1895 1196 subsistentibus
1911 1164 2082 1206 dupliciter
2096 1172 2204 1206 potest
2218 1167 2362 1208 intelligi.
2379 1169 2454 1200 Uno

1389 1207 1502 1245 modo,
1525 1214 1681 1249 tanquam
1704 1219 1723 1239 a
1745 1208 1850 1240 forma
1874 1210 2021 1241 eliciente
2045 1215 2154 1241 actum
2176 1212 2388 1253 intelligendi:
2413 1223 2453 1245 eo

1388 1251 1490 1283 modo
1506 1262 1574 1293 quo
1590 1253 1766 1285 intellectio
1783 1259 1892 1285 nostra
1907 1264 1926 1285 a
1941 1256 2048 1295 specie
2068 1255 2260 1296 intelligibili
2283 1256 2453 1298 dependet.

1388 1296 1464 1328 Alio
1487 1298 1600 1334 modo,
1623 1304 1780 1338 tanquam
1803 1299 1842 1329 ab
1867 1299 1996 1331 obiecto
2023 1300 2208 1332 immediate
2230 1307 2339 1332 actum
2361 1303 2454 1334 intel-

1387 1341 1509 1382 ligendi
1532 1344 1739 1374 terminante:
1764 1353 1805 1374 eo
1828 1343 1930 1375 modo
1954 1353 2022 1384 quo
2045 1351 2155 1376 nostra
2181 1346 2359 1378 intellectio
2382 1355 2453 1387 per-

1388 1385 1564 1418 fectionem
1587 1388 1683 1419 habet
1709 1398 1728 1419 a
1757 1394 1920 1429 conceptu
1950 1398 2008 1429 per
2037 1389 2237 1421 intellectum
2260 1390 2398 1422 formato
2423 1397 2455 1422 et

1387 1431 1560 1472 producto.
1574 1433 1654 1464 Utro
1666 1432 1768 1464 modo
1785 1440 1979 1464 concurrant
1994 1433 2117 1466 formae
2132 1434 2312 1466 intellectae
2327 1435 2367 1466 ad
2382 1445 2454 1476 per-

1388 1475 1564 1508 fectionem
1579 1477 1771 1513 intellectus,
1784 1487 1852 1509 non
1867 1483 1975 1518 potest
1991 1478 2091 1510 divini
2105 1479 2286 1510 intellectus
2298 1480 2453 1520 perfectio

1387 1521 1427 1552 ab
1451 1521 1513 1552 illis
1537 1521 1733 1563 dependere:
1759 1532 1835 1553 cum
1859 1523 2016 1564 quicquid
2040 1529 2087 1554 est
2109 1524 2142 1554 in
2167 1523 2238 1554 Deo
2262 1524 2453 1564 perfectissi-

1387 1575 1480 1597 mum
1502 1567 1543 1597 sit
1565 1576 1604 1598 ex
1627 1576 1672 1598 se.

1443 1611 1497 1642 IV.
1514 1611 1579 1642 Sed
1601 1617 1679 1642 tunc
1703 1612 1844 1642 occurrit
1867 1611 2013 1642 dubium.
2037 1611 2122 1642 Nam
2144 1621 2212 1642 non
2236 1617 2284 1642 est
2306 1613 2454 1652 intelligi-

1388 1655 1451 1687 bile
1475 1656 1566 1696 quod
1588 1656 1696 1696 aliqua
1711 1657 1858 1696 operatio
1882 1657 1985 1696 possit
2007 1665 2076 1687 esse
2099 1662 2155 1688 aut
2177 1657 2311 1696 intelligi
2333 1657 2454 1698 absque

1387 1702 1528 1732 termino
1551 1701 1750 1742 operationis
1779 1710 1840 1732 suo
1870 1700 1987 1732 modo:
2011 1710 2087 1732 cum
2117 1702 2224 1732 omnis
2246 1702 2392 1742 operatio
2415 1701 2455 1732 ad

1387 1745 1522 1787 aliquod
1545 1746 1711 1777 obiectum
1734 1746 1933 1776 terminetur.
1954 1745 1988 1776 Si
2006 1754 2083 1786 ergo
2107 1746 2196 1776 Deus
2218 1755 2287 1777 rem
2309 1745 2456 1786 intelligit

1388 1796 1549 1832 quantum
1571 1790 1612 1822 ad
1638 1791 1807 1831 proprium
1834 1800 1903 1821 esse
1931 1789 2021 1830 quod
2052 1791 2148 1821 habet
2172 1791 2206 1820 in
2230 1795 2354 1827 natura,
2378 1800 2454 1831 ergo

1387 1836 1458 1866 talis
1481 1835 1659 1866 intellectio
1690 1845 1757 1866 non
1788 1835 1908 1875 poterit
1937 1844 2006 1865 esse
2036 1840 2091 1866 aut
2120 1834 2255 1875 intelligi
2277 1836 2399 1876 absque
2422 1845 2455 1866 re

1388 1890 1472 1921 quae
1494 1880 1692 1921 intelligitur.
1709 1880 1796 1920 Ergo
1812 1889 1830 1910 a
1845 1889 1879 1910 re
1895 1880 2071 1910 extrinseca
2087 1879 2128 1910 de
2145 1880 2333 1911 necessitate
2349 1879 2455 1910 divina

1387 1924 1550 1966 dependet
1571 1925 1759 1956 intellectio.
1783 1923 1824 1954 Et
1847 1925 1893 1955 sic
1923 1924 2020 1955 etiam
2049 1933 2117 1954 non
2141 1925 2200 1955 erit
2221 1925 2454 1955 inconveniens

1386 1969 1642 2001 intellectionem
1658 1969 1801 2000 divinam
1816 1967 2008 2009 dependere,
2025 1975 2179 2008 tanquam
2195 1969 2234 1999 ab
2258 1969 2397 2005 obiecto,
2414 1969 2453 1999 ab

1386 2014 1448 2045 illis
1472 2013 1584 2044 formis
1606 2013 1864 2044 subsistentibus.
2417 2021 2419 2023 ’

1444 2068 1473 2089 2.
1498 2058 1550 2090 Ad
1572 2058 1669 2089 huius
1696 2057 1889 2088 evidentiam
1920 2056 2191 2088 considerandum
2217 2058 2335 2097 primo,
2363 2057 2453 2098 quod

1386 2103 1476 2134 aliter
1490 2103 1694 2144 loquendum
1711 2107 1757 2132 est
1772 2103 1798 2132 si
1814 2111 1977 2142 ponamus
1992 2102 2099 2132 Deum
2115 2102 2176 2133 alia
2192 2112 2210 2132 a
2225 2111 2258 2132 se
2279 2102 2313 2132 in
2331 2112 2388 2133 sua
2404 2111 2452 2132 es-

1385 2149 1487 2179 sentia
1509 2147 1632 2178 videre:
1657 2152 1688 2178 et
1712 2147 1802 2177 aliter
1824 2147 1850 2177 si
1874 2156 1911 2177 ea
1934 2147 1966 2177 in
1990 2147 2101 2186 seipsis
2124 2147 2278 2177 abstracta
2302 2151 2333 2177 et
2350 2147 2452 2177 subsi-

1385 2193 1500 2224 stentia
1515 2198 1552 2223 ut
1567 2197 1640 2223 actu
1664 2191 1835 2227 intellecta,
1852 2191 1959 2222 Deum
1982 2191 2158 2231 intelligere
2174 2200 2344 2231 ponamus.
2368 2191 2451 2221 Nam

1385 2238 1492 2278 primo
1516 2236 1628 2273 modo,
1645 2246 1694 2267 res
1717 2246 1751 2266 se
1766 2236 1885 2267 habent
1900 2241 1937 2266 ut
1952 2235 2142 2266 secundario
2158 2236 2329 2271 intellecta,
2346 2235 2452 2266 divina

1385 2288 1494 2313 autem
1507 2282 1644 2312 essentia
1659 2287 1696 2312 ut
1710 2282 1818 2322 primo
1835 2286 1867 2311 et
1881 2290 1939 2321 per
1953 2289 1987 2310 se
2002 2280 2212 2311 intellectum.
2229 2281 2270 2311 Et
2282 2281 2358 2321 quia
2373 2289 2452 2320 ope-

1384 2327 1466 2358 ratio
1482 2326 1664 2358 intellectus
1680 2325 1883 2366 specificatur
1898 2331 1930 2356 et
1944 2323 2108 2366 perficitur
2124 2335 2162 2356 ex
2178 2326 2283 2366 primo
2301 2330 2332 2355 et
2346 2334 2404 2365 per
2419 2334 2452 2355 se

1386 2371 1526 2407 obiecto,
1542 2380 1612 2402 non
1627 2376 1736 2402 autem
1752 2380 1791 2401 ex
1806 2370 1844 2400 iis
1860 2379 1943 2410 quae
1958 2370 1992 2400 in
2008 2370 2114 2410 primo
2133 2375 2165 2400 et
2187 2379 2245 2410 per
2267 2379 2301 2400 se
2324 2370 2452 2400 obiecto

1385 2416 1545 2452 videntur,
1560 2415 1635 2447 ideo
1650 2425 1719 2446 non
1735 2415 1900 2456 oportebit
1914 2413 2147 2455 perfectionem
2159 2414 2259 2445 divini
2273 2414 2453 2444 intellectus

1385 2460 1569 2502 dependere
1593 2461 1632 2491 ab
1656 2460 1735 2496 aliis,
1759 2460 1835 2490 licet
1857 2459 1917 2490 alia
1939 2458 2045 2490 videat
2068 2460 2102 2490 in
2125 2460 2242 2499 seipso.
2258 2476 2281 2480 —
2296 2458 2330 2489 Si
2345 2464 2452 2489 autem

1385 2515 1548 2547 ponamus
1564 2505 1672 2536 Deum
1687 2504 1864 2544 intelligere
1880 2513 1930 2535 res
1946 2510 2101 2544 tanquam
2117 2513 2175 2544 per
2189 2513 2223 2534 se
2247 2504 2452 2534 subsistentes

1385 2556 1461 2582 actu
1483 2550 1670 2586 intellectas,
1687 2559 1755 2580 non
1770 2555 1926 2589 tanquam
1941 2554 2109 2579 contentas
2124 2549 2158 2579 in
2181 2548 2287 2579 divina
2306 2548 2451 2582 essentia,

1385 2601 1464 2627 tunc
1487 2594 1653 2625 habebunt
1674 2594 1834 2624 rationem
1850 2593 1946 2633 primi
1962 2599 1994 2623 et
2012 2602 2071 2633 per
2085 2602 2118 2623 se
2141 2593 2304 2623 intellecti.
2322 2593 2363 2623 Et
2378 2592 2451 2623 ideo

1385 2639 1541 2681 perfectio
1565 2638 1747 2669 intellectus
1775 2639 1809 2668 in
1839 2637 2048 2677 intelligendo
2073 2637 2112 2667 ab
2139 2637 2249 2677 aliquo
2273 2638 2451 2668 extrinseco

1385 2683 1590 2725 dependebit.

1441 2725 1723 2760 Considerandum
1738 2725 1894 2762 secundo,
1906 2735 1966 2767 pro
1981 2725 2095 2756 maiori
2109 2724 2335 2761 declaratione,
2351 2723 2451 2765 quod,

1386 2783 1462 2804 cum
1484 2772 1686 2803 intellectum
1708 2770 1903 2812 intelligatur
1925 2769 2105 2801 secundum
2121 2769 2211 2810 quod
2235 2775 2282 2800 est
2303 2770 2337 2800 in
2359 2769 2453 2799 intel-

1385 2819 1482 2854 lectu,
1505 2817 1581 2848 licet
1611 2815 1786 2847 multitudo
1815 2815 2055 2846 intellectorum
2084 2815 2265 2855 requiratur
2286 2813 2327 2844 ad
2348 2813 2453 2854 perfe-

1386 2864 1528 2894 ctionem
1562 2861 1663 2892 divini
1697 2860 1893 2896 intellectus,
1925 2860 1989 2890 hoc
2023 2865 2131 2890 tamen
2164 2868 2232 2889 non
2266 2858 2454 2898 intelligitur

1386 2913 1546 2948 quantum
1561 2905 1603 2937 ad
1617 2915 1685 2937 esse
1702 2904 1793 2946 quod
1815 2906 1849 2936 in
1872 2905 1985 2946 seipsis
2008 2905 2141 2935 habent:
2165 2903 2221 2934 sed
2240 2908 2398 2943 quantum
2413 2901 2453 2933 ad

1386 2961 1455 2983 esse
1471 2950 1562 2992 quod
1577 2951 1697 2982 habent
1712 2951 1746 2981 in
1762 2949 1869 2980 divina
1885 2950 2021 2980 essentia
2035 2948 2206 2980 intellecta.
2230 2948 2271 2978 Et
2294 2948 2370 2988 quia
2385 2957 2452 2977 esse

1386 2996 1478 3038 quod
1499 2997 1534 3027 in
1557 2995 1664 3027 divina
1692 2995 1829 3026 essentia
1858 2994 1977 3025 habent
2008 2999 2056 3025 est
2085 2994 2154 3034 ipsa
2177 2992 2284 3023 divina
2307 2992 2452 3027 essentia,

1386 3041 1471 3078 ideo,
1488 3050 1565 3072 cum
1581 3039 1697 3071 dicitur
1712 3038 1802 3080 quod
1824 3038 2000 3070 multitudo
2023 3038 2260 3069 intellectorum
2283 3036 2454 3076 requiritur

1386 3085 1426 3117 ad
1449 3085 1685 3127 perfectionem
1702 3084 1800 3115 divini
1815 3083 2008 3119 intellectus,
2028 3092 2095 3114 non
2111 3082 2227 3113 dicitur
2242 3080 2332 3122 quod
2347 3081 2453 3120 requi-

1386 3136 1473 3162 ratur
1501 3130 1624 3171 aliquid
1653 3129 1840 3161 distinctum
1863 3138 1882 3159 a
1905 3129 1990 3159 Deo:
2015 3127 2072 3158 sed
2101 3132 2226 3157 tantum
2255 3127 2325 3165 ipsa
2347 3125 2453 3155 divina

1387 3176 1535 3211 essentia,
1559 3184 1644 3215 quae
1673 3175 1822 3205 omnium
1852 3172 2102 3213 intelligibilium
2125 3176 2172 3202 est
2197 3169 2384 3201 similitudo.
2409 3169 2455 3199 lta

1387 3220 1478 3261 quod
1500 3219 1650 3260 intelligit
1672 3218 1805 3260 quidem
1829 3218 1918 3249 Deus
1940 3217 2042 3248 multa
2064 3215 2224 3246 intellecta
2241 3219 2399 3255 quantum
2415 3212 2454 3243 ad

1387 3274 1502 3296 eorum
1517 3265 1663 3305 proprias
1680 3264 1861 3294 existentias
1877 3268 1908 3293 et
1923 3267 2062 3296 naturas,
2074 3259 2131 3291 sed
2145 3265 2253 3290 tamen
2269 3268 2336 3289 non
2348 3258 2455 3298 tequi-

1386 3315 1501 3340 runtur
1516 3309 1557 3341 ad
1572 3307 1807 3350 perfectionem
1830 3306 1930 3338 divini
1953 3306 2132 3337 intellectus
2156 3309 2314 3344 quantum
2329 3302 2371 3333 ad
2386 3311 2454 3332 esse

1387 3354 1479 3395 quod
1501 3355 1535 3384 in
1558 3353 1670 3394 seipsis
1693 3353 1822 3388 habent,
1839 3351 1895 3382 sed
1918 3356 2076 3392 quantum
2092 3348 2132 3380 ad
2147 3357 2216 3379 esse
2231 3347 2322 3388 quod
2336 3347 2456 3377 habent

1387 3400 1421 3430 in
1436 3399 1519 3430 Deo.
1543 3398 1585 3429 Et
1599 3399 1646 3429 sic
1660 3407 1729 3428 non
1751 3396 1916 3438 perficitur
1939 3392 2066 3426 divinus
2088 3393 2270 3424 intellectus
2289 3392 2328 3422 ab
2344 3391 2455 3432 aliquo

1387 3444 1451 3474 alio
1475 3453 1494 3474 a
1517 3452 1562 3474 se.
2312 3456 2313 3459 ¹
2369 3446 2372 3449 ’

1445 3488 1474 3518 3.
1498 3487 1551 3518 Ad
1574 3487 1711 3518 dubium
1727 3495 1803 3526 ergo
1818 3484 1935 3516 dicitur
1954 3482 2044 3524 quod
2059 3481 2099 3513 de
2114 3481 2334 3512 intellectione
2349 3479 2457 3511 divina

1389 3542 1453 3573 qua
1480 3533 1569 3563 Deus
1598 3531 1746 3571 intelligit
1775 3531 1858 3560 hanc
1888 3537 1967 3563 rem,
1995 3533 2074 3568 puta
2104 3525 2255 3567 lapidem,
2286 3524 2457 3565 dupliciter

1387 3586 1562 3618 possumus
1585 3575 1691 3616 loqui:
1717 3584 1784 3605 uno
1808 3572 1919 3606 modo.
1945 3577 2103 3612 quantum
2133 3570 2173 3601 ad
2203 3571 2306 3611 ipsam
2331 3568 2457 3600 intelle-

1389 3622 1533 3652 ctionem
1556 3620 1702 3651 absolute
1726 3617 1906 3650 secundum
1929 3626 2020 3647 suam
2043 3621 2191 3646 naturam
2206 3613 2456 3649 consideratam

1389 3666 1452 3696 alio
1468 3664 1581 3700 modo,
1598 3666 1791 3705 inquantum
1808 3668 1855 3693 est
1869 3662 1965 3692 huius
1981 3660 2167 3691 intellectio.
2185 3659 2218 3691 Si
2234 3659 2340 3700 primo
2355 3657 2457 3689 modo
