2756 4322
26 458 112 484 Autog.
124 456 175 478 Vat.
186 463 216 483 44
229 462 239 477 r

27 490 47 505 a.
58 491 65 505 ι
74 493 83 498 -
90 489 113 511 p.
126 483 176 512 376.

25 559 34 568 ·
49 557 83 579 cf.
94 562 161 585 capp.
172 562 237 586 ιιικς

23 590 60 610 ιν.
74 587 98 606 et
107 587 185 605 notam
194 588 237 610 pn-

24 616 87 659 ffigim
101 609 159 632 infra
174 609 235 637 posi-

19 873 68 894 44¹·
83 873 96 888 a
106 872 145 894 mg
159 872 210 893 sup.

19 1025 51 1047 lb.
67 1031 80 1047 a
95 1031 115 1052 7.

12 1904 20 1911 ·
38 1903 90 1924 vid.
107 1904 135 1924 ad
151 1904 197 1925 loc.

9 2162 17 2170 ⁴
33 2161 84 2183 Vid.
100 2162 128 2183 ad
146 2163 191 2183 loc.

4 3400 114 3426 qli-bi.

274 163 347 212 54*

366 301 445 342 Cap.
471 301 597 331 XLVII.
623 300 720 338 Qt'oo
744 310 950 330 suasi-asnaa
976 308 1244 329 tarantum-natas

667 361 744 381 sum·
769 360 938 381 vocamus.

310 446 409 485 Quod
433 446 629 476 substantiae
653 445 887 475 intellectuales
913 451 987 476 sunt
1011 445 1167 476 volentes.
1193 463 1214 466 —
1237 448 1253 481 g
1272 448 1343 473 Sicut
1367 459 1375 478 ς

264 507 352 527 autem
370 510 400 527 ex
420 502 469 526 hoc
489 501 559 534 quod
579 501 682 534 aliquae
707 501 870 529 'substantiae
890 506 991 526 creatae
1010 506 1073 526 sunt
1091 501 1281 526 intellectuales
1301 507 1340 525 se-

263 554 350 587 quitur
368 561 412 578 eas
433 560 492 577 esse
511 552 687 584 incorporeas,
701 551 886 577 immateriales
902 557 927 577 et
941 552 1152 584 incorruptibiles
1160 552 1184 582 *,
1199 552 1234 577 ita
1252 552 1342 585 sequi·

262 610 304 630 tur
316 612 360 630 eas
373 611 433 629 esse
452 604 580 628 volentes.
603 603 715 628 Cuilibet
735 604 803 628 enim
817 604 853 628 rei
869 604 943 628 cuius
956 603 1082 636 perfectio
1095 603 1127 628 ab
1141 604 1192 628 alio
1212 603 1343 636 dependet

261 657 328 682 inest
347 656 477 681 inclinatio
491 656 619 689 quaedam
635 656 667 681 ad
685 655 711 680 id
725 663 772 689 per
792 656 863 689 quod
883 654 1022 688 perficitur,
1041 655 1251 689 unumquodque
1271 654 1339 680 enim

261 708 342 733 tendit
361 708 386 733 in
406 715 436 732 su
457 707 606 732 naturaliter
624 708 648 732 in
669 715 745 732 suam
764 707 960 740 perfectionem.
980 707 1145 732 §ubstantiae
1159 713 1246 733 autem
1267 707 1341 732 intel-
1358 720 1383 734 lo

261 759 377 784 lectualis
396 763 497 784 creatae
517 758 641 791 perfectio
660 759 692 784 ab
711 758 763 783 alio
782 758 919 791 dependet,
939 764 968 783 ut
983 766 1012 783 ex
1031 766 1112 791 supra
1133 758 1207 783 dictis
1228 763 1267 783 est
1285 766 1341 784 ma-

260 811 393 836 nifestum.
420 811 492 835 Inest
515 810 591 843 igitur
616 810 665 835 sibi
685 810 818 836 inclinatio
847 811 879 836 ad
909 811 973 835 illud
993 818 1006 835 a
1029 818 1082 844 quo
1108 809 1248 842 perficitur.
1267 810 1340 836 Talis

258 868 345 889 autem
365 863 498 888 inclinatio
516 860 533 876 ⁴*
551 858 582 900 (ἓ
598 859 665 889 Has
690 865 799 890 autem
824 859 1016 889 substantias
1034 859 1267 889 intellectuales
1284 869 1340 889 ne-

259 921 347 943 cesse
365 917 412 941 est
429 920 498 941 esse
516 908 673 941 volentes.
693 910 778 940 Inest
795 910 881 940 enim
900 910 1054 940 omnibus
1071 911 1233 949 appetitus
1250 911 1338 946 boni,

259 973 334 994 cum
359 963 483 993 bonum
509 963 549 992 sit
574 962 664 1001 quod
689 962 800 991 omnia
824 966 993 1001 appetunt,
1011 966 1046 991 ut
1063 961 1252 1002 philosophi
1277 968 1339 991 tra-
1357 979 1378 999 ις

258 1015 348 1046 dunt.
374 1013 574 1045 Huiusmodi
599 1019 706 1043 autem
733 1012 910 1054 appetitus)
928 1014 944 1029 ᾗ
964 1013 996 1043 in
1022 1013 1071 1043 his
1096 1012 1229 1053 quidem
1254 1023 1338 1053 quae

257 1067 446 1107 cognitione
471 1071 591 1104 carent,
616 1065 733 1095 dicitur
749 1064 901 1094 naturalis
921 1066 1097 1105 appetitus,
1114 1065 1197 1095 sicut
1221 1065 1338 1095 dicitur

258 1117 348 1159 quod
372 1118 452 1158 lapis
476 1117 600 1157 appetit
624 1126 692 1146 esse
719 1115 887 1151 deorsum
913 1116 946 1146 in
970 1116 1019 1147 his
1035 1122 1144 1147 autem
1172 1127 1256 1156 quae
1281 1127 1337 1147 co-

255 1170 435 1210 gnitionem
461 1168 646 1198 sensitivam
679 1168 799 1197 habent
831 1167 949 1197 dicitur
981 1169 1146 1208 appetitus
1177 1167 1335 1203 animalis,

256 1230 338 1261 quac
370 1219 522 1250 dividitur
552 1221 582 1249 in
608 1222 846 1255 concupiscentiam
874 1220 1194 1259 (concupiscibilem)
1221 1226 1252 1250 et
1271 1223 1336 1248 iram
1351 1234 1378 1248 ,ο

256 1271 494 1314 (irascibilem);
519 1272 550 1302 in
570 1272 618 1302 his
635 1282 713 1302 vero
731 1282 815 1313 quae
836 1272 1021 1312 intelligunt
1038 1271 1156 1302 dicitur
1173 1272 1335 1313 appetitus

253 1323 479 1354 intellectualis
495 1334 552 1354 seu
566 1324 738 1361 rationalis,
767 1335 780 1352 s
809 1325 865 1365 qui
883 1330 929 1355 est
946 1323 1106 1354 voluntas.
1131 1323 1334 1354 Substantiae

254 1376 352 1416 igitur
374 1375 605 1406 intellectuales
632 1382 755 1407 creatae
786 1377 906 1407 habent
930 1376 1144 1407 voluntatem.
1170 1377 1188 1414 ἓ
1206 1375 1333 1406 Adhuc.

255 1426 354 1465 Quod
371 1433 418 1458 est
435 1437 492 1468 per
502 1427 588 1458 aliud
604 1452 610 1457 .
626 1452 632 1458 .
649 1452 654 1458 .
669 1429 834 1459 moventia
849 1429 964 1469 seipsa.
979 1428 1013 1458 ln
1028 1428 1223 1469 syllogismis
1237 1429 1332 1458 etiam

254 1479 494 1515 conclusiones,
508 1490 591 1520 quae
609 1487 682 1511 sunt
699 1486 796 1511 notae
813 1490 851 1511 ex
869 1481 948 1517 aliis,
965 1480 1166 1511 reducuntur
1181 1481 1214 1510 in
1231 1481 1334 1521 prima
1351 1495 1373 1516 25

253 1533 422 1574 principia,
441 1543 524 1574 quae
549 1539 624 1564 sunt
644 1539 720 1564 nota
747 1544 804 1574 per
827 1535 943 1575 seipsa.
969 1538 1095 1563 Similiter
1118 1538 1143 1563 in
1164 1538 1334 1572 praedicatio-

253 1589 331 1615 nibus
356 1597 404 1622 per
426 1591 546 1615 accidens
571 1599 623 1616 non
649 1590 798 1623 proceditur
822 1591 847 1616 in
875 1589 1015 1622 infinitum,
1040 1590 1087 1616 sed
1110 1589 1139 1616 fit
1157 1588 1280 1616 'reductio
1302 1591 1334 1615 ad

253 1641 472 1674 praedicationem
492 1650 539 1675 per
557 1650 595 1672 se,
614 1649 643 1668 ut
662 1644 788 1676 probatur
813 1643 838 1668 in
857 1650 883 1667 iv
904 1642 1020 1676 metaph.
1040 1639 1254 1670 Inveniuntur
1278 1649 1333 1669 au-

253 1695 319 1720 tem
343 1690 374 1719 in
400 1690 585 1720 substantiis
603 1691 716 1721 creatis
734 1690 894 1731 quaedam
913 1701 996 1732 quae
1017 1701 1084 1722 non
1109 1697 1210 1731 agunt
1228 1691 1333 1731 seipsa

253 1741 293 1771 ad
316 1745 452 1778 agendum
473 1742 687 1781 operandum,
712 1741 767 1772 sed
788 1748 927 1783 aguntur
944 1744 973 1773 vi
991 1748 1134 1778 naturae,
1159 1743 1242 1773 sicut
1266 1743 1333 1772 ina-
1350 1753 1375 1774 κο

253 1793 384 1829 nimata,
410 1793 537 1833 plantae
563 1799 593 1824 et
624 1794 774 1824 animalia
805 1795 907 1830 bruta,
934 1805 999 1825 non
1031 1795 1117 1824 enim
1152 1800 1199 1824 est
1231 1795 1262 1824 in
1289 1795 1333 1825 eis

253 1855 346 1885 agere
371 1851 402 1875 et
426 1855 492 1875 non
518 1855 622 1886 agere.
653 1846 792 1886 Oportet
817 1856 894 1886 ergo
929 1846 1018 1887 quod
1043 1846 1098 1877 fiat
1127 1846 1274 1877 reductio
1299 1848 1331 1877 in

253 1895 359 1936 aliqua
383 1897 486 1936 prima
502 1897 519 1912 ⁴*
544 1906 628 1936 quae
652 1907 685 1927 se
711 1898 778 1936 ipsa
802 1903 902 1937 agunt
927 1898 965 1928 ad
991 1898 1204 1938 operandum.
1226 1898 1331 1928 Prima

251 1953 360 1977 autern
377 1948 410 1978 in
429 1951 532 1976 entibus
552 1948 647 1978 rebus
673 1949 785 1978 creatis
810 1954 884 1979 sunt
909 1949 1105 1980 substantiae
1131 1949 1332 1980 intellectua-

249 1998 306 2034 les,
333 2004 367 2028 ut
383 2007 479 2038 supra
497 2005 663 2029 ostensum
683 2005 739 2029 est.
758 2000 829 2030 Hae
846 2000 942 2040 igitur
958 2001 1156 2031 substantiae
1177 2010 1210 2031 se
1231 2006 1331 2040 agunt
1348 2012 1370 2032 τε

249 2049 289 2080 ad
313 2049 527 2090 operandum.
554 2044 627 2080 Hoc
653 2057 761 2081 autem
787 2057 835 2081 est
860 2053 1029 2092 proprium
1062 2052 1249 2087 voluntatis,
1274 2061 1332 2092 per

249 2110 347 2141 quam
371 2101 550 2130 substantia
577 2101 685 2141 aliqua
717 2107 765 2131 est
790 2101 923 2132 domina
948 2103 996 2133 sui
1026 2108 1126 2139 actus,
1156 2108 1271 2143 utpote
1296 2103 1335 2133 in>

246 2152 316 2192 ipsa
333 2152 471 2182 existens
489 2152 504 2167 ⁴*
521 2161 615 2191 agere
636 2158 666 2182 et
684 2162 750 2183 non
769 2163 874 2193 agere.
900 2154 1105 2185 Substantiae
1123 2155 1220 2195 igitur
1237 2154 1330 2185 intel-

246 2204 400 2234 lectuales
433 2210 557 2234 creatae
589 2205 709 2235 habent
741 2206 953 2237 voluntatem.
978 2206 1175 2247 §Amplius
1208 2207 1329 2237 Princi-

245 2257 337 2296 pium
362 2279 368 2286 .

246 2313 293 2338 est
309 2307 348 2338 ab
366 2307 466 2347 (ipso)
484 2313 600 2347 agente
617 2317 675 2347 per
692 2307 842 2344 formam,
860 2316 969 2340 causat
990 2310 1216 2350 operationem
1235 2310 1328 2341 cuius

246 2369 343 2400 agens
368 2369 434 2389 non
461 2364 508 2389 est
532 2359 696 2390 dominus.
726 2360 758 2390 Si
784 2371 846 2400 qua
875 2371 952 2392 vero
983 2361 1078 2392 fuerit
1106 2361 1211 2392 forma
1243 2371 1327 2402 quae

245 2413 285 2443 sit
309 2414 347 2443 ab
368 2417 425 2448 ipso
445 2410 513 2453 (eo)
539 2416 565 2441 in
585 2423 637 2448 quo
655 2419 696 2441 est
719 2413 775 2453 qui
800 2423 858 2453 per
885 2413 987 2454 ipsam
1021 2420 1184 2454 operatur,
1213 2423 1327 2454 opera-

245 2466 343 2497 tionis
367 2467 463 2497 etiam
489 2466 720 2507 consequentis
741 2469 790 2494 mle
810 2475 948 2506 operans
977 2465 1160 2495 dominium
1185 2465 1326 2496 habebit.

246 2517 383 2549 Formae
408 2525 517 2548 autern
543 2518 714 2554 naturales,
739 2527 777 2548 ex
803 2518 922 2557 quibus
947 2522 1129 2558 sequuntur
1154 2522 1264 2548 motus
1296 2523 1327 2548 et
1342 2529 1365 2548 ιε

246 2569 453 2609 operationes
477 2569 650 2604 naturales,
669 2578 736 2599 non
762 2575 837 2599 sunt
862 2569 900 2598 ab
921 2569 969 2599 his
994 2578 1136 2609 quorum
1162 2574 1238 2599 sunt
1262 2568 1326 2598 for-

245 2630 327 2655 mae,
345 2620 401 2651 sed
418 2621 457 2651 ab
482 2621 694 2651 exterioribus
712 2621 881 2661 agentibus
898 2619 1050 2655 totaliter,
1079 2629 1154 2650 cum
1180 2629 1237 2660 per
1261 2619 1324 2650 for-

245 2681 332 2703 mam
359 2671 564 2714 (naturalem)
602 2671 866 2712 unumquodque
894 2681 963 2702 esse
988 2671 1107 2702 habeat
1130 2672 1162 2702 in
1187 2681 1245 2702 sua
1270 2681 1326 2702 na-

245 2729 325 2759 tura,
349 2723 429 2754 nihil
454 2729 563 2754 autem
588 2729 695 2764 potest
719 2733 789 2754 esse
816 2723 875 2753 sibi
900 2733 996 2754 causa
1021 2722 1159 2754 essendi.
1185 2722 1226 2754 Et
1250 2722 1325 2754 ideo

246 2779 272 2803 in
292 2778 333 2804 his
353 2784 436 2815 quae
457 2780 631 2806 moventur
654 2774 842 2806 naturaliter
863 2784 930 2805 non
949 2781 1084 2805 movent
1109 2775 1224 2815 seipsa.
1249 2774 1325 2805 Non
1342 2788 1369 2808 5⁰

245 2827 332 2857 enim
351 2850 357 2856 .
374 2850 380 2856 .
396 2850 403 2856 .
421 2827 673 2857 extimatorium.
692 2825 788 2857 Unde
805 2826 879 2857 licet
897 2826 1043 2866 quodam
1060 2825 1162 2857 modo
1180 2826 1328 2858 dicantur

245 2887 377 2908 movere
402 2879 505 2918 seipsa
530 2879 725 2918 inquantum
747 2882 898 2907 dividuntur
918 2882 943 2906 in
969 2882 1087 2907 diversas
1106 2887 1194 2914 partes
1214 2889 1327 2915 quarum

245 2928 389 2969 (eorum)
416 2939 478 2960 una
506 2930 606 2970 (pars)
631 2935 679 2960 est
703 2938 841 2960 movens
867 2935 898 2960 et
923 2929 983 2960 alia
1009 2935 1055 2960 est
1084 2935 1183 2965 mota,
1216 2935 1325 2960 tamen

245 2981 351 3020 ipsum
370 2990 501 3011 movere
518 2990 585 3011 non
611 2986 659 3011 est
683 2981 729 3010 eis
746 2990 784 3011 ex
809 2981 933 3021 seipsis,
951 2980 1006 3011 sed
1032 2981 1147 3021 partim
1174 2990 1211 3011 ex
1240 2986 1326 3012 exte-

245 3031 382 3062 rioribus
403 3035 538 3067 agentibus
561 3030 721 3073 (sensatis)
740 3037 771 3062 et
795 3033 912 3072 partim
937 3042 954 3061 a
978 3038 1102 3062 natura.
1128 3031 1326 3072 inquantum
1342 3046 1365 3068 ςς

245 3083 331 3113 enim
355 3083 518 3123 appetitus
542 3089 654 3113 movet
684 3084 840 3119 membra,
869 3082 1022 3114 dicuntur
1050 3084 1154 3124 seipsa
1182 3093 1327 3120 movere,

243 3145 293 3170 per
312 3138 384 3170 quod
405 3139 439 3163 ab
459 3133 549 3174 quod
578 3134 698 3165 habent
729 3143 826 3175 supra
854 3135 1030 3164 inanimata
1060 3140 1091 3165 et
1114 3134 1250 3175 plantas.
1275 3134 1327 3165 ln-

246 3192 405 3226 quantum
430 3196 507 3217 vero
533 3187 641 3227 ipsum
673 3186 854 3227 (appetere)
885 3186 925 3216 de
957 3186 1148 3217 necessitate
1180 3188 1328 3227 sequitur

246 3238 277 3268 in
296 3239 340 3268 eis
358 3248 395 3269 ex
414 3237 526 3268 formis
543 3239 684 3278 acceptis
709 3248 767 3279 per
783 3248 915 3269 sensum
934 3245 966 3269 et
990 3238 1149 3269 iudicium
1173 3238 1327 3269 naturalis

246 3289 474 3326 extimationis,
499 3299 567 3319 non
592 3289 651 3319 sibi
677 3296 751 3320 sunt
778 3299 894 3320 causac
927 3290 1017 3330 quod
1042 3295 1207 3321 moveant.
1232 3289 1327 3321 Unde
1341 3301 1369 3320 ⁶0

246 3350 313 3371 non
332 3341 451 3372 habent
475 3340 658 3372 dominium
684 3342 732 3371 sui
759 3347 860 3372 actus.
887 3341 1005 3371 Forma
1023 3347 1132 3372 autem
1154 3341 1327 3378 intellecta,

247 3401 304 3431 per
320 3401 419 3432 quam
436 3393 613 3423 substantia
630 3393 858 3424 intellectualis
882 3394 898 3410 ⁴*
917 3399 1080 3434 operatur,
1106 3399 1153 3424 est
1169 3404 1220 3430 per
1240 3398 1326 3430 ipsum

248 3446 407 3472 intellectum
429 3443 468 3473 ab
485 3443 556 3483 ipso
574 3443 751 3479 intellectu,
770 3450 804 3474 ut
823 3450 899 3485 pote
917 3454 974 3484 per
990 3445 1098 3484 ipsum
1120 3450 1279 3485 concepta
1296 3450 1327 3475 et

248 3493 391 3533 qUOdam
422 3494 523 3525 m0d0
544 3499 678 3523 adinventa
701 3496 908 3535 (excogitata)
934 3508 984 3524 nnn
1000 3499 1068 3524 enim
1083 3499 1165 3524 forma
1186 3507 1232 3533 per
1247 3507 1326 3532 quam

247 3548 394 3574 intellectus
413 3548 441 3574 fit
463 3556 520 3575 actu
542 3559 554 3572 ι

248 3599 342 3624 lectum
363 3605 403 3625 est
424 3601 581 3633 operationis
604 3601 757 3634 principium
780 3604 815 3628 ut
836 3604 923 3638 patet
944 3598 983 3628 dc
1001 3597 1104 3629 forma
1125 3599 1209 3637 artis,
1227 3607 1325 3639 quam

247 3645 358 3676 artifex
381 3645 538 3688 (concipit
564 3648 607 3689 et)
634 3650 794 3689 excogitat
819 3655 850 3679 et
880 3659 935 3690 per
960 3659 1029 3680 eam
1056 3655 1218 3690 operatur.
1243 3650 1327 3681 Sub-

384 2257 664 2296 ..consequentis
696 2256 845 2288 formam.
876 2258 995 2288 Forma
1020 2258 1117 2298 igitur
1145 2268 1230 2299 quae
1260 2269 1327 2290 non
1344 2273 1371 2293 ιο

577 3560 591 3573 a
625 3551 691 3575 inest
711 3559 723 3574 a
745 3556 843 3576 natura.
865 3552 915 3575 Sed
936 3551 1017 3576 forma
1039 3556 1165 3585 concepta
1185 3559 1232 3584 per
1253 3551 1326 3576 intel·
1342 3564 1366 3584 05

1244 159 1510 196 APPENDIX

1402 238 1538 269 stantiae
1554 239 1652 279 igitur
1664 262 1672 269 .
1687 263 1695 269 .
1710 263 1716 269 .
1731 240 1944 271 voluntatem.
1969 240 1988 280 δ
2004 238 2096 272 Item.
2110 239 2264 274 Activum
2278 266 2286 273 .
2301 265 2309 273 .
2324 265 2331 272 .
2345 251 2413 283 quo
2438 245 2486 274 est

1402 290 1513 320 omnia
1537 289 1617 323 fieri.
1642 291 1815 332 Appetitus
1839 292 1936 332 igitur
1965 292 2193 324 intellectualis
2215 294 2413 326 substantiae
2437 299 2485 326 est

1402 341 1443 372 ad
1467 343 1578 373 omnia
1603 351 1636 373 se
1668 343 1790 377 habens
1809 355 1862 372 non
1881 347 2068 373 determinatus
2087 348 2119 373 acl
2138 348 2203 375 haee
2221 349 2262 375 vel
2277 349 2328 380 illa,
2342 349 2411 375 sicut
2422 357 2485 375 coa-

1402 397 1560 431 cupiscibilis
1573 398 1762 424 determinatur
1774 399 1807 424 ad
1820 399 1983 425 delectabilia
2001 407 2108 425 sennua.
2127 397 2203 428 Hoc
2218 403 2328 429 autem
2345 404 2392 429 est
2408 407 2484 438 pro-

1401 447 1508 486 prium
1533 447 1711 478 voluntatis
1736 453 1771 478 ut
1794 447 1834 478 ad
1858 449 1970 479 omnia
1993 457 2028 478 se
2051 449 2179 479 habeat.
2211 447 2308 480 Unde
2330 449 2364 480 in
2388 449 2484 480 tertio

1401 499 1465 529 eth.
1490 498 1707 539 philosophus
1731 498 1809 530 dicit
1833 499 1923 540 quod
1948 505 1995 530 est
2019 506 2051 531 et
2074 500 2281 541 possibilium
2305 505 2338 531 et
2359 501 2484 541 impos-

1399 549 1553 580 sibilium.
1579 549 1783 581 Substantiae
1807 551 1904 592 igitur
1927 551 2163 582 intellectuales
2190 551 2310 582 habent
2332 551 2484 582 volunta-

1398 607 1475 632 tem.
1493 603 1509 618 θ’
1525 605 1542 639 fi
1556 606 1702 633 Praeterea.
1723 606 1752 632 In
1771 607 1889 640 qualibet
1911 615 1941 632 re
1959 607 2007 633 tria
2030 607 2206 639 inveniuntur,
2225 607 2325 633 scilicet
2346 614 2408 633 este
2425 606 2483 633 eius

1398 657 1543 690 proprium,
1563 662 1588 683 ει
1607 658 1726 691 operatio
1745 658 1836 692 ipsius,
1855 664 1882 684 et
1899 659 1967 684 ordo
1985 659 2043 684 eius
2063 660 2095 684 ad
2115 659 2178 691 alia;
2201 649 2317 693 quorum
2335 659 2483 684 secundum

1398 709 1518 741 sequitur
1537 709 1660 741 primum,
1674 710 1736 743 quia
1749 711 1961 744 unumquodque
1973 710 2131 744 inquantum
2146 716 2187 736 eat
2206 719 2253 736 ens
2272 715 2411 744 operatum
2430 715 2484 735 tet·-

2511 614 2561 635 ⁴4¹·
2576 609 2635 631 bn.

1397 759 1463 785 tium
1476 765 1563 786 autem
1584 762 1755 795 consequitur
1773 763 1806 787 ad
1825 763 1980 793 secundum,
1999 763 2060 796 quia
2078 771 2126 797 per
2143 763 2325 797 operationem
2340 769 2417 788 suam
2429 769 2483 787 una
2532 770 2539 774 ·

1397 819 1441 837 res
1452 812 1484 837 ad
1495 813 1573 838 aliam
1588 813 1732 839 ordinatur.
1745 813 1795 840 Ubi
1806 820 1847 840 est
1855 815 1934 848 igitur
1947 814 2066 840 diversus
2076 815 2173 840 modus
2187 815 2294 841 essendi
2308 820 2335 841 et
2345 815 2482 849 operandi,

1397 864 1431 889 ibi
1450 869 1554 898 oportet
1572 872 1633 890 esse
1653 866 1787 891 diversum
1807 866 1917 892 modum
1930 866 2030 892 ordinis
2043 866 2077 892 ad
2089 866 2148 893 alia.
2161 866 2328 892 Substantiae
2340 871 2428 892 autem
2442 866 2482 892 in·-

1396 915 1559 941 tellectuales
1578 915 1674 941 habent
1703 916 1838 950 proprium
1862 917 1972 943 modum
1991 917 2096 943 essendi
2114 923 2220 951 praeter
2238 917 2302 943 alias
2319 916 2481 943 substantias

1396 972 1505 998 creatas,
1519 967 1579 1000 quia
1598 973 1662 992 sunt
1680 967 1866 994 immateriales
1879 974 1907 994 et
1919 969 2020 995 formae
2033 977 2082 1003 per
2099 977 2130 995 ae
2148 974 2257 995 stantes.
2277 969 2383 995 Habent
2401 968 2479 994 etiam

1394 1018 1528 1051 propriam
1541 1019 1731 1052 operationem,
1745 1020 1807 1053 quia
1818 1019 1975 1055 intelligunt.
1994 1020 2162 1054 Relinquitur
2174 1021 2253 1054 igitur
2264 1020 2337 1054 quod
2349 1021 2428 1046 etiam
2441 1021 2480 1046 eis

1394 1070 1460 1095 assit
1471 1071 1593 1104 proprius
1606 1072 1703 1096 modus
1722 1072 1822 1097 ordinis
1835 1073 1868 1098 ad
1887 1072 1944 1098 alia.
1964 1072 2108 1098 Ordinatur
2120 1078 2206 1099 autem
2220 1081 2263 1098 rea
2277 1080 2330 1098 una
2348 1073 2382 1098 ad
2400 1073 2479 1098 aliam

1393 1129 1442 1154 per
1455 1122 1588 1155 proprium
1609 1123 1763 1157 appetitum,
1778 1123 1823 1157 qui
1838 1129 1879 1149 est
1896 1123 2030 1150 inclinatio
2048 1125 2178 1158 quaedam
2193 1125 2219 1150 in
2239 1124 2318 1156 aliud,
2331 1129 2361 1149 ut
2379 1124 2479 1150 dictum

1393 1179 1442 1200 est.
1455 1175 1560 1200 Habent
1573 1175 1651 1208 igitur
1663 1174 1825 1201 substantiae
1838 1175 2039 1206 intellectuales,
2054 1176 2123 1202 sicut
2135 1176 2294 1202 eminentius
2309 1183 2370 1202 esee
2383 1176 2478 1202 ceteri·

1393 1231 1419 1251 et
1431 1227 1630 1252 eminentiorem
1645 1226 1836 1261 operationem,
1849 1228 1884 1254 ita
1896 1234 1924 1254 et
1935 1227 2135 1253 eminentiorem
2149 1227 2306 1262 appetitum.
2318 1226 2478 1253 Eminentia·

1392 1277 1478 1302 aimus
1497 1283 1595 1303 autern*
1606 1278 1736 1312 appetitus
1755 1283 1796 1304 est
1814 1279 1951 1309 voluntas:
1971 1279 2046 1305 cuius
2070 1278 2178 1312 signum
2203 1283 2245 1304 eat
2270 1279 2332 1312 quia
2351 1278 2410 1311 ipse
2427 1278 2478 1303 im-

1392 1334 1465 1362 perat
1478 1335 1503 1354 et
1517 1330 1597 1355 utitur
1609 1330 1675 1358 aliis.
1694 1330 1860 1356 Substantiae
1872 1331 1950 1364 igitur
1961 1330 2151 1356 intellectuales
2163 1329 2261 1356 habent
2272 1330 2442 1356 voluntatem.
2451 1329 2478 1355 ⁸.

1393 1381 1407 1396 ‘
1421 1380 1438 1413 ἕ
1453 1381 1491 1406 Ex
1509 1381 1559 1406 hoc
1579 1387 1667 1407 autem
1689 1387 1798 1416 apparet
1816 1382 1888 1416 quod
1907 1387 1969 1408 aunt
1988 1382 2063 1408 liberi
2075 1381 2182 1408 arbitrii.
2200 1381 2259 1407 Hoc
2281 1381 2353 1407 eiam
2371 1385 2412 1406 eat
2430 1379 2477 1406 lta-

1392 1434 1454 1460 bere
1476 1434 1588 1460 liberum
1614 1435 1749 1460 arbitrium
1769 1435 1878 1469 (quod)
1897 1434 1995 1461 habere
2013 1435 2159 1460 dominium
2184 1434 2226 1460 sui
2249 1438 2332 1464 acme,
2350 1433 2385 1459 ita
2403 1431 2476 1466 quod

1390 1486 1416 1511 in
1435 1487 1494 1520 ipso
1513 1487 1547 1512 sit
1565 1494 1643 1520 agere
1655 1492 1681 1512 et
1700 1494 1752 1512 non
1772 1494 1858 1520 agere.
1878 1486 2044 1512 Substantiae
2063 1491 2151 1512 autem
2170 1485 2360 1511 intellectuales
2378 1482 2477 1510 habam

1391 1539 1537 1564 dominium
1552 1540 1592 1565 sui
1611 1545 1693 1569 actua.
1706 1545 1735 1565 ut
1753 1545 1891 1566 ostensum
1907 1544 1958 1567 est.
1969 1540 2035 1565 Sunt
2046 1539 2124 1572 igitur
2142 1538 2217 1564 liberi
2229 1537 2360 1564 urbia-list
2372 1536 2390 1571 fl
2400 1537 2475 1564 lm.

1392 1591 1420 1616 ln
1437 1590 1478 1616 his
1497 1599 1566 1625 quae
1585 1591 1682 1618 habent
1700 1592 1876 1626 cognitionem
1895 1591 2091 1626 apprehensum
2110 1595 2201 1616 movet
2218 1589 2372 1624 appetitum,
2389 1593 2421 1615 ut
2437 1588 2476 1614 cli-

1389 1647 1460 1668 ctum
1480 1648 1530 1668 est.
1548 1643 1601 1668 Sed
1620 1651 1682 1668 cum
1700 1644 1834 1676 proprium
1848 1643 1980 1669 obiectum
1993 1643 2124 1676 appetitus
2144 1642 2178 1667 ait
2196 1641 2297 1667 bonum
2315 1639 2359 1666 vel
2377 1631 2476 1673 aliqua

1389 1694 1524 1727 pertinens
1548 1694 1580 1719 ad
1605 1695 1734 1720 rationem
1759 1695 1830 1725 boni,
1855 1695 1943 1720 omnis
1966 1699 2054 1719 autem
2080 1693 2196 1727 potentia
2221 1697 2359 1728 mweatur
2385 1699 2401 1718 a
2423 1696 2477 1717 mo

1388 1743 1500 1775 obiecto,
1519 1744 1715 1778 apprehensum
1733 1753 1786 1770 non
1806 1749 1894 1779 potest
1908 1751 2017 1769 movere
2031 1744 2177 1778 appetitum
2195 1743 2245 1768 niti
2264 1741 2477 1776 apprehendam?

1390 1795 1439 1820 sub
1459 1797 1559 1821 ratione
1578 1796 1639 1821 boni
1658 1796 1700 1821 vel
1720 1797 1908 1822 convenientia.
1927 1795 1985 1821 Hoc
2004 1800 2093 1821 autem
2112 1803 2166 1820 non
2188 1798 2276 1827 potest
2294 1800 2355 1819 ene
2372 1792 2423 1819 nin
2439 1792 2476 1818 ait

1389 1847 1474 1880 aliqua
1487 1847 1570 1872 virtus
1591 1848 1604 1862 ⁸
1619 1855 1688 1880 quae
1706 1847 1802 1872 iudicet
1819 1846 1869 1872 hoc
1884 1854 1945 1872 eoae
1958 1847 2058 1872 bonum
2078 1846 2120 1871 vel
2139 1845 2307 1871 conveniens.
2324 1831 2475 1874 Quocum-

1389 1906 1441 1932 que
1454 1899 1531 1931 igitur
1543 1906 1573 1923 ex
1588 1899 1736 1931 cognitione
1748 1899 1892 1932 appetitum
1907 1898 2005 1924 habent
2019 1905 2067 1931 per
2075 1905 2158 1931 quem
2171 1902 2260 1930 agunt,
2278 1895 2374 1921 iudicio
2383 1898 2475 1928 agum-

1389 1949 1446 1974 Hoc
1465 1954 1552 1974 autem
1572 1949 1696 1974 iudicium
1714 1949 1736 1974 ai
1755 1950 1789 1974 ait
1811 1957 1843 1974 ex
1861 1955 1954 1975 natura
1973 1949 2184 1979 determinatim,
2203 1948 2316 1974 liberum
2335 1954 2396 1973 eene
2418 1953 2475 1973 m

1388 1988 1482 2034 potest,
1503 2001 1615 2026 liberum
1635 2002 1705 2026 enim
1718 2007 1759 2026 est
1778 2002 1850 2035 quod
1869 2002 1910 2027 aui
1929 2009 2008 2027 causa
2027 2006 2077 2032 eat,
2091 2000 2214 2027 iudicium
2232 2004 2320 2026 autem
2339 1998 2414 2033 quod
2431 2002 2475 2025 α

1387 2059 1418 2076 ex
1437 2057 1530 2077 natura
1548 2051 1751 2077 determinatum
1771 2059 1825 2077 non
1844 2051 1975 2085 dependet
1994 2058 2025 2076 ex
2044 2051 2174 2077 iudicante
2197 2050 2246 2076 aed
2264 2057 2296 2076 ex
2314 2049 2474 2085 dotum*

1385 2104 1457 2129 tione
1477 2109 1592 2129 naturae.
1613 2103 1692 2135 Quod
1712 2108 1800 2131 autem
1827 2111 1857 2129 ex
1882 2108 1974 2129 natura
1997 2110 2050 2128 non
2073 2107 2116 2128 eat
2139 2101 2350 2131 determinatum.
2367 2104 2475 2134 oport-t

1387 2156 1459 2189 quod
1478 2163 1510 2181 ex
1527 2155 1658 2181 iudicante
1677 2155 1832 2189 dependeat.
1853 2155 1900 2180 Est
1917 2155 1996 2189 igitur
2013 2154 2136 2180 liberum.
2158 2153 2238 2185 Quod
2259 2158 2348 2179 autem
2366 2157 2409 2178 eet
2424 2152 2475 2181 δὲ

1386 2208 1469 2233 ditum
1488 2215 1568 2241 supra
1587 2207 1613 2232 id
1632 2208 1665 2232 ad
1684 2207 1756 2240 quod
1775 2206 1901 2232 naturalia
1919 2206 2033 2240 cognitio
2053 2205 2250 2234 determinatur,
2262 2211 2316 2230 non
2334 2203 2404 2230 cadit
2420 2202 2472 2230 ηδ

1386 2259 1481 2285 iudicio
1499 2267 1530 2284 ex
1549 2263 1640 2284 natura
1653 2258 1834 2284 determinato.
1847 2258 1974 2284 iudicium
1989 2258 2061 2283 enim
2079 2264 2128 2290 per
2139 2257 2194 2282 vim
2213 2255 2419 2289 cogno-citima
2432 2251 2472 2280 tlt.

1384 2309 1505 2342 Cognitio
1518 2314 1606 2334 autem
1625 2309 1782 2334 intellectiva
1795 2309 1948 2334 naturaliter
1960 2308 2148 2334 determinatur
2161 2307 2194 2334 ad
2212 2305 2370 2335 univer-ale.
2387 2309 2415 2332 ot
2431 2305 2472 2331 de

1383 2360 1515 2394 singulare
1528 2360 1671 2395 oper-abile,
1681 2361 1714 2386 de
1724 2368 1779 2395 quo
1787 2365 1893 2394 oportet
1901 2359 1956 2386 fieri
1970 2360 2094 2386 iudicium
2106 2360 2133 2385 in
2146 2358 2258 2393 agendo,
2270 2362 2312 2385 eat
2321 2357 2384 2384 εει.
2396 2357 2472 2384 M—

1382 2419 1438 2438 tum
1453 2421 1533 2447 supra
1546 2414 1570 2439 id
1585 2414 1618 2439 de
1630 2421 1685 2447 quo
1698 2418 1740 2439 eat
1758 2414 1871 2446 cognitio
1884 2413 2010 2439 naturalia
2028 2413 2186 2438 intellectus.
2205 2411 2226 2437 E
2238 2411 2369 2438 mnan-to
2380 2414 2470 2437 m

1383 2470 1424 2490 est
1442 2466 1475 2490 de
1490 2466 1639 2496 cognitione
1651 2465 1807 2491 intellectiva
1821 2465 1846 2494 ⁸.
1855 2471 1925 2498 quae
1939 2463 2093 2490 namraliter
2105 2463 2294 2489 determinatur
2305 2462 2338 2488 ad
2350 2461 2402 2487 hoc
2414 2461 2472 2489 ffl-

1383 2517 1481 2549 gulare.
1500 2517 1625 2542 ludicium
1645 2517 1724 2549 igitur
1736 2517 1885 2543 intellectas
1903 2523 2000 2542 aenaua
2011 2516 2045 2541 de
2063 2515 2114 2541 hoe
2127 2514 2252 2549 ningulus-i
2269 2513 2397 2548 open-abili
2415 2517 2473 2540 nn

1383 2572 1424 2592 est
1445 2567 1566 2597 liberum,
1583 2568 1631 2592 aed
1644 2574 1675 2592 ex
1695 2572 1787 2592 natura
1800 2567 2012 2592 determinatum.
2027 2566 2154 2592 iudicium
2167 2570 2256 2591 autem
2268 2563 2417 2590 intellectu·
2435 2563 2474 2590 fl

1382 2619 1478 2645 eodem
1491 2624 1532 2644 est
1545 2618 1666 2645 liberum.
1685 2619 1852 2644 §ubstantiae
1865 2618 1942 2651 igitur
1951 2617 2144 2644 intellectuale·
2162 2621 2224 2643 aunt
2237 2615 2316 2642 liberi
2325 2615 2376 2642 arb
2394 2613 2472 2641 libari

1381 2671 1467 2697 iudicii
1487 2671 1543 2696 aive
1556 2670 1750 2704 arbitrii.‚quod
1764 2670 1834 2696 idem
1849 2673 1898 2696 eat.
1917 2669 1934 2703 fl
1946 2668 2049 2695 Adhuc.
2069 2669 2159 2702 Agens
2178 2675 2226 2702 per
2243 2667 2405 2693 intellectum
2415 2666 2471 2700 ..k

1386 2728 1495 2757 propter
1513 2721 1602 2748 finem.
1622 2722 1750 2748 iudicium
1768 2722 1846 2756 igitur
1864 2721 1897 2747 de
1915 2721 2024 2755 agendi·
2043 2721 2069 2746 in
2088 2720 2130 2746 hia
2145 2727 2214 2754 quae
2233 2724 2315 2754 agunt
2327 2726 2376 2753 per
2393 2717 2471 2745 intel-

1384 2775 1490 2806 lectum,
1510 2779 1551 2800 est
1570 2774 1694 2800 iudicium
1710 2774 1744 2799 de
1762 2773 1802 2799 liis
1816 2780 1884 2807 quae
1897 2778 1960 2800 aunt
1977 2777 2088 2806 propter
2105 2770 2196 2798 finem.
2215 2771 2268 2798 Sed
2286 2770 2412 2797 iudicium
2429 2770 2469 2796 ln-

1383 2827 1504 2853 tellectua
1524 2827 1557 2852 de
1575 2826 1617 2852 hia
1635 2834 1704 2860 quae
1723 2830 1786 2851 sunt
1803 2829 1912 2859 propter
1929 2824 2020 2856 finem,
2038 2832 2091 2850 non
2111 2829 2152 2850 eat
2166 2831 2182 2849 a
2200 2828 2293 2849 natura
2310 2822 2472 2849 determina-

1383 2883 1454 2904 tum:
1475 2883 1567 2903 natura
1586 2878 1656 2903 enim
1675 2876 1744 2903 nihil
1756 2877 1782 2911 f,
1801 2883 1871 2910 quae
1883 2875 1959 2906 nihil,
1978 2876 2039 2910 quia
2058 2874 2119 2901 nihil
2139 2874 2274 2909 superflue
2292 2874 2360 2905 facit.
2372 2880 2425 2900 ιιοιι
2445 2873 2469 2900 d

1387 2929 1431 2954 dat
1449 2929 1524 2954 alicui
1545 2936 1576 2954 ea
1593 2937 1610 2962 q
1630 2935 1677 2962 per
1695 2935 1764 2961 quae
1783 2926 1943 2953 sufficienter
1955 2925 2054 2960 aliquid
2065 2925 2173 2960 acquiri
2191 2924 2282 2951 haberi
2300 2929 2397 2958 potest.
2415 2930 2471 2951 no·

1385 2981 1429 3006 dat
1448 2981 1496 3006 sibi
1515 2981 1603 3014 ipsum
1622 2980 1701 3006 simul
1721 2979 1793 3014 quod
1818 2986 1865 3013 per
1888 2979 1932 3004 illa
1950 2978 2076 3010 habeturg
2094 2978 2173 3008 unde,
2193 2977 2255 3011 quia
2278 2976 2378 3002 homini
2397 2974 2470 3003 dedit

1383 3040 1478 3058 manus
1487 3033 1511 3059 ‘.
1531 3039 1579 3066 per
1593 3039 1660 3065 quaa
1673 3036 1761 3066 potest
1775 3031 1823 3056 sibi
1839 3038 1913 3056 arma
1924 3037 2089 3064 praeparare,
2102 3037 2156 3055 non
2174 3029 2245 3055 dedit
2263 3028 2312 3054 sibi
2331 3034 2404 3054 arma
2421 3034 2469 3053 nn-

1383 3085 1486 3114 tui-alin,
1505 3086 1572 3110 sicut
1591 3085 1662 3111 dedit
1682 3084 1738 3110 aliia
1758 3083 1924 3109 animalibus.
1947 3082 2053 3108 Habent
2071 3087 2160 3108 autem
2185 3080 2347 3107 sub-tantiae
2365 3078 2469 3106 intelle-

1385 3138 1483 3163 ctuales
1503 3146 1516 3162 a
1537 3142 1627 3163 natura
1646 3137 1771 3171 principia
1790 3144 1838 3170 per
1861 3143 1930 3169 quae
1949 3139 2064 3169 ponunt
2082 3133 2203 3160 ordinare
2227 3132 2314 3166 aliqua
2332 3132 2359 3157 in
2370 3129 2469 3163 finan..

1383 3190 1539 3223 inquantum
1560 3193 1723 3222 cognoscunt
1741 3188 1801 3221 <ει>
1821 3188 1948 3213 rationem
1967 3185 2027 3212 fiais
2046 3191 2073 3212 et
2091 3186 2148 3212 eiua
2173 3185 2246 3219 quod
2265 3189 2307 3210 eat
2325 3183 2358 3210 ad
2377 3182 2470 3215 finan.¹

1386 3247 1410 3267 et
1429 3242 1627 3275 proportionem
1648 3241 1725 3266 unius
1749 3240 1781 3264 ad
1800 3239 1922 3270 alterum,
1948 3238 2020 3272 quod
2043 3237 2152 3272 quidem
2174 3235 2331 3262 habentibus
2356 3239 2468 3262 m

1384 3297 1487 3318 tantum
1506 3300 1560 3317 non
1581 3297 1668 3325 potest
1693 3291 1840 3317 convenire.
1868 3289 2045 3316 substantiae
2069 3288 2156 3323 igitur
2181 3287 2316 3313 intellectu
2338 3284 2468 3312 Animalia

1384 3343 1463 3375 igitur
1482 3343 1558 3369 bruta
1578 3351 1630 3369 non
1650 3342 1748 3368 habent
1767 3342 1879 3368 liberum
1897 3341 2022 3367 iudicium
2041 3340 2074 3366 de
2093 3339 2210 3374 agendis,
2229 3338 2277 3364 aed
2296 3338 2385 3363 solum
2402 3335 2468 3362 aub-

1385 3396 1492 3420 stantiae
1507 3395 1704 3421 intellectuales.
1723 3394 1739 3427 g
1753 3394 1882 3427 Amplius.
1896 3393 1994 3418 Natura
2007 3397 2048 3418 eat
2060 3390 2216 3426 principium
2234 3389 2268 3415 ad
2286 3395 2370 3415 unum
2381 3387 2468 3414 detea-

1385 3448 1521 3474 minatum.
1535 3447 1571 3472 lbi
1591 3447 1668 3479 igitur
1681 3446 1768 3471 solum
1785 3449 1886 3478 posset,
1898 3447 1988 3477 potest
2006 3449 2064 3470 ene
2081 3447 2123 3468 eat
2135 3441 2335 3468 detenuinatum
2349 3447 2363 3465 a
2376 3444 2467 3465 namra

1385 3499 1508 3524 iudicium
1529 3498 1561 3523 de
1580 3497 1688 3530 agendis
1707 3501 1815 3531 propter
1828 3494 1917 3526 finem,
1931 3494 1975 3521 ubi
1995 3494 2054 3527 <eat
2071 3491 2243 3519 determinata
2258 3491 2315 3523 via>
2330 3491 2404 3523 (sunt
2420 3490 2467 3516 de-

1383 3550 1535 3575 terminatae
1554 3547 1622 3583 viae)
1643 3547 1810 3581 perveniendi
1830 3547 1862 3572 ad
1880 3545 1963 3572 finem
1974 3545 1999 3570 ⁴⁸.

322 3786 345 3812 5.
365 3787 442 3818 Quod
461 3787 628 3821 substantiae]
649 3789 675 3814 ln
695 3790 777 3822 prima
802 3790 963 3815 ordinatione
983 3789 1061 3815 huius
1084 3795 1207 3815 tractatus
1227 3791 1260 3815 de
1279 3796 1370 3815 natura
1389 3790 1592 3815 substantiarum
1611 3784 1834 3817 intelleciualium,
1853 3786 1964 3819 capitula
1982 3793 2050 3811 ιιι-ιι
2070 3791 2095 3811 et
2114 3793 2192 3811 xxxin
2211 3785 2295 3819 posita
2313 3790 2386 3811 erant
2405 3789 2464 3817 poet

246 3831 389 3865 capitulum
409 3831 481 3864 quod
500 3839 569 3857 nunc
588 3838 627 3857 est
647 3841 687 3862 ιν,
708 3833 788 3864 Quod
807 3834 973 3860 substantiae
993 3834 1184 3860 intellectuales
1203 3837 1266 3860 nent
1286 3834 1510 3867 incorruptibiles.
1525 3834 1553 3859 ln
1566 3834 1636 3860 hunc
1655 3834 1743 3859 locum
1762 3832 1793 3858 ab
1814 3833 1872 3864 ipso
1891 3831 1918 3856 S.
1936 3829 2040 3856 ‘thoma
2059 3830 2218 3864 transposita
2237 3835 2309 3856 aunt.
2322 3829 2383 3856 inde
2396 3828 2465 3856 orie-

248 3876 323 3902 batur
341 3876 483 3902 necessitas
503 3875 605 3901 delendi
624 3876 780 3908 primitivam
802 3878 993 3903 inchoationem
1013 3879 1121 3903 actualia
1141 3886 1198 3912 cap.
1217 3887 1294 3909 κινιι,
1314 3884 1338 3904 et
1359 3886 1453 3904 novam
1473 3878 1660 3904 substituendi.

321 3921 337 3946 b
356 3920 373 3946 8
394 3921 529 3947 Praeterea
545 3938 551 3946 .
563 3940 569 3946 .
580 3939 586 3945 .
601 3920 634 3946 65
655 3920 742 3955 finem}
763 3922 847 3947 Totus
867 3922 907 3947 hic
923 3924 995 3948 locus
1009 3924 1121 3956 scriptus
1137 3923 1183 3948 fuit
1197 3925 1328 3953 continue.
1345 3929 1370 3949 et
1383 3924 1430 3957 ipsi
1445 3923 1501 3949 aine
1515 3921 1702 3957 interruptione
1721 3920 1874 3955 iungebntur
1886 3927 1974 3953 parag.
1991 3920 2054 3945 Item
2070 3927 2130 3945 cum
2150 3920 2271 3949 liberum,
2285 3927 2310 3952 p.
2325 3917 2378 3944 ⁵5·
2390 3925 2405 3943 a
2421 3917 2464 3944 ¹3.

250 3965 427 3991 Deletionibua
447 3965 603 3990 successivis
624 3966 775 3998 suppressio
796 3966 883 3991 effecta
905 3972 952 3991 est.
975 3967 1061 3991 Primo
1080 3967 1150 3992 enim
1170 3967 1285 3992 deletum
1306 3973 1346 3992 eat
1365 3966 1382 3992 8
1403 3967 1549 3993 stactei-ea
1622 3972 1653 3991 aa
1675 3965 1854 3994 voluntatem5
1878 3963 1971 3989 deinde
1999 3963 2031 3988 26
2057 3963 2140 3989 Item.
2153 3980 2178 3990 ..
2191 3961 2225 3988 65
2244 3962 2348 3997 finem:
2372 3966 2464 3996 postea

251 4008 283 4034 ²3
305 4009 351 4035 Ex
369 4009 418 4035 hoc
488 4007 521 4034 26
539 4009 657 4036 arbitrii.
679 4009 797 4035 Tandem
823 4011 847 4034 in
869 4011 983 4042 margine
1010 4011 1123 4036 inferiori
1144 4011 1196 4036 folii
1216 4019 1274 4044 44¹·
1289 4011 1304 4036 b
1325 4012 1451 4044 scripturn
1477 4016 1517 4036 eat
1543 4017 1630 4044 parag.
1657 4009 1704 4035 Ex
1722 4009 1772 4035 hoc
1794 4010 1883 4034 autem
1903 4011 2017 4041 apparet
2033 4026 2039 4034 .
2051 4026 2057 4033 .
2069 4026 2076 4033 .
2092 4007 2118 4033 in
2139 4007 2248 4042 agendo
2267 4006 2304 4040 (p-
2326 4005 2407 4032 55·-
2425 4005 2463 4039 7).

252 4053 339 4086 ibique
359 4062 455 4079 novum
475 4054 616 4087 capitulum
638 4062 683 4086 per
703 4054 892 4087 appositionem
913 4055 976 4079 tituli
997 4057 1165 4081 constitutum
1186 4062 1234 4081 eat.

2503 1329 2632 1359 urbju.

2502 1378 2632 1409 44¹⁵„-

2503 1542 2554 1564 ⁴⁴¹
2567 1537 2631 1565 baa.

2500 1849 2556 1871 4411
2571 1850 2615 1867 ει.

2497 2359 2586 2410 {5⁴⁸⁶
2601 2360 2717 2390 ''W'‘

2497 2465 2507 2475 .
2520 2463 2584 2488 c..
2602 2470 2648 2494 μ,
2661 2468 2727 2489 m,

2495 2490 2584 2544 {ft-fas·
2669 2495 2716 2516 at·

2494 2548 2588 2568 m

2747 2915 2756 2980 i

2514 3026 2702 3051 cna-unna
2744 3006 2756 3047 ⁷¹}
