<?xml version="1.0" encoding="UTF-8"?>
<!DOCTYPE html PUBLIC "-//W3C//DTD XHTML 1.0 Transitional//EN"
    "http://www.w3.org/TR/xhtml1/DTD/xhtml1-transitional.dtd">
<html xmlns="http://www.w3.org/1999/xhtml" xml:lang="en" lang="en">
 <head>
  <title>
</title>
<meta http-equiv="Content-Type" content="text/html;charset=utf-8" />
  <meta name='ocr-system' content='tesseract 3.04.00' />
  <meta name='ocr-capabilities' content='ocr_page ocr_carea ocr_par ocr_line ocrx_word'/>
</head>
<body>
  <div class='ocr_page' id='page_1' title='image "./operaomniaiussui13thom/operaomniaiussui13thom_0651.png"; bbox 0 0 2768 4134; ppageno 0'>
   <div class='ocr_carea' id='block_1_1' title="bbox 25 515 123 538">
    <p class='ocr_par' dir='ltr' id='par_1_1' title="bbox 25 515 123 538">
     <span class='ocr_line' id='line_1_1' title="bbox 25 515 123 538; baseline -0.02 0"><span class='ocrx_word' id='word_1_1' title='bbox 25 515 87 538; x_wconf 74' lang='lat' dir='ltr'><em>&#39;Ad</em></span> <span class='ocrx_word' id='word_1_2' title='bbox 102 515 123 537; x_wconf 86' lang='lat'><em>6.</em></span> 
     </span>
    </p>
   </div>
   <div class='ocr_carea' id='block_1_2' title="bbox 25 602 241 660">
    <p class='ocr_par' dir='ltr' id='par_1_2' title="bbox 25 602 241 660">
     <span class='ocr_line' id='line_1_2' title="bbox 25 602 241 630; baseline -0.011 -3.74"><span class='ocrx_word' id='word_1_3' title='bbox 25 602 86 626; x_wconf 68' lang='lat' dir='ltr'><em>⁸.OE</em></span> <span class='ocrx_word' id='word_1_4' title='bbox 104 602 135 624; x_wconf 79' lang='lat' dir='ltr'><em>de</em></span> <span class='ocrx_word' id='word_1_5' title='bbox 160 602 241 630; x_wconf 67' lang='lat' dir='ltr'><em>Verit„</em></span> 
     </span>
     <span class='ocr_line' id='line_1_3' title="bbox 26 619 241 660; baseline -0.01 -8"><span class='ocrx_word' id='word_1_6' title='bbox 26 637 50 660; x_wconf 83' lang='lat' dir='ltr'><em>q.</em></span> <span class='ocrx_word' id='word_1_7' title='bbox 57 635 108 656; x_wconf 80' lang='lat' dir='ltr'><em>vin.</em></span> <span class='ocrx_word' id='word_1_8' title='bbox 115 634 176 657; x_wconf 67' lang='grc' dir='ltr'>ιιι,</span> <span class='ocrx_word' id='word_1_9' title='bbox 182 619 241 651; x_wconf 72' lang='grc' dir='ltr'>3ἀι’</span> 
     </span>
    </p>
   </div>
   <div class='ocr_carea' id='block_1_3' title="bbox 747 250 2040 299">
    <p class='ocr_par' dir='ltr' id='par_1_3' title="bbox 747 250 2040 299">
     <span class='ocr_line' id='line_1_4' title="bbox 747 250 2040 299; baseline 0.002 -12"><span class='ocrx_word' id='word_1_10' title='bbox 747 250 947 288; x_wconf 75' lang='lat' dir='ltr'><strong>SUMMA</strong></span> <span class='ocrx_word' id='word_1_11' title='bbox 976 251 1198 289; x_wconf 92' lang='lat' dir='ltr'>CONTRA</span> <span class='ocrx_word' id='word_1_12' title='bbox 1226 251 1502 299; x_wconf 87' lang='lat' dir='ltr'><em>GENTILES,</em></span> <span class='ocrx_word' id='word_1_13' title='bbox 1529 253 1624 290; x_wconf 91' lang='lat' dir='ltr'><em>LIB.</em></span> <span class='ocrx_word' id='word_1_14' title='bbox 1646 254 1695 299; x_wconf 89' lang='lat'><em>11,·</em></span> <span class='ocrx_word' id='word_1_15' title='bbox 1718 253 2003 291; x_wconf 54' lang='lat' dir='ltr'><em>CAPLXCVI.v</em></span> <span class='ocrx_word' id='word_1_16' title='bbox 2038 256 2040 258; x_wconf 83' lang='grc'><strong>’</strong></span> 
     </span>
    </p>
   </div>
   <div class='ocr_carea' id='block_1_4' title="bbox 266 329 1347 1264">
    <p class='ocr_par' dir='ltr' id='par_1_4' title="bbox 267 329 1347 685">
     <span class='ocr_line' id='line_1_5' title="bbox 267 329 1346 371; baseline 0.001 -10"><span class='ocrx_word' id='word_1_17' title='bbox 267 331 365 362; x_wconf 83' lang='lat' dir='ltr'><em>habet</em></span> <span class='ocrx_word' id='word_1_18' title='bbox 379 331 414 362; x_wconf 93' lang='lat' dir='ltr'><em>in</em></span> <span class='ocrx_word' id='word_1_19' title='bbox 429 337 519 362; x_wconf 84' lang='lat' dir='ltr'><em>actu:</em></span> <span class='ocrx_word' id='word_1_20' title='bbox 537 337 569 362; x_wconf 92' lang='lat' dir='ltr'><em>et</em></span> <span class='ocrx_word' id='word_1_21' title='bbox 584 330 674 371; x_wconf 88' lang='lat' dir='ltr'><em>prius</em></span> <span class='ocrx_word' id='word_1_22' title='bbox 688 338 758 360; x_wconf 91' lang='lat' dir='ltr'><em>non</em></span> <span class='ocrx_word' id='word_1_23' title='bbox 773 329 1016 366; x_wconf 82' lang='lat' dir='ltr'>assimilabatur,</span> <span class='ocrx_word' id='word_1_24' title='bbox 1033 331 1109 370; x_wconf 89' lang='lat' dir='ltr'><em>quia</em></span> <span class='ocrx_word' id='word_1_25' title='bbox 1124 340 1193 361; x_wconf 90' lang='lat' dir='ltr'><em>non</em></span> <span class='ocrx_word' id='word_1_26' title='bbox 1208 331 1346 362; x_wconf 86' lang='lat' dir='ltr'><em>habebat</em></span> 
     </span>
     <span class='ocr_line' id='line_1_6' title="bbox 268 373 1344 416; baseline 0 -10"><span class='ocrx_word' id='word_1_27' title='bbox 268 381 417 406; x_wconf 81' lang='lat' dir='ltr'><em>naturam</em></span> <span class='ocrx_word' id='word_1_28' title='bbox 432 385 491 416; x_wconf 89' lang='lat' dir='ltr'><em>per</em></span> <span class='ocrx_word' id='word_1_29' title='bbox 506 384 607 416; x_wconf 87' lang='lat' dir='ltr'><em>quam</em></span> <span class='ocrx_word' id='word_1_30' title='bbox 621 374 668 405; x_wconf 88' lang='lat' dir='ltr'><em>illi</em></span> <span class='ocrx_word' id='word_1_31' title='bbox 683 373 921 404; x_wconf 81' lang='lat' dir='ltr'><strong>assimilaretur.</strong></span> <span class='ocrx_word' id='word_1_32' title='bbox 934 373 1030 404; x_wconf 90' lang='lat' dir='ltr'><strong>Unde</strong></span> <span class='ocrx_word' id='word_1_33' title='bbox 1042 374 1179 405; x_wconf 91' lang='lat' dir='ltr'><em>Sanctus</em></span> <span class='ocrx_word' id='word_1_34' title='bbox 1187 375 1344 412; x_wconf 83' lang='lat' dir='ltr'><strong>Thomas,</strong></span> 
     </span>
     <span class='ocr_line' id='line_1_7' title="bbox 268 417 1345 461; baseline 0 -11"><span class='ocrx_word' id='word_1_35' title='bbox 268 419 386 458; x_wconf 87' lang='lat' dir='ltr'><em>Prima,</em></span> <span class='ocrx_word' id='word_1_36' title='bbox 399 430 431 461; x_wconf 92' lang='lat' dir='ltr'><em>q.</em></span> <span class='ocrx_word' id='word_1_37' title='bbox 442 430 516 457; x_wconf 67' lang='lat' dir='ltr'><em>nvn,</em></span> <span class='ocrx_word' id='word_1_38' title='bbox 528 429 558 450; x_wconf 90' lang='lat' dir='ltr'><em>a.</em></span> <span class='ocrx_word' id='word_1_39' title='bbox 569 419 600 456; x_wconf 88' lang='grc'><em>3,</em></span> <span class='ocrx_word' id='word_1_40' title='bbox 612 418 653 450; x_wconf 82' lang='lat' dir='ltr'><em>ad</em></span> <span class='ocrx_word' id='word_1_41' title='bbox 665 418 696 456; x_wconf 90' lang='grc'><em>3,</em></span> <span class='ocrx_word' id='word_1_42' title='bbox 708 418 756 448; x_wconf 88' lang='lat' dir='ltr'><em>ait</em></span> <span class='ocrx_word' id='word_1_43' title='bbox 763 417 855 458; x_wconf 90' lang='lat' dir='ltr'><em>quod</em></span> <span class='ocrx_word' id='word_1_44' title='bbox 869 423 954 458; x_wconf 85' lang='lat' dir='ltr'><em>quae</em></span> <span class='ocrx_word' id='word_1_45' title='bbox 959 418 1085 459; x_wconf 86' lang='lat' dir='ltr'><em>futura</em></span> <span class='ocrx_word' id='word_1_46' title='bbox 1101 424 1186 454; x_wconf 83' lang='lat' dir='ltr'><em>sunt,</em></span> <span class='ocrx_word' id='word_1_47' title='bbox 1200 420 1345 450; x_wconf 83' lang='lat' dir='ltr'><em>nondum</em></span> 
     </span>
     <span class='ocr_line' id='line_1_8' title="bbox 268 461 1343 505; baseline -0.002 -9"><span class='ocrx_word' id='word_1_48' title='bbox 268 465 387 496; x_wconf 78' lang='lat' dir='ltr'><em>habent</em></span> <span class='ocrx_word' id='word_1_49' title='bbox 408 469 562 496; x_wconf 85' lang='lat' dir='ltr'><em>naturam</em></span> <span class='ocrx_word' id='word_1_50' title='bbox 576 473 641 505; x_wconf 86' lang='lat' dir='ltr'><em>per</em></span> <span class='ocrx_word' id='word_1_51' title='bbox 653 471 756 504; x_wconf 82' lang='lat' dir='ltr'><em>quam</em></span> <span class='ocrx_word' id='word_1_52' title='bbox 778 461 896 502; x_wconf 83' lang='lat' dir='ltr'><em>speciei</em></span> <span class='ocrx_word' id='word_1_53' title='bbox 918 462 1091 503; x_wconf 81' lang='lat' dir='ltr'><strong><em>angelicae</em></strong></span> <span class='ocrx_word' id='word_1_54' title='bbox 1113 463 1343 494; x_wconf 79' lang='lat' dir='ltr'><em>assimilentur.</em></span> 
     </span>
     <span class='ocr_line' id='line_1_9' title="bbox 269 505 1347 550; baseline -0.002 -9"><span class='ocrx_word' id='word_1_55' title='bbox 269 510 311 540; x_wconf 91' lang='lat' dir='ltr'><em>Et</em></span> <span class='ocrx_word' id='word_1_56' title='bbox 326 510 433 546; x_wconf 84' lang='lat' dir='ltr'><em>Malo,</em></span> <span class='ocrx_word' id='word_1_57' title='bbox 449 518 572 550; x_wconf 90' lang='lat' dir='ltr'><em>q.xv1,</em></span> <span class='ocrx_word' id='word_1_58' title='bbox 578 518 607 539; x_wconf 89' lang='lat' dir='ltr'><em>a.</em></span> <span class='ocrx_word' id='word_1_59' title='bbox 623 508 674 548; x_wconf 76' lang='lat'><em>7*</em></span> <span class='ocrx_word' id='word_1_60' title='bbox 676 507 745 544; x_wconf 88' lang='lat' dir='ltr'><em>,ait</em></span> <span class='ocrx_word' id='word_1_61' title='bbox 761 505 852 547; x_wconf 89' lang='lat' dir='ltr'><em>quod</em></span> <span class='ocrx_word' id='word_1_62' title='bbox 867 506 1066 547; x_wconf 80' lang='lat' dir='ltr'><em>singularia,</em></span> <span class='ocrx_word' id='word_1_63' title='bbox 1083 513 1257 548; x_wconf 80' lang='lat' dir='ltr'><em>antequam</em></span> <span class='ocrx_word' id='word_1_64' title='bbox 1280 509 1347 539; x_wconf 86' lang='lat' dir='ltr'><em>sint</em></span> 
     </span>
     <span class='ocr_line' id='line_1_10' title="bbox 269 551 1344 595; baseline -0.004 -9"><span class='ocrx_word' id='word_1_65' title='bbox 269 560 355 591; x_wconf 85' lang='lat' dir='ltr'><em>actu,</em></span> <span class='ocrx_word' id='word_1_66' title='bbox 376 564 443 585; x_wconf 87' lang='lat' dir='ltr'><em>non</em></span> <span class='ocrx_word' id='word_1_67' title='bbox 456 553 666 595; x_wconf 84' lang='lat' dir='ltr'><em>participant</em></span> <span class='ocrx_word' id='word_1_68' title='bbox 691 556 846 582; x_wconf 83' lang='lat' dir='ltr'><em>naturam</em></span> <span class='ocrx_word' id='word_1_69' title='bbox 873 551 1000 591; x_wconf 85' lang='lat' dir='ltr'><em>speciei.</em></span> <span class='ocrx_word' id='word_1_70' title='bbox 1025 551 1066 582; x_wconf 91' lang='lat' dir='ltr'><em>Et</em></span> <span class='ocrx_word' id='word_1_71' title='bbox 1089 552 1205 589; x_wconf 87' lang='lat' dir='ltr'><em>Prima,</em></span> <span class='ocrx_word' id='word_1_72' title='bbox 1223 562 1254 592; x_wconf 93' lang='lat' dir='ltr'><em>q.</em></span> <span class='ocrx_word' id='word_1_73' title='bbox 1271 562 1344 590; x_wconf 66' lang='lat' dir='ltr'><em>nvn,</em></span> 
     </span>
     <span class='ocr_line' id='line_1_11' title="bbox 269 595 1346 638; baseline -0.003 -7"><span class='ocrx_word' id='word_1_74' title='bbox 269 609 297 630; x_wconf 88' lang='lat' dir='ltr'><em>a.</em></span> <span class='ocrx_word' id='word_1_75' title='bbox 316 599 346 636; x_wconf 93' lang='lat'><em>3,</em></span> <span class='ocrx_word' id='word_1_76' title='bbox 362 598 404 630; x_wconf 83' lang='lat' dir='ltr'><em>ad</em></span> <span class='ocrx_word' id='word_1_77' title='bbox 421 598 438 630; x_wconf 88' lang='lat'>3</span> <span class='ocrx_word' id='word_1_78' title='bbox 453 599 497 635; x_wconf 68' lang='lat'><em>⁸,</em></span> <span class='ocrx_word' id='word_1_79' title='bbox 504 598 549 628; x_wconf 89' lang='lat' dir='ltr'><em>ait</em></span> <span class='ocrx_word' id='word_1_80' title='bbox 570 596 659 638; x_wconf 82' lang='lat' dir='ltr'><em>quod</em></span> <span class='ocrx_word' id='word_1_81' title='bbox 671 596 799 637; x_wconf 86' lang='lat' dir='ltr'><em>futura</em></span> <span class='ocrx_word' id='word_1_82' title='bbox 821 595 967 625; x_wconf 82' lang='lat' dir='ltr'><em>nondum</em></span> <span class='ocrx_word' id='word_1_83' title='bbox 982 595 1101 626; x_wconf 78' lang='lat' dir='ltr'><em>habent</em></span> <span class='ocrx_word' id='word_1_84' title='bbox 1119 601 1272 627; x_wconf 88' lang='lat' dir='ltr'><em>naturam</em></span> <span class='ocrx_word' id='word_1_85' title='bbox 1282 607 1346 637; x_wconf 90' lang='lat' dir='ltr'><em>per</em></span> 
     </span>
     <span class='ocr_line' id='line_1_12' title="bbox 269 639 994 685; baseline -0.008 -10"><span class='ocrx_word' id='word_1_86' title='bbox 269 653 367 685; x_wconf 82' lang='lat' dir='ltr'><em>quam</em></span> <span class='ocrx_word' id='word_1_87' title='bbox 389 642 554 684; x_wconf 78' lang='lat' dir='ltr'><em>speciebus</em></span> <span class='ocrx_word' id='word_1_88' title='bbox 576 640 739 683; x_wconf 79' lang='lat' dir='ltr'><em>angelicis</em></span> <span class='ocrx_word' id='word_1_89' title='bbox 761 639 994 671; x_wconf 81' lang='lat' dir='ltr'><em>assimilentur.</em></span> 
     </span>
    </p>

    <p class='ocr_par' dir='ltr' id='par_1_5' title="bbox 267 683 1346 1037">
     <span class='ocr_line' id='line_1_13' title="bbox 326 683 1345 719; baseline -0.003 0"><span class='ocrx_word' id='word_1_90' title='bbox 326 697 359 719; x_wconf 88' lang='lat'><em>2.</em></span> <span class='ocrx_word' id='word_1_91' title='bbox 374 687 439 719; x_wconf 88' lang='lat' dir='ltr'><em>Sed</em></span> <span class='ocrx_word' id='word_1_92' title='bbox 460 685 602 717; x_wconf 67' lang='lat' dir='ltr'><em>occurrit</em></span> <span class='ocrx_word' id='word_1_93' title='bbox 625 685 709 716; x_wconf 87' lang='lat' dir='ltr'><em>circa</em></span> <span class='ocrx_word' id='word_1_94' title='bbox 723 685 788 716; x_wconf 91' lang='lat' dir='ltr'><em>hoc</em></span> <span class='ocrx_word' id='word_1_95' title='bbox 805 684 930 716; x_wconf 87' lang='lat' dir='ltr'><em>dictum</em></span> <span class='ocrx_word' id='word_1_96' title='bbox 946 683 1093 715; x_wconf 90' lang='lat' dir='ltr'><em>dubium.</em></span> <span class='ocrx_word' id='word_1_97' title='bbox 1110 684 1194 716; x_wconf 89' lang='lat' dir='ltr'><em>Nam</em></span> <span class='ocrx_word' id='word_1_98' title='bbox 1208 684 1345 716; x_wconf 90' lang='lat' dir='ltr'><em>Sanctus</em></span> 
     </span>
     <span class='ocr_line' id='line_1_14' title="bbox 269 728 1343 780; baseline -0.004 -17"><span class='ocrx_word' id='word_1_99' title='bbox 269 732 425 768; x_wconf 81' lang='lat' dir='ltr'><em>Thomas,</em></span> <span class='ocrx_word' id='word_1_100' title='bbox 450 730 463 762; x_wconf 94' lang='lat'>1</span> <span class='ocrx_word' id='word_1_101' title='bbox 486 730 642 771; x_wconf 85' lang='lat' dir='ltr'><em>Metaph.,</em></span> <span class='ocrx_word' id='word_1_102' title='bbox 668 730 743 760; x_wconf 90' lang='lat' dir='ltr'><em>lect.</em></span> <span class='ocrx_word' id='word_1_103' title='bbox 764 737 791 766; x_wconf 84' lang='lat'><em>1,</em></span> <span class='ocrx_word' id='word_1_104' title='bbox 821 734 912 760; x_wconf 92' lang='lat' dir='ltr'><em>tenet</em></span> <span class='ocrx_word' id='word_1_105' title='bbox 942 728 1033 780; x_wconf 78' lang='lat' dir='ltr'><em>quod</em></span> <span class='ocrx_word' id='word_1_106' title='bbox 1060 729 1122 760; x_wconf 84' lang='lat' dir='ltr'><em>ista</em></span> <span class='ocrx_word' id='word_1_107' title='bbox 1146 730 1343 770; x_wconf 83' lang='lat' dir='ltr'><em>propositio,</em></span> 
     </span>
     <span class='ocr_line' id='line_1_15' title="bbox 272 773 1345 815; baseline -0.005 -7"><span class='ocrx_word' id='word_1_108' title='bbox 272 790 286 804; x_wconf 66' lang='grc' dir='ltr'>ε</span> <span class='ocrx_word' id='word_1_109' title='bbox 306 776 460 808; x_wconf 75' lang='lat' dir='ltr'><em>Socrates</em></span> <span class='ocrx_word' id='word_1_110' title='bbox 482 780 531 806; x_wconf 85' lang='lat' dir='ltr'><em>est</em></span> <span class='ocrx_word' id='word_1_111' title='bbox 552 775 698 811; x_wconf 74' lang='lat' dir='ltr'><em>homo»,</em></span> <span class='ocrx_word' id='word_1_112' title='bbox 721 779 770 805; x_wconf 83' lang='lat' dir='ltr'><em>est</em></span> <span class='ocrx_word' id='word_1_113' title='bbox 780 783 843 814; x_wconf 85' lang='lat' dir='ltr'><em>per</em></span> <span class='ocrx_word' id='word_1_114' title='bbox 863 781 916 804; x_wconf 83' lang='lat' dir='ltr'><em>se:</em></span> <span class='ocrx_word' id='word_1_115' title='bbox 939 773 1026 814; x_wconf 84' lang='lat' dir='ltr'><em>quia,</em></span> <span class='ocrx_word' id='word_1_116' title='bbox 1046 774 1075 804; x_wconf 88' lang='lat' dir='ltr'><em>si</em></span> <span class='ocrx_word' id='word_1_117' title='bbox 1093 773 1246 804; x_wconf 86' lang='lat' dir='ltr'><em>Socrates</em></span> <span class='ocrx_word' id='word_1_118' title='bbox 1268 774 1345 815; x_wconf 84' lang='lat' dir='ltr'><em>defi-</em></span> 
     </span>
     <span class='ocr_line' id='line_1_16' title="bbox 269 818 1346 862; baseline -0.002 -10"><span class='ocrx_word' id='word_1_119' title='bbox 269 821 407 857; x_wconf 81' lang='lat' dir='ltr'><em>niretur,</em></span> <span class='ocrx_word' id='word_1_120' title='bbox 426 824 612 862; x_wconf 83' lang='lat' dir='ltr'><em>poneretur</em></span> <span class='ocrx_word' id='word_1_121' title='bbox 636 830 651 846; x_wconf 66' lang='grc' dir='ltr'><em>α</em></span> <span class='ocrx_word' id='word_1_122' title='bbox 669 819 767 849; x_wconf 82' lang='lat' dir='ltr'><em>homo</em></span> <span class='ocrx_word' id='word_1_123' title='bbox 787 831 802 846; x_wconf 87' lang='lat'><strong>›</strong></span> <span class='ocrx_word' id='word_1_124' title='bbox 829 818 862 848; x_wconf 85' lang='lat' dir='ltr'><em>in</em></span> <span class='ocrx_word' id='word_1_125' title='bbox 887 818 957 849; x_wconf 85' lang='lat' dir='ltr'><em>eius</em></span> <span class='ocrx_word' id='word_1_126' title='bbox 984 818 1183 859; x_wconf 84' lang='lat' dir='ltr'><em>definitione.</em></span> <span class='ocrx_word' id='word_1_127' title='bbox 1208 818 1346 850; x_wconf 86' lang='lat' dir='ltr'><em>Constat</em></span> 
     </span>
     <span class='ocr_line' id='line_1_17' title="bbox 269 863 1344 904; baseline -0.004 -7"><span class='ocrx_word' id='word_1_128' title='bbox 269 871 379 903; x_wconf 78' lang='lat' dir='ltr'><em>autem</em></span> <span class='ocrx_word' id='word_1_129' title='bbox 398 875 437 896; x_wconf 89' lang='lat' dir='ltr'><em>ex</em></span> <span class='ocrx_word' id='word_1_130' title='bbox 453 865 466 896; x_wconf 90' lang='lat'>1</span> <span class='ocrx_word' id='word_1_131' title='bbox 482 865 607 895; x_wconf 85' lang='lat' dir='ltr'><em>Poster.</em></span> <span class='ocrx_word' id='word_1_132' title='bbox 619 865 648 900; x_wconf 60' lang='lat'><em>³,</em></span> <span class='ocrx_word' id='word_1_133' title='bbox 671 863 763 904; x_wconf 89' lang='lat' dir='ltr'><em>quod</em></span> <span class='ocrx_word' id='word_1_134' title='bbox 786 871 887 893; x_wconf 90' lang='lat' dir='ltr'><em>omne</em></span> <span class='ocrx_word' id='word_1_135' title='bbox 903 872 968 904; x_wconf 89' lang='lat' dir='ltr'><em>per</em></span> <span class='ocrx_word' id='word_1_136' title='bbox 988 872 1024 894; x_wconf 90' lang='lat' dir='ltr'><em>se</em></span> <span class='ocrx_word' id='word_1_137' title='bbox 1047 869 1095 893; x_wconf 90' lang='lat' dir='ltr'><em>est</em></span> <span class='ocrx_word' id='word_1_138' title='bbox 1117 864 1344 900; x_wconf 89' lang='lat' dir='ltr'><em>necessarium,</em></span> 
     </span>
     <span class='ocr_line' id='line_1_18' title="bbox 269 907 1345 951; baseline -0.003 -9"><span class='ocrx_word' id='word_1_139' title='bbox 269 915 301 942; x_wconf 89' lang='lat' dir='ltr'><em>et</em></span> <span class='ocrx_word' id='word_1_140' title='bbox 323 919 382 951; x_wconf 86' lang='lat' dir='ltr'><em>per</em></span> <span class='ocrx_word' id='word_1_141' title='bbox 405 917 611 950; x_wconf 87' lang='lat' dir='ltr'><em>consequens</em></span> <span class='ocrx_word' id='word_1_142' title='bbox 640 908 887 948; x_wconf 88' lang='lat' dir='ltr'><em>sempiternum.</em></span> <span class='ocrx_word' id='word_1_143' title='bbox 918 907 1006 948; x_wconf 88' lang='lat' dir='ltr'><em>Ergo</em></span> <span class='ocrx_word' id='word_1_144' title='bbox 1033 908 1097 938; x_wconf 91' lang='lat' dir='ltr'><em>hoc</em></span> <span class='ocrx_word' id='word_1_145' title='bbox 1124 907 1345 948; x_wconf 87' lang='lat' dir='ltr'><em>praedicatum</em></span> 
     </span>
     <span class='ocr_line' id='line_1_19' title="bbox 267 951 1344 996; baseline -0.004 -10"><span class='ocrx_word' id='word_1_146' title='bbox 267 955 365 986; x_wconf 82' lang='lat' dir='ltr'><em>homo</em></span> <span class='ocrx_word' id='word_1_147' title='bbox 388 963 518 996; x_wconf 77' lang='lat' dir='ltr'><em>semper</em></span> <span class='ocrx_word' id='word_1_148' title='bbox 540 954 694 985; x_wconf 89' lang='lat' dir='ltr'><em>convenit</em></span> <span class='ocrx_word' id='word_1_149' title='bbox 717 951 813 983; x_wconf 92' lang='lat' dir='ltr'><em>Sorti.</em></span> <span class='ocrx_word' id='word_1_150' title='bbox 837 952 926 993; x_wconf 88' lang='lat' dir='ltr'><em>Ergo</em></span> <span class='ocrx_word' id='word_1_151' title='bbox 950 951 1067 982; x_wconf 86' lang='lat' dir='ltr'><em>falsum</em></span> <span class='ocrx_word' id='word_1_152' title='bbox 1095 957 1142 982; x_wconf 91' lang='lat' dir='ltr'><em>est</em></span> <span class='ocrx_word' id='word_1_153' title='bbox 1169 952 1260 992; x_wconf 93' lang='lat' dir='ltr'><em>quod</em></span> <span class='ocrx_word' id='word_1_154' title='bbox 1283 952 1344 983; x_wconf 92' lang='lat' dir='ltr'><em>So-</em></span> 
     </span>
     <span class='ocr_line' id='line_1_20' title="bbox 268 996 1344 1037; baseline -0.004 -6"><span class='ocrx_word' id='word_1_155' title='bbox 268 1005 370 1031; x_wconf 82' lang='lat' dir='ltr'><em>crates</em></span> <span class='ocrx_word' id='word_1_156' title='bbox 391 1009 462 1030; x_wconf 87' lang='lat' dir='ltr'><em>non</em></span> <span class='ocrx_word' id='word_1_157' title='bbox 485 999 624 1030; x_wconf 78' lang='lat' dir='ltr'><em>existens</em></span> <span class='ocrx_word' id='word_1_158' title='bbox 646 996 797 1028; x_wconf 86' lang='lat' dir='ltr'><em>nondum</em></span> <span class='ocrx_word' id='word_1_159' title='bbox 819 997 936 1028; x_wconf 88' lang='lat' dir='ltr'><em>habeat</em></span> <span class='ocrx_word' id='word_1_160' title='bbox 959 997 1101 1027; x_wconf 88' lang='lat' dir='ltr'><em>hominis</em></span> <span class='ocrx_word' id='word_1_161' title='bbox 1121 996 1344 1037; x_wconf 88' lang='lat' dir='ltr'><em>quidditatem.</em></span> 
     </span>
    </p>

    <p class='ocr_par' dir='ltr' id='par_1_6' title="bbox 266 1040 1346 1264">
     <span class='ocr_line' id='line_1_21' title="bbox 322 1040 1346 1085; baseline -0.004 -10"><span class='ocrx_word' id='word_1_162' title='bbox 322 1043 553 1085; x_wconf 82' lang='lat' dir='ltr'><em>Respondetur</em></span> <span class='ocrx_word' id='word_1_163' title='bbox 576 1041 668 1084; x_wconf 90' lang='lat' dir='ltr'><em>quod</em></span> <span class='ocrx_word' id='word_1_164' title='bbox 693 1042 855 1082; x_wconf 78' lang='lat' dir='ltr'><em>hominem</em></span> <span class='ocrx_word' id='word_1_165' title='bbox 879 1041 1056 1072; x_wconf 82' lang='lat' dir='ltr'><em>conuenire</em></span> <span class='ocrx_word' id='word_1_166' title='bbox 1079 1040 1210 1071; x_wconf 87' lang='lat' dir='ltr'><em>Socrati</em></span> <span class='ocrx_word' id='word_1_167' title='bbox 1239 1041 1346 1082; x_wconf 89' lang='lat' dir='ltr'><em>dupli-</em></span> 
     </span>
     <span class='ocr_line' id='line_1_22' title="bbox 268 1086 1345 1130; baseline -0.004 -10"><span class='ocrx_word' id='word_1_168' title='bbox 268 1088 347 1120; x_wconf 87' lang='lat' dir='ltr'><em>citer</em></span> <span class='ocrx_word' id='word_1_169' title='bbox 361 1093 470 1130; x_wconf 88' lang='lat' dir='ltr'><em>potest</em></span> <span class='ocrx_word' id='word_1_170' title='bbox 492 1087 642 1128; x_wconf 78' lang='lat' dir='ltr'><em>intelligi:</em></span> <span class='ocrx_word' id='word_1_171' title='bbox 660 1095 729 1117; x_wconf 89' lang='lat' dir='ltr'><em>uno</em></span> <span class='ocrx_word' id='word_1_172' title='bbox 752 1086 866 1123; x_wconf 90' lang='lat' dir='ltr'><em>modo,</em></span> <span class='ocrx_word' id='word_1_173' title='bbox 883 1086 1065 1117; x_wconf 90' lang='lat' dir='ltr'><em>secundum</em></span> <span class='ocrx_word' id='word_1_174' title='bbox 1080 1086 1221 1126; x_wconf 88' lang='lat' dir='ltr'><em>logicam</em></span> <span class='ocrx_word' id='word_1_175' title='bbox 1237 1087 1345 1116; x_wconf 71' lang='lat' dir='ltr'><em>consi-</em></span> 
     </span>
     <span class='ocr_line' id='line_1_23' title="bbox 268 1130 1346 1169; baseline -0.002 -5"><span class='ocrx_word' id='word_1_176' title='bbox 268 1132 486 1169; x_wconf 69' lang='lat' dir='ltr'><em>derationem</em></span> <span class='ocrx_word' id='word_1_177' title='bbox 504 1132 568 1163; x_wconf 87' lang='lat' dir='ltr'><em>alio</em></span> <span class='ocrx_word' id='word_1_178' title='bbox 587 1130 701 1168; x_wconf 89' lang='lat' dir='ltr'><em>modo,</em></span> <span class='ocrx_word' id='word_1_179' title='bbox 718 1130 901 1162; x_wconf 89' lang='lat' dir='ltr'><em>secundum</em></span> <span class='ocrx_word' id='word_1_180' title='bbox 917 1140 987 1162; x_wconf 89' lang='lat' dir='ltr'><em>esse</em></span> <span class='ocrx_word' id='word_1_181' title='bbox 1009 1130 1095 1161; x_wconf 86' lang='lat' dir='ltr'><em>reale</em></span> <span class='ocrx_word' id='word_1_182' title='bbox 1118 1136 1206 1161; x_wconf 88' lang='lat' dir='ltr'><em>extra</em></span> <span class='ocrx_word' id='word_1_183' title='bbox 1220 1130 1346 1162; x_wconf 88' lang='lat' dir='ltr'><em>intelle-</em></span> 
     </span>
     <span class='ocr_line' id='line_1_24' title="bbox 268 1175 1346 1216; baseline -0.004 -7"><span class='ocrx_word' id='word_1_184' title='bbox 268 1183 368 1209; x_wconf 89' lang='lat' dir='ltr'><em>ctum.</em></span> <span class='ocrx_word' id='word_1_185' title='bbox 393 1177 503 1208; x_wconf 87' lang='lat' dir='ltr'><em>Primo</em></span> <span class='ocrx_word' id='word_1_186' title='bbox 527 1175 641 1213; x_wconf 93' lang='lat' dir='ltr'><em>modo,</em></span> <span class='ocrx_word' id='word_1_187' title='bbox 664 1176 761 1206; x_wconf 86' lang='lat' dir='ltr'><em>homo</em></span> <span class='ocrx_word' id='word_1_188' title='bbox 779 1176 933 1206; x_wconf 90' lang='lat' dir='ltr'><em>convenit</em></span> <span class='ocrx_word' id='word_1_189' title='bbox 957 1175 1082 1207; x_wconf 91' lang='lat' dir='ltr'><em>Socrati</em></span> <span class='ocrx_word' id='word_1_190' title='bbox 1097 1184 1155 1216; x_wconf 92' lang='lat' dir='ltr'><em>per</em></span> <span class='ocrx_word' id='word_1_191' title='bbox 1170 1185 1214 1212; x_wconf 84' lang='lat' dir='ltr'><em>se,</em></span> <span class='ocrx_word' id='word_1_192' title='bbox 1232 1180 1264 1205; x_wconf 91' lang='lat' dir='ltr'><em>et</em></span> <span class='ocrx_word' id='word_1_193' title='bbox 1287 1176 1346 1206; x_wconf 86' lang='lat' dir='ltr'><em>ista</em></span> 
     </span>
     <span class='ocr_line' id='line_1_25' title="bbox 266 1221 1346 1264; baseline -0.004 -10"><span class='ocrx_word' id='word_1_194' title='bbox 266 1222 462 1264; x_wconf 78' lang='lat' dir='ltr'><em>propositio,</em></span> <span class='ocrx_word' id='word_1_195' title='bbox 486 1221 640 1252; x_wconf 84' lang='lat' dir='ltr'><em>Socrates</em></span> <span class='ocrx_word' id='word_1_196' title='bbox 662 1225 712 1251; x_wconf 83' lang='lat' dir='ltr'><em>est</em></span> <span class='ocrx_word' id='word_1_197' title='bbox 732 1221 841 1257; x_wconf 86' lang='lat' dir='ltr'><em>homo,</em></span> <span class='ocrx_word' id='word_1_198' title='bbox 866 1226 914 1251; x_wconf 88' lang='lat' dir='ltr'><em>est</em></span> <span class='ocrx_word' id='word_1_199' title='bbox 936 1229 995 1261; x_wconf 88' lang='lat' dir='ltr'><em>per</em></span> <span class='ocrx_word' id='word_1_200' title='bbox 1017 1230 1056 1251; x_wconf 63' lang='lat' dir='ltr'><em>se.</em></span> <span class='ocrx_word' id='word_1_201' title='bbox 1075 1224 1107 1250; x_wconf 89' lang='lat' dir='ltr'><em>et</em></span> <span class='ocrx_word' id='word_1_202' title='bbox 1130 1221 1346 1260; x_wconf 87' lang='lat' dir='ltr'><em>sempiternae</em></span> 
     </span>
    </p>
   </div>
   <div class='ocr_carea' id='block_1_5' title="bbox 230 1264 1346 1307">
    <p class='ocr_par' dir='ltr' id='par_1_7' title="bbox 230 1264 1346 1307">
     <span class='ocr_line' id='line_1_26' title="bbox 230 1264 1346 1307; baseline -0.002 -9"><span class='ocrx_word' id='word_1_203' title='bbox 230 1283 232 1286; x_wconf 92' lang='lat'>·</span> <span class='ocrx_word' id='word_1_204' title='bbox 267 1265 762 1307; x_wconf 45' lang='lat' dir='ltr'><em>veritatianutffpraedicatum</em></span> <span class='ocrx_word' id='word_1_205' title='bbox 777 1271 826 1296; x_wconf 87' lang='lat' dir='ltr'><em>est</em></span> <span class='ocrx_word' id='word_1_206' title='bbox 841 1264 881 1296; x_wconf 92' lang='lat' dir='ltr'><em>de</em></span> <span class='ocrx_word' id='word_1_207' title='bbox 905 1265 1030 1296; x_wconf 85' lang='lat' dir='ltr'><em>ratione</em></span> <span class='ocrx_word' id='word_1_208' title='bbox 1050 1264 1200 1295; x_wconf 87' lang='lat' dir='ltr'><em>subiecti.</em></span> <span class='ocrx_word' id='word_1_209' title='bbox 1217 1264 1260 1295; x_wconf 91' lang='lat' dir='ltr'><em>Et</em></span> <span class='ocrx_word' id='word_1_210' title='bbox 1281 1265 1346 1296; x_wconf 91' lang='lat' dir='ltr'><em>hoc</em></span> 
     </span>
    </p>
   </div>
   <div class='ocr_carea' id='block_1_6' title="bbox 24 2206 239 2264">
    <p class='ocr_par' dir='ltr' id='par_1_8' title="bbox 24 2206 239 2264">
     <span class='ocr_line' id='line_1_27' title="bbox 24 2206 239 2231; baseline -0.005 0"><span class='ocrx_word' id='word_1_211' title='bbox 24 2208 36 2220; x_wconf 85' lang='lat'>&#39;</span> <span class='ocrx_word' id='word_1_212' title='bbox 49 2206 87 2231; x_wconf 77' lang='lat' dir='ltr'><em>Cf.</em></span> <span class='ocrx_word' id='word_1_213' title='bbox 101 2206 154 2231; x_wconf 81' lang='lat' dir='ltr'><em>init.</em></span> <span class='ocrx_word' id='word_1_214' title='bbox 169 2206 239 2230; x_wconf 69' lang='lat' dir='ltr'><em>huius</em></span> 
     </span>
     <span class='ocr_line' id='line_1_28' title="bbox 25 2239 103 2264; baseline 0 -6"><span class='ocrx_word' id='word_1_215' title='bbox 25 2239 103 2264; x_wconf 64' lang='lat' dir='ltr'><em>pm..</em></span> 
     </span>
    </p>
   </div>
   <div class='ocr_carea' id='block_1_7' title="bbox 26 3058 185 3082">
    <p class='ocr_par' dir='ltr' id='par_1_9' title="bbox 26 3058 185 3082">
     <span class='ocr_line' id='line_1_29' title="bbox 26 3058 185 3082; baseline -0.013 0"><span class='ocrx_word' id='word_1_216' title='bbox 26 3059 36 3071; x_wconf 89' lang='grc'>·</span> <span class='ocrx_word' id='word_1_217' title='bbox 49 3058 121 3082; x_wconf 74' lang='lat' dir='ltr'><em>Num.</em></span> <span class='ocrx_word' id='word_1_218' title='bbox 131 3064 185 3081; x_wconf 78' lang='lat' dir='ltr'><em>xm.</em></span> 
     </span>
    </p>
   </div>
   <div class='ocr_carea' id='block_1_8' title="bbox 265 1307 1347 1486">
    <p class='ocr_par' dir='ltr' id='par_1_10' title="bbox 265 1307 1347 1486">
     <span class='ocr_line' id='line_1_30' title="bbox 266 1307 1346 1351; baseline -0.004 -8"><span class='ocrx_word' id='word_1_219' title='bbox 266 1311 370 1343; x_wconf 67' lang='lat' dir='ltr'><em>niodo</em></span> <span class='ocrx_word' id='word_1_220' title='bbox 392 1311 543 1351; x_wconf 87' lang='lat' dir='ltr'><em>intelligit</em></span> <span class='ocrx_word' id='word_1_221' title='bbox 564 1310 704 1342; x_wconf 90' lang='lat' dir='ltr'><em>Sanctus</em></span> <span class='ocrx_word' id='word_1_222' title='bbox 722 1310 868 1341; x_wconf 86' lang='lat' dir='ltr'><em>Thomas</em></span> <span class='ocrx_word' id='word_1_223' title='bbox 891 1310 925 1341; x_wconf 92' lang='lat' dir='ltr'><em>in</em></span> <span class='ocrx_word' id='word_1_224' title='bbox 949 1309 962 1340; x_wconf 94' lang='lat'>1</span> <span class='ocrx_word' id='word_1_225' title='bbox 985 1309 1234 1350; x_wconf 58' lang='lat' dir='ltr'><em>Metaplyfsicae</em></span> <span class='ocrx_word' id='word_1_226' title='bbox 1256 1307 1346 1340; x_wconf 90' lang='lat' dir='ltr'><em>illam</em></span> 
     </span>
     <span class='ocr_line' id='line_1_31' title="bbox 265 1354 1347 1398; baseline -0.004 -10"><span class='ocrx_word' id='word_1_227' title='bbox 265 1356 530 1398; x_wconf 79' lang='lat' dir='ltr'><em>propositionem</em></span> <span class='ocrx_word' id='word_1_228' title='bbox 542 1364 611 1386; x_wconf 88' lang='lat' dir='ltr'><em>esse</em></span> <span class='ocrx_word' id='word_1_229' title='bbox 623 1364 681 1396; x_wconf 90' lang='lat' dir='ltr'><em>per</em></span> <span class='ocrx_word' id='word_1_230' title='bbox 692 1364 738 1386; x_wconf 89' lang='lat' dir='ltr'><em>se.</em></span> <span class='ocrx_word' id='word_1_231' title='bbox 749 1373 772 1378; x_wconf 91' lang='lat'>—</span> <span class='ocrx_word' id='word_1_232' title='bbox 784 1354 937 1386; x_wconf 89' lang='lat' dir='ltr'><em>Secundo</em></span> <span class='ocrx_word' id='word_1_233' title='bbox 949 1354 1063 1391; x_wconf 88' lang='lat' dir='ltr'><em>modo,</em></span> <span class='ocrx_word' id='word_1_234' title='bbox 1074 1354 1172 1385; x_wconf 76' lang='lat' dir='ltr'><em>homo</em></span> <span class='ocrx_word' id='word_1_235' title='bbox 1186 1363 1255 1385; x_wconf 89' lang='lat' dir='ltr'><em>non</em></span> <span class='ocrx_word' id='word_1_236' title='bbox 1267 1363 1347 1385; x_wconf 85' lang='lat' dir='ltr'><em>con-</em></span> 
     </span>
     <span class='ocr_line' id='line_1_32' title="bbox 267 1398 1345 1442; baseline -0.004 -9"><span class='ocrx_word' id='word_1_237' title='bbox 267 1401 357 1433; x_wconf 87' lang='lat' dir='ltr'><em>venit</em></span> <span class='ocrx_word' id='word_1_238' title='bbox 367 1400 454 1433; x_wconf 80' lang='lat' dir='ltr'><em>Sorti</em></span> <span class='ocrx_word' id='word_1_239' title='bbox 465 1409 524 1442; x_wconf 90' lang='lat' dir='ltr'><em>per</em></span> <span class='ocrx_word' id='word_1_240' title='bbox 535 1409 570 1431; x_wconf 89' lang='lat' dir='ltr'><em>se</em></span> <span class='ocrx_word' id='word_1_241' title='bbox 584 1405 617 1431; x_wconf 90' lang='lat' dir='ltr'><em>et</em></span> <span class='ocrx_word' id='word_1_242' title='bbox 631 1409 771 1440; x_wconf 81' lang='lat' dir='ltr'><em>semper,</em></span> <span class='ocrx_word' id='word_1_243' title='bbox 783 1399 841 1431; x_wconf 89' lang='lat' dir='ltr'><em>sed</em></span> <span class='ocrx_word' id='word_1_244' title='bbox 855 1404 983 1430; x_wconf 83' lang='lat' dir='ltr'><em>tantum</em></span> <span class='ocrx_word' id='word_1_245' title='bbox 999 1398 1133 1440; x_wconf 86' lang='lat' dir='ltr'><em>quando</em></span> <span class='ocrx_word' id='word_1_246' title='bbox 1149 1405 1197 1430; x_wconf 87' lang='lat' dir='ltr'><em>est</em></span> <span class='ocrx_word' id='word_1_247' title='bbox 1211 1399 1244 1429; x_wconf 93' lang='lat' dir='ltr'><em>in</em></span> <span class='ocrx_word' id='word_1_248' title='bbox 1260 1404 1345 1430; x_wconf 91' lang='lat' dir='ltr'><em>actu.</em></span> 
     </span>
     <span class='ocr_line' id='line_1_33' title="bbox 268 1443 1347 1486; baseline -0.003 -9"><span class='ocrx_word' id='word_1_249' title='bbox 268 1445 310 1477; x_wconf 87' lang='lat' dir='ltr'><em>Et</em></span> <span class='ocrx_word' id='word_1_250' title='bbox 324 1446 371 1477; x_wconf 83' lang='lat' dir='ltr'><em>sic</em></span> <span class='ocrx_word' id='word_1_251' title='bbox 389 1445 578 1485; x_wconf 85' lang='lat' dir='ltr'><em>intelligitur</em></span> <span class='ocrx_word' id='word_1_252' title='bbox 593 1444 686 1485; x_wconf 87' lang='lat' dir='ltr'><em>quod</em></span> <span class='ocrx_word' id='word_1_253' title='bbox 703 1444 784 1475; x_wconf 86' lang='lat' dir='ltr'><em>alibi</em></span> <span class='ocrx_word' id='word_1_254' title='bbox 805 1444 850 1475; x_wconf 90' lang='lat' dir='ltr'><em>ait</em></span> <span class='ocrx_word' id='word_1_255' title='bbox 872 1443 1010 1476; x_wconf 86' lang='lat' dir='ltr'><em>Sanctus</em></span> <span class='ocrx_word' id='word_1_256' title='bbox 1025 1443 1182 1481; x_wconf 82' lang='lat' dir='ltr'><em>Thomas,</em></span> <span class='ocrx_word' id='word_1_257' title='bbox 1198 1444 1347 1486; x_wconf 84' lang='lat' dir='ltr'><em>singula-</em></span> 
     </span>
    </p>
   </div>
   <div class='ocr_carea' id='block_1_9' title="bbox 166 1488 1345 1531">
    <p class='ocr_par' dir='ltr' id='par_1_11' title="bbox 166 1488 1345 1531">
     <span class='ocr_line' id='line_1_34' title="bbox 166 1488 1345 1531; baseline -0.003 -9"><span class='ocrx_word' id='word_1_258' title='bbox 166 1510 177 1522; x_wconf 81' lang='lat'><em>,</em></span> <span class='ocrx_word' id='word_1_259' title='bbox 233 1509 240 1515; x_wconf 95' lang='lat'><em>-</em></span> <span class='ocrx_word' id='word_1_260' title='bbox 268 1491 333 1527; x_wconf 85' lang='lat' dir='ltr'><em>ria,</em></span> <span class='ocrx_word' id='word_1_261' title='bbox 350 1494 524 1531; x_wconf 76' lang='lat' dir='ltr'><em>antequam</em></span> <span class='ocrx_word' id='word_1_262' title='bbox 535 1489 604 1520; x_wconf 85' lang='lat' dir='ltr'><em>sint</em></span> <span class='ocrx_word' id='word_1_263' title='bbox 613 1494 700 1525; x_wconf 84' lang='lat' dir='ltr'><em>actu,</em></span> <span class='ocrx_word' id='word_1_264' title='bbox 717 1498 784 1519; x_wconf 88' lang='lat' dir='ltr'><em>non</em></span> <span class='ocrx_word' id='word_1_265' title='bbox 798 1489 1005 1530; x_wconf 85' lang='lat' dir='ltr'><em>participare</em></span> <span class='ocrx_word' id='word_1_266' title='bbox 1019 1493 1174 1520; x_wconf 87' lang='lat' dir='ltr'><em>naturam</em></span> <span class='ocrx_word' id='word_1_267' title='bbox 1189 1488 1308 1529; x_wconf 83' lang='lat' dir='ltr'><em>speciei</em></span> <span class='ocrx_word' id='word_1_268' title='bbox 1318 1490 1345 1519; x_wconf 74' lang='lat'><em>*.</em></span> 
     </span>
    </p>
   </div>
   <div class='ocr_carea' id='block_1_10' title="bbox 265 1533 1347 2286">
    <p class='ocr_par' dir='ltr' id='par_1_12' title="bbox 265 1533 1347 2198">
     <span class='ocr_line' id='line_1_35' title="bbox 323 1533 1347 1574; baseline -0.002 -8"><span class='ocrx_word' id='word_1_269' title='bbox 323 1534 390 1566; x_wconf 86' lang='lat' dir='ltr'><em>Ubi</em></span> <span class='ocrx_word' id='word_1_270' title='bbox 412 1533 646 1566; x_wconf 85' lang='lat' dir='ltr'><em>advertendum</em></span> <span class='ocrx_word' id='word_1_271' title='bbox 673 1533 765 1574; x_wconf 90' lang='lat' dir='ltr'><em>quod</em></span> <span class='ocrx_word' id='word_1_272' title='bbox 791 1533 883 1564; x_wconf 88' lang='lat' dir='ltr'><em>aliter</em></span> <span class='ocrx_word' id='word_1_273' title='bbox 909 1542 943 1565; x_wconf 91' lang='lat' dir='ltr'><em>se</em></span> <span class='ocrx_word' id='word_1_274' title='bbox 973 1533 1072 1564; x_wconf 83' lang='lat' dir='ltr'><em>habet</em></span> <span class='ocrx_word' id='word_1_275' title='bbox 1098 1533 1223 1574; x_wconf 84' lang='lat' dir='ltr'><em>species</em></span> <span class='ocrx_word' id='word_1_276' title='bbox 1251 1533 1347 1564; x_wconf 89' lang='lat' dir='ltr'><em>intel-</em></span> 
     </span>
     <span class='ocr_line' id='line_1_36' title="bbox 267 1577 1346 1620; baseline -0.001 -10"><span class='ocrx_word' id='word_1_277' title='bbox 267 1579 397 1620; x_wconf 86' lang='lat' dir='ltr'><em>ligibilis</em></span> <span class='ocrx_word' id='word_1_278' title='bbox 427 1578 533 1619; x_wconf 82' lang='lat' dir='ltr'><em>angeli</em></span> <span class='ocrx_word' id='word_1_279' title='bbox 559 1578 601 1609; x_wconf 88' lang='lat' dir='ltr'><em>ad</em></span> <span class='ocrx_word' id='word_1_280' title='bbox 630 1577 856 1619; x_wconf 87' lang='lat' dir='ltr'><em>quidditatem,</em></span> <span class='ocrx_word' id='word_1_281' title='bbox 889 1583 921 1609; x_wconf 90' lang='lat' dir='ltr'><em>et</em></span> <span class='ocrx_word' id='word_1_282' title='bbox 950 1578 1041 1609; x_wconf 89' lang='lat' dir='ltr'><em>aliter</em></span> <span class='ocrx_word' id='word_1_283' title='bbox 1071 1578 1112 1609; x_wconf 90' lang='lat' dir='ltr'><em>ad</em></span> <span class='ocrx_word' id='word_1_284' title='bbox 1140 1578 1346 1610; x_wconf 87' lang='lat' dir='ltr'><em>individuum</em></span> 
     </span>
     <span class='ocr_line' id='line_1_37' title="bbox 268 1622 1347 1665; baseline -0.001 -10"><span class='ocrx_word' id='word_1_285' title='bbox 268 1623 467 1665; x_wconf 82' lang='lat' dir='ltr'><em>quidditatis.</em></span> <span class='ocrx_word' id='word_1_286' title='bbox 489 1623 578 1662; x_wconf 83' lang='lat' dir='ltr'><em>Quia</em></span> <span class='ocrx_word' id='word_1_287' title='bbox 601 1622 816 1664; x_wconf 88' lang='lat' dir='ltr'><em>quidditatem</em></span> <span class='ocrx_word' id='word_1_288' title='bbox 839 1622 1022 1654; x_wconf 89' lang='lat' dir='ltr'><em>secundum</em></span> <span class='ocrx_word' id='word_1_289' title='bbox 1045 1632 1090 1660; x_wconf 88' lang='lat' dir='ltr'><em>se,</em></span> <span class='ocrx_word' id='word_1_290' title='bbox 1106 1623 1225 1664; x_wconf 87' lang='lat' dir='ltr'><em>primo,</em></span> <span class='ocrx_word' id='word_1_291' title='bbox 1242 1629 1274 1654; x_wconf 92' lang='lat' dir='ltr'><em>et</em></span> <span class='ocrx_word' id='word_1_292' title='bbox 1289 1632 1347 1664; x_wconf 89' lang='lat' dir='ltr'><em>per</em></span> 
     </span>
     <span class='ocr_line' id='line_1_38' title="bbox 267 1667 1346 1710; baseline -0.002 -10"><span class='ocrx_word' id='word_1_293' title='bbox 267 1677 303 1700; x_wconf 77' lang='lat' dir='ltr'><em>se</em></span> <span class='ocrx_word' id='word_1_294' title='bbox 323 1673 559 1710; x_wconf 86' lang='lat' dir='ltr'><em>repraesentat:</em></span> <span class='ocrx_word' id='word_1_295' title='bbox 584 1673 616 1698; x_wconf 92' lang='lat' dir='ltr'><em>et</em></span> <span class='ocrx_word' id='word_1_296' title='bbox 639 1668 717 1708; x_wconf 86' lang='lat' dir='ltr'><em>quia</em></span> <span class='ocrx_word' id='word_1_297' title='bbox 740 1667 913 1708; x_wconf 85' lang='lat' dir='ltr'><em>quidditas,</em></span> <span class='ocrx_word' id='word_1_298' title='bbox 932 1667 1116 1698; x_wconf 90' lang='lat' dir='ltr'><em>secundum</em></span> <span class='ocrx_word' id='word_1_299' title='bbox 1138 1677 1173 1699; x_wconf 90' lang='lat' dir='ltr'><em>se</em></span> <span class='ocrx_word' id='word_1_300' title='bbox 1197 1667 1346 1699; x_wconf 87' lang='lat' dir='ltr'><em>conside-</em></span> 
     </span>
     <span class='ocr_line' id='line_1_39' title="bbox 266 1711 1346 1753; baseline 0 -9"><span class='ocrx_word' id='word_1_301' title='bbox 266 1718 344 1751; x_wconf 66' lang='lat' dir='ltr'><em>ran,</em></span> <span class='ocrx_word' id='word_1_302' title='bbox 359 1713 457 1744; x_wconf 87' lang='lat' dir='ltr'><em>habet</em></span> <span class='ocrx_word' id='word_1_303' title='bbox 471 1717 599 1744; x_wconf 87' lang='lat' dir='ltr'><em>tantum</em></span> <span class='ocrx_word' id='word_1_304' title='bbox 615 1721 685 1743; x_wconf 91' lang='lat' dir='ltr'><em>esse</em></span> <span class='ocrx_word' id='word_1_305' title='bbox 701 1711 963 1753; x_wconf 88' lang='lat' dir='ltr'><em>quidditativurn‚</em></span> <span class='ocrx_word' id='word_1_306' title='bbox 979 1718 1011 1743; x_wconf 92' lang='lat' dir='ltr'><em>et</em></span> <span class='ocrx_word' id='word_1_307' title='bbox 1030 1713 1183 1743; x_wconf 83' lang='lat' dir='ltr'><em>abstrahit</em></span> <span class='ocrx_word' id='word_1_308' title='bbox 1197 1713 1237 1743; x_wconf 91' lang='lat' dir='ltr'><em>ab</em></span> <span class='ocrx_word' id='word_1_309' title='bbox 1254 1713 1346 1744; x_wconf 92' lang='lat' dir='ltr'><em>omni</em></span> 
     </span>
     <span class='ocr_line' id='line_1_40' title="bbox 267 1756 1346 1798; baseline -0.001 -9"><span class='ocrx_word' id='word_1_310' title='bbox 267 1767 352 1789; x_wconf 72' lang='lat' dir='ltr'><em>etse.</em></span> <span class='ocrx_word' id='word_1_311' title='bbox 368 1758 566 1794; x_wconf 82' lang='lat' dir='ltr'><em>existentiae,</em></span> <span class='ocrx_word' id='word_1_312' title='bbox 589 1756 666 1788; x_wconf 91' lang='lat' dir='ltr'><em>ideo</em></span> <span class='ocrx_word' id='word_1_313' title='bbox 693 1756 734 1787; x_wconf 87' lang='lat' dir='ltr'><em>ad</em></span> <span class='ocrx_word' id='word_1_314' title='bbox 761 1757 826 1787; x_wconf 90' lang='lat' dir='ltr'><em>hoc</em></span> <span class='ocrx_word' id='word_1_315' title='bbox 848 1762 885 1788; x_wconf 90' lang='lat' dir='ltr'><em>ut</em></span> <span class='ocrx_word' id='word_1_316' title='bbox 907 1757 1029 1797; x_wconf 87' lang='lat' dir='ltr'><em>speciei</em></span> <span class='ocrx_word' id='word_1_317' title='bbox 1053 1757 1246 1798; x_wconf 84' lang='lat' dir='ltr'><em>intelligibili</em></span> <span class='ocrx_word' id='word_1_318' title='bbox 1269 1758 1346 1788; x_wconf 89' lang='lat' dir='ltr'><em>assi·</em></span> 
     </span>
     <span class='ocr_line' id='line_1_41' title="bbox 266 1800 1347 1842; baseline -0.001 -8"><span class='ocrx_word' id='word_1_319' title='bbox 266 1802 408 1839; x_wconf 75' lang='lat' dir='ltr'><em>miletus,</em></span> <span class='ocrx_word' id='word_1_320' title='bbox 423 1811 493 1833; x_wconf 90' lang='lat' dir='ltr'><em>non</em></span> <span class='ocrx_word' id='word_1_321' title='bbox 515 1801 689 1842; x_wconf 86' lang='lat' dir='ltr'><em>requiritur</em></span> <span class='ocrx_word' id='word_1_322' title='bbox 707 1806 744 1832; x_wconf 91' lang='lat' dir='ltr'><em>ut</em></span> <span class='ocrx_word' id='word_1_323' title='bbox 758 1800 895 1842; x_wconf 88' lang='lat' dir='ltr'><em>aliquod</em></span> <span class='ocrx_word' id='word_1_324' title='bbox 917 1810 987 1832; x_wconf 79' lang='lat' dir='ltr'><em>esse</em></span> <span class='ocrx_word' id='word_1_325' title='bbox 1011 1801 1198 1832; x_wconf 80' lang='lat' dir='ltr'><em>existentiae</em></span> <span class='ocrx_word' id='word_1_326' title='bbox 1220 1802 1347 1833; x_wconf 88' lang='lat' dir='ltr'><em>realiter</em></span> 
     </span>
     <span class='ocr_line' id='line_1_42' title="bbox 266 1846 1346 1887; baseline -0.002 -9"><span class='ocrx_word' id='word_1_327' title='bbox 266 1847 392 1878; x_wconf 76' lang='lat' dir='ltr'><em>habeat.</em></span> <span class='ocrx_word' id='word_1_328' title='bbox 417 1846 587 1887; x_wconf 78' lang='lat' dir='ltr'><em>singulare</em></span> <span class='ocrx_word' id='word_1_329' title='bbox 609 1851 720 1876; x_wconf 84' lang='lat' dir='ltr'><em>autem</em></span> <span class='ocrx_word' id='word_1_330' title='bbox 742 1855 812 1876; x_wconf 90' lang='lat' dir='ltr'><em>non</em></span> <span class='ocrx_word' id='word_1_331' title='bbox 830 1851 1050 1886; x_wconf 80' lang='lat' dir='ltr'><em>repraesentat</em></span> <span class='ocrx_word' id='word_1_332' title='bbox 1067 1846 1186 1886; x_wconf 88' lang='lat' dir='ltr'><em>primo,</em></span> <span class='ocrx_word' id='word_1_333' title='bbox 1202 1846 1260 1876; x_wconf 88' lang='lat' dir='ltr'><em>sed</em></span> <span class='ocrx_word' id='word_1_334' title='bbox 1275 1851 1346 1877; x_wconf 89' lang='lat' dir='ltr'><em>tan-</em></span> 
     </span>
     <span class='ocr_line' id='line_1_43' title="bbox 266 1889 1346 1932; baseline -0.001 -10"><span class='ocrx_word' id='word_1_335' title='bbox 266 1897 338 1922; x_wconf 84' lang='lat' dir='ltr'><em>turn</em></span> <span class='ocrx_word' id='word_1_336' title='bbox 360 1891 558 1932; x_wconf 86' lang='lat' dir='ltr'><em>inquantum</em></span> <span class='ocrx_word' id='word_1_337' title='bbox 580 1890 752 1931; x_wconf 84' lang='lat' dir='ltr'><em>participat</em></span> <span class='ocrx_word' id='word_1_338' title='bbox 767 1889 992 1930; x_wconf 84' lang='lat' dir='ltr'><em>quidditatem.</em></span> <span class='ocrx_word' id='word_1_339' title='bbox 1016 1889 1059 1920; x_wconf 91' lang='lat' dir='ltr'><em>Et</em></span> <span class='ocrx_word' id='word_1_340' title='bbox 1073 1890 1150 1930; x_wconf 87' lang='lat' dir='ltr'><em>quia</em></span> <span class='ocrx_word' id='word_1_341' title='bbox 1166 1890 1346 1921; x_wconf 87' lang='lat' dir='ltr'><em>accidentia</em></span> 
     </span>
     <span class='ocr_line' id='line_1_44' title="bbox 265 1933 1346 1975; baseline -0.002 -9"><span class='ocrx_word' id='word_1_342' title='bbox 265 1934 501 1967; x_wconf 82' lang='lat' dir='ltr'><em>individuantia</em></span> <span class='ocrx_word' id='word_1_343' title='bbox 515 1933 729 1975; x_wconf 87' lang='lat' dir='ltr'><em>quidditatem</em></span> <span class='ocrx_word' id='word_1_344' title='bbox 745 1939 778 1965; x_wconf 91' lang='lat' dir='ltr'><em>et</em></span> <span class='ocrx_word' id='word_1_345' title='bbox 790 1933 996 1965; x_wconf 79' lang='lat' dir='ltr'><em>individuum</em></span> <span class='ocrx_word' id='word_1_346' title='bbox 1012 1934 1252 1970; x_wconf 84' lang='lat' dir='ltr'><em>constituentia,</em></span> <span class='ocrx_word' id='word_1_347' title='bbox 1269 1944 1346 1965; x_wconf 88' lang='lat' dir='ltr'><em>cum</em></span> 
     </span>
     <span class='ocr_line' id='line_1_45' title="bbox 266 1977 1345 2020; baseline -0.001 -9"><span class='ocrx_word' id='word_1_348' title='bbox 266 1981 331 2012; x_wconf 86' lang='lat' dir='ltr'><em>sint</em></span> <span class='ocrx_word' id='word_1_349' title='bbox 353 1985 504 2011; x_wconf 83' lang='lat' dir='ltr'><em>extranea</em></span> <span class='ocrx_word' id='word_1_350' title='bbox 520 1989 538 2010; x_wconf 86' lang='lat' dir='ltr'><em>a</em></span> <span class='ocrx_word' id='word_1_351' title='bbox 554 1978 743 2020; x_wconf 87' lang='lat' dir='ltr'><em>quidditate,</em></span> <span class='ocrx_word' id='word_1_352' title='bbox 759 1987 829 2009; x_wconf 92' lang='lat' dir='ltr'><em>non</em></span> <span class='ocrx_word' id='word_1_353' title='bbox 845 1979 1108 2009; x_wconf 90' lang='lat' dir='ltr'><em>concomitantur</em></span> <span class='ocrx_word' id='word_1_354' title='bbox 1130 1977 1345 2019; x_wconf 88' lang='lat' dir='ltr'><em>quidditatem</em></span> 
     </span>
     <span class='ocr_line' id='line_1_46' title="bbox 266 2022 1345 2065; baseline -0.003 -8"><span class='ocrx_word' id='word_1_355' title='bbox 266 2025 302 2056; x_wconf 86' lang='lat' dir='ltr'><em>in</em></span> <span class='ocrx_word' id='word_1_356' title='bbox 324 2034 396 2056; x_wconf 84' lang='lat' dir='ltr'><em>esse</em></span> <span class='ocrx_word' id='word_1_357' title='bbox 419 2023 646 2065; x_wconf 84' lang='lat' dir='ltr'><em>quidditativo,</em></span> <span class='ocrx_word' id='word_1_358' title='bbox 662 2022 719 2054; x_wconf 85' lang='lat' dir='ltr'><em>sed</em></span> <span class='ocrx_word' id='word_1_359' title='bbox 738 2028 866 2054; x_wconf 90' lang='lat' dir='ltr'><em>tantum</em></span> <span class='ocrx_word' id='word_1_360' title='bbox 880 2023 914 2053; x_wconf 91' lang='lat' dir='ltr'><em>in</em></span> <span class='ocrx_word' id='word_1_361' title='bbox 931 2032 1001 2054; x_wconf 88' lang='lat' dir='ltr'><em>esse</em></span> <span class='ocrx_word' id='word_1_362' title='bbox 1016 2023 1108 2060; x_wconf 83' lang='lat' dir='ltr'><em>reali3</em></span> <span class='ocrx_word' id='word_1_363' title='bbox 1132 2022 1207 2054; x_wconf 92' lang='lat' dir='ltr'><em>ideo</em></span> <span class='ocrx_word' id='word_1_364' title='bbox 1224 2022 1265 2054; x_wconf 91' lang='lat' dir='ltr'><em>ad</em></span> <span class='ocrx_word' id='word_1_365' title='bbox 1279 2023 1345 2054; x_wconf 84' lang='lat' dir='ltr'><em>hoc</em></span> 
     </span>
     <span class='ocr_line' id='line_1_47' title="bbox 266 2067 1345 2118; baseline -0.001 -18"><span class='ocrx_word' id='word_1_366' title='bbox 266 2074 304 2100; x_wconf 90' lang='lat' dir='ltr'><em>ut</em></span> <span class='ocrx_word' id='word_1_367' title='bbox 326 2069 487 2110; x_wconf 84' lang='lat' dir='ltr'><em>singulare</em></span> <span class='ocrx_word' id='word_1_368' title='bbox 517 2067 732 2109; x_wconf 85' lang='lat' dir='ltr'><em>quidditatem</em></span> <span class='ocrx_word' id='word_1_369' title='bbox 762 2067 867 2099; x_wconf 90' lang='lat' dir='ltr'><em>taliter</em></span> <span class='ocrx_word' id='word_1_370' title='bbox 891 2068 1063 2108; x_wconf 89' lang='lat' dir='ltr'><em>participet</em></span> <span class='ocrx_word' id='word_1_371' title='bbox 1077 2072 1122 2098; x_wconf 90' lang='lat' dir='ltr'><em>ut</em></span> <span class='ocrx_word' id='word_1_372' title='bbox 1143 2068 1247 2118; x_wconf 87' lang='lat' dir='ltr'><em>possit</em></span> <span class='ocrx_word' id='word_1_373' title='bbox 1269 2074 1345 2099; x_wconf 88' lang='lat' dir='ltr'><em>actu</em></span> 
     </span>
     <span class='ocr_line' id='line_1_48' title="bbox 267 2112 1345 2164; baseline -0.001 -19"><span class='ocrx_word' id='word_1_374' title='bbox 267 2114 435 2145; x_wconf 85' lang='lat' dir='ltr'><em>assimilari</em></span> <span class='ocrx_word' id='word_1_375' title='bbox 466 2113 587 2164; x_wconf 82' lang='lat' dir='ltr'><em>speciei</em></span> <span class='ocrx_word' id='word_1_376' title='bbox 618 2112 820 2153; x_wconf 87' lang='lat' dir='ltr'><em>intelligibili,</em></span> <span class='ocrx_word' id='word_1_377' title='bbox 844 2112 1019 2152; x_wconf 83' lang='lat' dir='ltr'><em>requiritur</em></span> <span class='ocrx_word' id='word_1_378' title='bbox 1041 2117 1078 2143; x_wconf 86' lang='lat' dir='ltr'><em>ut</em></span> <span class='ocrx_word' id='word_1_379' title='bbox 1107 2112 1148 2142; x_wconf 90' lang='lat' dir='ltr'><em>sit</em></span> <span class='ocrx_word' id='word_1_380' title='bbox 1170 2112 1205 2143; x_wconf 91' lang='lat' dir='ltr'><em>in</em></span> <span class='ocrx_word' id='word_1_381' title='bbox 1227 2113 1345 2144; x_wconf 88' lang='lat' dir='ltr'><em>actuali</em></span> 
     </span>
     <span class='ocr_line' id='line_1_49' title="bbox 267 2156 1287 2198; baseline -0.003 -8"><span class='ocrx_word' id='word_1_382' title='bbox 267 2159 445 2194; x_wconf 82' lang='lat' dir='ltr'><em>existentia,</em></span> <span class='ocrx_word' id='word_1_383' title='bbox 468 2158 574 2198; x_wconf 90' lang='lat' dir='ltr'><em>ipsam</em></span> <span class='ocrx_word' id='word_1_384' title='bbox 597 2156 811 2197; x_wconf 89' lang='lat' dir='ltr'><em>quidditatem</em></span> <span class='ocrx_word' id='word_1_385' title='bbox 834 2157 868 2187; x_wconf 88' lang='lat' dir='ltr'><em>in</em></span> <span class='ocrx_word' id='word_1_386' title='bbox 891 2166 961 2188; x_wconf 87' lang='lat' dir='ltr'><em>esse</em></span> <span class='ocrx_word' id='word_1_387' title='bbox 984 2156 1061 2188; x_wconf 92' lang='lat' dir='ltr'><em>reali</em></span> <span class='ocrx_word' id='word_1_388' title='bbox 1083 2157 1287 2197; x_wconf 89' lang='lat' dir='ltr'><em>participans.</em></span> 
     </span>
    </p>

    <p class='ocr_par' dir='ltr' id='par_1_13' title="bbox 266 2201 1346 2286">
     <span class='ocr_line' id='line_1_50' title="bbox 324 2201 1346 2241; baseline -0.003 -6"><span class='ocrx_word' id='word_1_389' title='bbox 324 2203 365 2238; x_wconf 75' lang='grc' dir='ltr'><em>3.ι</em></span> <span class='ocrx_word' id='word_1_390' title='bbox 380 2203 558 2235; x_wconf 88' lang='lat' dir='ltr'><em>Sciendum</em></span> <span class='ocrx_word' id='word_1_391' title='bbox 580 2201 755 2233; x_wconf 76' lang='lat' dir='ltr'><em>secundo*</em></span> <span class='ocrx_word' id='word_1_392' title='bbox 757 2225 766 2238; x_wconf 94' lang='lat'><em>,</em></span> <span class='ocrx_word' id='word_1_393' title='bbox 797 2201 889 2241; x_wconf 90' lang='lat' dir='ltr'><em>quod</em></span> <span class='ocrx_word' id='word_1_394' title='bbox 917 2201 1007 2232; x_wconf 89' lang='lat' dir='ltr'><em>illam</em></span> <span class='ocrx_word' id='word_1_395' title='bbox 1030 2201 1273 2232; x_wconf 79' lang='lat' dir='ltr'><em>distinctionem</em></span> <span class='ocrx_word' id='word_1_396' title='bbox 1304 2201 1346 2232; x_wconf 93' lang='lat' dir='ltr'><em>de</em></span> 
     </span>
     <span class='ocr_line' id='line_1_51' title="bbox 266 2245 1345 2286; baseline -0.002 -7"><span class='ocrx_word' id='word_1_397' title='bbox 266 2248 382 2279; x_wconf 87' lang='lat' dir='ltr'><em>notitia</em></span> <span class='ocrx_word' id='word_1_398' title='bbox 397 2247 550 2278; x_wconf 77' lang='lat' dir='ltr'><em>intuitiua</em></span> <span class='ocrx_word' id='word_1_399' title='bbox 566 2252 598 2277; x_wconf 89' lang='lat' dir='ltr'><em>et</em></span> <span class='ocrx_word' id='word_1_400' title='bbox 613 2246 821 2282; x_wconf 77' lang='lat' dir='ltr'><em>abstractiva,</em></span> <span class='ocrx_word' id='word_1_401' title='bbox 837 2255 906 2277; x_wconf 90' lang='lat' dir='ltr'><em>non</em></span> <span class='ocrx_word' id='word_1_402' title='bbox 921 2247 1016 2286; x_wconf 89' lang='lat' dir='ltr'><em>ponit</em></span> <span class='ocrx_word' id='word_1_403' title='bbox 1038 2245 1175 2277; x_wconf 88' lang='lat' dir='ltr'><em>Sanctus</em></span> <span class='ocrx_word' id='word_1_404' title='bbox 1199 2246 1345 2277; x_wconf 86' lang='lat' dir='ltr'><em>Thomas</em></span> 
     </span>
    </p>
   </div>
   <div class='ocr_carea' id='block_1_11' title="bbox 262 2289 1345 2332">
    <p class='ocr_par' dir='ltr' id='par_1_14' title="bbox 262 2289 1345 2332">
     <span class='ocr_line' id='line_1_52' title="bbox 262 2289 1345 2332; baseline 0 -10"><span class='ocrx_word' id='word_1_405' title='bbox 262 2293 328 2324; x_wconf 63' lang='lat' dir='ltr'><em>‚sub</em></span> <span class='ocrx_word' id='word_1_406' title='bbox 351 2292 414 2324; x_wconf 92' lang='lat' dir='ltr'><em>illis</em></span> <span class='ocrx_word' id='word_1_407' title='bbox 436 2292 556 2323; x_wconf 84' lang='lat' dir='ltr'><em>verbis:</em></span> <span class='ocrx_word' id='word_1_408' title='bbox 585 2300 693 2332; x_wconf 91' lang='lat' dir='ltr'><em>neque</em></span> <span class='ocrx_word' id='word_1_409' title='bbox 725 2291 821 2321; x_wconf 88' lang='lat' dir='ltr'><em>etiarn</em></span> <span class='ocrx_word' id='word_1_410' title='bbox 845 2289 886 2321; x_wconf 91' lang='lat' dir='ltr'><em>ad</em></span> <span class='ocrx_word' id='word_1_411' title='bbox 909 2290 1002 2321; x_wconf 91' lang='lat' dir='ltr'><em>illum</em></span> <span class='ocrx_word' id='word_1_412' title='bbox 1025 2299 1158 2321; x_wconf 89' lang='lat' dir='ltr'><em>sensum</em></span> <span class='ocrx_word' id='word_1_413' title='bbox 1181 2290 1221 2321; x_wconf 91' lang='lat' dir='ltr'><em>ad</em></span> <span class='ocrx_word' id='word_1_414' title='bbox 1245 2300 1345 2332; x_wconf 89' lang='lat' dir='ltr'><em>quem</em></span> 
     </span>
    </p>
   </div>
   <div class='ocr_carea' id='block_1_12' title="bbox 267 2335 1346 3659">
    <p class='ocr_par' dir='ltr' id='par_1_15' title="bbox 267 2335 1346 3045">
     <span class='ocr_line' id='line_1_53' title="bbox 267 2335 1344 2377; baseline -0.003 -8"><span class='ocrx_word' id='word_1_415' title='bbox 267 2337 362 2369; x_wconf 89' lang='lat' dir='ltr'><em>multi</em></span> <span class='ocrx_word' id='word_1_416' title='bbox 393 2345 466 2368; x_wconf 88' lang='lat' dir='ltr'><em>eam</em></span> <span class='ocrx_word' id='word_1_417' title='bbox 493 2341 633 2377; x_wconf 89' lang='lat' dir='ltr'><em>ponunt,</em></span> <span class='ocrx_word' id='word_1_418' title='bbox 658 2335 780 2367; x_wconf 90' lang='lat' dir='ltr'><em>scilicet</em></span> <span class='ocrx_word' id='word_1_419' title='bbox 807 2339 844 2366; x_wconf 85' lang='lat' dir='ltr'><em>ut</em></span> <span class='ocrx_word' id='word_1_420' title='bbox 872 2335 988 2366; x_wconf 87' lang='lat' dir='ltr'><em>notitia</em></span> <span class='ocrx_word' id='word_1_421' title='bbox 1017 2335 1167 2366; x_wconf 89' lang='lat' dir='ltr'><em>intuitiva</em></span> <span class='ocrx_word' id='word_1_422' title='bbox 1189 2335 1230 2366; x_wconf 89' lang='lat' dir='ltr'><em>sit</em></span> <span class='ocrx_word' id='word_1_423' title='bbox 1260 2345 1344 2376; x_wconf 91' lang='lat' dir='ltr'><em>quae</em></span> 
     </span>
     <span class='ocr_line' id='line_1_54' title="bbox 267 2379 1343 2420; baseline -0.004 -6"><span class='ocrx_word' id='word_1_424' title='bbox 267 2383 404 2414; x_wconf 85' lang='lat' dir='ltr'><em>habetur</em></span> <span class='ocrx_word' id='word_1_425' title='bbox 421 2381 462 2412; x_wconf 93' lang='lat' dir='ltr'><em>de</em></span> <span class='ocrx_word' id='word_1_426' title='bbox 476 2390 511 2412; x_wconf 92' lang='lat' dir='ltr'><em>re</em></span> <span class='ocrx_word' id='word_1_427' title='bbox 527 2381 651 2420; x_wconf 83' lang='lat' dir='ltr'><em>absque</em></span> <span class='ocrx_word' id='word_1_428' title='bbox 674 2380 782 2420; x_wconf 88' lang='lat' dir='ltr'><em>specie</em></span> <span class='ocrx_word' id='word_1_429' title='bbox 806 2379 1030 2420; x_wconf 87' lang='lat' dir='ltr'><em>cognoscibili,</em></span> <span class='ocrx_word' id='word_1_430' title='bbox 1053 2380 1242 2410; x_wconf 87' lang='lat' dir='ltr'><em>abstractiva</em></span> <span class='ocrx_word' id='word_1_431' title='bbox 1267 2390 1343 2411; x_wconf 93' lang='lat' dir='ltr'><em>vero</em></span> 
     </span>
     <span class='ocr_line' id='line_1_55' title="bbox 268 2423 1344 2477; baseline -0.001 -20"><span class='ocrx_word' id='word_1_432' title='bbox 268 2427 308 2458; x_wconf 87' lang='lat' dir='ltr'><em>sit</em></span> <span class='ocrx_word' id='word_1_433' title='bbox 339 2435 423 2467; x_wconf 90' lang='lat' dir='ltr'><em>quae</em></span> <span class='ocrx_word' id='word_1_434' title='bbox 446 2425 484 2456; x_wconf 88' lang='lat' dir='ltr'><em>fit</em></span> <span class='ocrx_word' id='word_1_435' title='bbox 506 2435 564 2477; x_wconf 77' lang='lat' dir='ltr'><em>pet</em></span> <span class='ocrx_word' id='word_1_436' title='bbox 590 2425 748 2465; x_wconf 76' lang='lat' dir='ltr'><em>speciem:</em></span> <span class='ocrx_word' id='word_1_437' title='bbox 773 2424 861 2464; x_wconf 91' lang='lat' dir='ltr'><em>apud</em></span> <span class='ocrx_word' id='word_1_438' title='bbox 884 2423 1039 2456; x_wconf 88' lang='lat' dir='ltr'><em>Sanctum</em></span> <span class='ocrx_word' id='word_1_439' title='bbox 1063 2424 1228 2456; x_wconf 89' lang='lat' dir='ltr'><em>Thomam</em></span> <span class='ocrx_word' id='word_1_440' title='bbox 1256 2426 1344 2456; x_wconf 90' lang='lat' dir='ltr'><em>enim</em></span> 
     </span>
     <span class='ocr_line' id='line_1_56' title="bbox 267 2468 1344 2510; baseline -0.001 -8"><span class='ocrx_word' id='word_1_441' title='bbox 267 2471 357 2502; x_wconf 85' lang='lat' dir='ltr'><em>nulla</em></span> <span class='ocrx_word' id='word_1_442' title='bbox 380 2476 429 2502; x_wconf 89' lang='lat' dir='ltr'><em>est</em></span> <span class='ocrx_word' id='word_1_443' title='bbox 451 2470 567 2500; x_wconf 89' lang='lat' dir='ltr'><em>notitia</em></span> <span class='ocrx_word' id='word_1_444' title='bbox 596 2479 681 2510; x_wconf 87' lang='lat' dir='ltr'><em>quae</em></span> <span class='ocrx_word' id='word_1_445' title='bbox 711 2469 781 2500; x_wconf 85' lang='lat' dir='ltr'><em>sine</em></span> <span class='ocrx_word' id='word_1_446' title='bbox 803 2469 912 2509; x_wconf 85' lang='lat' dir='ltr'><em>specie</em></span> <span class='ocrx_word' id='word_1_447' title='bbox 934 2468 1000 2506; x_wconf 87' lang='lat' dir='ltr'><em>fiat,</em></span> <span class='ocrx_word' id='word_1_448' title='bbox 1025 2474 1081 2500; x_wconf 90' lang='lat' dir='ltr'><em>aut</em></span> <span class='ocrx_word' id='word_1_449' title='bbox 1103 2469 1215 2510; x_wconf 87' lang='lat' dir='ltr'><em>aliquo</em></span> <span class='ocrx_word' id='word_1_450' title='bbox 1238 2470 1344 2501; x_wconf 86' lang='lat' dir='ltr'><em>vicem</em></span> 
     </span>
     <span class='ocr_line' id='line_1_57' title="bbox 268 2508 1344 2556; baseline -0.001 -10"><span class='ocrx_word' id='word_1_451' title='bbox 268 2516 387 2556; x_wconf 91' lang='lat' dir='ltr'><em>speciei</em></span> <span class='ocrx_word' id='word_1_452' title='bbox 411 2519 553 2555; x_wconf 86' lang='lat' dir='ltr'><em>gerente.</em></span> <span class='ocrx_word' id='word_1_453' title='bbox 577 2513 641 2545; x_wconf 87' lang='lat' dir='ltr'><em>Sed</em></span> <span class='ocrx_word' id='word_1_454' title='bbox 660 2514 686 2544; x_wconf 88' lang='lat' dir='ltr'><em>si</em></span> <span class='ocrx_word' id='word_1_455' title='bbox 709 2513 859 2544; x_wconf 86' lang='lat' dir='ltr'><em>notitiam</em></span> <span class='ocrx_word' id='word_1_456' title='bbox 881 2508 1065 2545; x_wconf 83' lang='lat' dir='ltr'><em>intuitivam</em></span> <span class='ocrx_word' id='word_1_457' title='bbox 1089 2523 1244 2545; x_wconf 86' lang='lat' dir='ltr'><em>vocemus</em></span> <span class='ocrx_word' id='word_1_458' title='bbox 1272 2524 1344 2545; x_wconf 86' lang='lat' dir='ltr'><em>eam</em></span> 
     </span>
     <span class='ocr_line' id='line_1_58' title="bbox 269 2558 1343 2601; baseline -0.002 -10"><span class='ocrx_word' id='word_1_459' title='bbox 269 2570 353 2601; x_wconf 91' lang='lat' dir='ltr'><em>quae</em></span> <span class='ocrx_word' id='word_1_460' title='bbox 377 2565 424 2590; x_wconf 91' lang='lat' dir='ltr'><em>est</em></span> <span class='ocrx_word' id='word_1_461' title='bbox 447 2559 487 2590; x_wconf 91' lang='lat' dir='ltr'><em>de</em></span> <span class='ocrx_word' id='word_1_462' title='bbox 510 2568 544 2589; x_wconf 91' lang='lat' dir='ltr'><em>re</em></span> <span class='ocrx_word' id='word_1_463' title='bbox 569 2559 724 2589; x_wconf 87' lang='lat' dir='ltr'><em>existente</em></span> <span class='ocrx_word' id='word_1_464' title='bbox 747 2563 783 2588; x_wconf 94' lang='lat' dir='ltr'><em>ut</em></span> <span class='ocrx_word' id='word_1_465' title='bbox 807 2558 944 2589; x_wconf 86' lang='lat' dir='ltr'><em>existens</em></span> <span class='ocrx_word' id='word_1_466' title='bbox 961 2563 1018 2595; x_wconf 90' lang='lat' dir='ltr'><em>est,</em></span> <span class='ocrx_word' id='word_1_467' title='bbox 1035 2558 1102 2588; x_wconf 90' lang='lat' dir='ltr'><em>sive</em></span> <span class='ocrx_word' id='word_1_468' title='bbox 1126 2558 1165 2589; x_wconf 91' lang='lat' dir='ltr'><em>de</em></span> <span class='ocrx_word' id='word_1_469' title='bbox 1189 2568 1224 2590; x_wconf 93' lang='lat' dir='ltr'><em>re</em></span> <span class='ocrx_word' id='word_1_470' title='bbox 1246 2559 1343 2599; x_wconf 91' lang='lat' dir='ltr'><em>parti-</em></span> 
     </span>
     <span class='ocr_line' id='line_1_59' title="bbox 269 2603 1343 2643; baseline -0.002 -8"><span class='ocrx_word' id='word_1_471' title='bbox 269 2605 368 2635; x_wconf 88' lang='lat' dir='ltr'><em>culari</em></span> <span class='ocrx_word' id='word_1_472' title='bbox 397 2609 432 2634; x_wconf 90' lang='lat' dir='ltr'><em>ut</em></span> <span class='ocrx_word' id='word_1_473' title='bbox 455 2609 504 2634; x_wconf 91' lang='lat' dir='ltr'><em>est</em></span> <span class='ocrx_word' id='word_1_474' title='bbox 532 2603 748 2643; x_wconf 88' lang='lat' dir='ltr'><em>particularis;</em></span> <span class='ocrx_word' id='word_1_475' title='bbox 773 2603 995 2633; x_wconf 90' lang='lat' dir='ltr'><em>abstractivam</em></span> <span class='ocrx_word' id='word_1_476' title='bbox 1020 2612 1096 2633; x_wconf 92' lang='lat' dir='ltr'><em>vero</em></span> <span class='ocrx_word' id='word_1_477' title='bbox 1126 2612 1209 2643; x_wconf 91' lang='lat' dir='ltr'><em>quae</em></span> <span class='ocrx_word' id='word_1_478' title='bbox 1234 2609 1281 2634; x_wconf 91' lang='lat' dir='ltr'><em>est</em></span> <span class='ocrx_word' id='word_1_479' title='bbox 1303 2603 1343 2634; x_wconf 92' lang='lat' dir='ltr'><em>de</em></span> 
     </span>
     <span class='ocr_line' id='line_1_60' title="bbox 269 2647 1344 2690; baseline -0.001 -11"><span class='ocrx_word' id='word_1_480' title='bbox 269 2648 448 2690; x_wconf 86' lang='lat' dir='ltr'><em>quidditate</em></span> <span class='ocrx_word' id='word_1_481' title='bbox 469 2648 516 2678; x_wconf 90' lang='lat' dir='ltr'><em>rei</em></span> <span class='ocrx_word' id='word_1_482' title='bbox 536 2648 699 2678; x_wconf 90' lang='lat' dir='ltr'><em>absolute:</em></span> <span class='ocrx_word' id='word_1_483' title='bbox 725 2652 803 2677; x_wconf 91' lang='lat' dir='ltr'><em>tunc</em></span> <span class='ocrx_word' id='word_1_484' title='bbox 828 2657 899 2678; x_wconf 91' lang='lat' dir='ltr'><em>eam</em></span> <span class='ocrx_word' id='word_1_485' title='bbox 922 2647 1126 2678; x_wconf 88' lang='lat' dir='ltr'><em>inveniemus</em></span> <span class='ocrx_word' id='word_1_486' title='bbox 1141 2648 1174 2678; x_wconf 92' lang='lat' dir='ltr'><em>in</em></span> <span class='ocrx_word' id='word_1_487' title='bbox 1199 2647 1344 2678; x_wconf 89' lang='lat' dir='ltr'><em>doctrina</em></span> 
     </span>
     <span class='ocr_line' id='line_1_61' title="bbox 269 2691 1344 2731; baseline -0.002 -7"><span class='ocrx_word' id='word_1_488' title='bbox 269 2694 378 2725; x_wconf 88' lang='lat' dir='ltr'><em>Sancti</em></span> <span class='ocrx_word' id='word_1_489' title='bbox 394 2693 554 2729; x_wconf 89' lang='lat' dir='ltr'><em>Thomae,</em></span> <span class='ocrx_word' id='word_1_490' title='bbox 571 2691 628 2723; x_wconf 91' lang='lat' dir='ltr'><em>sed</em></span> <span class='ocrx_word' id='word_1_491' title='bbox 650 2693 711 2722; x_wconf 90' lang='lat' dir='ltr'><em>sub</em></span> <span class='ocrx_word' id='word_1_492' title='bbox 735 2692 803 2722; x_wconf 88' lang='lat' dir='ltr'><em>aliis</em></span> <span class='ocrx_word' id='word_1_493' title='bbox 827 2692 941 2722; x_wconf 91' lang='lat' dir='ltr'><em>verbis.</em></span> <span class='ocrx_word' id='word_1_494' title='bbox 962 2691 1138 2731; x_wconf 88' lang='lat' dir='ltr'><em>Distinguit</em></span> <span class='ocrx_word' id='word_1_495' title='bbox 1161 2692 1248 2722; x_wconf 88' lang='lat' dir='ltr'><em>enirn</em></span> <span class='ocrx_word' id='word_1_496' title='bbox 1264 2691 1344 2723; x_wconf 89' lang='lat' dir='ltr'><em>San-</em></span> 
     </span>
     <span class='ocr_line' id='line_1_62' title="bbox 270 2736 1342 2776; baseline -0.003 -7"><span class='ocrx_word' id='word_1_497' title='bbox 270 2744 341 2769; x_wconf 91' lang='lat' dir='ltr'><em>ctus</em></span> <span class='ocrx_word' id='word_1_498' title='bbox 364 2737 510 2768; x_wconf 87' lang='lat' dir='ltr'><em>Thomas</em></span> <span class='ocrx_word' id='word_1_499' title='bbox 533 2737 693 2772; x_wconf 85' lang='lat' dir='ltr'><em>notitiam,</em></span> <span class='ocrx_word' id='word_1_500' title='bbox 718 2736 834 2772; x_wconf 86' lang='lat' dir='ltr'><em>Prima,</em></span> <span class='ocrx_word' id='word_1_501' title='bbox 859 2745 891 2776; x_wconf 90' lang='lat' dir='ltr'><em>q.</em></span> <span class='ocrx_word' id='word_1_502' title='bbox 915 2745 1051 2773; x_wconf 76' lang='lat' dir='ltr'><em>Lxxxvn,</em></span> <span class='ocrx_word' id='word_1_503' title='bbox 1076 2746 1103 2766; x_wconf 88' lang='lat' dir='ltr'><em>a.</em></span> <span class='ocrx_word' id='word_1_504' title='bbox 1131 2744 1157 2772; x_wconf 92' lang='lat'><em>1,</em></span> <span class='ocrx_word' id='word_1_505' title='bbox 1182 2742 1214 2766; x_wconf 91' lang='lat' dir='ltr'><em>et</em></span> <span class='ocrx_word' id='word_1_506' title='bbox 1235 2737 1342 2773; x_wconf 86' lang='lat' dir='ltr'><em>Verit.,</em></span> 
     </span>
     <span class='ocr_line' id='line_1_63' title="bbox 270 2780 1344 2824; baseline -0.002 -11"><span class='ocrx_word' id='word_1_507' title='bbox 270 2793 301 2824; x_wconf 89' lang='lat' dir='ltr'><em>q.</em></span> <span class='ocrx_word' id='word_1_508' title='bbox 322 2792 352 2819; x_wconf 90' lang='lat' dir='ltr'><em>x,</em></span> <span class='ocrx_word' id='word_1_509' title='bbox 372 2792 401 2813; x_wconf 93' lang='lat' dir='ltr'><em>a.</em></span> <span class='ocrx_word' id='word_1_510' title='bbox 422 2782 452 2818; x_wconf 87' lang='lat'><em>8,</em></span> <span class='ocrx_word' id='word_1_511' title='bbox 476 2782 510 2811; x_wconf 92' lang='lat' dir='ltr'><em>in</em></span> <span class='ocrx_word' id='word_1_512' title='bbox 534 2781 758 2821; x_wconf 88' lang='lat' dir='ltr'><em>cognitionem</em></span> <span class='ocrx_word' id='word_1_513' title='bbox 782 2786 941 2820; x_wconf 89' lang='lat' dir='ltr'><em>quantum</em></span> <span class='ocrx_word' id='word_1_514' title='bbox 965 2780 1005 2811; x_wconf 91' lang='lat' dir='ltr'><em>ad</em></span> <span class='ocrx_word' id='word_1_515' title='bbox 1028 2790 1071 2810; x_wconf 89' lang='lat' dir='ltr'><em>an</em></span> <span class='ocrx_word' id='word_1_516' title='bbox 1096 2786 1152 2816; x_wconf 86' lang='lat' dir='ltr'><em>est,</em></span> <span class='ocrx_word' id='word_1_517' title='bbox 1177 2786 1209 2811; x_wconf 88' lang='lat' dir='ltr'><em>et</em></span> <span class='ocrx_word' id='word_1_518' title='bbox 1232 2781 1344 2821; x_wconf 92' lang='lat' dir='ltr'><em>cogni-</em></span> 
     </span>
     <span class='ocr_line' id='line_1_64' title="bbox 269 2825 1343 2868; baseline -0.002 -10"><span class='ocrx_word' id='word_1_519' title='bbox 269 2829 395 2858; x_wconf 88' lang='lat' dir='ltr'><em>tionem</em></span> <span class='ocrx_word' id='word_1_520' title='bbox 419 2830 581 2867; x_wconf 86' lang='lat' dir='ltr'><em>quantum</em></span> <span class='ocrx_word' id='word_1_521' title='bbox 602 2825 643 2856; x_wconf 88' lang='lat' dir='ltr'><em>ad</em></span> <span class='ocrx_word' id='word_1_522' title='bbox 665 2825 744 2866; x_wconf 82' lang='lat' dir='ltr'><em>quid</em></span> <span class='ocrx_word' id='word_1_523' title='bbox 765 2830 822 2856; x_wconf 77' lang='lat' dir='ltr'><em>est.</em></span> <span class='ocrx_word' id='word_1_524' title='bbox 846 2825 954 2856; x_wconf 85' lang='lat' dir='ltr'><em>Prima</em></span> <span class='ocrx_word' id='word_1_525' title='bbox 976 2834 1053 2856; x_wconf 92' lang='lat' dir='ltr'><em>vero</em></span> <span class='ocrx_word' id='word_1_526' title='bbox 1072 2825 1180 2863; x_wconf 88' lang='lat' dir='ltr'><em>Parte,</em></span> <span class='ocrx_word' id='word_1_527' title='bbox 1204 2834 1236 2865; x_wconf 90' lang='lat' dir='ltr'><em>q.</em></span> <span class='ocrx_word' id='word_1_528' title='bbox 1253 2835 1306 2856; x_wconf 80' lang='lat' dir='ltr'><em>xrv</em></span> <span class='ocrx_word' id='word_1_529' title='bbox 1315 2826 1343 2868; x_wconf 62' lang='lat'><em>³,</em></span> 
     </span>
     <span class='ocr_line' id='line_1_65' title="bbox 271 2869 1346 2910; baseline -0.003 -7"><span class='ocrx_word' id='word_1_530' title='bbox 271 2878 302 2903; x_wconf 91' lang='lat' dir='ltr'><em>et</em></span> <span class='ocrx_word' id='word_1_531' title='bbox 318 2871 358 2902; x_wconf 82' lang='lat' dir='ltr'><em>de</em></span> <span class='ocrx_word' id='word_1_532' title='bbox 378 2871 486 2906; x_wconf 71' lang='lat' dir='ltr'><em>Verit„</em></span> <span class='ocrx_word' id='word_1_533' title='bbox 504 2879 535 2910; x_wconf 92' lang='lat' dir='ltr'><em>q.</em></span> <span class='ocrx_word' id='word_1_534' title='bbox 551 2870 614 2906; x_wconf 58' lang='lat'><em>11³,</em></span> <span class='ocrx_word' id='word_1_535' title='bbox 640 2869 806 2909; x_wconf 87' lang='lat' dir='ltr'><em>distinguit</em></span> <span class='ocrx_word' id='word_1_536' title='bbox 829 2878 900 2900; x_wconf 90' lang='lat' dir='ltr'><em>eam</em></span> <span class='ocrx_word' id='word_1_537' title='bbox 923 2869 956 2900; x_wconf 88' lang='lat' dir='ltr'><em>in</em></span> <span class='ocrx_word' id='word_1_538' title='bbox 981 2869 1130 2900; x_wconf 90' lang='lat' dir='ltr'><em>notitiam</em></span> <span class='ocrx_word' id='word_1_539' title='bbox 1154 2869 1290 2901; x_wconf 85' lang='lat' dir='ltr'><em>visionis</em></span> <span class='ocrx_word' id='word_1_540' title='bbox 1313 2875 1346 2900; x_wconf 91' lang='lat' dir='ltr'><em>et</em></span> 
     </span>
     <span class='ocr_line' id='line_1_66' title="bbox 269 2913 1344 2955; baseline -0.003 -8"><span class='ocrx_word' id='word_1_541' title='bbox 269 2916 419 2948; x_wconf 85' lang='lat' dir='ltr'><em>notitiam</em></span> <span class='ocrx_word' id='word_1_542' title='bbox 442 2914 597 2955; x_wconf 85' lang='lat' dir='ltr'><em>simplicis</em></span> <span class='ocrx_word' id='word_1_543' title='bbox 623 2914 900 2955; x_wconf 81' lang='lat' dir='ltr'><em>apprehensionis.</em></span> <span class='ocrx_word' id='word_1_544' title='bbox 928 2913 1022 2952; x_wconf 86' lang='lat' dir='ltr'><em>Quae</em></span> <span class='ocrx_word' id='word_1_545' title='bbox 1046 2913 1268 2945; x_wconf 88' lang='lat' dir='ltr'><em>distinctiones</em></span> <span class='ocrx_word' id='word_1_546' title='bbox 1292 2924 1344 2945; x_wconf 89' lang='lat' dir='ltr'><em>ae-</em></span> 
     </span>
     <span class='ocr_line' id='line_1_67' title="bbox 270 2958 1343 3002; baseline -0.002 -10"><span class='ocrx_word' id='word_1_547' title='bbox 270 2961 436 3002; x_wconf 85' lang='lat' dir='ltr'><em>quivalent</em></span> <span class='ocrx_word' id='word_1_548' title='bbox 454 2959 654 2990; x_wconf 89' lang='lat' dir='ltr'><em>distinctioni</em></span> <span class='ocrx_word' id='word_1_549' title='bbox 677 2959 722 2990; x_wconf 88' lang='lat' dir='ltr'><em>illi</em></span> <span class='ocrx_word' id='word_1_550' title='bbox 738 2958 779 2990; x_wconf 91' lang='lat' dir='ltr'><em>de</em></span> <span class='ocrx_word' id='word_1_551' title='bbox 803 2959 952 2990; x_wconf 86' lang='lat' dir='ltr'><em>intuitiva</em></span> <span class='ocrx_word' id='word_1_552' title='bbox 967 2964 999 2989; x_wconf 92' lang='lat' dir='ltr'><em>et</em></span> <span class='ocrx_word' id='word_1_553' title='bbox 1015 2959 1203 2990; x_wconf 87' lang='lat' dir='ltr'><em>abstractiva</em></span> <span class='ocrx_word' id='word_1_554' title='bbox 1218 2959 1343 2996; x_wconf 88' lang='lat' dir='ltr'><em>notitia,</em></span> 
     </span>
     <span class='ocr_line' id='line_1_68' title="bbox 269 3004 554 3045; baseline -0.011 -9"><span class='ocrx_word' id='word_1_555' title='bbox 269 3004 371 3036; x_wconf 91' lang='lat' dir='ltr'><em>modo</em></span> <span class='ocrx_word' id='word_1_556' title='bbox 395 3005 554 3045; x_wconf 87' lang='lat' dir='ltr'><em>exposito.</em></span> 
     </span>
    </p>

    <p class='ocr_par' dir='ltr' id='par_1_16' title="bbox 267 3047 1344 3659">
     <span class='ocr_line' id='line_1_69' title="bbox 313 3047 1343 3088; baseline -0.002 -8"><span class='ocrx_word' id='word_1_557' title='bbox 313 3049 398 3080; x_wconf 85' lang='lat' dir='ltr'><em>XVI.</em></span> <span class='ocrx_word' id='word_1_558' title='bbox 423 3049 493 3079; x_wconf 90' lang='lat' dir='ltr'><em>Istis</em></span> <span class='ocrx_word' id='word_1_559' title='bbox 517 3048 705 3088; x_wconf 88' lang='lat' dir='ltr'><em>suppositis,</em></span> <span class='ocrx_word' id='word_1_560' title='bbox 722 3047 762 3077; x_wconf 91' lang='lat' dir='ltr'><em>ad</em></span> <span class='ocrx_word' id='word_1_561' title='bbox 783 3047 928 3088; x_wconf 90' lang='lat' dir='ltr'><em>primum</em></span> <span class='ocrx_word' id='word_1_562' title='bbox 945 3047 1033 3078; x_wconf 87' lang='lat' dir='ltr'><em>Scoti</em></span> <span class='ocrx_word' id='word_1_563' title='bbox 1046 3048 1063 3063; x_wconf 46' lang='grc' dir='ltr'><strong>ἥ</strong></span> <span class='ocrx_word' id='word_1_564' title='bbox 1086 3047 1203 3078; x_wconf 87' lang='lat' dir='ltr'><em>dicitur</em></span> <span class='ocrx_word' id='word_1_565' title='bbox 1225 3048 1343 3088; x_wconf 89' lang='lat' dir='ltr'><em>primo,</em></span> 
     </span>
     <span class='ocr_line' id='line_1_70' title="bbox 270 3092 1344 3135; baseline -0.003 -10"><span class='ocrx_word' id='word_1_566' title='bbox 270 3094 361 3135; x_wconf 93' lang='lat' dir='ltr'><em>quod</em></span> <span class='ocrx_word' id='word_1_567' title='bbox 384 3093 544 3134; x_wconf 88' lang='lat' dir='ltr'><em>singulare</em></span> <span class='ocrx_word' id='word_1_568' title='bbox 569 3092 726 3133; x_wconf 86' lang='lat' dir='ltr'><em>cognosci</em></span> <span class='ocrx_word' id='word_1_569' title='bbox 747 3101 806 3132; x_wconf 89' lang='lat' dir='ltr'><em>per</em></span> <span class='ocrx_word' id='word_1_570' title='bbox 828 3092 986 3122; x_wconf 90' lang='lat' dir='ltr'><em>rationem</em></span> <span class='ocrx_word' id='word_1_571' title='bbox 1003 3097 1035 3122; x_wconf 90' lang='lat' dir='ltr'><em>et</em></span> <span class='ocrx_word' id='word_1_572' title='bbox 1049 3092 1191 3132; x_wconf 89' lang='lat' dir='ltr'><em>speciem</em></span> <span class='ocrx_word' id='word_1_573' title='bbox 1215 3093 1344 3122; x_wconf 90' lang='lat' dir='ltr'><em>univer-</em></span> 
     </span>
     <span class='ocr_line' id='line_1_71' title="bbox 269 3135 1344 3179; baseline -0.003 -9"><span class='ocrx_word' id='word_1_574' title='bbox 269 3140 352 3176; x_wconf 89' lang='lat' dir='ltr'><em>salis,</em></span> <span class='ocrx_word' id='word_1_575' title='bbox 377 3138 550 3179; x_wconf 89' lang='lat' dir='ltr'><em>dupliciter</em></span> <span class='ocrx_word' id='word_1_576' title='bbox 571 3142 680 3177; x_wconf 90' lang='lat' dir='ltr'><em>potest</em></span> <span class='ocrx_word' id='word_1_577' title='bbox 702 3136 847 3176; x_wconf 88' lang='lat' dir='ltr'><em>intelligi.</em></span> <span class='ocrx_word' id='word_1_578' title='bbox 871 3136 948 3168; x_wconf 92' lang='lat' dir='ltr'><em>Uno</em></span> <span class='ocrx_word' id='word_1_579' title='bbox 971 3135 1084 3173; x_wconf 90' lang='lat' dir='ltr'><em>modo,</em></span> <span class='ocrx_word' id='word_1_580' title='bbox 1109 3136 1199 3176; x_wconf 94' lang='lat' dir='ltr'><em>quod</em></span> <span class='ocrx_word' id='word_1_581' title='bbox 1226 3137 1344 3167; x_wconf 90' lang='lat' dir='ltr'><em>intelli-</em></span> 
     </span>
     <span class='ocr_line' id='line_1_72' title="bbox 268 3181 1343 3224; baseline -0.004 -9"><span class='ocrx_word' id='word_1_582' title='bbox 268 3190 362 3224; x_wconf 87' lang='lat' dir='ltr'><em>gatur</em></span> <span class='ocrx_word' id='word_1_583' title='bbox 391 3192 450 3223; x_wconf 91' lang='lat' dir='ltr'><em>per</em></span> <span class='ocrx_word' id='word_1_584' title='bbox 479 3183 622 3223; x_wconf 89' lang='lat' dir='ltr'><em>speciem</em></span> <span class='ocrx_word' id='word_1_585' title='bbox 652 3181 955 3221; x_wconf 90' lang='lat' dir='ltr'><em>repraesentativam</em></span> <span class='ocrx_word' id='word_1_586' title='bbox 981 3181 1170 3211; x_wconf 84' lang='lat' dir='ltr'><em>universalis</em></span> <span class='ocrx_word' id='word_1_587' title='bbox 1200 3181 1343 3221; x_wconf 90' lang='lat' dir='ltr'><em>praecise</em></span> 
     </span>
     <span class='ocr_line' id='line_1_73' title="bbox 269 3225 1344 3268; baseline -0.003 -9"><span class='ocrx_word' id='word_1_588' title='bbox 269 3234 301 3259; x_wconf 86' lang='lat' dir='ltr'><em>et</em></span> <span class='ocrx_word' id='word_1_589' title='bbox 331 3228 519 3268; x_wconf 85' lang='lat' dir='ltr'><em>adaequate.</em></span> <span class='ocrx_word' id='word_1_590' title='bbox 544 3227 586 3257; x_wconf 92' lang='lat' dir='ltr'><em>Et</em></span> <span class='ocrx_word' id='word_1_591' title='bbox 618 3226 664 3256; x_wconf 91' lang='lat' dir='ltr'><em>sic</em></span> <span class='ocrx_word' id='word_1_592' title='bbox 694 3225 885 3256; x_wconf 88' lang='lat' dir='ltr'><em>conceditur</em></span> <span class='ocrx_word' id='word_1_593' title='bbox 915 3225 1006 3266; x_wconf 92' lang='lat' dir='ltr'><em>quod</em></span> <span class='ocrx_word' id='word_1_594' title='bbox 1035 3230 1108 3256; x_wconf 43' lang='lat' dir='ltr'><em>non*</em></span> <span class='ocrx_word' id='word_1_595' title='bbox 1134 3226 1344 3265; x_wconf 86' lang='lat' dir='ltr'><em>cognoscitur</em></span> 
     </span>
     <span class='ocr_line' id='line_1_74' title="bbox 268 3269 1343 3313; baseline -0.004 -9"><span class='ocrx_word' id='word_1_596' title='bbox 268 3282 327 3313; x_wconf 89' lang='lat' dir='ltr'><em>per</em></span> <span class='ocrx_word' id='word_1_597' title='bbox 352 3273 513 3304; x_wconf 85' lang='lat' dir='ltr'><em>rationem</em></span> <span class='ocrx_word' id='word_1_598' title='bbox 544 3270 746 3302; x_wconf 89' lang='lat' dir='ltr'><em>universalis:</em></span> <span class='ocrx_word' id='word_1_599' title='bbox 771 3270 848 3310; x_wconf 89' lang='lat' dir='ltr'><em>quia</em></span> <span class='ocrx_word' id='word_1_600' title='bbox 870 3279 939 3300; x_wconf 93' lang='lat' dir='ltr'><em>non</em></span> <span class='ocrx_word' id='word_1_601' title='bbox 962 3269 1138 3300; x_wconf 90' lang='lat' dir='ltr'><em>includitur</em></span> <span class='ocrx_word' id='word_1_602' title='bbox 1160 3270 1195 3300; x_wconf 89' lang='lat' dir='ltr'><em>in</em></span> <span class='ocrx_word' id='word_1_603' title='bbox 1218 3271 1343 3301; x_wconf 90' lang='lat' dir='ltr'><em>ratione</em></span> 
     </span>
     <span class='ocr_line' id='line_1_75' title="bbox 268 3313 1341 3358; baseline -0.003 -10"><span class='ocrx_word' id='word_1_604' title='bbox 268 3317 456 3348; x_wconf 91' lang='lat' dir='ltr'><em>universalis</em></span> <span class='ocrx_word' id='word_1_605' title='bbox 481 3321 641 3358; x_wconf 89' lang='lat' dir='ltr'><em>quantum</em></span> <span class='ocrx_word' id='word_1_606' title='bbox 657 3314 698 3346; x_wconf 86' lang='lat' dir='ltr'><em>ad</em></span> <span class='ocrx_word' id='word_1_607' title='bbox 712 3324 804 3345; x_wconf 90' lang='lat' dir='ltr'><em>suam</em></span> <span class='ocrx_word' id='word_1_608' title='bbox 825 3314 1089 3354; x_wconf 85' lang='lat' dir='ltr'><em>singularitatem.</em></span> <span class='ocrx_word' id='word_1_609' title='bbox 1102 3332 1124 3336; x_wconf 98' lang='lat'><em>-</em></span> <span class='ocrx_word' id='word_1_610' title='bbox 1135 3313 1211 3345; x_wconf 91' lang='lat' dir='ltr'><em>Alio</em></span> <span class='ocrx_word' id='word_1_611' title='bbox 1228 3314 1341 3351; x_wconf 90' lang='lat' dir='ltr'><em>modo,</em></span> 
     </span>
     <span class='ocr_line' id='line_1_76' title="bbox 269 3358 1342 3402; baseline -0.005 -9"><span class='ocrx_word' id='word_1_612' title='bbox 269 3361 360 3402; x_wconf 92' lang='lat' dir='ltr'><em>quod</em></span> <span class='ocrx_word' id='word_1_613' title='bbox 383 3366 600 3402; x_wconf 85' lang='lat' dir='ltr'><em>cognoscatur</em></span> <span class='ocrx_word' id='word_1_614' title='bbox 615 3359 761 3391; x_wconf 90' lang='lat' dir='ltr'><em>absolute</em></span> <span class='ocrx_word' id='word_1_615' title='bbox 777 3369 835 3400; x_wconf 90' lang='lat' dir='ltr'><em>per</em></span> <span class='ocrx_word' id='word_1_616' title='bbox 850 3359 992 3399; x_wconf 89' lang='lat' dir='ltr'><em>speciem</em></span> <span class='ocrx_word' id='word_1_617' title='bbox 1011 3358 1198 3389; x_wconf 89' lang='lat' dir='ltr'><em>universalis</em></span> <span class='ocrx_word' id='word_1_618' title='bbox 1214 3359 1342 3399; x_wconf 61' lang='lat' dir='ltr'><em>reprae-</em></span> 
     </span>
     <span class='ocr_line' id='line_1_77' title="bbox 269 3403 1341 3445; baseline -0.002 -9"><span class='ocrx_word' id='word_1_619' title='bbox 269 3405 468 3436; x_wconf 89' lang='lat' dir='ltr'><em>sentativam.</em></span> <span class='ocrx_word' id='word_1_620' title='bbox 493 3405 535 3436; x_wconf 94' lang='lat' dir='ltr'><em>Et</em></span> <span class='ocrx_word' id='word_1_621' title='bbox 557 3406 604 3436; x_wconf 90' lang='lat' dir='ltr'><em>sic</em></span> <span class='ocrx_word' id='word_1_622' title='bbox 626 3409 762 3445; x_wconf 88' lang='lat' dir='ltr'><em>negatur</em></span> <span class='ocrx_word' id='word_1_623' title='bbox 784 3403 876 3444; x_wconf 92' lang='lat' dir='ltr'><em>quod</em></span> <span class='ocrx_word' id='word_1_624' title='bbox 898 3412 957 3444; x_wconf 90' lang='lat' dir='ltr'><em>per</em></span> <span class='ocrx_word' id='word_1_625' title='bbox 982 3404 1125 3443; x_wconf 90' lang='lat' dir='ltr'><em>speciem</em></span> <span class='ocrx_word' id='word_1_626' title='bbox 1153 3403 1341 3434; x_wconf 85' lang='lat' dir='ltr'><em>universalis</em></span> 
     </span>
     <span class='ocr_line' id='line_1_78' title="bbox 268 3447 1341 3490; baseline -0.003 -9"><span class='ocrx_word' id='word_1_627' title='bbox 268 3459 337 3481; x_wconf 88' lang='lat' dir='ltr'><em>non</em></span> <span class='ocrx_word' id='word_1_628' title='bbox 364 3455 590 3490; x_wconf 81' lang='lat' dir='ltr'><em>cognoscatur.</em></span> <span class='ocrx_word' id='word_1_629' title='bbox 615 3449 692 3481; x_wconf 91' lang='lat' dir='ltr'><em>Non</em></span> <span class='ocrx_word' id='word_1_630' title='bbox 722 3449 810 3479; x_wconf 91' lang='lat' dir='ltr'><em>enim</em></span> <span class='ocrx_word' id='word_1_631' title='bbox 843 3453 1003 3489; x_wconf 82' lang='lat' dir='ltr'><em>repugnat</em></span> <span class='ocrx_word' id='word_1_632' title='bbox 1025 3457 1125 3478; x_wconf 88' lang='lat' dir='ltr'><em>unam</em></span> <span class='ocrx_word' id='word_1_633' title='bbox 1149 3453 1181 3478; x_wconf 90' lang='lat' dir='ltr'><em>et</em></span> <span class='ocrx_word' id='word_1_634' title='bbox 1204 3447 1341 3479; x_wconf 88' lang='lat' dir='ltr'><em>eandem</em></span> 
     </span>
     <span class='ocr_line' id='line_1_79' title="bbox 268 3492 1340 3535; baseline -0.003 -10"><span class='ocrx_word' id='word_1_635' title='bbox 268 3495 411 3535; x_wconf 88' lang='lat' dir='ltr'><em>speciem</em></span> <span class='ocrx_word' id='word_1_636' title='bbox 435 3503 504 3525; x_wconf 89' lang='lat' dir='ltr'><em>esse</em></span> <span class='ocrx_word' id='word_1_637' title='bbox 527 3499 660 3525; x_wconf 87' lang='lat' dir='ltr'><em>naturae</em></span> <span class='ocrx_word' id='word_1_638' title='bbox 683 3493 870 3524; x_wconf 91' lang='lat' dir='ltr'><em>universalis</em></span> <span class='ocrx_word' id='word_1_639' title='bbox 894 3499 925 3524; x_wconf 92' lang='lat' dir='ltr'><em>et</em></span> <span class='ocrx_word' id='word_1_640' title='bbox 947 3492 1172 3532; x_wconf 86' lang='lat' dir='ltr'><em>singularitatis</em></span> <span class='ocrx_word' id='word_1_641' title='bbox 1198 3492 1268 3523; x_wconf 92' lang='lat' dir='ltr'><em>eius</em></span> <span class='ocrx_word' id='word_1_642' title='bbox 1291 3501 1340 3523; x_wconf 92' lang='lat' dir='ltr'><em>re-</em></span> 
     </span>
     <span class='ocr_line' id='line_1_80' title="bbox 268 3537 1340 3579; baseline -0.002 -10"><span class='ocrx_word' id='word_1_643' title='bbox 268 3539 547 3579; x_wconf 85' lang='lat' dir='ltr'><em>praesentativam,</em></span> <span class='ocrx_word' id='word_1_644' title='bbox 579 3539 655 3569; x_wconf 88' lang='lat' dir='ltr'><em>licet</em></span> <span class='ocrx_word' id='word_1_645' title='bbox 686 3538 842 3579; x_wconf 88' lang='lat' dir='ltr'><em>principia</em></span> <span class='ocrx_word' id='word_1_646' title='bbox 871 3537 1103 3568; x_wconf 89' lang='lat' dir='ltr'><em>individuantia</em></span> <span class='ocrx_word' id='word_1_647' title='bbox 1137 3546 1204 3567; x_wconf 92' lang='lat' dir='ltr'><em>non</em></span> <span class='ocrx_word' id='word_1_648' title='bbox 1235 3537 1340 3567; x_wconf 91' lang='lat' dir='ltr'><em>conti-</em></span> 
     </span>
     <span class='ocr_line' id='line_1_81' title="bbox 267 3580 1340 3640; baseline -0.003 -26"><span class='ocrx_word' id='word_1_649' title='bbox 267 3589 405 3614; x_wconf 88' lang='lat' dir='ltr'><em>neantur</em></span> <span class='ocrx_word' id='word_1_650' title='bbox 428 3583 637 3614; x_wconf 86' lang='lat' dir='ltr'><em>determinate</em></span> <span class='ocrx_word' id='word_1_651' title='bbox 661 3584 720 3614; x_wconf 90' lang='lat' dir='ltr'><em>sub</em></span> <span class='ocrx_word' id='word_1_652' title='bbox 745 3582 932 3624; x_wconf 89' lang='lat' dir='ltr'><em>quidditate,</em></span> <span class='ocrx_word' id='word_1_653' title='bbox 949 3588 1104 3622; x_wconf 89' lang='lat' dir='ltr'><em>tanquam</em></span> <span class='ocrx_word' id='word_1_654' title='bbox 1128 3580 1277 3640; x_wconf 82' lang='lat' dir='ltr'><em>videlicet</em></span> <span class='ocrx_word' id='word_1_655' title='bbox 1301 3581 1340 3612; x_wconf 91' lang='lat' dir='ltr'><em>de</em></span> 
     </span>
     <span class='ocr_line' id='line_1_82' title="bbox 269 3628 687 3659; baseline 0 -1"><span class='ocrx_word' id='word_1_656' title='bbox 269 3629 338 3659; x_wconf 88' lang='lat' dir='ltr'><em>eius</em></span> <span class='ocrx_word' id='word_1_657' title='bbox 361 3628 486 3658; x_wconf 87' lang='lat' dir='ltr'><em>ratione</em></span> <span class='ocrx_word' id='word_1_658' title='bbox 510 3628 687 3658; x_wconf 86' lang='lat' dir='ltr'><em>existentia.</em></span> 
     </span>
    </p>
   </div>
   <div class='ocr_carea' id='block_1_13' title="bbox 411 3688 1096 3715">
    <p class='ocr_par' dir='ltr' id='par_1_17' title="bbox 411 3688 1096 3715">
     <span class='ocr_line' id='line_1_83' title="bbox 411 3688 1096 3715; baseline -0.004 0"><span class='ocrx_word' id='word_1_659' title='bbox 411 3690 506 3715; x_wconf 62' lang='lat' dir='ltr'><em>Summa</em></span> <span class='ocrx_word' id='word_1_660' title='bbox 525 3689 635 3714; x_wconf 71' lang='lat' dir='ltr'><em>Com-na</em></span> <span class='ocrx_word' id='word_1_661' title='bbox 654 3689 788 3714; x_wconf 71' lang='lat' dir='ltr'><em>Gan-runs</em></span> <span class='ocrx_word' id='word_1_662' title='bbox 808 3689 838 3713; x_wconf 88' lang='lat' dir='ltr'><em>D.</em></span> <span class='ocrx_word' id='word_1_663' title='bbox 857 3688 972 3713; x_wconf 71' lang='grc' dir='ltr'>Τι-ιοΜΛιι</span> <span class='ocrx_word' id='word_1_664' title='bbox 991 3688 1059 3712; x_wconf 65' lang='lat' dir='ltr'><em>Tou.</em></span> <span class='ocrx_word' id='word_1_665' title='bbox 1079 3688 1096 3712; x_wconf 88' lang='lat'><em>1.</em></span> 
     </span>
    </p>
   </div>
   <div class='ocr_carea' id='block_1_14' title="bbox 2392 255 2467 302">
    <p class='ocr_par' dir='ltr' id='par_1_18' title="bbox 2392 255 2467 302">
     <span class='ocr_line' id='line_1_84' title="bbox 2392 255 2467 302; baseline 0 0"><span class='ocrx_word' id='word_1_666' title='bbox 2392 255 2467 302; x_wconf 77' lang='lat'><em>577</em></span> 
     </span>
    </p>
   </div>
   <div class='ocr_carea' id='block_1_15' title="bbox 1398 331 2472 2197">
    <p class='ocr_par' dir='ltr' id='par_1_19' title="bbox 1398 331 2471 851">
     <span class='ocr_line' id='line_1_85' title="bbox 1456 331 2469 383; baseline 0.004 -22"><span class='ocrx_word' id='word_1_667' title='bbox 1456 331 1581 362; x_wconf 86' lang='lat' dir='ltr'><em>Dicitur</em></span> <span class='ocrx_word' id='word_1_668' title='bbox 1613 331 1769 368; x_wconf 91' lang='lat' dir='ltr'><em>secundo,</em></span> <span class='ocrx_word' id='word_1_669' title='bbox 1801 331 1841 362; x_wconf 93' lang='lat' dir='ltr'><em>ad</em></span> <span class='ocrx_word' id='word_1_670' title='bbox 1872 341 2086 383; x_wconf 82' lang='lat' dir='ltr'><em>consequens,</em></span> <span class='ocrx_word' id='word_1_671' title='bbox 2106 343 2177 374; x_wconf 64' lang='lat' dir='ltr'><em>&gt;pro</em></span> <span class='ocrx_word' id='word_1_672' title='bbox 2207 334 2329 364; x_wconf 90' lang='lat' dir='ltr'><em>maiori</em></span> <span class='ocrx_word' id='word_1_673' title='bbox 2351 334 2469 365; x_wconf 80' lang='lat' dir='ltr'><em>intelli-</em></span> 
     </span>
     <span class='ocr_line' id='line_1_86' title="bbox 1399 375 2469 429; baseline 0.003 -23"><span class='ocrx_word' id='word_1_674' title='bbox 1399 376 1516 415; x_wconf 81' lang='lat' dir='ltr'><em>gentia,</em></span> <span class='ocrx_word' id='word_1_675' title='bbox 1548 375 1638 416; x_wconf 90' lang='lat' dir='ltr'><em>quod</em></span> <span class='ocrx_word' id='word_1_676' title='bbox 1669 376 1830 417; x_wconf 83' lang='lat' dir='ltr'><em>singulare</em></span> <span class='ocrx_word' id='word_1_677' title='bbox 1863 378 2017 417; x_wconf 86' lang='lat' dir='ltr'><em>cognosci</em></span> <span class='ocrx_word' id='word_1_678' title='bbox 2047 387 2106 418; x_wconf 88' lang='lat' dir='ltr'><em>per</em></span> <span class='ocrx_word' id='word_1_679' title='bbox 2127 378 2291 418; x_wconf 83' lang='lat' dir='ltr'><em>propriam</em></span> <span class='ocrx_word' id='word_1_680' title='bbox 2308 379 2469 429; x_wconf 80' lang='lat' dir='ltr'><em>speciem,</em></span> 
     </span>
     <span class='ocr_line' id='line_1_87' title="bbox 1400 419 2470 463; baseline 0.004 -13"><span class='ocrx_word' id='word_1_681' title='bbox 1400 419 1571 460; x_wconf 90' lang='lat' dir='ltr'><em>dupliciter</em></span> <span class='ocrx_word' id='word_1_682' title='bbox 1602 425 1710 460; x_wconf 90' lang='lat' dir='ltr'><em>potest</em></span> <span class='ocrx_word' id='word_1_683' title='bbox 1738 421 1883 461; x_wconf 88' lang='lat' dir='ltr'><em>intelligi.</em></span> <span class='ocrx_word' id='word_1_684' title='bbox 1909 421 1984 452; x_wconf 91' lang='lat' dir='ltr'><em>Uno</em></span> <span class='ocrx_word' id='word_1_685' title='bbox 2011 421 2124 458; x_wconf 91' lang='lat' dir='ltr'><em>modo,</em></span> <span class='ocrx_word' id='word_1_686' title='bbox 2147 427 2186 452; x_wconf 88' lang='lat' dir='ltr'><em>ut</em></span> <span class='ocrx_word' id='word_1_687' title='bbox 2207 422 2260 453; x_wconf 91' lang='lat' dir='ltr'><em>illa</em></span> <span class='ocrx_word' id='word_1_688' title='bbox 2283 423 2424 463; x_wconf 84' lang='lat' dir='ltr'><em>species</em></span> <span class='ocrx_word' id='word_1_689' title='bbox 2429 423 2470 454; x_wconf 88' lang='lat' dir='ltr'><em>sit</em></span> 
     </span>
     <span class='ocr_line' id='line_1_88' title="bbox 1399 463 2470 507; baseline 0.004 -13"><span class='ocrx_word' id='word_1_690' title='bbox 1399 463 1446 494; x_wconf 91' lang='lat' dir='ltr'><em>illi</em></span> <span class='ocrx_word' id='word_1_691' title='bbox 1468 464 1655 505; x_wconf 86' lang='lat' dir='ltr'><em>adaequata,</em></span> <span class='ocrx_word' id='word_1_692' title='bbox 1675 465 1720 495; x_wconf 87' lang='lat' dir='ltr'><em>ita</em></span> <span class='ocrx_word' id='word_1_693' title='bbox 1743 464 1849 506; x_wconf 89' lang='lat' dir='ltr'><em>quod</em></span> <span class='ocrx_word' id='word_1_694' title='bbox 1856 474 1915 506; x_wconf 90' lang='lat' dir='ltr'><em>per</em></span> <span class='ocrx_word' id='word_1_695' title='bbox 1936 466 2024 502; x_wconf 87' lang='lat' dir='ltr'><em>illam</em></span> <span class='ocrx_word' id='word_1_696' title='bbox 2038 466 2119 496; x_wconf 91' lang='lat' dir='ltr'><em>nihil</em></span> <span class='ocrx_word' id='word_1_697' title='bbox 2143 466 2231 497; x_wconf 90' lang='lat' dir='ltr'><em>aliud</em></span> <span class='ocrx_word' id='word_1_698' title='bbox 2253 468 2470 507; x_wconf 74' lang='lat' dir='ltr'><em>cOgnoscatur</em></span> 
     </span>
     <span class='ocr_line' id='line_1_89' title="bbox 1398 508 2468 552; baseline 0.004 -14"><span class='ocrx_word' id='word_1_699' title='bbox 1398 508 1460 538; x_wconf 90' lang='lat' dir='ltr'><em>nisi</em></span> <span class='ocrx_word' id='word_1_700' title='bbox 1482 509 1602 548; x_wconf 89' lang='lat' dir='ltr'><em>ipsum.</em></span> <span class='ocrx_word' id='word_1_701' title='bbox 1618 509 1659 539; x_wconf 94' lang='lat' dir='ltr'><em>Et</em></span> <span class='ocrx_word' id='word_1_702' title='bbox 1674 514 1753 540; x_wconf 90' lang='lat' dir='ltr'><em>tunc</em></span> <span class='ocrx_word' id='word_1_703' title='bbox 1776 509 1893 540; x_wconf 86' lang='lat' dir='ltr'><em>falsum</em></span> <span class='ocrx_word' id='word_1_704' title='bbox 1909 515 1957 540; x_wconf 89' lang='lat' dir='ltr'><em>est</em></span> <span class='ocrx_word' id='word_1_705' title='bbox 1972 510 2062 551; x_wconf 90' lang='lat' dir='ltr'><em>quod</em></span> <span class='ocrx_word' id='word_1_706' title='bbox 2085 517 2300 551; x_wconf 85' lang='lat' dir='ltr'><em>cognoscatur</em></span> <span class='ocrx_word' id='word_1_707' title='bbox 2320 521 2378 552; x_wconf 90' lang='lat' dir='ltr'><em>per</em></span> <span class='ocrx_word' id='word_1_708' title='bbox 2392 521 2468 552; x_wconf 88' lang='lat' dir='ltr'><em>pro-</em></span> 
     </span>
     <span class='ocr_line' id='line_1_90' title="bbox 1398 553 2469 596; baseline 0.003 -13"><span class='ocrx_word' id='word_1_709' title='bbox 1398 554 1502 592; x_wconf 87' lang='lat' dir='ltr'><em>priam</em></span> <span class='ocrx_word' id='word_1_710' title='bbox 1533 554 1687 593; x_wconf 90' lang='lat' dir='ltr'><em>speciem.</em></span> <span class='ocrx_word' id='word_1_711' title='bbox 1711 571 1734 575; x_wconf 98' lang='lat'><strong>—</strong></span> <span class='ocrx_word' id='word_1_712' title='bbox 1755 554 1831 584; x_wconf 88' lang='lat' dir='ltr'><em>Alio</em></span> <span class='ocrx_word' id='word_1_713' title='bbox 1855 553 1968 591; x_wconf 90' lang='lat' dir='ltr'><em>modo,</em></span> <span class='ocrx_word' id='word_1_714' title='bbox 1991 555 2035 585; x_wconf 85' lang='lat' dir='ltr'><em>ita</em></span> <span class='ocrx_word' id='word_1_715' title='bbox 2059 555 2150 595; x_wconf 93' lang='lat' dir='ltr'><em>quod</em></span> <span class='ocrx_word' id='word_1_716' title='bbox 2173 561 2389 595; x_wconf 89' lang='lat' dir='ltr'><em>cognoscatur</em></span> <span class='ocrx_word' id='word_1_717' title='bbox 2411 565 2469 596; x_wconf 90' lang='lat' dir='ltr'><em>per</em></span> 
     </span>
     <span class='ocr_line' id='line_1_91' title="bbox 1399 597 2469 640; baseline 0.004 -13"><span class='ocrx_word' id='word_1_718' title='bbox 1399 598 1542 636; x_wconf 87' lang='lat' dir='ltr'><em>speciem</em></span> <span class='ocrx_word' id='word_1_719' title='bbox 1566 607 1650 638; x_wconf 90' lang='lat' dir='ltr'><em>quae</em></span> <span class='ocrx_word' id='word_1_720' title='bbox 1673 598 1782 638; x_wconf 90' lang='lat' dir='ltr'><em>ipsum</em></span> <span class='ocrx_word' id='word_1_721' title='bbox 1801 597 1949 629; x_wconf 91' lang='lat' dir='ltr'><em>distincte</em></span> <span class='ocrx_word' id='word_1_722' title='bbox 1965 605 1997 630; x_wconf 92' lang='lat' dir='ltr'><em>et</em></span> <span class='ocrx_word' id='word_1_723' title='bbox 2013 599 2223 630; x_wconf 87' lang='lat' dir='ltr'><em>determinate</em></span> <span class='ocrx_word' id='word_1_724' title='bbox 2241 606 2469 640; x_wconf 87' lang='lat' dir='ltr'><em>repraesentet.</em></span> 
     </span>
     <span class='ocr_line' id='line_1_92' title="bbox 1399 641 2469 683; baseline 0.004 -12"><span class='ocrx_word' id='word_1_725' title='bbox 1399 641 1440 671; x_wconf 93' lang='lat' dir='ltr'><em>Et</em></span> <span class='ocrx_word' id='word_1_726' title='bbox 1455 642 1502 672; x_wconf 90' lang='lat' dir='ltr'><em>sic</em></span> <span class='ocrx_word' id='word_1_727' title='bbox 1516 651 1574 682; x_wconf 90' lang='lat' dir='ltr'><em>per</em></span> <span class='ocrx_word' id='word_1_728' title='bbox 1589 642 1733 682; x_wconf 89' lang='lat' dir='ltr'><em>speciem</em></span> <span class='ocrx_word' id='word_1_729' title='bbox 1755 643 1921 682; x_wconf 90' lang='lat' dir='ltr'><em>propriam</em></span> <span class='ocrx_word' id='word_1_730' title='bbox 1943 649 2207 683; x_wconf 88' lang='lat' dir='ltr'><em>repraesentatur.</em></span> <span class='ocrx_word' id='word_1_731' title='bbox 2224 643 2288 675; x_wconf 89' lang='lat' dir='ltr'><em>Sed</em></span> <span class='ocrx_word' id='word_1_732' title='bbox 2306 650 2390 682; x_wconf 46' lang='lat' dir='ltr'><em>tunc,</em></span> <span class='ocrx_word' id='word_1_733' title='bbox 2399 654 2469 675; x_wconf 90' lang='lat' dir='ltr'><em>non</em></span> 
     </span>
     <span class='ocr_line' id='line_1_93' title="bbox 1399 687 2471 737; baseline 0.003 -21"><span class='ocrx_word' id='word_1_734' title='bbox 1399 691 1530 726; x_wconf 89' lang='lat' dir='ltr'><em>oportet</em></span> <span class='ocrx_word' id='word_1_735' title='bbox 1553 696 1622 717; x_wconf 87' lang='lat' dir='ltr'><em>esse</em></span> <span class='ocrx_word' id='word_1_736' title='bbox 1644 691 1694 717; x_wconf 90' lang='lat' dir='ltr'><em>tot</em></span> <span class='ocrx_word' id='word_1_737' title='bbox 1717 687 1841 737; x_wconf 83' lang='lat' dir='ltr'><em>species</em></span> <span class='ocrx_word' id='word_1_738' title='bbox 1865 692 1948 727; x_wconf 90' lang='lat' dir='ltr'><em>quot</em></span> <span class='ocrx_word' id='word_1_739' title='bbox 1969 687 2152 719; x_wconf 81' lang='lat' dir='ltr'><em>individua:</em></span> <span class='ocrx_word' id='word_1_740' title='bbox 2176 687 2233 719; x_wconf 90' lang='lat' dir='ltr'><em>sed</em></span> <span class='ocrx_word' id='word_1_741' title='bbox 2251 698 2316 719; x_wconf 89' lang='lat' dir='ltr'><em>una</em></span> <span class='ocrx_word' id='word_1_742' title='bbox 2333 689 2471 729; x_wconf 83' lang='lat' dir='ltr'><em>species;</em></span> 
     </span>
     <span class='ocr_line' id='line_1_94' title="bbox 1399 731 2469 782; baseline 0.004 -22"><span class='ocrx_word' id='word_1_743' title='bbox 1399 739 1483 770; x_wconf 87' lang='lat' dir='ltr'><em>quae</em></span> <span class='ocrx_word' id='word_1_744' title='bbox 1497 736 1545 760; x_wconf 90' lang='lat' dir='ltr'><em>est</em></span> <span class='ocrx_word' id='word_1_745' title='bbox 1560 731 1828 782; x_wconf 82' lang='lat' dir='ltr'><em>repraesentativa</em></span> <span class='ocrx_word' id='word_1_746' title='bbox 1851 731 2046 772; x_wconf 78' lang='lat' dir='ltr'><em>quidditatiS,</em></span> <span class='ocrx_word' id='word_1_747' title='bbox 2063 738 2110 762; x_wconf 88' lang='lat' dir='ltr'><em>est</em></span> <span class='ocrx_word' id='word_1_748' title='bbox 2128 733 2320 763; x_wconf 86' lang='lat' dir='ltr'><em>excellenter</em></span> <span class='ocrx_word' id='word_1_749' title='bbox 2341 742 2469 774; x_wconf 90' lang='lat' dir='ltr'><em>reprae-</em></span> 
     </span>
     <span class='ocr_line' id='line_1_95' title="bbox 1399 775 2468 818; baseline 0.004 -14"><span class='ocrx_word' id='word_1_750' title='bbox 1399 775 1555 805; x_wconf 91' lang='lat' dir='ltr'><em>sentativa</em></span> <span class='ocrx_word' id='word_1_751' title='bbox 1577 776 1727 806; x_wconf 83' lang='lat' dir='ltr'><em>omnium</em></span> <span class='ocrx_word' id='word_1_752' title='bbox 1754 775 1981 806; x_wconf 85' lang='lat' dir='ltr'><em>conditionum</em></span> <span class='ocrx_word' id='word_1_753' title='bbox 2007 776 2202 807; x_wconf 88' lang='lat' dir='ltr'><em>naturalium</em></span> <span class='ocrx_word' id='word_1_754' title='bbox 2232 777 2468 818; x_wconf 89' lang='lat' dir='ltr'><em>cuiuscumque</em></span> 
     </span>
     <span class='ocr_line' id='line_1_96' title="bbox 1398 818 1882 861; baseline 0.004 -13"><span class='ocrx_word' id='word_1_755' title='bbox 1398 818 1556 849; x_wconf 90' lang='lat' dir='ltr'><em>individui</em></span> <span class='ocrx_word' id='word_1_756' title='bbox 1578 819 1663 850; x_wconf 91' lang='lat' dir='ltr'><em>illius</em></span> <span class='ocrx_word' id='word_1_757' title='bbox 1686 819 1882 861; x_wconf 86' lang='lat' dir='ltr'><em>quidditatis.</em></span> 
     </span>
    </p>

    <p class='ocr_par' dir='ltr' id='par_1_20' title="bbox 1399 863 2470 1217">
     <span class='ocr_line' id='line_1_97' title="bbox 1456 863 2469 907; baseline 0.003 -13"><span class='ocrx_word' id='word_1_758' title='bbox 1456 872 1486 893; x_wconf 93' lang='lat'><em>2.</em></span> <span class='ocrx_word' id='word_1_759' title='bbox 1509 863 1562 894; x_wconf 90' lang='lat' dir='ltr'><em>Ad</em></span> <span class='ocrx_word' id='word_1_760' title='bbox 1585 864 1766 895; x_wconf 88' lang='lat' dir='ltr'><em>secundum</em></span> <span class='ocrx_word' id='word_1_761' title='bbox 1790 864 1908 895; x_wconf 89' lang='lat' dir='ltr'><em>dicitur</em></span> <span class='ocrx_word' id='word_1_762' title='bbox 1931 864 2033 905; x_wconf 91' lang='lat' dir='ltr'><em>quod,</em></span> <span class='ocrx_word' id='word_1_763' title='bbox 2043 865 2124 896; x_wconf 85' lang='lat' dir='ltr'><em>licet</em></span> <span class='ocrx_word' id='word_1_764' title='bbox 2138 874 2196 906; x_wconf 92' lang='lat' dir='ltr'><em>per</em></span> <span class='ocrx_word' id='word_1_765' title='bbox 2211 866 2360 904; x_wconf 91' lang='lat' dir='ltr'><em>notitiam</em></span> <span class='ocrx_word' id='word_1_766' title='bbox 2375 866 2469 907; x_wconf 89' lang='lat' dir='ltr'><em>quid-</em></span> 
     </span>
     <span class='ocr_line' id='line_1_98' title="bbox 1400 906 2469 950; baseline 0.003 -12"><span class='ocrx_word' id='word_1_767' title='bbox 1400 906 1536 938; x_wconf 88' lang='lat' dir='ltr'><em>ditatum</em></span> <span class='ocrx_word' id='word_1_768' title='bbox 1555 914 1586 939; x_wconf 92' lang='lat' dir='ltr'><em>et</em></span> <span class='ocrx_word' id='word_1_769' title='bbox 1602 909 1842 946; x_wconf 84' lang='lat' dir='ltr'><em>universalium,</em></span> <span class='ocrx_word' id='word_1_770' title='bbox 1859 914 1896 940; x_wconf 93' lang='lat' dir='ltr'><em>ut</em></span> <span class='ocrx_word' id='word_1_771' title='bbox 1910 909 1966 946; x_wconf 91' lang='lat' dir='ltr'><em>sic,</em></span> <span class='ocrx_word' id='word_1_772' title='bbox 1982 919 2051 940; x_wconf 90' lang='lat' dir='ltr'><em>non</em></span> <span class='ocrx_word' id='word_1_773' title='bbox 2074 910 2178 950; x_wconf 88' lang='lat' dir='ltr'><em>possit</em></span> <span class='ocrx_word' id='word_1_774' title='bbox 2201 911 2355 949; x_wconf 87' lang='lat' dir='ltr'><em>cognosci</em></span> <span class='ocrx_word' id='word_1_775' title='bbox 2379 920 2469 942; x_wconf 88' lang='lat' dir='ltr'><em>com-</em></span> 
     </span>
     <span class='ocr_line' id='line_1_99' title="bbox 1399 951 2469 995; baseline 0.003 -13"><span class='ocrx_word' id='word_1_776' title='bbox 1399 951 1508 991; x_wconf 86' lang='lat' dir='ltr'><em>plexio</em></span> <span class='ocrx_word' id='word_1_777' title='bbox 1536 954 1742 993; x_wconf 86' lang='lat' dir='ltr'><em>contingens;</em></span> <span class='ocrx_word' id='word_1_778' title='bbox 1774 963 1832 994; x_wconf 88' lang='lat' dir='ltr'><em>per</em></span> <span class='ocrx_word' id='word_1_779' title='bbox 1861 955 2005 994; x_wconf 89' lang='lat' dir='ltr'><em>speciem</em></span> <span class='ocrx_word' id='word_1_780' title='bbox 2033 959 2143 984; x_wconf 89' lang='lat' dir='ltr'><em>tamen</em></span> <span class='ocrx_word' id='word_1_781' title='bbox 2159 953 2358 994; x_wconf 89' lang='lat' dir='ltr'><em>quidditatis</em></span> <span class='ocrx_word' id='word_1_782' title='bbox 2386 964 2469 995; x_wconf 86' lang='lat' dir='ltr'><em>quae</em></span> 
     </span>
     <span class='ocr_line' id='line_1_100' title="bbox 1399 997 2469 1038; baseline 0.002 -11"><span class='ocrx_word' id='word_1_783' title='bbox 1399 1005 1468 1027; x_wconf 90' lang='lat' dir='ltr'><em>non</em></span> <span class='ocrx_word' id='word_1_784' title='bbox 1491 997 1599 1028; x_wconf 89' lang='lat' dir='ltr'><em>solum</em></span> <span class='ocrx_word' id='word_1_785' title='bbox 1623 997 1846 1038; x_wconf 89' lang='lat' dir='ltr'><em>quidditatem,</em></span> <span class='ocrx_word' id='word_1_786' title='bbox 1870 998 1927 1029; x_wconf 92' lang='lat' dir='ltr'><em>sed</em></span> <span class='ocrx_word' id='word_1_787' title='bbox 1951 999 2048 1029; x_wconf 90' lang='lat' dir='ltr'><em>etiam</em></span> <span class='ocrx_word' id='word_1_788' title='bbox 2072 1007 2187 1029; x_wconf 85' lang='lat' dir='ltr'><em>omnes</em></span> <span class='ocrx_word' id='word_1_789' title='bbox 2216 997 2285 1029; x_wconf 83' lang='lat' dir='ltr'><em>eius</em></span> <span class='ocrx_word' id='word_1_790' title='bbox 2307 999 2469 1030; x_wconf 89' lang='lat' dir='ltr'><em>naturales</em></span> 
     </span>
     <span class='ocr_line' id='line_1_101' title="bbox 1400 1041 2470 1083; baseline 0.003 -12"><span class='ocrx_word' id='word_1_791' title='bbox 1400 1041 1604 1073; x_wconf 85' lang='lat' dir='ltr'><em>conditiones</em></span> <span class='ocrx_word' id='word_1_792' title='bbox 1619 1048 1847 1082; x_wconf 86' lang='lat' dir='ltr'><em>repraesentat,</em></span> <span class='ocrx_word' id='word_1_793' title='bbox 1861 1042 2046 1074; x_wconf 88' lang='lat' dir='ltr'><em>cuiusmodi</em></span> <span class='ocrx_word' id='word_1_794' title='bbox 2062 1048 2138 1073; x_wconf 88' lang='lat' dir='ltr'><em>sunt</em></span> <span class='ocrx_word' id='word_1_795' title='bbox 2151 1043 2276 1083; x_wconf 85' lang='lat' dir='ltr'><em>species</em></span> <span class='ocrx_word' id='word_1_796' title='bbox 2286 1043 2470 1074; x_wconf 91' lang='lat' dir='ltr'><em>intellectus</em></span> 
     </span>
     <span class='ocr_line' id='line_1_102' title="bbox 1399 1087 2470 1128; baseline 0.003 -12"><span class='ocrx_word' id='word_1_797' title='bbox 1399 1087 1546 1126; x_wconf 87' lang='lat' dir='ltr'><em>separati,</em></span> <span class='ocrx_word' id='word_1_798' title='bbox 1558 1092 1666 1127; x_wconf 88' lang='lat' dir='ltr'><em>potest</em></span> <span class='ocrx_word' id='word_1_799' title='bbox 1688 1087 1759 1118; x_wconf 88' lang='lat' dir='ltr'><em>talis</em></span> <span class='ocrx_word' id='word_1_800' title='bbox 1783 1087 1967 1127; x_wconf 86' lang='lat' dir='ltr'><em>complexio</em></span> <span class='ocrx_word' id='word_1_801' title='bbox 1984 1088 2176 1128; x_wconf 87' lang='lat' dir='ltr'><em>contingens</em></span> <span class='ocrx_word' id='word_1_802' title='bbox 2192 1088 2357 1128; x_wconf 86' lang='lat' dir='ltr'><em>cognosci.</em></span> <span class='ocrx_word' id='word_1_803' title='bbox 2373 1088 2470 1119; x_wconf 90' lang='lat' dir='ltr'><em>Unde</em></span> 
     </span>
     <span class='ocr_line' id='line_1_103' title="bbox 1399 1132 2469 1173; baseline 0.003 -13"><span class='ocrx_word' id='word_1_804' title='bbox 1399 1139 1468 1161; x_wconf 91' lang='lat' dir='ltr'><em>non</em></span> <span class='ocrx_word' id='word_1_805' title='bbox 1491 1136 1620 1171; x_wconf 87' lang='lat' dir='ltr'><em>oportet</em></span> <span class='ocrx_word' id='word_1_806' title='bbox 1643 1132 1741 1162; x_wconf 90' lang='lat' dir='ltr'><em>talem</em></span> <span class='ocrx_word' id='word_1_807' title='bbox 1765 1133 1986 1172; x_wconf 90' lang='lat' dir='ltr'><em>cognitionem</em></span> <span class='ocrx_word' id='word_1_808' title='bbox 2010 1141 2048 1162; x_wconf 86' lang='lat' dir='ltr'><em>ex</em></span> <span class='ocrx_word' id='word_1_809' title='bbox 2070 1133 2165 1163; x_wconf 87' lang='lat' dir='ltr'><em>rebus</em></span> <span class='ocrx_word' id='word_1_810' title='bbox 2188 1133 2266 1173; x_wconf 91' lang='lat' dir='ltr'><em>ipsis</em></span> <span class='ocrx_word' id='word_1_811' title='bbox 2290 1133 2412 1163; x_wconf 90' lang='lat' dir='ltr'><em>causari</em></span> <span class='ocrx_word' id='word_1_812' title='bbox 2434 1133 2469 1163; x_wconf 91' lang='lat' dir='ltr'><em>in</em></span> 
     </span>
     <span class='ocr_line' id='line_1_104' title="bbox 1399 1174 1981 1217; baseline 0.003 -12"><span class='ocrx_word' id='word_1_813' title='bbox 1399 1174 1566 1206; x_wconf 90' lang='lat' dir='ltr'><em>intellectu</em></span> <span class='ocrx_word' id='word_1_814' title='bbox 1588 1176 1784 1207; x_wconf 79' lang='lat' dir='ltr'><em>substantiae</em></span> <span class='ocrx_word' id='word_1_815' title='bbox 1807 1182 1981 1217; x_wconf 87' lang='lat' dir='ltr'><em>separatae.</em></span> 
     </span>
    </p>

    <p class='ocr_par' dir='ltr' id='par_1_21' title="bbox 1455 1219 2468 1262">
     <span class='ocr_line' id='line_1_105' title="bbox 1455 1219 2468 1262; baseline 0.003 -12"><span class='ocrx_word' id='word_1_816' title='bbox 1455 1219 1507 1250; x_wconf 92' lang='lat' dir='ltr'><em>Ad</em></span> <span class='ocrx_word' id='word_1_817' title='bbox 1530 1220 1814 1252; x_wconf 88' lang='lat' dir='ltr'><em>confirmationem</em></span> <span class='ocrx_word' id='word_1_818' title='bbox 1837 1221 1953 1252; x_wconf 91' lang='lat' dir='ltr'><em>dicitur</em></span> <span class='ocrx_word' id='word_1_819' title='bbox 1979 1221 2070 1262; x_wconf 90' lang='lat' dir='ltr'><em>quod</em></span> <span class='ocrx_word' id='word_1_820' title='bbox 2099 1222 2223 1262; x_wconf 91' lang='lat' dir='ltr'><em>species</em></span> <span class='ocrx_word' id='word_1_821' title='bbox 2254 1222 2468 1253; x_wconf 88' lang='lat' dir='ltr'><em>terminorum</em></span> 
     </span>
    </p>

    <p class='ocr_par' dir='ltr' id='par_1_22' title="bbox 1399 1265 2472 1929">
     <span class='ocr_line' id='line_1_106' title="bbox 1400 1265 2469 1307; baseline 0.003 -13"><span class='ocrx_word' id='word_1_822' title='bbox 1400 1271 1639 1304; x_wconf 88' lang='lat' dir='ltr'><em>repraesentant</em></span> <span class='ocrx_word' id='word_1_823' title='bbox 1662 1265 1872 1296; x_wconf 89' lang='lat' dir='ltr'><em>determinate</em></span> <span class='ocrx_word' id='word_1_824' title='bbox 1895 1275 1948 1296; x_wconf 90' lang='lat' dir='ltr'><em>me</em></span> <span class='ocrx_word' id='word_1_825' title='bbox 1971 1265 2092 1302; x_wconf 89' lang='lat' dir='ltr'><em>sedere,</em></span> <span class='ocrx_word' id='word_1_826' title='bbox 2112 1266 2139 1296; x_wconf 89' lang='lat' dir='ltr'><em>si</em></span> <span class='ocrx_word' id='word_1_827' title='bbox 2162 1266 2274 1296; x_wconf 89' lang='lat' dir='ltr'><em>sedeo:</em></span> <span class='ocrx_word' id='word_1_828' title='bbox 2300 1267 2376 1306; x_wconf 89' lang='lat' dir='ltr'><em>quia</em></span> <span class='ocrx_word' id='word_1_829' title='bbox 2395 1276 2469 1307; x_wconf 91' lang='lat' dir='ltr'><em>spe-</em></span> 
     </span>
     <span class='ocr_line' id='line_1_107' title="bbox 1401 1309 2469 1351; baseline 0.002 -12"><span class='ocrx_word' id='word_1_830' title='bbox 1401 1309 1466 1339; x_wconf 88' lang='lat' dir='ltr'><em>cies</em></span> <span class='ocrx_word' id='word_1_831' title='bbox 1487 1315 1620 1341; x_wconf 86' lang='lat' dir='ltr'><em>naturae</em></span> <span class='ocrx_word' id='word_1_832' title='bbox 1643 1310 1805 1341; x_wconf 90' lang='lat' dir='ltr'><em>humanae</em></span> <span class='ocrx_word' id='word_1_833' title='bbox 1829 1311 1863 1341; x_wconf 87' lang='lat' dir='ltr'><em>in</em></span> <span class='ocrx_word' id='word_1_834' title='bbox 1884 1311 2052 1341; x_wconf 89' lang='lat' dir='ltr'><em>intellectu</em></span> <span class='ocrx_word' id='word_1_835' title='bbox 2083 1316 2229 1351; x_wconf 87' lang='lat' dir='ltr'><em>separato</em></span> <span class='ocrx_word' id='word_1_836' title='bbox 2259 1311 2397 1341; x_wconf 87' lang='lat' dir='ltr'><em>existens</em></span> <span class='ocrx_word' id='word_1_837' title='bbox 2419 1321 2469 1342; x_wconf 91' lang='lat' dir='ltr'><em>re-</em></span> 
     </span>
     <span class='ocr_line' id='line_1_108' title="bbox 1400 1355 2470 1396; baseline 0.002 -13"><span class='ocrx_word' id='word_1_838' title='bbox 1400 1359 1581 1393; x_wconf 89' lang='lat' dir='ltr'><em>praesentat</em></span> <span class='ocrx_word' id='word_1_839' title='bbox 1609 1355 1712 1395; x_wconf 88' lang='lat' dir='ltr'><em>ipsam</em></span> <span class='ocrx_word' id='word_1_840' title='bbox 1745 1355 1968 1395; x_wconf 89' lang='lat' dir='ltr'><em>quidditatem,</em></span> <span class='ocrx_word' id='word_1_841' title='bbox 1996 1361 2028 1386; x_wconf 92' lang='lat' dir='ltr'><em>et</em></span> <span class='ocrx_word' id='word_1_842' title='bbox 2058 1355 2169 1386; x_wconf 89' lang='lat' dir='ltr'><em>omnia</em></span> <span class='ocrx_word' id='word_1_843' title='bbox 2198 1355 2266 1386; x_wconf 93' lang='lat' dir='ltr'><em>eius</em></span> <span class='ocrx_word' id='word_1_844' title='bbox 2298 1355 2470 1396; x_wconf 88' lang='lat' dir='ltr'><em>singularia</em></span> 
     </span>
     <span class='ocr_line' id='line_1_109' title="bbox 1401 1398 2470 1440; baseline 0.001 -11"><span class='ocrx_word' id='word_1_845' title='bbox 1401 1398 1577 1435; x_wconf 85' lang='lat' dir='ltr'><em>existentia,</em></span> <span class='ocrx_word' id='word_1_846' title='bbox 1602 1409 1783 1440; x_wconf 89' lang='lat' dir='ltr'><em>omnesque</em></span> <span class='ocrx_word' id='word_1_847' title='bbox 1799 1400 2009 1440; x_wconf 89' lang='lat' dir='ltr'><em>singularium</em></span> <span class='ocrx_word' id='word_1_848' title='bbox 2024 1399 2156 1430; x_wconf 87' lang='lat' dir='ltr'><em>illorum</em></span> <span class='ocrx_word' id='word_1_849' title='bbox 2175 1399 2380 1430; x_wconf 89' lang='lat' dir='ltr'><em>conditiones</em></span> <span class='ocrx_word' id='word_1_850' title='bbox 2395 1405 2470 1431; x_wconf 91' lang='lat' dir='ltr'><em>actu</em></span> 
     </span>
     <span class='ocr_line' id='line_1_110' title="bbox 1400 1442 2470 1485; baseline 0.001 -12"><span class='ocrx_word' id='word_1_851' title='bbox 1400 1442 1462 1473; x_wconf 88' lang='lat' dir='ltr'><em>illis</em></span> <span class='ocrx_word' id='word_1_852' title='bbox 1483 1443 1696 1475; x_wconf 88' lang='lat' dir='ltr'><em>inhaerentes.</em></span> <span class='ocrx_word' id='word_1_853' title='bbox 1713 1444 1755 1475; x_wconf 84' lang='lat' dir='ltr'><em>Et</em></span> <span class='ocrx_word' id='word_1_854' title='bbox 1773 1453 1830 1484; x_wconf 91' lang='lat' dir='ltr'><em>per</em></span> <span class='ocrx_word' id='word_1_855' title='bbox 1850 1445 1948 1476; x_wconf 89' lang='lat' dir='ltr'><em>talem</em></span> <span class='ocrx_word' id='word_1_856' title='bbox 1972 1445 2068 1475; x_wconf 89' lang='lat' dir='ltr'><em>etiam</em></span> <span class='ocrx_word' id='word_1_857' title='bbox 2080 1445 2234 1485; x_wconf 68' lang='lat' dir='ltr'><em>⁴speciem</em></span> <span class='ocrx_word' id='word_1_858' title='bbox 2255 1444 2391 1474; x_wconf 88' lang='lat' dir='ltr'><em>habetur</em></span> <span class='ocrx_word' id='word_1_859' title='bbox 2414 1454 2470 1475; x_wconf 91' lang='lat' dir='ltr'><em>co-</em></span> 
     </span>
     <span class='ocr_line' id='line_1_111' title="bbox 1400 1488 2471 1529; baseline 0.001 -11"><span class='ocrx_word' id='word_1_860' title='bbox 1400 1488 1503 1527; x_wconf 89' lang='lat' dir='ltr'><em>gnitio</em></span> <span class='ocrx_word' id='word_1_861' title='bbox 1528 1488 1619 1529; x_wconf 94' lang='lat' dir='ltr'><em>quod</em></span> <span class='ocrx_word' id='word_1_862' title='bbox 1641 1489 1716 1525; x_wconf 92' lang='lat' dir='ltr'><em>hoc,</em></span> <span class='ocrx_word' id='word_1_863' title='bbox 1740 1489 1862 1520; x_wconf 89' lang='lat' dir='ltr'><em>scilicet</em></span> <span class='ocrx_word' id='word_1_864' title='bbox 1884 1498 1938 1520; x_wconf 91' lang='lat' dir='ltr'><em>me</em></span> <span class='ocrx_word' id='word_1_865' title='bbox 1961 1488 2081 1525; x_wconf 90' lang='lat' dir='ltr'><em>sedere,</em></span> <span class='ocrx_word' id='word_1_866' title='bbox 2098 1494 2146 1520; x_wconf 91' lang='lat' dir='ltr'><em>est</em></span> <span class='ocrx_word' id='word_1_867' title='bbox 2168 1489 2376 1529; x_wconf 81' lang='lat' dir='ltr'><em>contingens:</em></span> <span class='ocrx_word' id='word_1_868' title='bbox 2394 1489 2471 1529; x_wconf 87' lang='lat' dir='ltr'><em>quia</em></span> 
     </span>
     <span class='ocr_line' id='line_1_112' title="bbox 1400 1532 2471 1574; baseline 0.002 -12"><span class='ocrx_word' id='word_1_869' title='bbox 1400 1541 1459 1572; x_wconf 92' lang='lat' dir='ltr'><em>per</em></span> <span class='ocrx_word' id='word_1_870' title='bbox 1470 1532 1607 1564; x_wconf 88' lang='lat' dir='ltr'><em>eandem</em></span> <span class='ocrx_word' id='word_1_871' title='bbox 1623 1534 1766 1574; x_wconf 87' lang='lat' dir='ltr'><em>speciem</em></span> <span class='ocrx_word' id='word_1_872' title='bbox 1782 1534 1952 1574; x_wconf 87' lang='lat' dir='ltr'><em>cognoscit</em></span> <span class='ocrx_word' id='word_1_873' title='bbox 1966 1534 2143 1564; x_wconf 88' lang='lat' dir='ltr'><em>substantia·</em></span> <span class='ocrx_word' id='word_1_874' title='bbox 2157 1539 2301 1574; x_wconf 90' lang='lat' dir='ltr'><em>separata</em></span> <span class='ocrx_word' id='word_1_875' title='bbox 2312 1542 2396 1574; x_wconf 91' lang='lat' dir='ltr'><em>quae</em></span> <span class='ocrx_word' id='word_1_876' title='bbox 2407 1533 2471 1564; x_wconf 89' lang='lat' dir='ltr'><em>sint</em></span> 
     </span>
     <span class='ocr_line' id='line_1_113' title="bbox 1401 1577 2472 1618; baseline 0.001 -11"><span class='ocrx_word' id='word_1_877' title='bbox 1401 1577 1619 1608; x_wconf 85' lang='lat' dir='ltr'><em>substantialia</em></span> <span class='ocrx_word' id='word_1_878' title='bbox 1638 1578 1672 1608; x_wconf 91' lang='lat' dir='ltr'><em>in</em></span> <span class='ocrx_word' id='word_1_879' title='bbox 1691 1587 1735 1615; x_wconf 91' lang='lat' dir='ltr'><em>re,</em></span> <span class='ocrx_word' id='word_1_880' title='bbox 1752 1583 1784 1608; x_wconf 92' lang='lat' dir='ltr'><em>et</em></span> <span class='ocrx_word' id='word_1_881' title='bbox 1807 1587 1891 1618; x_wconf 90' lang='lat' dir='ltr'><em>quae</em></span> <span class='ocrx_word' id='word_1_882' title='bbox 1914 1577 2122 1609; x_wconf 87' lang='lat' dir='ltr'><em>accidentalia</em></span> <span class='ocrx_word' id='word_1_883' title='bbox 2137 1579 2215 1614; x_wconf 86' lang='lat' dir='ltr'><em>sint;</em></span> <span class='ocrx_word' id='word_1_884' title='bbox 2242 1583 2275 1608; x_wconf 93' lang='lat' dir='ltr'><em>et</em></span> <span class='ocrx_word' id='word_1_885' title='bbox 2289 1577 2472 1609; x_wconf 88' lang='lat' dir='ltr'><em>secundum</em></span> 
     </span>
     <span class='ocr_line' id='line_1_114' title="bbox 1402 1621 2470 1663; baseline 0.001 -11"><span class='ocrx_word' id='word_1_886' title='bbox 1402 1621 1492 1662; x_wconf 93' lang='lat' dir='ltr'><em>quod</em></span> <span class='ocrx_word' id='word_1_887' title='bbox 1515 1622 1687 1663; x_wconf 86' lang='lat' dir='ltr'><em>singularia</em></span> <span class='ocrx_word' id='word_1_888' title='bbox 1709 1623 1880 1659; x_wconf 90' lang='lat' dir='ltr'><em>variantur,</em></span> <span class='ocrx_word' id='word_1_889' title='bbox 1896 1623 1939 1653; x_wconf 88' lang='lat' dir='ltr'><em>ita</em></span> <span class='ocrx_word' id='word_1_890' title='bbox 1954 1632 2012 1663; x_wconf 92' lang='lat' dir='ltr'><em>per</em></span> <span class='ocrx_word' id='word_1_891' title='bbox 2031 1622 2168 1653; x_wconf 89' lang='lat' dir='ltr'><em>eandem</em></span> <span class='ocrx_word' id='word_1_892' title='bbox 2190 1622 2332 1663; x_wconf 86' lang='lat' dir='ltr'><em>speciem</em></span> <span class='ocrx_word' id='word_1_893' title='bbox 2355 1631 2470 1653; x_wconf 91' lang='lat' dir='ltr'><em>eorum</em></span> 
     </span>
     <span class='ocr_line' id='line_1_115' title="bbox 1400 1667 1814 1707; baseline 0 -10"><span class='ocrx_word' id='word_1_894' title='bbox 1400 1667 1612 1698; x_wconf 83' lang='lat' dir='ltr'><em>variationem</em></span> <span class='ocrx_word' id='word_1_895' title='bbox 1636 1667 1814 1707; x_wconf 86' lang='lat' dir='ltr'><em>cognoscit.</em></span> 
     </span>
     <span class='ocr_line' id='line_1_116' title="bbox 1409 1710 2472 1752; baseline 0.001 -11"><span class='ocrx_word' id='word_1_896' title='bbox 1409 1738 1411 1740; x_wconf 88' lang='lat'><em>.</em></span> <span class='ocrx_word' id='word_1_897' title='bbox 1458 1711 1489 1742; x_wconf 88' lang='lat'><em>3.</em></span> <span class='ocrx_word' id='word_1_898' title='bbox 1506 1711 1558 1742; x_wconf 82' lang='lat' dir='ltr'><em>Ad</em></span> <span class='ocrx_word' id='word_1_899' title='bbox 1571 1712 1712 1748; x_wconf 88' lang='lat' dir='ltr'><em>tertium,</em></span> <span class='ocrx_word' id='word_1_900' title='bbox 1729 1717 1864 1752; x_wconf 87' lang='lat' dir='ltr'><em>negatur</em></span> <span class='ocrx_word' id='word_1_901' title='bbox 1880 1711 2122 1751; x_wconf 89' lang='lat' dir='ltr'><em>consequentia.</em></span> <span class='ocrx_word' id='word_1_902' title='bbox 2139 1729 2162 1733; x_wconf 97' lang='lat'>—</span> <span class='ocrx_word' id='word_1_903' title='bbox 2173 1710 2225 1741; x_wconf 89' lang='lat' dir='ltr'><em>Ad</em></span> <span class='ocrx_word' id='word_1_904' title='bbox 2244 1711 2472 1751; x_wconf 89' lang='lat' dir='ltr'><em>probationem</em></span> 
     </span>
     <span class='ocr_line' id='line_1_117' title="bbox 1401 1755 2472 1797; baseline -0.001 -10"><span class='ocrx_word' id='word_1_905' title='bbox 1401 1755 1518 1787; x_wconf 88' lang='lat' dir='ltr'><em>dicitur</em></span> <span class='ocrx_word' id='word_1_906' title='bbox 1534 1756 1635 1797; x_wconf 89' lang='lat' dir='ltr'><em>quod,</em></span> <span class='ocrx_word' id='word_1_907' title='bbox 1654 1756 1729 1787; x_wconf 88' lang='lat' dir='ltr'><em>licet</em></span> <span class='ocrx_word' id='word_1_908' title='bbox 1745 1756 1785 1787; x_wconf 95' lang='lat' dir='ltr'><em>ad</em></span> <span class='ocrx_word' id='word_1_909' title='bbox 1800 1756 1949 1787; x_wconf 90' lang='lat' dir='ltr'><em>notitiam</em></span> <span class='ocrx_word' id='word_1_910' title='bbox 1965 1756 2148 1786; x_wconf 86' lang='lat' dir='ltr'><em>intuitivam</em></span> <span class='ocrx_word' id='word_1_911' title='bbox 2167 1761 2338 1786; x_wconf 87' lang='lat' dir='ltr'><em>concurrat</em></span> <span class='ocrx_word' id='word_1_912' title='bbox 2360 1765 2472 1786; x_wconf 88' lang='lat' dir='ltr'><em>neces-</em></span> 
     </span>
     <span class='ocr_line' id='line_1_118' title="bbox 1400 1801 2472 1841; baseline -0.001 -10"><span class='ocrx_word' id='word_1_913' title='bbox 1400 1801 1484 1831; x_wconf 88' lang='lat' dir='ltr'><em>sario</em></span> <span class='ocrx_word' id='word_1_914' title='bbox 1507 1810 1558 1831; x_wconf 90' lang='lat' dir='ltr'><em>res</em></span> <span class='ocrx_word' id='word_1_915' title='bbox 1581 1807 1618 1831; x_wconf 90' lang='lat' dir='ltr'><em>ut</em></span> <span class='ocrx_word' id='word_1_916' title='bbox 1640 1810 1802 1841; x_wconf 90' lang='lat' dir='ltr'><em>praesens,</em></span> <span class='ocrx_word' id='word_1_917' title='bbox 1821 1810 1889 1831; x_wconf 91' lang='lat' dir='ltr'><em>non</em></span> <span class='ocrx_word' id='word_1_918' title='bbox 1913 1806 2023 1831; x_wconf 88' lang='lat' dir='ltr'><em>tamen</em></span> <span class='ocrx_word' id='word_1_919' title='bbox 2047 1801 2211 1831; x_wconf 88' lang='lat' dir='ltr'><em>concurrit</em></span> <span class='ocrx_word' id='word_1_920' title='bbox 2232 1801 2414 1831; x_wconf 88' lang='lat' dir='ltr'><em>necessario</em></span> <span class='ocrx_word' id='word_1_921' title='bbox 2437 1801 2472 1831; x_wconf 89' lang='lat' dir='ltr'><em>in</em></span> 
     </span>
     <span class='ocr_line' id='line_1_119' title="bbox 1399 1845 2471 1882; baseline 0 -7"><span class='ocrx_word' id='word_1_922' title='bbox 1399 1845 1525 1876; x_wconf 89' lang='lat' dir='ltr'><em>ratione</em></span> <span class='ocrx_word' id='word_1_923' title='bbox 1542 1846 1658 1876; x_wconf 90' lang='lat' dir='ltr'><em>motivi</em></span> <span class='ocrx_word' id='word_1_924' title='bbox 1673 1845 1867 1882; x_wconf 89' lang='lat' dir='ltr'><em>intellectus,</em></span> <span class='ocrx_word' id='word_1_925' title='bbox 1884 1845 1940 1876; x_wconf 88' lang='lat' dir='ltr'><em>sed</em></span> <span class='ocrx_word' id='word_1_926' title='bbox 1956 1846 1989 1875; x_wconf 92' lang='lat' dir='ltr'><em>in</em></span> <span class='ocrx_word' id='word_1_927' title='bbox 2005 1845 2130 1876; x_wconf 90' lang='lat' dir='ltr'><em>ratione</em></span> <span class='ocrx_word' id='word_1_928' title='bbox 2146 1845 2345 1876; x_wconf 83' lang='lat' dir='ltr'><em>terminantis</em></span> <span class='ocrx_word' id='word_1_929' title='bbox 2362 1850 2471 1875; x_wconf 89' lang='lat' dir='ltr'><em>actum</em></span> 
     </span>
     <span class='ocr_line' id='line_1_120' title="bbox 1400 1889 1606 1929; baseline 0.005 -10"><span class='ocrx_word' id='word_1_930' title='bbox 1400 1889 1606 1929; x_wconf 88' lang='lat' dir='ltr'><em>cognitionis.</em></span> 
     </span>
    </p>

    <p class='ocr_par' dir='ltr' id='par_1_23' title="bbox 1398 1932 2470 2197">
     <span class='ocr_line' id='line_1_121' title="bbox 1467 1932 2470 1974; baseline 0.001 -11"><span class='ocrx_word' id='word_1_931' title='bbox 1467 1933 1519 1963; x_wconf 91' lang='lat' dir='ltr'><em>Ad</em></span> <span class='ocrx_word' id='word_1_932' title='bbox 1543 1932 1826 1964; x_wconf 87' lang='lat' dir='ltr'><em>confirmationem</em></span> <span class='ocrx_word' id='word_1_933' title='bbox 1850 1932 1966 1965; x_wconf 87' lang='lat' dir='ltr'><em>dicitur</em></span> <span class='ocrx_word' id='word_1_934' title='bbox 1989 1933 2080 1974; x_wconf 89' lang='lat' dir='ltr'><em>quod</em></span> <span class='ocrx_word' id='word_1_935' title='bbox 2102 1933 2261 1963; x_wconf 88' lang='lat' dir='ltr'><em>rationem</em></span> <span class='ocrx_word' id='word_1_936' title='bbox 2278 1938 2310 1964; x_wconf 92' lang='lat' dir='ltr'><em>et</em></span> <span class='ocrx_word' id='word_1_937' title='bbox 2328 1934 2470 1974; x_wconf 87' lang='lat' dir='ltr'><em>speciem</em></span> 
     </span>
     <span class='ocr_line' id='line_1_122' title="bbox 1400 1977 2469 2018; baseline 0.001 -11"><span class='ocrx_word' id='word_1_938' title='bbox 1400 1977 1518 2008; x_wconf 90' lang='lat' dir='ltr'><em>eodem</em></span> <span class='ocrx_word' id='word_1_939' title='bbox 1536 1977 1638 2008; x_wconf 87' lang='lat' dir='ltr'><em>modo</em></span> <span class='ocrx_word' id='word_1_940' title='bbox 1661 1984 1899 2018; x_wconf 88' lang='lat' dir='ltr'><em>repraesentare</em></span> <span class='ocrx_word' id='word_1_941' title='bbox 1923 1987 1957 2009; x_wconf 90' lang='lat' dir='ltr'><em>re</em></span> <span class='ocrx_word' id='word_1_942' title='bbox 1978 1982 2141 2014; x_wconf 88' lang='lat' dir='ltr'><em>manente,</em></span> <span class='ocrx_word' id='word_1_943' title='bbox 2161 1982 2193 2008; x_wconf 91' lang='lat' dir='ltr'><em>et</em></span> <span class='ocrx_word' id='word_1_944' title='bbox 2214 1987 2283 2008; x_wconf 91' lang='lat' dir='ltr'><em>non</em></span> <span class='ocrx_word' id='word_1_945' title='bbox 2306 1984 2469 2015; x_wconf 87' lang='lat' dir='ltr'><em>manente,</em></span> 
     </span>
     <span class='ocr_line' id='line_1_123' title="bbox 1400 2021 2468 2063; baseline 0.002 -11"><span class='ocrx_word' id='word_1_946' title='bbox 1400 2021 1570 2062; x_wconf 87' lang='lat' dir='ltr'><em>dupliciter</em></span> <span class='ocrx_word' id='word_1_947' title='bbox 1593 2027 1702 2063; x_wconf 90' lang='lat' dir='ltr'><em>potest</em></span> <span class='ocrx_word' id='word_1_948' title='bbox 1723 2022 1877 2063; x_wconf 87' lang='lat' dir='ltr'><em>intelligi:</em></span> <span class='ocrx_word' id='word_1_949' title='bbox 1902 2032 1969 2053; x_wconf 93' lang='lat' dir='ltr'><em>uno</em></span> <span class='ocrx_word' id='word_1_950' title='bbox 1992 2022 2106 2058; x_wconf 83' lang='lat' dir='ltr'><em>m0do,</em></span> <span class='ocrx_word' id='word_1_951' title='bbox 2130 2027 2166 2052; x_wconf 93' lang='lat' dir='ltr'><em>ut</em></span> <span class='ocrx_word' id='word_1_952' title='bbox 2189 2022 2393 2053; x_wconf 80' lang='lat' dir='ltr'><em>uniformitas</em></span> <span class='ocrx_word' id='word_1_953' title='bbox 2419 2032 2468 2054; x_wconf 90' lang='lat' dir='ltr'><em>re-</em></span> 
     </span>
     <span class='ocr_line' id='line_1_124' title="bbox 1398 2066 2468 2108; baseline 0.002 -11"><span class='ocrx_word' id='word_1_954' title='bbox 1398 2067 1666 2107; x_wconf 88' lang='lat' dir='ltr'><em>praesentationis</em></span> <span class='ocrx_word' id='word_1_955' title='bbox 1681 2076 1715 2097; x_wconf 90' lang='lat' dir='ltr'><em>se</em></span> <span class='ocrx_word' id='word_1_956' title='bbox 1734 2072 1841 2098; x_wconf 89' lang='lat' dir='ltr'><em>teneat</em></span> <span class='ocrx_word' id='word_1_957' title='bbox 1864 2076 1902 2097; x_wconf 86' lang='lat' dir='ltr'><em>ex</em></span> <span class='ocrx_word' id='word_1_958' title='bbox 1925 2072 2015 2108; x_wconf 91' lang='lat' dir='ltr'><em>parte</em></span> <span class='ocrx_word' id='word_1_959' title='bbox 2039 2066 2163 2097; x_wconf 85' lang='lat' dir='ltr'><em>formae</em></span> <span class='ocrx_word' id='word_1_960' title='bbox 2185 2069 2468 2107; x_wconf 80' lang='lat' dir='ltr'><em>repraesentantis3</em></span> 
     </span>
     <span class='ocr_line' id='line_1_125' title="bbox 1399 2110 2469 2152; baseline 0.001 -10"><span class='ocrx_word' id='word_1_961' title='bbox 1399 2111 1463 2141; x_wconf 90' lang='lat' dir='ltr'><em>alio</em></span> <span class='ocrx_word' id='word_1_962' title='bbox 1487 2110 1600 2148; x_wconf 91' lang='lat' dir='ltr'><em>modo,</em></span> <span class='ocrx_word' id='word_1_963' title='bbox 1624 2117 1661 2142; x_wconf 90' lang='lat' dir='ltr'><em>ut</em></span> <span class='ocrx_word' id='word_1_964' title='bbox 1684 2121 1718 2142; x_wconf 91' lang='lat' dir='ltr'><em>se</em></span> <span class='ocrx_word' id='word_1_965' title='bbox 1741 2117 1849 2142; x_wconf 89' lang='lat' dir='ltr'><em>teneat</em></span> <span class='ocrx_word' id='word_1_966' title='bbox 1879 2121 1917 2142; x_wconf 91' lang='lat' dir='ltr'><em>ex</em></span> <span class='ocrx_word' id='word_1_967' title='bbox 1948 2117 2039 2152; x_wconf 90' lang='lat' dir='ltr'><em>parte</em></span> <span class='ocrx_word' id='word_1_968' title='bbox 2068 2111 2114 2141; x_wconf 89' lang='lat' dir='ltr'><em>rei</em></span> <span class='ocrx_word' id='word_1_969' title='bbox 2146 2117 2410 2151; x_wconf 86' lang='lat' dir='ltr'><em>repraesentatae.</em></span> <span class='ocrx_word' id='word_1_970' title='bbox 2435 2111 2469 2143; x_wconf 92' lang='lat' dir='ltr'><em>Si</em></span> 
     </span>
     <span class='ocr_line' id='line_1_126' title="bbox 1399 2155 2468 2197; baseline 0.001 -11"><span class='ocrx_word' id='word_1_971' title='bbox 1399 2156 1506 2196; x_wconf 92' lang='lat' dir='ltr'><em>primo</em></span> <span class='ocrx_word' id='word_1_972' title='bbox 1529 2155 1632 2187; x_wconf 92' lang='lat' dir='ltr'><em>modo</em></span> <span class='ocrx_word' id='word_1_973' title='bbox 1654 2156 1861 2196; x_wconf 87' lang='lat' dir='ltr'><em>intelligatur,</em></span> <span class='ocrx_word' id='word_1_974' title='bbox 1877 2161 2080 2196; x_wconf 89' lang='lat' dir='ltr'><em>assumptum</em></span> <span class='ocrx_word' id='word_1_975' title='bbox 2100 2161 2148 2186; x_wconf 89' lang='lat' dir='ltr'><em>est</em></span> <span class='ocrx_word' id='word_1_976' title='bbox 2170 2155 2301 2187; x_wconf 87' lang='lat' dir='ltr'><em>falsum:</em></span> <span class='ocrx_word' id='word_1_977' title='bbox 2322 2166 2381 2197; x_wconf 91' lang='lat' dir='ltr'><em>per</em></span> <span class='ocrx_word' id='word_1_978' title='bbox 2403 2155 2468 2187; x_wconf 77' lang='lat' dir='ltr'><em>fcr-</em></span> 
     </span>
    </p>
   </div>
   <div class='ocr_carea' id='block_1_16' title="bbox 1398 2200 2473 2237">
    <p class='ocr_par' dir='ltr' id='par_1_24' title="bbox 1398 2200 2473 2237">
     <span class='ocr_line' id='line_1_127' title="bbox 1398 2200 2473 2237; baseline 0.001 -6"><span class='ocrx_word' id='word_1_979' title='bbox 1398 2210 1487 2231; x_wconf 89' lang='lat' dir='ltr'><em>mam</em></span> <span class='ocrx_word' id='word_1_980' title='bbox 1510 2201 1598 2232; x_wconf 92' lang='lat' dir='ltr'><em>enim</em></span> <span class='ocrx_word' id='word_1_981' title='bbox 1621 2201 1713 2231; x_wconf 89' lang='lat' dir='ltr'><em>nullo</em></span> <span class='ocrx_word' id='word_1_982' title='bbox 1736 2200 1839 2231; x_wconf 90' lang='lat' dir='ltr'><em>modo</em></span> <span class='ocrx_word' id='word_1_983' title='bbox 1858 2201 1892 2231; x_wconf 92' lang='lat' dir='ltr'><em>in</em></span> <span class='ocrx_word' id='word_1_984' title='bbox 1911 2210 1946 2231; x_wconf 92' lang='lat' dir='ltr'><em>se</em></span> <span class='ocrx_word' id='word_1_985' title='bbox 1963 2201 2126 2237; x_wconf 87' lang='lat' dir='ltr'><em>variatam,</em></span> <span class='ocrx_word' id='word_1_986' title='bbox 2145 2206 2177 2230; x_wconf 92' lang='lat' dir='ltr'><em>et</em></span> <span class='ocrx_word' id='word_1_987' title='bbox 2199 2210 2234 2231; x_wconf 90' lang='lat' dir='ltr'><em>re</em></span> <span class='ocrx_word' id='word_1_988' title='bbox 2255 2206 2408 2231; x_wconf 87' lang='lat' dir='ltr'><em>manente</em></span> <span class='ocrx_word' id='word_1_989' title='bbox 2431 2211 2473 2232; x_wconf 51' lang='lat' dir='ltr'><em>ac¹</em></span> 
     </span>
    </p>
   </div>
   <div class='ocr_carea' id='block_1_17' title="bbox 1399 2245 2468 2286">
    <p class='ocr_par' dir='ltr' id='par_1_25' title="bbox 1399 2245 2468 2286">
     <span class='ocr_line' id='line_1_128' title="bbox 1399 2245 2468 2286; baseline 0.002 -11"><span class='ocrx_word' id='word_1_990' title='bbox 1399 2255 1433 2275; x_wconf 90' lang='lat' dir='ltr'><em>re</em></span> <span class='ocrx_word' id='word_1_991' title='bbox 1455 2254 1525 2275; x_wconf 91' lang='lat' dir='ltr'><em>non</em></span> <span class='ocrx_word' id='word_1_992' title='bbox 1547 2251 1700 2276; x_wconf 89' lang='lat' dir='ltr'><em>manente</em></span> <span class='ocrx_word' id='word_1_993' title='bbox 1729 2250 2033 2286; x_wconf 86' lang='lat' dir='ltr'><em>repraesentantem,</em></span> <span class='ocrx_word' id='word_1_994' title='bbox 2056 2249 2165 2285; x_wconf 89' lang='lat' dir='ltr'><em>potest</em></span> <span class='ocrx_word' id='word_1_995' title='bbox 2191 2245 2301 2276; x_wconf 90' lang='lat' dir='ltr'><em>haberi</em></span> <span class='ocrx_word' id='word_1_996' title='bbox 2324 2246 2468 2286; x_wconf 85' lang='lat' dir='ltr'><em>cognitio</em></span> 
     </span>
    </p>
   </div>
   <div class='ocr_carea' id='block_1_18' title="bbox 1384 2289 2469 2330">
    <p class='ocr_par' dir='ltr' id='par_1_26' title="bbox 1384 2289 2469 2330">
     <span class='ocr_line' id='line_1_129' title="bbox 1384 2289 2469 2330; baseline 0.001 -10"><span class='ocrx_word' id='word_1_997' title='bbox 1384 2290 1547 2324; x_wconf 80' lang='lat' dir='ltr'><em>·intuitiva</em></span> <span class='ocrx_word' id='word_1_998' title='bbox 1571 2289 1610 2320; x_wconf 92' lang='lat' dir='ltr'><em>de</em></span> <span class='ocrx_word' id='word_1_999' title='bbox 1634 2300 1668 2320; x_wconf 91' lang='lat' dir='ltr'><em>re</em></span> <span class='ocrx_word' id='word_1_1000' title='bbox 1692 2289 1838 2330; x_wconf 90' lang='lat' dir='ltr'><em>quandiu</em></span> <span class='ocrx_word' id='word_1_1001' title='bbox 1860 2295 1979 2320; x_wconf 91' lang='lat' dir='ltr'><em>manet.</em></span> <span class='ocrx_word' id='word_1_1002' title='bbox 1998 2308 2021 2312; x_wconf 91' lang='lat'><em>-</em></span> <span class='ocrx_word' id='word_1_1003' title='bbox 2045 2289 2077 2320; x_wconf 91' lang='lat' dir='ltr'><em>Si</em></span> <span class='ocrx_word' id='word_1_1004' title='bbox 2101 2298 2178 2320; x_wconf 91' lang='lat' dir='ltr'><em>vero</em></span> <span class='ocrx_word' id='word_1_1005' title='bbox 2202 2290 2397 2330; x_wconf 86' lang='lat' dir='ltr'><em>intelligatur</em></span> <span class='ocrx_word' id='word_1_1006' title='bbox 2420 2300 2469 2321; x_wconf 91' lang='lat' dir='ltr'><em>se-</em></span> 
     </span>
    </p>
   </div>
   <div class='ocr_carea' id='block_1_19' title="bbox 1395 2333 2470 3397">
    <p class='ocr_par' dir='ltr' id='par_1_27' title="bbox 1397 2333 2470 2775">
     <span class='ocr_line' id='line_1_130' title="bbox 1398 2333 2470 2375; baseline 0.001 -10"><span class='ocrx_word' id='word_1_1007' title='bbox 1398 2334 1507 2366; x_wconf 92' lang='lat' dir='ltr'><em>cundo</em></span> <span class='ocrx_word' id='word_1_1008' title='bbox 1530 2334 1644 2371; x_wconf 89' lang='lat' dir='ltr'><em>modo,</em></span> <span class='ocrx_word' id='word_1_1009' title='bbox 1659 2340 1794 2375; x_wconf 86' lang='lat' dir='ltr'><em>negatur</em></span> <span class='ocrx_word' id='word_1_1010' title='bbox 1809 2335 1918 2365; x_wconf 88' lang='lat' dir='ltr'><em>minor</em></span> <span class='ocrx_word' id='word_1_1011' title='bbox 1939 2333 2171 2365; x_wconf 88' lang='lat' dir='ltr'><em>subintellecta.</em></span> <span class='ocrx_word' id='word_1_1012' title='bbox 2187 2333 2264 2365; x_wconf 94' lang='lat' dir='ltr'><em>Non</em></span> <span class='ocrx_word' id='word_1_1013' title='bbox 2287 2335 2374 2365; x_wconf 91' lang='lat' dir='ltr'><em>enim</em></span> <span class='ocrx_word' id='word_1_1014' title='bbox 2397 2344 2470 2375; x_wconf 91' lang='lat' dir='ltr'><em>spe—</em></span> 
     </span>
     <span class='ocr_line' id='line_1_131' title="bbox 1398 2379 2470 2420; baseline -0.001 -10"><span class='ocrx_word' id='word_1_1015' title='bbox 1398 2380 1463 2410; x_wconf 89' lang='lat' dir='ltr'><em>cies</em></span> <span class='ocrx_word' id='word_1_1016' title='bbox 1486 2379 1603 2420; x_wconf 84' lang='lat' dir='ltr'><em>angelo</em></span> <span class='ocrx_word' id='word_1_1017' title='bbox 1619 2385 1789 2410; x_wconf 89' lang='lat' dir='ltr'><em>concreata</em></span> <span class='ocrx_word' id='word_1_1018' title='bbox 1805 2379 1923 2410; x_wconf 91' lang='lat' dir='ltr'><em>eodem</em></span> <span class='ocrx_word' id='word_1_1019' title='bbox 1941 2379 2043 2410; x_wconf 91' lang='lat' dir='ltr'><em>modo</em></span> <span class='ocrx_word' id='word_1_1020' title='bbox 2066 2384 2283 2419; x_wconf 87' lang='lat' dir='ltr'><em>repraesentat</em></span> <span class='ocrx_word' id='word_1_1021' title='bbox 2305 2388 2374 2410; x_wconf 89' lang='lat' dir='ltr'><em>rem</em></span> <span class='ocrx_word' id='word_1_1022' title='bbox 2390 2379 2470 2410; x_wconf 91' lang='lat' dir='ltr'><em>dum</em></span> 
     </span>
     <span class='ocr_line' id='line_1_132' title="bbox 1399 2423 2470 2464; baseline 0.001 -10"><span class='ocrx_word' id='word_1_1023' title='bbox 1399 2429 1456 2460; x_wconf 90' lang='lat' dir='ltr'><em>est,</em></span> <span class='ocrx_word' id='word_1_1024' title='bbox 1481 2429 1513 2454; x_wconf 93' lang='lat' dir='ltr'><em>et</em></span> <span class='ocrx_word' id='word_1_1025' title='bbox 1536 2423 1615 2454; x_wconf 91' lang='lat' dir='ltr'><em>dum</em></span> <span class='ocrx_word' id='word_1_1026' title='bbox 1637 2433 1706 2454; x_wconf 92' lang='lat' dir='ltr'><em>non</em></span> <span class='ocrx_word' id='word_1_1027' title='bbox 1730 2429 1793 2454; x_wconf 89' lang='lat' dir='ltr'><em>est:</em></span> <span class='ocrx_word' id='word_1_1028' title='bbox 1826 2424 1909 2454; x_wconf 92' lang='lat' dir='ltr'><em>sicut</em></span> <span class='ocrx_word' id='word_1_1029' title='bbox 1934 2433 1996 2454; x_wconf 91' lang='lat' dir='ltr'><em>nec</em></span> <span class='ocrx_word' id='word_1_1030' title='bbox 2022 2433 2073 2454; x_wconf 90' lang='lat' dir='ltr'><em>res</em></span> <span class='ocrx_word' id='word_1_1031' title='bbox 2095 2428 2329 2464; x_wconf 88' lang='lat' dir='ltr'><em>repraesentata</em></span> <span class='ocrx_word' id='word_1_1032' title='bbox 2351 2423 2470 2455; x_wconf 90' lang='lat' dir='ltr'><em>eodem</em></span> 
     </span>
     <span class='ocr_line' id='line_1_133' title="bbox 1397 2467 2468 2509; baseline -0.001 -10"><span class='ocrx_word' id='word_1_1033' title='bbox 1397 2468 1500 2499; x_wconf 90' lang='lat' dir='ltr'><em>modo</em></span> <span class='ocrx_word' id='word_1_1034' title='bbox 1516 2477 1550 2499; x_wconf 88' lang='lat' dir='ltr'><em>se</em></span> <span class='ocrx_word' id='word_1_1035' title='bbox 1566 2469 1663 2499; x_wconf 87' lang='lat' dir='ltr'><em>habet</em></span> <span class='ocrx_word' id='word_1_1036' title='bbox 1685 2467 1763 2499; x_wconf 90' lang='lat' dir='ltr'><em>dum</em></span> <span class='ocrx_word' id='word_1_1037' title='bbox 1786 2473 1906 2505; x_wconf 88' lang='lat' dir='ltr'><em>manet,</em></span> <span class='ocrx_word' id='word_1_1038' title='bbox 1923 2474 1956 2499; x_wconf 88' lang='lat' dir='ltr'><em>et</em></span> <span class='ocrx_word' id='word_1_1039' title='bbox 1970 2468 2050 2499; x_wconf 92' lang='lat' dir='ltr'><em>dum</em></span> <span class='ocrx_word' id='word_1_1040' title='bbox 2070 2477 2141 2498; x_wconf 91' lang='lat' dir='ltr'><em>non</em></span> <span class='ocrx_word' id='word_1_1041' title='bbox 2163 2473 2283 2504; x_wconf 87' lang='lat' dir='ltr'><em>manet,</em></span> <span class='ocrx_word' id='word_1_1042' title='bbox 2299 2468 2468 2509; x_wconf 88' lang='lat' dir='ltr'><em>loquendo</em></span> 
     </span>
     <span class='ocr_line' id='line_1_134' title="bbox 1399 2511 2468 2553; baseline -0.001 -9"><span class='ocrx_word' id='word_1_1043' title='bbox 1399 2512 1439 2544; x_wconf 91' lang='lat' dir='ltr'><em>de</em></span> <span class='ocrx_word' id='word_1_1044' title='bbox 1454 2522 1488 2544; x_wconf 92' lang='lat' dir='ltr'><em>re</em></span> <span class='ocrx_word' id='word_1_1045' title='bbox 1510 2513 1672 2553; x_wconf 87' lang='lat' dir='ltr'><em>singulari.</em></span> <span class='ocrx_word' id='word_1_1046' title='bbox 1697 2512 1761 2543; x_wconf 93' lang='lat' dir='ltr'><em>Sed</em></span> <span class='ocrx_word' id='word_1_1047' title='bbox 1784 2513 1867 2543; x_wconf 90' lang='lat' dir='ltr'><em>bene</em></span> <span class='ocrx_word' id='word_1_1048' title='bbox 1891 2522 2004 2543; x_wconf 89' lang='lat' dir='ltr'><em>verum</em></span> <span class='ocrx_word' id='word_1_1049' title='bbox 2028 2518 2076 2543; x_wconf 91' lang='lat' dir='ltr'><em>est</em></span> <span class='ocrx_word' id='word_1_1050' title='bbox 2099 2511 2189 2552; x_wconf 88' lang='lat' dir='ltr'><em>quod</em></span> <span class='ocrx_word' id='word_1_1051' title='bbox 2213 2513 2316 2552; x_wconf 88' lang='lat' dir='ltr'><em>ipsam</em></span> <span class='ocrx_word' id='word_1_1052' title='bbox 2340 2512 2468 2553; x_wconf 84' lang='lat' dir='ltr'><em>quiddi-</em></span> 
     </span>
     <span class='ocr_line' id='line_1_135' title="bbox 1398 2556 2468 2597; baseline -0.001 -10"><span class='ocrx_word' id='word_1_1053' title='bbox 1398 2563 1497 2588; x_wconf 90' lang='lat' dir='ltr'><em>tatem</em></span> <span class='ocrx_word' id='word_1_1054' title='bbox 1527 2557 1684 2593; x_wconf 89' lang='lat' dir='ltr'><em>absolute‚</em></span> <span class='ocrx_word' id='word_1_1055' title='bbox 1709 2562 1868 2597; x_wconf 89' lang='lat' dir='ltr'><em>quantum</em></span> <span class='ocrx_word' id='word_1_1056' title='bbox 1891 2557 1931 2587; x_wconf 87' lang='lat' dir='ltr'><em>ad</em></span> <span class='ocrx_word' id='word_1_1057' title='bbox 1955 2567 1991 2587; x_wconf 90' lang='lat' dir='ltr'><em>ea</em></span> <span class='ocrx_word' id='word_1_1058' title='bbox 2023 2566 2106 2597; x_wconf 90' lang='lat' dir='ltr'><em>quae</em></span> <span class='ocrx_word' id='word_1_1059' title='bbox 2137 2556 2344 2587; x_wconf 87' lang='lat' dir='ltr'><em>essentialiter</em></span> <span class='ocrx_word' id='word_1_1060' title='bbox 2374 2557 2468 2597; x_wconf 92' lang='lat' dir='ltr'><em>quid-</em></span> 
     </span>
     <span class='ocr_line' id='line_1_136' title="bbox 1399 2601 2468 2641; baseline 0 -9"><span class='ocrx_word' id='word_1_1061' title='bbox 1399 2601 1504 2632; x_wconf 85' lang='lat' dir='ltr'><em>ditatis</em></span> <span class='ocrx_word' id='word_1_1062' title='bbox 1537 2606 1621 2637; x_wconf 88' lang='lat' dir='ltr'><em>sunt,</em></span> <span class='ocrx_word' id='word_1_1063' title='bbox 1649 2610 1778 2641; x_wconf 89' lang='lat' dir='ltr'><em>semper</em></span> <span class='ocrx_word' id='word_1_1064' title='bbox 1800 2601 1918 2632; x_wconf 91' lang='lat' dir='ltr'><em>eodem</em></span> <span class='ocrx_word' id='word_1_1065' title='bbox 1946 2601 2048 2632; x_wconf 92' lang='lat' dir='ltr'><em>modo</em></span> <span class='ocrx_word' id='word_1_1066' title='bbox 2079 2606 2304 2641; x_wconf 90' lang='lat' dir='ltr'><em>repraesentat,</em></span> <span class='ocrx_word' id='word_1_1067' title='bbox 2329 2601 2395 2631; x_wconf 90' lang='lat' dir='ltr'><em>sive</em></span> <span class='ocrx_word' id='word_1_1068' title='bbox 2418 2611 2468 2632; x_wconf 90' lang='lat' dir='ltr'><em>res</em></span> 
     </span>
     <span class='ocr_line' id='line_1_137' title="bbox 1398 2644 2467 2686; baseline 0 -10"><span class='ocrx_word' id='word_1_1069' title='bbox 1398 2647 1439 2676; x_wconf 90' lang='lat' dir='ltr'><em>sit</em></span> <span class='ocrx_word' id='word_1_1070' title='bbox 1468 2647 1534 2676; x_wconf 90' lang='lat' dir='ltr'><em>sive</em></span> <span class='ocrx_word' id='word_1_1071' title='bbox 1564 2655 1632 2676; x_wconf 91' lang='lat' dir='ltr'><em>non</em></span> <span class='ocrx_word' id='word_1_1072' title='bbox 1666 2646 1719 2676; x_wconf 87' lang='lat' dir='ltr'><em>sit:</em></span> <span class='ocrx_word' id='word_1_1073' title='bbox 1749 2646 1824 2686; x_wconf 88' lang='lat' dir='ltr'><em>quia</em></span> <span class='ocrx_word' id='word_1_1074' title='bbox 1855 2645 1909 2676; x_wconf 90' lang='lat' dir='ltr'><em>illa</em></span> <span class='ocrx_word' id='word_1_1075' title='bbox 1938 2655 2007 2676; x_wconf 92' lang='lat' dir='ltr'><em>non</em></span> <span class='ocrx_word' id='word_1_1076' title='bbox 2037 2646 2212 2682; x_wconf 89' lang='lat' dir='ltr'><em>variantur;</em></span> <span class='ocrx_word' id='word_1_1077' title='bbox 2244 2651 2276 2676; x_wconf 91' lang='lat' dir='ltr'><em>et</em></span> <span class='ocrx_word' id='word_1_1078' title='bbox 2306 2644 2467 2685; x_wconf 89' lang='lat' dir='ltr'><em>quidditas</em></span> 
     </span>
     <span class='ocr_line' id='line_1_138' title="bbox 1398 2690 2468 2721; baseline 0 0"><span class='ocrx_word' id='word_1_1079' title='bbox 1398 2691 1544 2721; x_wconf 87' lang='lat' dir='ltr'><em>absolute</em></span> <span class='ocrx_word' id='word_1_1080' title='bbox 1579 2690 1779 2720; x_wconf 89' lang='lat' dir='ltr'><em>considerata</em></span> <span class='ocrx_word' id='word_1_1081' title='bbox 1814 2690 1966 2720; x_wconf 89' lang='lat' dir='ltr'><em>abstrahit</em></span> <span class='ocrx_word' id='word_1_1082' title='bbox 2000 2690 2039 2720; x_wconf 91' lang='lat' dir='ltr'><em>ab</em></span> <span class='ocrx_word' id='word_1_1083' title='bbox 2071 2690 2237 2720; x_wconf 89' lang='lat' dir='ltr'><em>existentia</em></span> <span class='ocrx_word' id='word_1_1084' title='bbox 2268 2694 2299 2720; x_wconf 91' lang='lat' dir='ltr'><em>et</em></span> <span class='ocrx_word' id='word_1_1085' title='bbox 2329 2690 2368 2720; x_wconf 92' lang='lat' dir='ltr'><em>ab</em></span> <span class='ocrx_word' id='word_1_1086' title='bbox 2399 2690 2468 2721; x_wconf 86' lang='lat' dir='ltr'><em>aliis</em></span> 
     </span>
     <span class='ocr_line' id='line_1_139' title="bbox 1397 2734 1916 2775; baseline -0.002 -10"><span class='ocrx_word' id='word_1_1087' title='bbox 1397 2735 1641 2775; x_wconf 89' lang='lat' dir='ltr'><em>particularibus</em></span> <span class='ocrx_word' id='word_1_1088' title='bbox 1665 2734 1916 2765; x_wconf 90' lang='lat' dir='ltr'><em>conditionibus.</em></span> 
     </span>
    </p>

    <p class='ocr_par' dir='ltr' id='par_1_28' title="bbox 1395 2778 2467 3397">
     <span class='ocr_line' id='line_1_140' title="bbox 1453 2778 2467 2819; baseline 0.001 -10"><span class='ocrx_word' id='word_1_1089' title='bbox 1453 2779 1551 2810; x_wconf 88' lang='lat' dir='ltr'><em>XVII.</em></span> <span class='ocrx_word' id='word_1_1090' title='bbox 1576 2778 1628 2809; x_wconf 84' lang='lat' dir='ltr'><em>Ad</em></span> <span class='ocrx_word' id='word_1_1091' title='bbox 1650 2780 1790 2809; x_wconf 91' lang='lat' dir='ltr'><em>rationes</em></span> <span class='ocrx_word' id='word_1_1092' title='bbox 1814 2785 1926 2810; x_wconf 86' lang='lat' dir='ltr'><em>contra</em></span> <span class='ocrx_word' id='word_1_1093' title='bbox 1949 2779 2090 2819; x_wconf 90' lang='lat' dir='ltr'><em>primum</em></span> <span class='ocrx_word' id='word_1_1094' title='bbox 2115 2778 2351 2809; x_wconf 71' lang='lat' dir='ltr'><em>corollarium*</em></span> <span class='ocrx_word' id='word_1_1095' title='bbox 2370 2779 2467 2810; x_wconf 91' lang='lat' dir='ltr'><em>simul</em></span> 
     </span>
     <span class='ocr_line' id='line_1_141' title="bbox 1398 2823 2466 2864; baseline 0 -10"><span class='ocrx_word' id='word_1_1096' title='bbox 1398 2823 1515 2861; x_wconf 88' lang='lat' dir='ltr'><em>dicitur</em></span> <span class='ocrx_word' id='word_1_1097' title='bbox 1537 2823 1628 2864; x_wconf 89' lang='lat' dir='ltr'><em>quod</em></span> <span class='ocrx_word' id='word_1_1098' title='bbox 1650 2823 1704 2854; x_wconf 91' lang='lat' dir='ltr'><em>illa</em></span> <span class='ocrx_word' id='word_1_1099' title='bbox 1727 2824 1920 2864; x_wconf 85' lang='lat' dir='ltr'><em>propositio,</em></span> <span class='ocrx_word' id='word_1_1100' title='bbox 1947 2823 2110 2864; x_wconf 84' lang='lat' dir='ltr'><em>Quicquid</em></span> <span class='ocrx_word' id='word_1_1101' title='bbox 2124 2823 2341 2864; x_wconf 64' lang='lat' dir='ltr'><em>&gt;perfectionis</em></span> <span class='ocrx_word' id='word_1_1102' title='bbox 2363 2829 2411 2854; x_wconf 88' lang='lat' dir='ltr'><em>est</em></span> <span class='ocrx_word' id='word_1_1103' title='bbox 2433 2824 2466 2854; x_wconf 91' lang='lat' dir='ltr'><em>in</em></span> 
     </span>
     <span class='ocr_line' id='line_1_142' title="bbox 1399 2868 2465 2910; baseline -0.001 -11"><span class='ocrx_word' id='word_1_1104' title='bbox 1399 2873 1520 2899; x_wconf 86' lang='lat' dir='ltr'><em>natura</em></span> <span class='ocrx_word' id='word_1_1105' title='bbox 1552 2868 1717 2910; x_wconf 83' lang='lat' dir='ltr'><em>inferiori,</em></span> <span class='ocrx_word' id='word_1_1106' title='bbox 1741 2868 1843 2898; x_wconf 88' lang='lat' dir='ltr'><em>multo</em></span> <span class='ocrx_word' id='word_1_1107' title='bbox 1874 2868 1981 2909; x_wconf 83' lang='lat' dir='ltr'><em>magis</em></span> <span class='ocrx_word' id='word_1_1108' title='bbox 2011 2868 2113 2898; x_wconf 84' lang='lat' dir='ltr'><em>estin</em></span> <span class='ocrx_word' id='word_1_1109' title='bbox 2141 2872 2262 2898; x_wconf 83' lang='lat' dir='ltr'><em>natura</em></span> <span class='ocrx_word' id='word_1_1110' title='bbox 2291 2869 2465 2908; x_wconf 83' lang='lat' dir='ltr'><em>superiori,</em></span> 
     </span>
     <span class='ocr_line' id='line_1_143' title="bbox 1398 2911 2465 2952; baseline -0.001 -9"><span class='ocrx_word' id='word_1_1111' title='bbox 1398 2913 1495 2944; x_wconf 90' lang='lat' dir='ltr'><em>habet</em></span> <span class='ocrx_word' id='word_1_1112' title='bbox 1517 2913 1684 2943; x_wconf 90' lang='lat' dir='ltr'><em>veritatem</em></span> <span class='ocrx_word' id='word_1_1113' title='bbox 1707 2918 1834 2943; x_wconf 89' lang='lat' dir='ltr'><em>tantum</em></span> <span class='ocrx_word' id='word_1_1114' title='bbox 1850 2912 1890 2943; x_wconf 92' lang='lat' dir='ltr'><em>de</em></span> <span class='ocrx_word' id='word_1_1115' title='bbox 1905 2913 1943 2943; x_wconf 91' lang='lat' dir='ltr'><em>iis</em></span> <span class='ocrx_word' id='word_1_1116' title='bbox 1959 2922 2042 2952; x_wconf 92' lang='lat' dir='ltr'><em>quae</em></span> <span class='ocrx_word' id='word_1_1117' title='bbox 2066 2917 2140 2942; x_wconf 91' lang='lat' dir='ltr'><em>sunt</em></span> <span class='ocrx_word' id='word_1_1118' title='bbox 2164 2911 2308 2942; x_wconf 90' lang='lat' dir='ltr'><em>eiusdem</em></span> <span class='ocrx_word' id='word_1_1119' title='bbox 2330 2913 2465 2952; x_wconf 88' lang='lat' dir='ltr'><em>generis,</em></span> 
     </span>
     <span class='ocr_line' id='line_1_144' title="bbox 1397 2957 2466 2998; baseline 0 -10"><span class='ocrx_word' id='word_1_1120' title='bbox 1397 2967 1466 2988; x_wconf 92' lang='lat' dir='ltr'><em>non</em></span> <span class='ocrx_word' id='word_1_1121' title='bbox 1490 2963 1599 2989; x_wconf 91' lang='lat' dir='ltr'><em>autem</em></span> <span class='ocrx_word' id='word_1_1122' title='bbox 1623 2957 1663 2988; x_wconf 93' lang='lat' dir='ltr'><em>de</em></span> <span class='ocrx_word' id='word_1_1123' title='bbox 1685 2957 1724 2987; x_wconf 87' lang='lat' dir='ltr'><em>iis</em></span> <span class='ocrx_word' id='word_1_1124' title='bbox 1748 2966 1832 2998; x_wconf 91' lang='lat' dir='ltr'><em>quae</em></span> <span class='ocrx_word' id='word_1_1125' title='bbox 1855 2963 1930 2988; x_wconf 87' lang='lat' dir='ltr'><em>sunt</em></span> <span class='ocrx_word' id='word_1_1126' title='bbox 1953 2957 2153 2988; x_wconf 88' lang='lat' dir='ltr'><em>diversorum</em></span> <span class='ocrx_word' id='word_1_1127' title='bbox 2175 2966 2346 2997; x_wconf 90' lang='lat' dir='ltr'><em>generum;</em></span> <span class='ocrx_word' id='word_1_1128' title='bbox 2372 2962 2403 2987; x_wconf 91' lang='lat' dir='ltr'><em>et</em></span> <span class='ocrx_word' id='word_1_1129' title='bbox 2426 2957 2466 2988; x_wconf 89' lang='lat' dir='ltr'><em>de</em></span> 
     </span>
     <span class='ocr_line' id='line_1_145' title="bbox 1397 3000 2466 3043; baseline -0.001 -10"><span class='ocrx_word' id='word_1_1130' title='bbox 1397 3001 1598 3043; x_wconf 80' lang='lat' dir='ltr'><em>perfectione</em></span> <span class='ocrx_word' id='word_1_1131' title='bbox 1626 3011 1726 3042; x_wconf 91' lang='lat' dir='ltr'><em>quam</em></span> <span class='ocrx_word' id='word_1_1132' title='bbox 1756 3001 1845 3033; x_wconf 90' lang='lat' dir='ltr'><em>nulla</em></span> <span class='ocrx_word' id='word_1_1133' title='bbox 1875 3000 2076 3042; x_wconf 88' lang='lat' dir='ltr'><em>imperfectio</em></span> <span class='ocrx_word' id='word_1_1134' title='bbox 2108 3001 2354 3032; x_wconf 88' lang='lat' dir='ltr'><em>concomitatur.</em></span> <span class='ocrx_word' id='word_1_1135' title='bbox 2380 3001 2466 3039; x_wconf 90' lang='lat' dir='ltr'><em>Quia</em></span> 
     </span>
     <span class='ocr_line' id='line_1_146' title="bbox 1398 3045 2466 3087; baseline 0 -10"><span class='ocrx_word' id='word_1_1136' title='bbox 1398 3046 1521 3087; x_wconf 90' lang='lat' dir='ltr'><em>aliquid</em></span> <span class='ocrx_word' id='word_1_1137' title='bbox 1551 3051 1660 3087; x_wconf 89' lang='lat' dir='ltr'><em>potest</em></span> <span class='ocrx_word' id='word_1_1138' title='bbox 1689 3056 1758 3077; x_wconf 88' lang='lat' dir='ltr'><em>esse</em></span> <span class='ocrx_word' id='word_1_1139' title='bbox 1785 3045 1993 3086; x_wconf 89' lang='lat' dir='ltr'><em>perfectionis</em></span> <span class='ocrx_word' id='word_1_1140' title='bbox 2015 3047 2049 3076; x_wconf 89' lang='lat' dir='ltr'><em>in</em></span> <span class='ocrx_word' id='word_1_1141' title='bbox 2073 3051 2186 3076; x_wconf 88' lang='lat' dir='ltr'><em>natura</em></span> <span class='ocrx_word' id='word_1_1142' title='bbox 2208 3045 2352 3076; x_wconf 86' lang='lat' dir='ltr'><em>inferiori</em></span> <span class='ocrx_word' id='word_1_1143' title='bbox 2376 3045 2466 3086; x_wconf 93' lang='lat' dir='ltr'><em>quod</em></span> 
     </span>
     <span class='ocr_line' id='line_1_147' title="bbox 1398 3090 2465 3131; baseline -0.001 -10"><span class='ocrx_word' id='word_1_1144' title='bbox 1398 3096 1507 3121; x_wconf 91' lang='lat' dir='ltr'><em>tamen</em></span> <span class='ocrx_word' id='word_1_1145' title='bbox 1524 3096 1606 3121; x_wconf 88' lang='lat' dir='ltr'><em>esset</em></span> <span class='ocrx_word' id='word_1_1146' title='bbox 1621 3090 1875 3131; x_wconf 89' lang='lat' dir='ltr'><em>imperfectionis</em></span> <span class='ocrx_word' id='word_1_1147' title='bbox 1891 3091 1923 3120; x_wconf 92' lang='lat' dir='ltr'><em>in</em></span> <span class='ocrx_word' id='word_1_1148' title='bbox 1940 3095 2053 3121; x_wconf 90' lang='lat' dir='ltr'><em>natura</em></span> <span class='ocrx_word' id='word_1_1149' title='bbox 2073 3090 2240 3130; x_wconf 89' lang='lat' dir='ltr'><em>superiori,</em></span> <span class='ocrx_word' id='word_1_1150' title='bbox 2257 3095 2390 3130; x_wconf 91' lang='lat' dir='ltr'><em>propter</em></span> <span class='ocrx_word' id='word_1_1151' title='bbox 2404 3091 2465 3120; x_wconf 88' lang='lat' dir='ltr'><em>im-</em></span> 
     </span>
     <span class='ocr_line' id='line_1_148' title="bbox 1397 3133 2463 3176; baseline -0.002 -10"><span class='ocrx_word' id='word_1_1152' title='bbox 1397 3135 1632 3176; x_wconf 87' lang='lat' dir='ltr'><em>perfectionem</em></span> <span class='ocrx_word' id='word_1_1153' title='bbox 1648 3135 1790 3176; x_wconf 87' lang='lat' dir='ltr'><em>aliquam</em></span> <span class='ocrx_word' id='word_1_1154' title='bbox 1814 3135 2091 3165; x_wconf 90' lang='lat' dir='ltr'><em>concomitantem</em></span> <span class='ocrx_word' id='word_1_1155' title='bbox 2108 3134 2195 3165; x_wconf 87' lang='lat' dir='ltr'><em>illam</em></span> <span class='ocrx_word' id='word_1_1156' title='bbox 2211 3133 2463 3174; x_wconf 89' lang='lat' dir='ltr'><em>perfectionem:</em></span> 
     </span>
     <span class='ocr_line' id='line_1_149' title="bbox 1397 3178 2463 3220; baseline 0 -10"><span class='ocrx_word' id='word_1_1157' title='bbox 1397 3181 1480 3210; x_wconf 91' lang='lat' dir='ltr'><em>sicut</em></span> <span class='ocrx_word' id='word_1_1158' title='bbox 1502 3187 1655 3220; x_wconf 84' lang='lat' dir='ltr'><em>generare</em></span> <span class='ocrx_word' id='word_1_1159' title='bbox 1678 3181 1738 3210; x_wconf 90' lang='lat' dir='ltr'><em>sibi</em></span> <span class='ocrx_word' id='word_1_1160' title='bbox 1761 3179 1867 3210; x_wconf 88' lang='lat' dir='ltr'><em>simile</em></span> <span class='ocrx_word' id='word_1_1161' title='bbox 1893 3184 1942 3209; x_wconf 93' lang='lat' dir='ltr'><em>est</em></span> <span class='ocrx_word' id='word_1_1162' title='bbox 1967 3178 2175 3219; x_wconf 85' lang='lat' dir='ltr'><em>perfectionis</em></span> <span class='ocrx_word' id='word_1_1163' title='bbox 2198 3179 2232 3209; x_wconf 90' lang='lat' dir='ltr'><em>in</em></span> <span class='ocrx_word' id='word_1_1164' title='bbox 2254 3184 2368 3209; x_wconf 87' lang='lat' dir='ltr'><em>natura</em></span> <span class='ocrx_word' id='word_1_1165' title='bbox 2391 3188 2463 3210; x_wconf 91' lang='lat' dir='ltr'><em>cor-</em></span> 
     </span>
     <span class='ocr_line' id='line_1_150' title="bbox 1396 3223 2464 3265; baseline -0.001 -11"><span class='ocrx_word' id='word_1_1166' title='bbox 1396 3225 1550 3265; x_wconf 90' lang='lat' dir='ltr'><em>ruptibili,</em></span> <span class='ocrx_word' id='word_1_1167' title='bbox 1574 3234 1642 3257; x_wconf 92' lang='lat' dir='ltr'><em>non</em></span> <span class='ocrx_word' id='word_1_1168' title='bbox 1673 3230 1783 3255; x_wconf 89' lang='lat' dir='ltr'><em>autem</em></span> <span class='ocrx_word' id='word_1_1169' title='bbox 1809 3225 1844 3255; x_wconf 93' lang='lat' dir='ltr'><em>in</em></span> <span class='ocrx_word' id='word_1_1170' title='bbox 1866 3229 1980 3254; x_wconf 93' lang='lat' dir='ltr'><em>natura</em></span> <span class='ocrx_word' id='word_1_1171' title='bbox 2006 3223 2257 3263; x_wconf 86' lang='lat' dir='ltr'><em>incorruptibili;</em></span> <span class='ocrx_word' id='word_1_1172' title='bbox 2282 3223 2359 3263; x_wconf 87' lang='lat' dir='ltr'><em>quia</em></span> <span class='ocrx_word' id='word_1_1173' title='bbox 2380 3223 2464 3254; x_wconf 90' lang='lat' dir='ltr'><em>hanc</em></span> 
     </span>
     <span class='ocr_line' id='line_1_151' title="bbox 1396 3266 2465 3309; baseline -0.001 -10"><span class='ocrx_word' id='word_1_1174' title='bbox 1396 3269 1631 3309; x_wconf 87' lang='lat' dir='ltr'><em>perfectionem</em></span> <span class='ocrx_word' id='word_1_1175' title='bbox 1664 3269 1902 3299; x_wconf 90' lang='lat' dir='ltr'><em>concomitatur</em></span> <span class='ocrx_word' id='word_1_1176' title='bbox 1931 3268 2011 3298; x_wconf 86' lang='lat' dir='ltr'><em>haec</em></span> <span class='ocrx_word' id='word_1_1177' title='bbox 2042 3267 2255 3308; x_wconf 87' lang='lat' dir='ltr'><em>imperfectio,</em></span> <span class='ocrx_word' id='word_1_1178' title='bbox 2287 3266 2378 3308; x_wconf 83' lang='lat' dir='ltr'><em>quod</em></span> <span class='ocrx_word' id='word_1_1179' title='bbox 2407 3277 2465 3299; x_wconf 84' lang='lat' dir='ltr'><em>na-</em></span> 
     </span>
     <span class='ocr_line' id='line_1_152' title="bbox 1396 3311 2464 3354; baseline -0.001 -10"><span class='ocrx_word' id='word_1_1180' title='bbox 1396 3319 1467 3344; x_wconf 91' lang='lat' dir='ltr'><em>tura</em></span> <span class='ocrx_word' id='word_1_1181' title='bbox 1490 3323 1559 3344; x_wconf 91' lang='lat' dir='ltr'><em>non</em></span> <span class='ocrx_word' id='word_1_1182' title='bbox 1581 3319 1690 3354; x_wconf 91' lang='lat' dir='ltr'><em>potest</em></span> <span class='ocrx_word' id='word_1_1183' title='bbox 1712 3314 1745 3343; x_wconf 91' lang='lat' dir='ltr'><em>in</em></span> <span class='ocrx_word' id='word_1_1184' title='bbox 1769 3322 1837 3343; x_wconf 91' lang='lat' dir='ltr'><em>uno</em></span> <span class='ocrx_word' id='word_1_1185' title='bbox 1866 3311 2035 3343; x_wconf 91' lang='lat' dir='ltr'><em>individuo</em></span> <span class='ocrx_word' id='word_1_1186' title='bbox 2066 3311 2258 3352; x_wconf 88' lang='lat' dir='ltr'><em>perpet-uari,</em></span> <span class='ocrx_word' id='word_1_1187' title='bbox 2283 3317 2315 3343; x_wconf 83' lang='lat' dir='ltr'><em>et</em></span> <span class='ocrx_word' id='word_1_1188' title='bbox 2337 3312 2372 3342; x_wconf 88' lang='lat' dir='ltr'><em>in</em></span> <span class='ocrx_word' id='word_1_1189' title='bbox 2394 3321 2464 3343; x_wconf 91' lang='lat' dir='ltr'><em>uno</em></span> 
     </span>
     <span class='ocr_line' id='line_1_153' title="bbox 1395 3355 2464 3397; baseline -0.002 -9"><span class='ocrx_word' id='word_1_1190' title='bbox 1395 3357 1564 3389; x_wconf 90' lang='lat' dir='ltr'><em>individuo</em></span> <span class='ocrx_word' id='word_1_1191' title='bbox 1588 3367 1656 3388; x_wconf 89' lang='lat' dir='ltr'><em>non</em></span> <span class='ocrx_word' id='word_1_1192' title='bbox 1679 3358 1776 3388; x_wconf 90' lang='lat' dir='ltr'><em>habet</em></span> <span class='ocrx_word' id='word_1_1193' title='bbox 1799 3366 1931 3387; x_wconf 91' lang='lat' dir='ltr'><em>omnem</em></span> <span class='ocrx_word' id='word_1_1194' title='bbox 1956 3355 2190 3397; x_wconf 88' lang='lat' dir='ltr'><em>perfectionem</em></span> <span class='ocrx_word' id='word_1_1195' title='bbox 2215 3365 2298 3396; x_wconf 90' lang='lat' dir='ltr'><em>quae</em></span> <span class='ocrx_word' id='word_1_1196' title='bbox 2321 3361 2395 3386; x_wconf 90' lang='lat' dir='ltr'><em>nata</em></span> <span class='ocrx_word' id='word_1_1197' title='bbox 2417 3361 2464 3387; x_wconf 88' lang='lat' dir='ltr'><em>est</em></span> 
     </span>
    </p>
   </div>
   <div class='ocr_carea' id='block_1_20' title="bbox 1395 3399 2476 3441">
    <p class='ocr_par' dir='ltr' id='par_1_29' title="bbox 1395 3399 2476 3441">
     <span class='ocr_line' id='line_1_154' title="bbox 1395 3399 2476 3441; baseline -0.002 -8"><span class='ocrx_word' id='word_1_1198' title='bbox 1395 3403 1456 3433; x_wconf 90' lang='lat' dir='ltr'><em>sibi</em></span> <span class='ocrx_word' id='word_1_1199' title='bbox 1475 3402 1622 3433; x_wconf 87' lang='lat' dir='ltr'><em>absolute</em></span> <span class='ocrx_word' id='word_1_1200' title='bbox 1639 3401 1828 3437; x_wconf 86' lang='lat' dir='ltr'><em>convenire;</em></span> <span class='ocrx_word' id='word_1_1201' title='bbox 1845 3401 1927 3431; x_wconf 88' lang='lat' dir='ltr'><em>haec</em></span> <span class='ocrx_word' id='word_1_1202' title='bbox 1937 3406 2045 3431; x_wconf 91' lang='lat' dir='ltr'><em>autem</em></span> <span class='ocrx_word' id='word_1_1203' title='bbox 2060 3400 2274 3441; x_wconf 89' lang='lat' dir='ltr'><em>imperfecti0‚</em></span> <span class='ocrx_word' id='word_1_1204' title='bbox 2288 3409 2371 3440; x_wconf 91' lang='lat' dir='ltr'><em>quae</em></span> <span class='ocrx_word' id='word_1_1205' title='bbox 2386 3399 2476 3431; x_wconf 50' lang='lat' dir='ltr'><em>huic*</em></span> 
     </span>
    </p>
   </div>
   <div class='ocr_carea' id='block_1_21' title="bbox 1394 3445 2464 3665">
    <p class='ocr_par' dir='ltr' id='par_1_30' title="bbox 1394 3445 2464 3665">
     <span class='ocr_line' id='line_1_155' title="bbox 1395 3445 2464 3487; baseline -0.003 -9"><span class='ocrx_word' id='word_1_1206' title='bbox 1395 3446 1587 3487; x_wconf 86' lang='lat' dir='ltr'><em>perfectioni</em></span> <span class='ocrx_word' id='word_1_1207' title='bbox 1617 3446 1900 3487; x_wconf 88' lang='lat' dir='ltr'><em>praesupponitur,</em></span> <span class='ocrx_word' id='word_1_1208' title='bbox 1924 3450 2083 3485; x_wconf 88' lang='lat' dir='ltr'><em>repugnat</em></span> <span class='ocrx_word' id='word_1_1209' title='bbox 2111 3450 2244 3475; x_wconf 90' lang='lat' dir='ltr'><em>naturae</em></span> <span class='ocrx_word' id='word_1_1210' title='bbox 2269 3445 2464 3485; x_wconf 88' lang='lat' dir='ltr'><em>incorrupti-</em></span> 
     </span>
     <span class='ocr_line' id='line_1_156' title="bbox 1395 3489 2464 3528; baseline -0.002 -6"><span class='ocrx_word' id='word_1_1211' title='bbox 1395 3491 1461 3528; x_wconf 91' lang='lat' dir='ltr'><em>bili,</em></span> <span class='ocrx_word' id='word_1_1212' title='bbox 1487 3497 1518 3522; x_wconf 89' lang='lat' dir='ltr'><em>et</em></span> <span class='ocrx_word' id='word_1_1213' title='bbox 1540 3492 1680 3522; x_wconf 88' lang='lat' dir='ltr'><em>maxime</em></span> <span class='ocrx_word' id='word_1_1214' title='bbox 1712 3495 1844 3521; x_wconf 88' lang='lat' dir='ltr'><em>naturae</em></span> <span class='ocrx_word' id='word_1_1215' title='bbox 1874 3490 2091 3526; x_wconf 79' lang='lat' dir='ltr'><em>immateriali3</em></span> <span class='ocrx_word' id='word_1_1216' title='bbox 2115 3489 2189 3520; x_wconf 90' lang='lat' dir='ltr'><em>ideo</em></span> <span class='ocrx_word' id='word_1_1217' title='bbox 2217 3490 2250 3519; x_wconf 91' lang='lat' dir='ltr'><em>in</em></span> <span class='ocrx_word' id='word_1_1218' title='bbox 2274 3489 2327 3520; x_wconf 91' lang='lat' dir='ltr'><em>illa</em></span> <span class='ocrx_word' id='word_1_1219' title='bbox 2349 3495 2464 3520; x_wconf 90' lang='lat' dir='ltr'><em>natura</em></span> 
     </span>
     <span class='ocr_line' id='line_1_157' title="bbox 1394 3533 2464 3575; baseline -0.002 -9"><span class='ocrx_word' id='word_1_1220' title='bbox 1394 3545 1463 3566; x_wconf 92' lang='lat' dir='ltr'><em>non</em></span> <span class='ocrx_word' id='word_1_1221' title='bbox 1486 3536 1648 3566; x_wconf 89' lang='lat' dir='ltr'><em>invenitur</em></span> <span class='ocrx_word' id='word_1_1222' title='bbox 1663 3536 1722 3565; x_wconf 89' lang='lat' dir='ltr'><em>ista</em></span> <span class='ocrx_word' id='word_1_1223' title='bbox 1738 3534 1894 3575; x_wconf 90' lang='lat' dir='ltr'><em>perfectio</em></span> <span class='ocrx_word' id='word_1_1224' title='bbox 1917 3540 2049 3565; x_wconf 89' lang='lat' dir='ltr'><em>naturae</em></span> <span class='ocrx_word' id='word_1_1225' title='bbox 2074 3534 2298 3574; x_wconf 88' lang='lat' dir='ltr'><em>corruptibilis.</em></span> <span class='ocrx_word' id='word_1_1226' title='bbox 2312 3533 2464 3565; x_wconf 91' lang='lat' dir='ltr'><em>Similiter</em></span> 
     </span>
     <span class='ocr_line' id='line_1_158' title="bbox 1394 3578 2464 3621; baseline -0.002 -10"><span class='ocrx_word' id='word_1_1227' title='bbox 1394 3581 1504 3621; x_wconf 88' lang='lat' dir='ltr'><em>itaque</em></span> <span class='ocrx_word' id='word_1_1228' title='bbox 1528 3581 1561 3610; x_wconf 93' lang='lat' dir='ltr'><em>in</em></span> <span class='ocrx_word' id='word_1_1229' title='bbox 1581 3580 1762 3620; x_wconf 87' lang='lat' dir='ltr'><em>proposito,</em></span> <span class='ocrx_word' id='word_1_1230' title='bbox 1778 3579 1895 3610; x_wconf 88' lang='lat' dir='ltr'><em>habere</em></span> <span class='ocrx_word' id='word_1_1231' title='bbox 1919 3579 2070 3610; x_wconf 87' lang='lat' dir='ltr'><em>virtutem</em></span> <span class='ocrx_word' id='word_1_1232' title='bbox 2093 3579 2230 3609; x_wconf 89' lang='lat' dir='ltr'><em>activam</em></span> <span class='ocrx_word' id='word_1_1233' title='bbox 2254 3578 2392 3612; x_wconf 86' lang='lat' dir='ltr'><em>faciendi</em></span> <span class='ocrx_word' id='word_1_1234' title='bbox 2414 3579 2464 3610; x_wconf 91' lang='lat' dir='ltr'><em>in-</em></span> 
     </span>
     <span class='ocr_line' id='line_1_159' title="bbox 1396 3622 2463 3665; baseline -0.001 -10"><span class='ocrx_word' id='word_1_1235' title='bbox 1396 3625 1571 3665; x_wconf 88' lang='lat' dir='ltr'><em>telligibilia</em></span> <span class='ocrx_word' id='word_1_1236' title='bbox 1591 3625 1625 3655; x_wconf 91' lang='lat' dir='ltr'><em>in</em></span> <span class='ocrx_word' id='word_1_1237' title='bbox 1641 3624 1787 3664; x_wconf 89' lang='lat' dir='ltr'><em>potentia</em></span> <span class='ocrx_word' id='word_1_1238' title='bbox 1810 3633 1878 3654; x_wconf 88' lang='lat' dir='ltr'><em>esse</em></span> <span class='ocrx_word' id='word_1_1239' title='bbox 1902 3629 1975 3654; x_wconf 88' lang='lat' dir='ltr'><em>actu</em></span> <span class='ocrx_word' id='word_1_1240' title='bbox 1998 3623 2210 3664; x_wconf 85' lang='lat' dir='ltr'><em>intelligibilia</em></span> <span class='ocrx_word' id='word_1_1241' title='bbox 2225 3632 2283 3664; x_wconf 91' lang='lat' dir='ltr'><em>per</em></span> <span class='ocrx_word' id='word_1_1242' title='bbox 2299 3622 2463 3664; x_wconf 81' lang='lat' dir='ltr'><em>quandam</em></span> 
     </span>
    </p>
   </div>
   <div class='ocr_carea' id='block_1_22' title="bbox 2286 3685 2319 3718">
    <p class='ocr_par' dir='ltr' id='par_1_31' title="bbox 2286 3685 2319 3718">
     <span class='ocr_line' id='line_1_160' title="bbox 2286 3685 2319 3718; baseline 0 -8"><span class='ocrx_word' id='word_1_1243' title='bbox 2286 3685 2319 3718; x_wconf 87' lang='lat'>73</span> 
     </span>
    </p>
   </div>
   <div class='ocr_carea' id='block_1_23' title="bbox 2494 2781 2653 2804">
    <p class='ocr_par' dir='ltr' id='par_1_32' title="bbox 2494 2781 2653 2804">
     <span class='ocr_line' id='line_1_161' title="bbox 2494 2781 2653 2804; baseline -0.013 1"><span class='ocrx_word' id='word_1_1244' title='bbox 2494 2784 2503 2792; x_wconf 89' lang='grc'><em>·</em></span> <span class='ocrx_word' id='word_1_1245' title='bbox 2517 2781 2587 2804; x_wconf 85' lang='lat' dir='ltr'><em>Num.</em></span> <span class='ocrx_word' id='word_1_1246' title='bbox 2605 2788 2653 2804; x_wconf 80' lang='lat' dir='ltr'><em>xiv.</em></span> 
     </span>
    </p>
   </div>
  </div>
 </body>
</html>
