2768 4134
1 627 6 642 ζ
48 644 57 654 ”
66 642 102 665 ef.
112 646 168 665 text.
179 646 201 664 et
212 648 258 664 var.

0 2837 3 2850 —
0 2581 9 2791 ιι-ε--ςψ--ῃ-..ω
0 2566 3 2571 .
0 2548 4 2557 ..
0 2524 2 2531 ⁴
0 2473 6 2517 ,,.,,.

15 1408 18 1410 ’
41 1404 199 1429 ’ϋηο-ειη.

44 1436 134 1469 mee„
146 1437 171 1455 n.
181 1437 208 1454 n.

10 1682 14 1699 ς
43 1671 128 1695 ’ἰδίει

897 302 1085 341 SUMMA
1115 306 1336 346 CONTRA
1365 310 1640 358 GENTILES,
1672 314 1782 352 CAP.
1806 315 1881 353 Cll.

290 375 426 406 Sanctus
439 375 584 406 Thomas
601 377 827 417 perfectiorem
851 390 919 411 esse
945 382 1184 422 beatitudinem,
1202 397 1270 417 non
1287 389 1363 428 quia
1388 389 1390 396 '

289 419 461 450 delectatio
486 422 694 452 essentialiter
718 424 758 453 sit
781 424 961 456 beatitudo:
987 428 1042 458 sed
1066 430 1151 469 quia,
1172 440 1247 462 cum
1264 432 1362 463 beati-

289 463 436 495 tudinem
452 470 607 505 sequatur
622 472 778 506 tanquam
794 469 862 499 eius
882 472 1171 511 complementum,
1189 476 1245 506 ubi
1260 478 1363 507 maior

289 508 385 540 fuerit
408 509 585 545 beatitudo,
610 520 742 542 necesse
765 519 813 543 est
836 515 991 546 maiorem
1015 526 1149 558 quoque
1177 519 1362 552 delectatio-

288 563 365 584 nem
389 563 468 584 esse.

344 598 439 629 Circa
466 598 619 629 ultimum
647 609 861 642 consequens,
886 603 1013 635 adverte
1041 606 1131 646 quod
1157 617 1214 648 per
1241 610 1361 640 deside-

289 643 374 674 rium
399 643 462 674 Dei
473 644 490 660 ⁴*
506 653 575 674 non
595 645 752 684 accipitur
775 648 905 687 proprie
929 648 1134 687 desiderium,
1151 658 1187 682 ut
1202 659 1249 684 est
1264 664 1362 695 appe-

288 689 365 719 titus
387 697 455 719 non
478 688 592 718 habiti:
615 688 672 719 sed
695 693 914 722 communiter
930 703 989 733 pro
1006 697 1151 734 appetitu
1167 698 1212 728 rei
1228 705 1361 735 amatae,

289 734 387 764 etiam
410 741 495 773 quae
518 742 669 773 praesens
693 740 750 764 est.

345 777 383 808 11.
411 777 532 808 Tertio.
558 777 648 808 Deus
671 784 719 808 est
749 788 806 819 per
837 782 1008 812 essentiam
1038 793 1129 814 suam
1159 785 1284 817 beatus:
1310 788 1362 818 alii

280 827 398 853 autem
421 822 654 862 participative.
679 823 766 863 Ergo
790 823 898 855 divina
921 826 1087 859 beatitudo
1111 838 1244 861 omnem
1268 832 1362 862 aliam

289 866 523 898 beatitudinem
539 867 674 898 excedit.
687 886 710 890 —
722 869 936 905 Antecedens‚
951 871 1058 910 quoad
1075 874 1212 912 primam
1228 881 1362 915 partem,

288 917 386 952 patet.
409 930 431 934 —
453 911 531 950 Quo
556 917 666 943 autem
697 912 737 943 ad
768 913 954 950 secundam,
980 916 1143 955 probatur.
1175 918 1262 956 Quia
1284 921 1363 951 nihil

288 956 376 988 aliud
392 966 410 987 a
427 957 499 988 Deo
516 962 623 997 potest
646 966 715 988 esse
739 967 906 989 summurn
929 960 1065 990 bonum.
1081 979 1105 983 -
1121 962 1363 1004 Consequentia

289 1010 424 1042 quoque
449 1001 613 1041 probatur.
637 1002 725 1040 Quia
741 1002 832 1042 quod
848 1009 895 1033 est
911 1013 968 1043 per
992 1006 1171 1042 essentiam,
1189 1009 1297 1047 potius
1317 1015 1364 1039 est

289 1056 330 1078 eo
355 1045 447 1087 quod
471 1045 588 1077 dicitur
611 1056 669 1087 per
692 1047 983 1088 participationem.

345 1101 376 1122 2.
401 1091 495 1122 Circa
518 1091 746 1132 probationem
769 1092 930 1123 secundae
955 1095 1051 1134 partis
1072 1096 1288 1127 antecedentis
1305 1097 1363 1128 du-

289 1136 416 1167 bitatur.
441 1135 526 1166 Nam
541 1141 597 1166 aut
612 1137 750 1167 sumitur
765 1146 931 1168 summum
949 1139 1072 1169 bonum
1089 1141 1291 1181 simpliciter:
1310 1149 1363 1173 aut

288 1181 322 1211 in
344 1189 463 1221 genere
486 1181 652 1211 bonorum
675 1181 946 1221 participabilium
970 1193 987 1213 a
1016 1190 1169 1216 creatura.
1201 1186 1234 1217 Si
1257 1187 1362 1226 primo

288 1225 390 1256 modo
414 1225 600 1266 accipiatur,
618 1226 674 1261 sic,
691 1235 768 1256 cum
792 1227 935 1266 arguitur
958 1234 1136 1260 creaturam
1153 1240 1222 1261 esse
1238 1231 1363 1262 beatam

288 1270 509 1311 participative
533 1270 610 1310 quia
633 1279 701 1301 non
725 1276 773 1301 est
796 1271 904 1311 ipsum
927 1282 1094 1304 summum
1123 1275 1257 1311 bonum,
1282 1277 1363 1307 ratio

286 1315 457 1357 supponit.
474 1313 603 1351 falsum,
627 1315 750 1346 scilicet
782 1316 871 1356 quod
902 1317 1068 1349 beatitudo
1098 1329 1162 1359 qua
1189 1320 1364 1352 formaliter

272 1363 432 1392 *creatura
448 1364 496 1390 est
511 1359 614 1396 beata,
630 1360 670 1390 sit
685 1370 852 1391 summum
869 1362 994 1392 bonurn
1017 1364 1213 1404 simpliciter.
1231 1365 1363 1396 Dictum

207 1410 259 1434 ΝΡ·
288 1409 336 1436 eet
358 1405 447 1436 enirn
469 1405 618 1445 superius
634 1406 661 1440 ⁴²,
686 1404 726 1435 de
749 1412 858 1436 mente
882 1406 990 1437 Sancti
1007 1407 1166 1444 Thomae,
1183 1409 1274 1449 quod
1289 1411 1363 1441 bea-

287 1448 392 1481 titudo
409 1448 554 1480 formalis
570 1455 733 1480 creaturae
758 1460 823 1481 non
848 1457 895 1481 est
916 1461 1076 1483 summum
1099 1453 1218 1484 bonum
1242 1455 1363 1495 simpli-

287 1494 379 1526 σίων.
390 1511 413 1517 -
427 1494 462 1526 Si
477 1499 587 1525 autem
603 1494 748 1525 secundo
765 1494 867 1526 modo
884 1497 1069 1536 accipiatur,
1083 1497 1198 1529 falsum
1211 1504 1259 1529 est
1274 1499 1364 1539 quod

287 1538 369 1573 nihil
392 1538 479 1570 aliud
503 1549 521 1570 a
545 1539 618 1569 Deo
642 1540 681 1570 sit
704 1549 871 1571 summum
894 1541 1030 1572 bonum.
1060 1542 1131 1582 lpsa
1155 1543 1242 1573 enirn
1265 1544 1363 1574 beati-

288 1582 370 1615 tudo
394 1582 538 1615 formalis
568 1589 615 1614 est
639 1583 728 1614 aliud
751 1595 769 1615 a
793 1585 876 1621 Deo,
901 1595 977 1616 cum
1002 1587 1041 1616 sit
1064 1593 1154 1617 actus
1184 1587 1364 1618 intellectus

289 1628 400 1660 denti:
425 1634 458 1659 et
479 1634 590 1659 tamen
613 1629 683 1669 ipsa
706 1635 754 1659 est
776 1639 943 1660 summum
967 1631 1093 1661 bonum
1117 1632 1149 1661 in
1173 1641 1295 1673 genere
1310 1633 1365 1663 bo-

289 1682 409 1706 norum
427 1673 708 1715 participabilium
732 1683 754 1704 a
777 1679 932 1705 creatura
948 1675 975 1704 ’ἱ

345 1717 376 1750 3.
392 1717 446 1750 Ad
460 1717 557 1749 huius
574 1717 780 1754 evidentiam,
797 1718 1070 1750 considerandum
1094 1719 1185 1760 quod
1201 1720 1366 1751 beatitudo

276 1763 436 1797 mominat
458 1763 612 1794 ultimum
636 1762 736 1794 finem
760 1763 968 1804 intelligibilis
991 1770 1123 1795 naturae
1147 1770 1178 1795 et
1200 1775 1367 1796 summum

277 1807 425 1850 δοκιιιω.
449 1807 490 1839 Et
514 1807 600 1844 ideo,
624 1807 806 1839 secundum
830 1808 922 1848 quod
945 1809 1067 1849 aliquid
1090 1810 1185 1840 habet
1208 1811 1366 1841 rationem

278 1851 395 1885 {ultimi
417 1851 490 1884 finis
511 1858 543 1883 et
559 1853 680 1884 summi
695 1853 785 1889 boni,
802 1854 845 1883 ita
860 1853 957 1884 habet
972 1854 1131 1885 rationem
1149 1854 1365 1886 beatitudinis.

282 1896 422 1938 Aliquid
445 1902 554 1928 autern
578 1902 626 1928 est
649 1897 782 1928 ultimus
806 1896 879 1928 finis
902 1898 1100 1938 simpliciter,
1117 1904 1150 1929 et
1172 1908 1230 1938 per
1252 1909 1366 1930 conse-

287 1950 393 1983 quens
423 1950 591 1972 summum
623 1942 750 1972 bonum
780 1942 981 1981 simpliciter:
1007 1943 1090 1973 sicut
1115 1943 1213 1978 Deus,
1238 1944 1295 1984 qui
1319 1949 1366 1974 est

288 1987 440 2018 omnium
462 1985 535 2016 finis
559 1987 766 2017 extrinsecus.
798 1985 932 2026 Aliquid
956 1995 1033 2016 vero
1057 1993 1104 2018 est
1129 1987 1261 2018 ultimus
1292 1987 1365 2018 finis

287 2029 470 2062 secundum
494 2029 588 2070 quid:
612 2030 735 2062 scilicet
757 2031 949 2061 intrinsecus
972 2031 1028 2066 rei,
1049 2040 1106 2071 per
1122 2041 1222 2071 quem
1238 2031 1296 2062 fini
1311 2042 1364 2062 ex-

287 2076 428 2107 trinseco
452 2074 688 2115 perfectissimo
712 2074 814 2106 modo
834 2076 1053 2115 coniungitur.
1079 2076 1119 2106 Et
1135 2077 1196 2107 tale
1214 2082 1261 2106 est
1277 2086 1364 2107 sum-

287 2129 381 2152 mum
404 2120 531 2150 bonum
553 2119 736 2151 secundum
760 2119 854 2160 quid:
879 2120 956 2160 quia
980 2126 1027 2150 est
1050 2130 1177 2151 summa
1208 2120 1363 2161 perfectio

289 2165 460 2196 intrinseca
483 2163 523 2195 ad
546 2173 646 2204 quam
669 2174 719 2195 res
743 2170 850 2204 potest
873 2165 1049 2204 pervenire.
1075 2165 1121 2196 lta
1136 2170 1167 2196 et
1183 2164 1303 2206 duplex
1318 2171 1365 2196 est

289 2208 471 2240 beatitudo:
497 2217 562 2239 una
586 2208 707 2239 scilicet
722 2209 910 2249 simpliciter
933 2214 965 2239 et
989 2210 1179 2246 essentialis;
1203 2210 1300 2240 altera
1317 2220 1364 2240 se-

279 2252 435 2284 cundum
458 2252 548 2293 quid,
573 2253 767 2294 inquantum
792 2259 839 2284 est
862 2253 1023 2293 quaedam
1046 2254 1249 2294 participatio
1269 2260 1300 2285 et
1323 2255 1364 2284 si-

287 2297 440 2329 militudo
464 2297 670 2328 beatitudinis
692 2298 880 2328 essentialis.
912 2298 1017 2328 Prima
1047 2304 1094 2328 est
1122 2298 1288 2329 beatitudo
1316 2300 1365 2330 in-

288 2348 404 2379 creata,
420 2351 505 2383 quae
528 2348 576 2373 est
596 2342 699 2372 Deus:
724 2342 867 2373 secunda
891 2348 938 2373 est
960 2342 1126 2374 beatitudo
1150 2349 1265 2378 creata,
1282 2353 1365 2384 quae

288 2393 337 2419 est
359 2393 450 2418 actus
474 2387 656 2418 intellectus
681 2388 788 2417 creati.

345 2431 472 2463 Dicitur
487 2441 564 2471 ergo
582 2431 673 2472 quod
691 2441 858 2462 summum
882 2432 1008 2462 bonum
1031 2431 1064 2461 in
1089 2432 1148 2462 hac
1172 2433 1296 2463 ratione
1313 2442 1365 2463 su-

288 2477 388 2508 mitur
410 2485 470 2517 pro
495 2485 626 2508 summo
650 2476 739 2506 bono
763 2476 963 2517 simpliciter,
987 2475 1079 2515 quod
1102 2476 1225 2508 scilicet
1243 2477 1366 2517 simpli-

289 2522 368 2552 citer
383 2521 479 2552 habet
495 2521 654 2552 rationem
671 2520 776 2551 ultimi
792 2520 875 2551 finis.
893 2520 980 2551 Cum
996 2526 1104 2551 autern
1121 2522 1264 2562 arguitur
1276 2521 1366 2562 quod

287 2572 368 2597 tunc
390 2566 473 2596 ratio
496 2566 654 2606 supponit
677 2565 910 2596 beatitudinem
940 2570 1079 2596 creatam
1108 2575 1177 2597 esse
1200 2576 1366 2597 summum

289 2611 416 2642 bonum
439 2610 638 2651 simpliciter,
662 2609 754 2650 quod
784 2616 832 2641 est
863 2608 994 2640 falsum:
1020 2609 1136 2641 dicitur
1166 2611 1257 2651 quod
1285 2612 1365 2642 ratio

288 2655 354 2687 hoc
376 2665 446 2686 non
469 2656 636 2696 supponit,
653 2654 710 2686 sed
725 2655 794 2685 vult
817 2654 978 2686 deducere
1002 2654 1043 2685 ad
1065 2655 1129 2685 hoc
1153 2661 1307 2695 tanquam
1326 2655 1366 2686 ad

288 2699 533 2732 inconveniens.
557 2699 591 2732 Si
614 2700 702 2731 enim
726 2699 850 2741 aliquid
873 2704 1016 2730 creatum
1041 2705 1088 2730 est
1111 2709 1168 2740 per
1196 2701 1366 2731 essentiam

288 2754 382 2776 suam
405 2745 549 2780 beatum,
573 2745 721 2785 sequitur
744 2744 835 2785 quod
858 2754 917 2775 sua
940 2743 1106 2774 beatitudo
1131 2745 1170 2775 sit
1200 2754 1365 2775 summum

289 2790 416 2824 bonum
438 2789 640 2830 simpliciter:
665 2790 743 2830 quia
766 2788 857 2830 quod
881 2788 1003 2829 aliquid
1027 2794 1074 2819 est
1097 2798 1154 2828 per
1183 2790 1364 2825 essentiam,

289 2840 338 2866 est
352 2834 434 2866 illud
449 2834 637 2875 simpliciter
652 2840 684 2866 et
700 2844 739 2865 ex
755 2844 799 2870 se,
816 2843 885 2864 non
901 2843 939 2864 ex
955 2833 1084 2864 alterius
1105 2834 1363 2874 participatione;

290 2885 322 2910 et
345 2888 384 2910 ex
407 2880 623 2920 consequenti
646 2889 704 2910 sua
728 2878 894 2909 beatitudo
919 2884 966 2909 est
991 2878 1122 2908 ultimus
1147 2877 1219 2908 finis
1243 2878 1365 2918 simpli-

290 2924 370 2955 citer
392 2929 424 2955 et
446 2933 615 2956 summum
639 2924 775 2954 bonum.
806 2924 847 2954 Et
871 2923 916 2954 sic
948 2928 1100 2962 sequetur
1123 2922 1213 2962 quod
1243 2922 1365 2963 aliquid

289 2967 379 3000 aliud
401 2977 421 3004 a
442 2968 516 3000 Deo
538 2969 598 3000 erit
621 2978 788 2999 summum
812 2969 936 2998 bonurn
961 2967 1157 3007 simpliciter.

345 3022 378 3051 4.
402 3012 467 3044 Sed
497 3019 575 3045 tunc
606 3014 747 3044 occurrit
777 3012 924 3043 dubium.
955 3012 1038 3042 Nam
1066 3011 1156 3051 quod
1180 3011 1303 3051 aliquid
1326 3012 1365 3041 sit

290 3057 352 3088 tale
376 3066 434 3098 per
455 3067 549 3090 suam
573 3058 755 3093 essentiam,
772 3067 841 3088 non
864 3057 948 3087 tollit
964 3057 1043 3096 quin
1060 3057 1156 3086 etiam
1172 3056 1212 3086 sit
1230 3056 1292 3086 tale
1308 3065 1366 3096 per

289 3102 572 3143 participationem
595 3103 735 3138 alterius,
760 3103 786 3132 si
809 3101 889 3132 illud
913 3102 952 3131 sit
976 3106 1133 3131 creatum:
1158 3101 1234 3140 quia
1258 3100 1365 3130 omnis

288 3145 447 3187 perfectio
471 3147 647 3178 essentialis
671 3152 719 3178 est
742 3145 902 3187 quaedam
921 3146 1108 3185 participata
1124 3143 1302 3175 similitudo
1318 3144 1365 3174 di-

289 3191 383 3222 vinae
405 3197 548 3223 naturae.
573 3192 672 3232 Ergo,
689 3191 765 3222 dato
782 3190 872 3231 quod
896 3189 1028 3230 aliquod
1052 3195 1194 3220 creatum
1211 3194 1293 3220 esset
1308 3198 1365 3219 sua

289 3236 468 3272 beatitudo,
491 3246 560 3267 non
585 3237 731 3277 sequitur
755 3235 845 3276 quod
868 3245 936 3265 non
960 3235 999 3265 sit
1023 3235 1154 3264 beatum
1185 3243 1242 3274 per
1269 3234 1365 3273 parti-

289 3281 488 3321 cipationem
511 3281 718 3312 beatitudinis
741 3281 912 3310 increatae.
943 3279 983 3309 Et
1006 3279 1051 3308 sic
1082 3288 1149 3308 non
1177 3283 1307 3318 oportet
1330 3283 1365 3308 ut

289 3326 359 3356 eius
382 3325 550 3356 beatitudo
574 3326 614 3356 sit
637 3334 804 3356 summurn
828 3325 952 3354 bonurn
976 3323 1173 3362 simpliciter.

345 3367 575 3410 Respondetur
598 3369 695 3411 -quod
726 3369 789 3400 dici
820 3378 877 3408 per
908 3368 1078 3398 essentiam
1106 3367 1167 3398 tale
1195 3365 1365 3406 dupliciter

289 3419 398 3454 potest
421 3414 566 3455 intelligi,
592 3424 651 3455 pro
677 3424 775 3449 nunc,
801 3414 887 3443 iuxta
915 3422 952 3442 ea
976 3421 1059 3451 quae
1083 3411 1234 3442 dicuntur
1256 3411 1362 3445 Ver-it„

289 3467 322 3498 q.
339 3469 401 3494 xxx,
419 3468 447 3489 a.
466 3459 496 3490 5.
520 3459 596 3491 Uno
620 3458 733 3494 modo,
751 3464 786 3489 ut
801 3458 981 3498 opponitur
997 3457 1026 3486 ei
1042 3454 1132 3495 quod
1150 3461 1197 3485 est
1213 3465 1281 3485 esse
1301 3455 1364 3485 tale

289 3512 347 3543 per
370 3503 492 3544 aliquid
516 3503 759 3544 superadditum
783 3503 953 3532 essentiae:
983 3502 1065 3531 sicut
1088 3499 1226 3530 dicimus
1240 3500 1363 3549 'Deum

287 3557 358 3579 esse
380 3548 508 3579 bonum
539 3557 596 3589 per
626 3548 808 3582 essentiam,
833 3547 908 3587 quia
932 3551 979 3576 est
1008 3553 1103 3575 suum
1135 3553 1214 3579 esse,
1238 3553 1271 3573 ιιι
1296 3553 1362 3583 quo

289 3591 443 3623 fundatur
459 3593 611 3624 bonitatis
635 3593 731 3627 ratio;
756 3596 933 3622 creaturam
950 3595 1058 3620 autem
1074 3597 1141 3618 non
1158 3597 1226 3618 esse
1243 3589 1363 3618 bonam

289 3646 347 3677 per
369 3638 551 3673 essentiam,
569 3638 645 3677 quia
661 3642 708 3667 est
724 3637 810 3666 bona
826 3645 883 3675 per
899 3644 967 3665 esse
991 3631 1232 3673 superadditum
1257 3641 1364 3662 essen-

290 3682 362 3711 tiae.
387 3682 462 3711 Alio
487 3681 600 3716 modo,
625 3687 661 3711 ut
685 3681 864 3720 opponitur
887 3680 914 3709 ei
940 3677 1030 3718 quod
1047 3683 1093 3707 est
1110 3686 1177 3707 esse
1194 3676 1256 3706 tale
1273 3685 1398 3715 prae·..¹

2410 325 2485 372 269

1417 393 1588 431 supposito
1612 392 1724 424 ordine
1749 393 1788 424 ad
1812 395 1934 435 aliquid
1957 397 2091 428 alterum
2101 409 2113 428 z.
2138 400 2221 431 sicut
2251 401 2339 432 Deus
2371 402 2487 435 dicitur

1418 444 1475 474 per
1499 437 1668 468 essentiam
1700 438 1806 469 bonus
1836 441 1912 480 quia
1941 451 1999 481 per
2028 443 2170 483 seipsum
2201 450 2248 475 est
2278 446 2393 483 bonus,
2418 458 2485 479 non

1417 482 1664 521 praesupposito
1695 483 1804 523 aliquo
1836 484 1913 521 alio;
1947 491 2089 517 creatura
2115 493 2233 525 autem,
2257 492 2365 530 posito
2389 493 2485 523 etiam

1417 524 1507 563 quod
1523 531 1605 556 esset
1620 536 1716 557 suum
1741 536 1819 563 esse,
1843 538 1910 559 non
1935 529 2093 562 diceretur
2115 533 2202 563 bona
2224 543 2281 574 per
2304 538 2484 574 essentiam,

1416 568 1473 598 sed
1497 578 1553 609 per
1577 571 1867 611 participationem,
1891 574 1967 613 quia
1991 575 2069 605 nihil
2093 578 2251 608 rationem
2270 579 2348 610 boni
2365 586 2396 611 et
2411 580 2484 612 finis

1416 613 1532 644 habere
1548 620 1655 654 potest
1671 616 1731 646 nisi
1755 618 1926 656 supposito
1944 618 2055 650 ordine
2073 620 2111 651 ad
2128 621 2278 654 ultimum
2293 623 2403 655 finem.
2420 626 2483 656 Hic

1417 666 1493 697 ergo
1511 659 1666 699 accipitur
1682 669 1750 690 esse
1767 670 1825 700 per
1841 663 2012 693 essentiam
2034 665 2095 694 tale
2119 666 2263 697 secundo
2286 668 2397 705 modo,
2415 680 2482 700 non

1416 707 1524 733 autern
1548 709 1673 734 tantum
1697 705 1803 745 primo
1826 705 1938 736 modo.
1962 707 2059 738 Nulla
2082 710 2168 740 enim
2193 717 2334 742 creatura
2358 719 2404 744 est
2427 724 2484 754 per

1417 748 1586 777 essentiam
1611 749 1715 778 beata:
1740 759 1808 780 non
1831 750 1938 781 solum
1962 753 2038 791 quia
2060 763 2129 783 non
2151 755 2191 784 sit
2214 756 2281 795 ipse
2305 762 2393 788 actus
2410 759 2483 789 bea-

1416 790 1574 828 titudinis;
1599 792 1655 823 sed
1679 794 1775 823 etiam
1800 795 1876 834 quia
1899 804 1956 835 per
1974 797 2112 836 seipsam
2129 798 2220 829 beata
2235 809 2302 830 non
2318 807 2374 836 est,
2392 804 2483 842 quasi

1416 835 1507 865 nullo
1531 839 1778 878 praesupposito
1803 838 1915 869 ordine
1946 840 1986 870 ad
2016 841 2201 873 ulteriorem
2226 843 2334 880 finem,
2358 846 2414 876 sed
2437 853 2483 877 est

1417 879 1518 916 beata,
1535 886 1566 911 et
1582 881 1676 912 habet
1699 883 1732 913 in
1756 892 1790 913 se
1814 883 1936 923 aliquid
1960 885 2051 925 quod
2073 886 2169 917 habet
2191 888 2349 919 rationem
2365 892 2482 921 summi

1417 923 1495 953 boni
1519 931 1550 955 et
1577 926 1681 956 ultimi
1704 926 1787 963 finis,
1812 928 2005 968 inquantum
2036 931 2204 971 coniungit
2234 942 2362 963 summo
2394 934 2482 965 bono

1417 968 1603 1008 simpliciter
1619 976 1650 1000 et
1665 970 1722 1000 fini
1737 972 1924 1012 simpliciter
1943 973 2073 1010 ultimo;
2099 975 2180 1006 sicut
2203 976 2324 1016 aliquid
2347 978 2483 1018 ignitum

1418 1011 1533 1043 dicitur
1555 1013 1664 1054 aliquo
1690 1015 1790 1046 modo
1814 1017 1896 1056 ignis
1919 1026 1957 1047 ex
1981 1018 2093 1049 ordine
2117 1019 2157 1050 ad
2180 1019 2213 1050 id
2236 1021 2326 1061 quod
2355 1031 2413 1062 per
2435 1033 2483 1053 se-

1418 1057 1523 1096 ipsum
1548 1063 1594 1088 est
1618 1060 1708 1099 ignis.
1734 1060 1827 1091 Ratio
1851 1067 1960 1092 autem
1989 1064 2023 1093 in
2053 1065 2243 1104 oppositum
2276 1066 2421 1105 procedit
2444 1066 2483 1097 de

1418 1110 1458 1130 eo
1476 1102 1565 1141 quod
1582 1109 1629 1133 est
1652 1113 1709 1143 per
1733 1106 1902 1136 essentiam
1924 1106 1987 1136 tale
2011 1108 2117 1147 primo
2140 1109 2241 1139 modo
2265 1115 2400 1141 tantum.
2417 1111 2484 1141 Ali-

1419 1145 1497 1184 quid
1521 1147 1606 1177 enim
1631 1154 1736 1187 potest
1760 1159 1827 1179 esse
1851 1150 1913 1180 tale
1936 1160 2003 1181 non
2027 1161 2084 1192 per
2107 1153 2228 1193 aliquid
2244 1154 2483 1195 superadditum

1419 1191 1583 1226 essentiae,
1601 1197 1631 1221 et
1654 1198 1761 1223 tamen
1786 1194 1844 1224 erit
1867 1194 1929 1225 tale
1951 1204 2010 1235 per
2032 1197 2320 1237 participationem,
2341 1198 2423 1230 idest
2446 1209 2484 1230 ex

1419 1234 1530 1265 ordine
1554 1235 1594 1265 ad
1618 1236 1763 1268 alterum.
1794 1238 1870 1268 Non
1897 1245 2005 1270 autem
2028 1241 2175 1280 procedit
2197 1242 2237 1273 de
2261 1253 2300 1273 eo
2325 1243 2415 1283 quod
2437 1250 2485 1275 est

1418 1279 1479 1309 tale
1503 1289 1560 1319 per
1584 1282 1752 1312 essentiam
1776 1282 1919 1313 secundo
1943 1284 2058 1315 modo:
2083 1285 2199 1316 falsum
2223 1293 2269 1317 est
2288 1288 2374 1318 enim
2393 1289 2483 1328 quod

1418 1329 1466 1353 est
1488 1333 1545 1364 per
1568 1326 1738 1356 essentiam
1762 1332 1793 1357 et
1815 1336 1873 1367 per
1895 1329 2037 1368 seipsum
2053 1330 2114 1360 tale
2131 1331 2194 1361 hoc
2210 1331 2320 1368 modo,
2337 1332 2399 1362 tale
2415 1342 2483 1363 esse

1418 1377 1475 1408 per
1498 1369 1787 1410 participationem.

1475 1412 1526 1443 ΙΙΙ.
1546 1412 1684 1449 Quarto.
1701 1415 1797 1446 Nulla
1821 1415 1880 1445 alia
1903 1417 2126 1449 intellectualis
2143 1421 2287 1460 operatio
2304 1422 2483 1461 operationi

1419 1457 1487 1487 eius
1500 1460 1678 1498 comparari
1694 1465 1810 1499 potest.
1824 1460 1909 1500 Ergo
1922 1461 2010 1492 De‘us
2022 1463 2312 1504 incomparabiliter
2327 1470 2374 1495 est
2389 1475 2485 1506 super

1419 1502 1529 1531 omnia
1541 1502 1662 1534 beatus.
1673 1521 1695 1526 —
1705 1504 1794 1534 Patet
1810 1507 2051 1546 consequentia.
2062 1506 2147 1545 Quia
2162 1508 2325 1539 beatitudo
2342 1511 2485 1540 consistit

1419 1545 1452 1575 in
1477 1545 1618 1585 perfecta
1640 1548 1821 1579 intellectus
1844 1551 2042 1588 operatione.
2058 1570 2081 1573 —
2095 1552 2298 1583 Antecedens
2313 1563 2389 1584 vero
2411 1564 2484 1594 pro-

1420 1589 1522 1620 batur.
1546 1590 1632 1628 Quia
1656 1592 1709 1622 illa
1732 1593 1879 1632 operatio
1904 1595 1965 1624 Dei
1988 1601 2035 1625 est
2058 1596 2126 1626 eius
2155 1597 2342 1634 substantia;
2367 1604 2398 1628 et
2421 1609 2485 1629 una

1421 1635 1609 1673 operatione
1634 1636 1721 1666 Deus
1745 1638 1886 1678 seipsum
1910 1638 2061 1678 perfecte,
2086 1640 2168 1670 sicut
2196 1647 2252 1676 est,
2275 1642 2430 1682 intelligit,
2455 1649 2486 1673 et

1422 1679 1530 1708 omnia
1555 1689 1638 1719 quae
1662 1686 1737 1711 sunt
1759 1687 1791 1711 et
1815 1692 1897 1723 quae
1918 1692 1984 1713 non
2002 1689 2086 1720 sunt,
2103 1684 2187 1714 bona
2204 1690 2235 1715 et
2250 1685 2343 1716 mala.
2367 1686 2403 1716 In
2419 1687 2486 1717 aliis

1421 1729 1529 1753 autem
1553 1724 1815 1765 intelligentibus,
1831 1728 1938 1768 ipsum
1962 1727 2137 1768 intelligere
2153 1738 2221 1759 non
2237 1734 2284 1759 est
2299 1730 2485 1767 subsistens;

1422 1776 1482 1798 nec
1506 1768 1613 1807 ipsum
1641 1769 1758 1806 Deum,
1783 1772 1840 1810 qui
1870 1777 1918 1802 est
1948 1781 2112 1802 summum
2142 1773 2350 1813 intelligibile,
2374 1774 2487 1815 aliquis

1422 1812 1465 1841 ita
1481 1812 1622 1852 perfecte
1638 1819 1744 1853 potest
1767 1815 1943 1856 intelligere
1967 1817 2049 1846 sicut
2071 1817 2140 1856 ipse
2164 1817 2323 1857 perfectus
2339 1824 2396 1854 est,
2413 1829 2487 1849 cum

1422 1855 1542 1887 nullius
1558 1867 1626 1888 esse
1642 1858 1685 1888 ita
1701 1859 1881 1899 perfectum
1897 1861 1936 1891 sit
1952 1861 2035 1891 sicut
2051 1870 2119 1891 esse
2134 1861 2289 1898 divinum,
2305 1872 2366 1893 nec
2383 1863 2489 1904 aliqua

1422 1902 1568 1940 operatio
1585 1903 1686 1942 possit
1702 1913 1771 1934 esse
1787 1904 1959 1944 perfectior
1972 1914 2069 1944 quarn
2085 1915 2143 1936 sua
2158 1906 2346 1942 substantia;
2359 1917 2420 1938 nec
2432 1908 2487 1938 ali-

1421 1945 1494 1985 quis
1516 1946 1698 1977 intellectus
1723 1949 1832 1979 omnia
1849 1958 1932 1989 quae
1948 1949 2036 1979 Deus
2052 1948 2156 1980 facere
2179 1955 2287 1990 potest
2303 1953 2486 1991 cognoscit;

1420 1998 1481 2019 nec
1507 1990 1622 2030 aliquis
1647 1992 1757 2022 omnia
1784 2002 1867 2032 quae
1891 1993 1992 2029 novit,
2011 2003 2075 2023 una
2101 1995 2287 2034 operatione
2310 1997 2486 2035 cognoscit.

1478 2043 1506 2063 2.
1533 2033 1627 2064 Circa
1649 2036 1807 2067 rationem
1831 2037 2033 2077 positam·ad
2052 2038 2256 2077 probandum
2272 2039 2362 2078 quod
2377 2040 2486 2070 nullus

1420 2083 1526 2117 potest
1548 2078 1725 2119 intelligere
1749 2080 1856 2111 Deum
1878 2082 1922 2112 ita
1945 2081 2085 2121 perfecte
2109 2083 2191 2113 sicut
2213 2083 2247 2113 in
2270 2092 2303 2113 se
2326 2083 2486 2123 perfectus

1420 2128 1477 2158 est,
1494 2123 1570 2162 quia
1585 2123 1733 2155 videlicet
1756 2125 1876 2156 nullius
1900 2135 1968 2156 esse
1993 2131 2040 2156 est
2061 2127 2104 2156 ita
2127 2126 2305 2166 perfectum
2321 2128 2402 2158 sicut
2418 2138 2486 2159 esse

1419 2165 1576 2203 divinum,
1600 2177 1660 2198 nec
1684 2168 1780 2199 ullius
1804 2171 1949 2210 operatio
1974 2175 2080 2210 potest
2104 2181 2172 2201 esse
2194 2170 2366 2211 perfectior
2388 2182 2486 2212 quam

1420 2220 1477 2240 sua
1500 2212 1686 2248 substantia,
1702 2212 1874 2244 dubitatur.
1899 2214 1995 2252 Quia,
2019 2214 2093 2245 licet
2116 2216 2261 2255 operatio
2277 2226 2345 2246 non
2361 2217 2400 2247 sit
2416 2226 2486 2256 per-

1420 2254 1535 2286 fectior
1558 2256 1732 2287 substantia
1747 2258 1803 2293 rei,
1819 2263 1926 2298 potest
1948 2264 2058 2289 tamen
2081 2258 2209 2289 extendi
2224 2260 2306 2290 ultra
2320 2261 2423 2300 ipsam
2442 2262 2486 2292 rei

1420 2299 1630 2331 substantiam
1654 2307 1813 2341 quantum
1843 2302 1884 2332 ad
1913 2303 2092 2333 obiectum:
2124 2304 2206 2334 sicut
2234 2305 2378 2344 operatio
2402 2305 2487 2336 visus

1421 2344 1602 2375 extenditur
1626 2345 1665 2375 ad
1689 2355 1826 2386 corpora
1849 2347 2005 2377 caelestia.
2037 2347 2123 2387 Ergo
2151 2357 2189 2378 ex
2220 2348 2283 2378 hoc
2307 2348 2396 2388 quod
2420 2359 2487 2380 esse

1421 2394 1583 2419 creaturae
1607 2398 1674 2419 non
1699 2389 1855 2430 adaequat
1878 2390 2110 2430 perfectionem
2134 2401 2202 2422 esse
2225 2391 2333 2428 divini,
2349 2402 2417 2423 non
2440 2403 2488 2424 se-

1422 2433 1532 2473 quitur
1547 2433 1637 2473 quod
1653 2433 1693 2464 ad
1712 2435 1818 2474 ipsum
1838 2435 1906 2466 eius
1930 2436 2075 2475 operatio
2099 2437 2278 2476 pertingere
2293 2446 2361 2468 non
2376 2439 2487 2478 possit.

1479 2477 1508 2508 3.
1536 2477 1588 2508 Ad
1614 2478 1711 2509 huius
1742 2478 1935 2510 evidentiam
1966 2480 2246 2516 considerandum,
2274 2490 2312 2511 ex
2343 2481 2487 2512 doctrina

1422 2521 1530 2553 Sancti
1546 2522 1695 2553 Thomae
1714 2523 1757 2553 lv
1768 2523 1866 2559 Sent„
1884 2523 1914 2554 d.
1930 2534 2012 2560 xmx,
2029 2534 2060 2565 q.
2070 2535 2101 2560 11,
2123 2535 2150 2555 a.
2166 2525 2182 2555 3
2201 2531 2232 2555 et
2247 2535 2278 2564 4,
2296 2526 2396 2565 quod,
2415 2536 2485 2557 cum

1421 2566 1561 2597 actionis
1578 2568 1777 2607 principium
1793 2568 1836 2598 sit
1845 2569 1963 2609 forma
1979 2579 2043 2609 qua
2059 2569 2181 2610 agitur,
2200 2575 2326 2609 oportet
2340 2576 2487 2610 exparte

1422 2611 1491 2642 eius
1513 2612 1598 2642 sumi
1620 2612 1760 2642 actionis
1783 2620 1987 2643 mensuram:
2007 2613 2182 2643 secundum
2207 2614 2352 2644 ordinem
2380 2620 2485 2645 tamen

1422 2655 1465 2686 ad
1482 2655 1656 2686 subiectum
1680 2656 1713 2686 in
1728 2657 1854 2698 formis
1875 2657 2125 2693 subsistentibus,
2141 2658 2325 2693 secundum,
2341 2659 2484 2698 inquam,

1421 2699 1508 2740 quod
1529 2700 1704 2730 subiectum
1733 2700 1883 2731 subditur
1902 2701 2041 2742 formae
2070 2701 2175 2742 magis
2205 2706 2235 2731 et
2264 2702 2379 2733 minus.
2409 2702 2484 2733 Ideo

1420 2743 1600 2775 secundum
1625 2754 1692 2775 esse
1716 2744 1806 2784 quod
1829 2750 1875 2775 est
1899 2755 1917 2775 a
1940 2745 1993 2776 tali
2010 2745 2113 2775 forma
2128 2746 2161 2775 in
2177 2755 2220 2781 re,
2237 2746 2391 2786 accipitur
2406 2756 2485 2787 ope-

1420 2789 1552 2819 rationis
1575 2788 1741 2829 perfectio.
1766 2789 1807 2819 Et
1830 2790 1906 2829 quia
1929 2799 1997 2820 esse
2020 2790 2066 2820 rei
2090 2790 2319 2830 correspondet
2340 2791 2484 2821 substan—

1420 2833 1492 2869 tiae,
1517 2834 1593 2873 quia
1618 2843 1758 2873 quorum
1783 2839 1830 2864 est
1860 2833 2031 2874 perfectior
2058 2835 2202 2870 essentia,
2227 2840 2273 2864 est
2296 2835 2391 2865 etiam
2414 2844 2484 2875 per-

1421 2877 1536 2908 fectius
1559 2887 1645 2914 esse;
1670 2877 1744 2908 ideo
1769 2883 1897 2918 oportet
1921 2884 1951 2908 et
1975 2879 2170 2918 operationis
2194 2878 2423 2918 perfectionem
2440 2880 2484 2909 rei

1421 2922 1615 2952 substantiae
1639 2922 1900 2963 correspondere‚
1918 2928 1954 2953 ut
1969 2924 2113 2963 operatio
2129 2932 2196 2953 non
2212 2924 2252 2953 sit
2266 2922 2437 2963 perfectior
2451 2924 2484 2953 in

1421 2976 1481 2997 suo
1498 2966 1610 2997 ordine
1623 2976 1721 3007 quarn
1733 2967 1773 2997 sit
1789 2967 1964 2997 substantia
1975 2968 2008 2997 in
2020 2977 2091 2998 suo.
2105 2967 2146 2997 Et
2157 2968 2202 2997 sic
2213 2967 2397 3007 intelligitur
2409 2977 2483 2998 cum

1420 3011 1527 3050 inquit
1542 3011 1678 3042 Sanctus
1694 3011 1839 3042 Thomas
1855 3013 2078 3051 operationem
2093 3021 2160 3041 non
2177 3021 2244 3042 esse
2260 3011 2483 3051 perfectiorem

1420 3055 1595 3086 substantia
1619 3056 1680 3086 rei:
1705 3061 1880 3095 utrumque
1910 3056 2030 3086 scilicet
2058 3057 2092 3086 in
2120 3065 2179 3086 suo
2203 3055 2314 3086 ordine
2337 3055 2483 3086 conside-

1420 3099 1531 3130 rando.
1556 3100 1707 3140 Sequitur
1730 3110 1806 3140 ergo
1832 3101 2049 3131 universaliter
2067 3100 2157 3140 quod
2173 3101 2263 3130 cuius
2279 3109 2346 3130 esse
2363 3105 2394 3130 et
2409 3100 2483 3144 sub-

1420 3145 1534 3175 stantia
1564 3154 1632 3175 non
1662 3144 1820 3185 adaequat
1847 3154 1915 3175 esse
1945 3145 1989 3174 rei
2021 3144 2234 3184 intelligibilis,
2259 3144 2327 3174 eius
2350 3153 2482 3184 quoque

1420 3188 1596 3219 intellectio
1613 3188 1658 3219 illi
1673 3199 1742 3219 non
1758 3188 1963 3228 adaequatur,
1979 3194 2015 3219 ut
2031 3188 2111 3219 adeo
2127 3187 2267 3228 perfecta
2282 3189 2321 3218 sit
2335 3188 2370 3218 in
2390 3189 2482 3218 attin-

1419 3232 1527 3272 gendo
1544 3234 1708 3264 obiectum
1725 3239 1883 3273 quantum
1898 3234 2005 3273 ipsum
2025 3234 2189 3263 obiectum
2211 3232 2409 3272 intelligibile
2425 3238 2481 3263 est.

1420 3277 1461 3307 Et
1485 3278 1560 3317 quia
1583 3277 1703 3308 nullius
1727 3283 1895 3309 creaturae.
1911 3287 1978 3308 esse
2003 3282 2034 3307 et
2056 3277 2230 3307 substantia
2253 3276 2397 3306 divinum
2414 3286 2482 3307 esse

1419 3322 1453 3351 in
1477 3321 1676 3361 perfectione
1700 3321 1866 3362 adaequat,
1890 3321 1964 3352 ideo
1987 3331 2047 3351 nec
2071 3321 2227 3360 cuiusque
2251 3326 2410 3351 creaturae
2434 3322 2482 3351 in-

1420 3365 1566 3396 tellectus
1590 3371 1696 3406 potest
1719 3367 1761 3396 ita
1785 3365 1924 3406 perfecte
1948 3365 2054 3396 Deum
2078 3365 2252 3404 intelligere
2267 3365 2432 3404 sicutipse
2448 3366 2482 3395 in

1420 3411 1526 3450 seipso
1551 3416 1598 3440 est
1622 3409 1792 3450 perfectus.

1474 3454 1526 3484 Ad
1542 3460 1766 3494 argumentum
1783 3459 1890 3484 autem
1906 3453 2021 3484 dicitur
2036 3452 2126 3492 quod
2141 3458 2297 3492 quantum
2320 3452 2360 3483 ad
2380 3462 2482 3493 quan-

1419 3499 1542 3529 titatem
1566 3499 1771 3534 extensivam,
1789 3507 1871 3538 quae
1887 3498 2022 3527 sumitur
2040 3496 2219 3527 secundum
2241 3496 2481 3528 multitudinem

1420 3548 1451 3572 et
1474 3544 1668 3583 paucitatem
1692 3544 1904 3577 obiectorum,
1921 3551 1988 3572 non
2007 3546 2135 3580 oportet
2150 3541 2373 3581 operationem
2388 3540 2481 3572 adae-

1419 3588 1511 3626 quari
1528 3588 1692 3622 essentiae,
1710 3593 1745 3618 ut
1761 3596 1827 3616 non
1844 3586 1944 3625 possit
1962 3584 2001 3615 ad
2024 3585 2116 3625 plura
2139 3594 2172 3615 se
2196 3584 2366 3616 extendere
2383 3595 2481 3626 quam

1419 3632 1555 3661 essentia
1578 3632 1748 3671 operantis.
1773 3639 1878 3669 neque
1902 3629 1941 3659 ad
1965 3629 2085 3669 aliquid
2107 3629 2200 3660 altius
2229 3639 2327 3669 quam
2351 3630 2390 3660 sit
2413 3631 2481 3670 ipsa

1419 3676 1602 3705 substantia.
1628 3675 1690 3705 Sed
1714 3680 1869 3714 quantum
1892 3673 1930 3703 ad
1954 3674 2163 3713 quantitatem
2180 3674 2379 3710 intensivam,
2397 3684 2480 3714 quae
