2768 4134
52 2123 180 2178 {qraplng
200 2130 223 2145 n.
242 2129 266 2150 23

294 320 374 367 438

294 400 452 439 pinquato
475 394 603 435 passivo
622 394 656 422 in
679 391 732 422 illa
755 391 968 431 dispositione
991 399 1056 430 qua
1077 390 1241 430 passivum
1257 395 1365 430 potest

293 442 359 482 pati
383 446 414 471 et
437 440 578 470 activum
605 445 713 476 agere;
738 441 770 465 et
799 439 937 475 possunt
968 435 1065 464 enam
1089 434 1121 465 in
1147 435 1311 475 oppositas
1334 439 1366 465 et

293 484 479 516 contrarias
502 482 655 515 actiones,
680 480 763 510 sicut
788 478 936 509 medicus
964 488 1023 519 per
1053 484 1155 510 artem
1184 480 1364 510 medicinae

292 534 399 569 potest
422 526 628 558 introducere
651 524 821 554 sanitatem
844 529 875 554 et
894 522 1139 563 aegritudinem.
1164 524 1365 554 lrrationales

293 579 401 604 autem
424 580 492 602 non
515 574 654 610 possunt
675 578 745 599 non
768 577 873 608 agere,
897 568 1026 608 passivo
1049 569 1314 609 appropinquato
1330 569 1364 598 in

293 615 463 647 sufficienti
490 613 721 655 dispositione;
748 622 810 643 nec
838 613 936 643 etiam
963 619 1102 653 possunt
1130 613 1165 643 in
1196 613 1364 654 oppositas

292 662 445 696 actiones,
469 659 530 689 nisi
553 667 611 699 per
627 657 787 694 accidens,
803 657 860 688 sed
882 663 958 687 sunt
981 657 1020 687 ad
1043 667 1147 688 unum
1171 657 1363 688 determina-

291 711 357 735 tae:
371 706 454 735 sicut
466 703 554 734 calor
564 712 633 733 non
640 707 749 742 potest
759 711 829 732 non
841 701 1026 737 calefacere,
1038 701 1235 732 sufficienter
1245 711 1363 742 appro-

290 750 449 790 pinquato
468 748 528 778 sibi
545 746 746 778 calefactibili
765 745 938 787 disposito;
963 755 1024 776 nec
1040 751 1147 786 potest
1169 746 1363 787 infrigidare,

290 795 352 824 nisi
374 803 432 834 per
455 792 616 828 acci‘dens,
631 792 827 832 inquantum
848 789 1023 831 aperiendo
1046 799 1147 830 poros
1170 790 1246 821 facit
1269 791 1365 821 exha-

290 839 355 869 lare
370 838 505 869 interius
521 836 672 872 calidum,
689 841 744 866 aut
759 835 870 875 aliquo
893 835 957 865 alio
976 834 1090 864 modo.
1115 834 1268 866 Similiter
1283 836 1365 872 ovis,

290 882 402 913 videns
417 882 535 923 lupum
549 881 746 916 venientem,
758 889 826 910 non
842 884 950 920 potest
965 887 1033 909 non
1046 877 1167 919 fugere,
1179 889 1241 910 nec
1257 885 1365 920 potest

290 927 383 958 illum
406 935 513 957 amare
529 931 584 956 aut
599 925 754 965 prosequi
777 930 808 954 et
832 922 1021 954 desiderare.
1045 923 1182 963 Propter
1204 925 1288 954 hanc
1304 924 1365 954 dif-

291 971 460 1003 ferentiam
482 971 702 1012 potentiarum
725 969 849 1008 optime
872 967 976 1008 arguit
998 967 1135 998 Sanctus
1159 968 1305 999 Thomas
1323 968 1364 999 ab

291 1017 406 1058 effectu
424 1015 514 1056 quod
530 1015 623 1045 bruta
638 1023 706 1044 non
722 1013 861 1043 habeant
879 1012 1091 1049 intellectum,
1107 1013 1185 1053 quia
1206 1022 1272 1043 non
1289 1022 1364 1053 ope-

291 1066 410 1091 rantur
433 1060 561 1091 diversa
585 1064 616 1089 et
638 1058 804 1098 opposita:
827 1057 919 1093 idest,
943 1056 1114 1087 dissimiles
1137 1063 1169 1087 et
1196 1058 1364 1098 oppositas

292 1106 496 1146 operationes
520 1104 603 1134 circa
625 1102 713 1133 idem
736 1111 805 1132 non
828 1101 958 1137 habent,
988 1100 1045 1131 sed
1075 1102 1187 1132 omnia
1217 1101 1363 1135 eiusdem

291 1150 410 1190 speciei
432 1149 552 1179 habent
575 1147 705 1178 easdem
729 1151 760 1177 et
782 1145 963 1177 uniformes
986 1146 1202 1186 operationes.

346 1193 409 1224 Sed
442 1191 685 1228 advertendum,
717 1200 793 1222 cum
828 1190 966 1221 dicimus
997 1191 1160 1230 potentias
1191 1190 1364 1221 rationales

290 1247 386 1279 posse
401 1238 435 1268 in
451 1237 618 1278 oppositas
633 1236 788 1272 actiones,
805 1241 861 1266 aut
878 1235 913 1266 in
930 1235 1091 1276 opposita,
1108 1234 1200 1275 quod
1214 1235 1279 1266 hoc
1294 1244 1363 1265 non

291 1288 338 1313 est
349 1281 596 1322 intelligendum
608 1285 758 1321 respectu
773 1280 923 1310 omnium
939 1279 980 1310 ad
995 1289 1080 1320 quae
1099 1289 1132 1310 se
1145 1279 1288 1310 extendit
1302 1289 1363 1320 po-

291 1327 405 1358 tentia:
423 1327 509 1366 quia,
526 1331 562 1356 ut
578 1325 714 1356 habetur
729 1334 768 1355 ex
784 1324 904 1356 Sancto
921 1324 1051 1355 Thoma
1062 1324 1178 1360 Prima,
1192 1333 1223 1364 q.
1240 1334 1314 1360 an,
1332 1324 1362 1360 8,

291 1372 331 1402 ad
348 1381 378 1408 2,
403 1376 434 1401 et
458 1371 501 1401 IV
517 1370 616 1406 Sem„
634 1369 664 1400 d.
681 1379 763 1406 xmx,
781 1378 812 1409 q.
834 1377 860 1405 1,
878 1379 905 1399 a.
926 1369 954 1405 3,
974 1369 1034 1409 qu⁸
1051 1378 1080 1405 2,
1098 1368 1138 1399 ad
1158 1376 1186 1405 1,
1206 1369 1271 1399 hoc
1294 1378 1363 1399 non

291 1422 338 1447 est
361 1424 475 1446 verum
499 1415 532 1445 in
557 1415 597 1444 iis
620 1414 664 1444 ad
685 1422 770 1455 quae
792 1414 991 1444 naturaliter
1014 1413 1213 1444 ordinantur
1228 1419 1258 1444 et
1281 1423 1364 1454 quae

289 1465 367 1491 sunt
387 1460 448 1490 sibi
471 1459 511 1490 ab
534 1459 601 1489 alio
625 1458 850 1489 determinata.
875 1458 951 1488 Non
976 1458 1061 1488 enim
1086 1458 1238 1489 voluntas
1255 1463 1366 1498 potest

292 1514 357 1535 non
382 1504 562 1534 adhaerere
587 1503 672 1533 bono
701 1503 893 1543 inquantum
919 1503 1039 1533 bonum
1063 1507 1129 1539 est;
1156 1512 1215 1533 nec
1239 1503 1363 1533 intelle-

291 1554 361 1580 ctus
367 1553 476 1589 potest
491 1557 555 1578 non
568 1547 727 1578 assentire
736 1547 855 1587 primis
864 1547 1038 1588 principiis
1054 1547 1252 1578 naturaliter
1268 1547 1363 1578 notis.

292 1594 398 1624 Habet
422 1602 499 1633 ergo
523 1593 690 1622 veritatem
713 1592 895 1632 propositio
922 1591 1113 1632 Philosophi
1139 1596 1284 1632 respectu
1309 1601 1364 1632 op-

286 1638 472 1678 positorum
499 1646 583 1678 quae
604 1636 662 1667 sub
686 1636 843 1667 electione
865 1635 996 1671 cadunt,
1021 1641 1052 1666 et
1078 1641 1223 1676 respectu
1251 1645 1365 1666 eorum

292 1692 376 1723 quae
391 1687 466 1713 sunt
478 1681 631 1722 adfinem
642 1688 653 1710 .·
668 1686 705 1711 ut
720 1680 837 1711 dicitur
851 1680 878 1711 11
895 1680 994 1716 Sent.,
1011 1679 1041 1710 d.
1058 1690 1102 1710 vn
1113 1681 1140 1717 ’,
1154 1690 1181 1710 a.
1203 1688 1230 1717 ι,
1244 1680 1284 1711 ad
1300 1689 1327 1710 1.
1343 1698 1366 1702 —

293 1727 451 1765 Quamvis
474 1731 584 1766 posset
600 1724 674 1761 dici,
698 1724 867 1766 sequendo
884 1725 969 1755 dicta
984 1724 1093 1755 Sancti
1116 1725 1266 1756 Thomae
1282 1734 1366 1765 quae

294 1771 511 1811 allegavimus,
536 1769 627 1810 quod
650 1770 816 1810 potentiae
838 1769 1021 1805 rationales,
1045 1770 1240 1810 inquantum
1270 1769 1366 1800 ratio-

293 1816 392 1851 nales,
409 1823 536 1855 semper
552 1813 592 1844 ad
615 1815 767 1854 opposita
782 1823 816 1844 se
831 1814 962 1844 habent.
978 1813 1142 1854 Respectu
1157 1823 1235 1844 vero
1251 1823 1368 1844 eorum

294 1860 334 1890 ad
358 1869 442 1900 quae
466 1864 540 1889 sunt
564 1857 803 1895 determinatae,
828 1863 859 1888 et
883 1858 923 1888 ad
947 1867 1031 1898 quae
1061 1858 1247 1888 naturaliter
1276 1858 1367 1888 incli-

293 1909 420 1940 nantur,
436 1913 504 1934 non
529 1908 604 1933 sunt
627 1903 798 1933 rationales
814 1903 989 1942 potentiae,
1013 1901 1070 1932 sed
1092 1902 1292 1932 irrationales
1307 1911 1368 1942 po-

293 1949 357 1979 tius
381 1953 412 1978 et
434 1946 605 1978 naturales.

351 2002 380 2023 2.
406 1991 536 2023 Ocurrit
559 1996 668 2021 autem
693 1989 829 2020 dubium
853 1991 937 2021 circa
960 1990 1023 2020 hoc
1048 1989 1139 2030 quod
1163 1989 1286 2020 dictum
1310 1995 1368 2026 est,

294 2037 451 2077 quoniam
474 2035 596 2066 scilicet
611 2034 707 2065 bruta
723 2044 788 2065 non
807 2038 987 2075 operantur
1009 2033 1138 2065 diversa
1154 2039 1186 2065 et
1208 2034 1368 2075 opposita.

293 2081 378 2111 Nam
400 2080 457 2111 ubi
473 2085 521 2111 est
543 2079 774 2115 voluntarium,
790 2079 835 2109 ibi
850 2084 958 2119 potest
975 2087 1044 2109 esse
1067 2078 1192 2109 diversa
1210 2079 1368 2119 operatio.

294 2125 368 2162 Sed,
385 2131 421 2155 ut
443 2124 549 2165 inquit
571 2123 790 2163 Philosophus
814 2122 855 2153 Ill
878 2122 983 2153 Ethic.
996 2123 1023 2160 ’ζ
1042 2123 1142 2163 pueri
1157 2128 1188 2154 et
1206 2123 1274 2154 alia
1298 2123 1370 2154 ani-

295 2170 394 2200 malia
420 2168 607 2200 voluntario
631 2167 882 2198 communicant.
906 2167 993 2207 Ergo
1018 2173 1078 2197 etc.

350 2213 589 2254 Respondetur‚
614 2221 653 2242 ex
680 2211 827 2243 doctrina
857 2211 965 2242 Sancti
989 2211 1140 2242 Thomae
1163 2211 1258 2248 1¹112,
1279 2221 1310 2253 q.
1326 2221 1369 2248 vr,

295 2269 322 2289 a.
342 2268 372 2295 2,
399 2257 491 2298 quod
519 2256 742 2288 voluntarium
769 2256 941 2296 dupliciter
967 2261 1075 2296 potest
1105 2256 1224 2296 accipi:
1249 2256 1371 2287 scilicet

295 2302 477 2334 secundum
499 2302 658 2332 rationem
674 2300 866 2341 perfectam3
884 2305 915 2331 et
930 2299 1112 2331 secundum
1135 2301 1295 2332 rationem
1310 2301 1371 2331 im-

295 2346 482 2387 perfectam.
506 2346 617 2376 Primo
641 2344 754 2381 modo,
778 2345 999 2375 voluntarium
1023 2344 1140 2375 dicitur
1163 2354 1181 2374 a
1204 2345 1372 2376 voluntate

295 2391 437 2432 proprie.
462 2390 504 2421 Et
527 2389 642 2421 dicitur
666 2388 809 2430 quando,
833 2389 1034 2430 apprehenso
1046 2389 1132 2430 fine,
1149 2388 1269 2430 aliquis
1292 2389 1371 2420 deli-

295 2435 441 2466 berando
459 2438 569 2476 potest
591 2434 716 2464 moveri
743 2433 776 2463 in
790 2433 897 2475 finem
927 2433 978 2464 vel
1008 2442 1073 2463 non
1098 2433 1232 2463 moveri.
1258 2433 1300 2464 Et
1323 2434 1369 2464 sic

295 2489 365 2511 non
389 2479 542 2510 convenit
565 2478 676 2509 brutis.
700 2496 723 2500 —
746 2477 899 2509 Secundo
923 2476 1036 2514 modo,
1061 2477 1178 2508 dicitur
1201 2478 1240 2508 ab
1264 2477 1372 2518 aliqua

295 2524 541 2564 participatione
556 2523 732 2553 voluntatis
747 2528 880 2563 propter
895 2522 1038 2562 aliquam
1055 2522 1315 2553 convenientiam
1331 2522 1372 2553 ad

295 2569 409 2609 ipsam.
426 2567 468 2598 Et
484 2567 601 2599 dicitur
616 2566 796 2598 secundum
814 2565 905 2607 quod
919 2566 1164 2607 apprehendens
1182 2566 1279 2598 tinem
1302 2577 1371 2598 mo-

295 2618 390 2643 vetur
412 2612 445 2642 in
459 2611 576 2653 finem,
602 2611 676 2642 licet
703 2621 769 2641 non
791 2621 856 2651 per
885 2610 1162 2647 deliberationem,
1185 2611 1242 2642 sed
1264 2611 1370 2642 subito

295 2662 326 2687 et
341 2656 536 2688 necessario.
553 2655 627 2686 Hoc
643 2655 788 2686 secundo
804 2654 906 2686 modo
922 2655 1071 2696 intelligit
1086 2655 1275 2686 Aristoteles
1291 2665 1371 2686 con-

294 2701 404 2733 venire
416 2701 517 2731 brutis
529 2700 760 2736 voluntarium,
773 2709 842 2730 non
859 2705 968 2730 autem
980 2700 1087 2740 primo
1103 2699 1216 2731 modo.
1229 2718 1251 2723 —
1263 2699 1369 2738 Unde,

295 2755 371 2777 cum
387 2745 559 2776 assumitur
575 2743 665 2785 quod
680 2745 737 2775 ubi
753 2750 800 2775 est
812 2744 1042 2781 voluntarium,
1055 2744 1100 2775 ibi
1117 2749 1225 2785 potest
1240 2753 1309 2776 esse
1322 2744 1369 2776 di-

293 2799 384 2821 versa
400 2790 561 2831 operatio:
587 2789 703 2820 dicitur
719 2789 809 2829 quod
820 2798 934 2820 verum
946 2794 994 2820 est
1005 2789 1046 2820 de
1056 2789 1241 2820 voluntario
1253 2798 1369 2821 secun-

295 2835 373 2867 dum
384 2833 561 2875 perfectam
573 2834 742 2870 rationem,
755 2833 812 2865 sed
823 2834 880 2865 illo
893 2833 995 2865 modo
1006 2843 1075 2865 non
1089 2835 1242 2866 convenit
1256 2834 1368 2871 brutis,

294 2886 330 2911 ut
353 2879 476 2910 dictum
500 2884 566 2915 est;
589 2887 659 2909 non
681 2883 791 2909 autem
814 2877 855 2909 de
878 2878 1061 2909 voluntario
1085 2879 1231 2910 secundo
1255 2878 1367 2910 modo.

349 2923 460 2955 Potest
476 2928 507 2954 et
523 2922 669 2954 secundo
681 2922 880 2964 responderi,
892 2928 930 2954 ut
941 2922 1117 2963 respondet
1129 2923 1265 2955 Sanctus
1277 2923 1368 2955 Tho-

294 2978 363 2999 mas
387 2967 414 2998 11
437 2967 537 3004 Sent„
562 2966 592 2998 d.
618 2977 689 3004 xxv,
715 2977 742 2997 a.
764 2975 791 3004 1,
808 2966 847 2997 ad
864 2967 895 3004 6,
919 2966 1010 3008 quod
1026 2967 1215 2999 Aristoteles
1230 2978 1300 2999 non
1315 2977 1368 2999 ac-

295 3013 373 3053 cipit
388 3012 608 3043 voluntarium
620 3012 762 3052 proprie,
775 3012 808 3042 in
825 3020 894 3052 quo
910 3021 1006 3042 sensu
1022 3013 1127 3042 maior
1142 3013 1239 3044 habet
1252 3013 1368 3043 verita—

294 3062 371 3094 tem,
393 3056 450 3087 sed
473 3056 562 3096 largo
586 3055 698 3092 modo,
715 3061 751 3086 ut
774 3056 896 3087 scilicet
919 3056 1139 3087 voluntarium
1163 3056 1368 3097 distinguitur

295 3106 407 3132 contra
431 3101 616 3131 violentum.
648 3099 702 3131 Sic
729 3101 817 3131 enim
848 3109 948 3131 omne
976 3101 1069 3131 cuius
1099 3101 1297 3142 principium
1321 3107 1368 3132 est

294 3146 386 3182 intra,
411 3145 528 3176 dicitur
553 3144 784 3175 voluntarium.
813 3144 854 3175 Et
885 3145 930 3175 sic
960 3145 1053 3175 bruta
1083 3146 1160 3185 quia
1188 3146 1308 3177 habent
1333 3146 1367 3177 in

295 3190 406 3230 seipsis
429 3189 625 3230 principium
642 3198 773 3219 suarum
789 3189 1028 3230 operationum,
1044 3190 1221 3230 improprie
1236 3191 1368 3221 illorum

296 3234 501 3274 operationes
524 3233 676 3264 dicuntur
699 3234 909 3264 voluntariae.
934 3233 998 3264 Sed
1013 3234 1070 3264 ubi
1086 3239 1134 3265 est
1149 3234 1369 3266 voluntarium

294 3279 358 3309 hoc
381 3277 494 3314 modo,
517 3287 586 3308 non
610 3282 740 3319 oportet
770 3278 814 3309 ibi
838 3287 934 3318 posse
959 3287 1028 3308 esse
1052 3279 1226 3309 contrarias
1250 3284 1281 3310 et
1308 3278 1368 3309 dis-

295 3321 415 3353 formes
438 3322 654 3363 operationes.

351 3366 388 3397 11.
413 3366 572 3397 Secundo.
598 3366 718 3397 Sensus
733 3375 801 3397 non
826 3371 874 3398 est
893 3367 1157 3407 congnoscitivus
1175 3367 1236 3398 nisi
1259 3368 1368 3408 singu-

296 3410 424 3441 larium:
450 3411 633 3442 intellectus
655 3416 764 3441 autem
788 3416 836 3442 est
861 3411 1092 3442 universalium
1115 3412 1367 3451 cognoscitivus.

297 3454 384 3494 Ergo
407 3460 467 3486 etc.
483 3472 507 3478 —
521 3455 679 3486 Probatur
694 3454 888 3486 antecedens
905 3454 1015 3496 quoad
1034 3455 1210 3487 secundam
1226 3462 1367 3496 partem:

298 3499 374 3537 quia
396 3499 459 3530 hoc
484 3500 706 3540 experimento
730 3500 969 3539 cognoscimus.
987 3499 1107 3538 Quoad
1129 3500 1268 3541 primam
1290 3510 1368 3532 vero

298 3548 435 3582 partem:
461 3544 537 3584 quia
567 3544 735 3584 cognoscit
765 3553 878 3575 sensus
906 3553 964 3585 per
993 3545 1117 3585 species
1147 3544 1368 3582 individuales,

300 3591 413 3626 utpote
436 3588 469 3618 in
493 3589 620 3627 organis
643 3588 866 3628 corporalibus
888 3594 1044 3629 receptas.

357 3639 386 3660 2.
411 3630 504 3662 Circa
527 3633 610 3663 hanc
636 3633 907 3673 propositionem,
931 3633 1052 3665 Sensus
1082 3642 1148 3663 non
1176 3638 1224 3664 est
1245 3643 1369 3675 cogno-

299 3673 431 3705 scitivus
455 3675 517 3706 nisi
532 3676 762 3717 singularium,
783 3676 956 3709 dubitatur.
973 3677 1089 3708 Omnis
1113 3678 1200 3709 enim
1223 3678 1369 3718 potentia

776 313 964 350 SUMMA
993 312 1215 350 CONTRA
1244 310 1519 355 GENTILES,
1547 310 1707 355 LIB.11‚
1737 310 1848 346 CAP.
1869 310 2003 347 LXVI.

1420 394 1467 419 est
1484 389 1704 428 cognoscitiva
1720 389 1770 419 sui
1786 389 1915 419 obiecti.
1932 389 1996 420 Sed
2012 390 2179 422 obiectum
2198 393 2370 425 cuiuslibet
2380 404 2494 426 sensus

1419 439 1467 463 est
1487 433 1685 463 universale:
1710 433 1877 464 obiectum
1900 434 1988 464 enim
2011 434 2099 464 visus
2123 441 2170 465 est
2193 436 2286 467 color
2306 439 2341 468 in
2364 440 2493 471 univer-

1418 478 1486 513 sali,
1509 487 1578 508 non
1602 482 1711 508 autem
1733 478 1787 508 hic
1811 477 1919 514 color;
1944 483 1976 508 et
2003 478 2049 509 sic
2072 478 2112 509 de
2136 480 2204 510 aliis
2228 482 2384 513 sensibus.
2404 484 2493 525 Ergo

1418 531 1531 552 sensus
1553 531 1622 552 non
1646 527 1694 552 est
1716 523 1957 562 cognoscitivus
1979 528 2107 554 tantum
2129 524 2349 564 singularium.

1473 566 1525 597 Ad
1548 567 1645 596 huius
1661 565 1867 603 evidentiam,
1891 566 2164 598 considerandum
2187 569 2279 608 quod
2301 571 2492 609 universale,

1418 616 1454 641 ut
1483 611 1674 647 universale,
1702 610 1874 651 dupliciter
1901 611 2095 643 considerari
2125 618 2247 653 potest:
2280 623 2349 645 uno
2379 616 2493 653 modo,

1418 661 1454 686 ut
1477 656 1573 685 habet
1589 664 1658 685 esse
1674 655 1874 685 obiectivum
1887 655 1922 686 in
1937 656 2120 694 intellectu;
2136 658 2200 688 alio
2216 658 2329 695 modo,
2345 664 2382 690 ut
2397 660 2494 691 habet

1419 708 1488 730 esse
1506 699 1790 730 fundamentaliter
1804 700 1838 729 in
1853 700 1959 730 rebus.
1977 700 2068 731 Sicut
2082 707 2192 732 autem
2208 702 2382 743 dupliciter
2395 704 2494 735 habet

1419 754 1498 780 esse,
1522 745 1566 774 ita
1589 744 1759 784 dupliciter
1775 745 1931 784 cognosci
1946 750 2071 784 potest:
2096 755 2164 776 uno
2183 747 2296 784 modo,
2312 757 2370 788 per
2386 749 2493 779 omni-

1417 788 1550 819 modam
1563 789 1812 819 abstractionem
1829 798 1847 818 a
1862 789 2091 829 singularibus;
2108 791 2172 821 alio
2183 791 2297 829 modo,
2310 792 2493 824 secundum

1418 832 1508 874 quod
1531 834 1564 863 in
1588 833 1801 873 singularibus
1832 832 2083 864 fundamentum
2105 835 2211 866 habet.
2241 836 2351 867 Primo
2378 837 2494 874 modo,

1418 878 1627 918 cognoscitur
1649 882 1776 908 tantum
1799 878 1839 907 ab
1862 878 2039 915 intellectu,
2057 879 2150 909 cuius
2174 885 2222 910 est
2243 890 2349 912 unum
2372 882 2412 911 ab
2428 882 2493 913 alio

1418 923 1608 953 abstrahere.
1626 921 1778 952 Secundo
1794 921 1907 958 modo,
1925 923 2020 953 etiam
2037 924 2193 963 cognosci
2208 930 2316 964 potest
2338 935 2356 956 a
2378 935 2492 957 sensu:

1419 967 1497 998 dum
1521 967 1644 997 scilicet
1667 976 1780 997 sensus
1797 976 1865 997 non
1889 966 1989 997 fertur
2011 968 2045 998 in
2069 977 2137 998 rem
2161 969 2357 1009 singularem
2379 971 2441 1002 nisi
2456 977 2494 1002 ut

1417 1010 1532 1042 fundat
1553 1017 1701 1042 naturam
1725 1011 1956 1048 universalem
1976 1012 2022 1043 sic
2045 1013 2133 1043 enim
2157 1012 2295 1044 dicimus
2317 1015 2423 1046 visum
2445 1016 2493 1046 vi-

1419 1056 1494 1087 dere
1518 1056 1663 1087 colorem
1679 1056 1906 1092 universalem,
1923 1057 2000 1096 quia
2022 1066 2092 1087 non
2107 1057 2195 1088 videt
2217 1058 2282 1088 hoc
2305 1059 2416 1090 album
2431 1059 2494 1091 nisi

1418 1107 1455 1131 ut
1477 1100 1592 1131 fundat
1606 1101 1767 1131 rationem
1783 1101 1913 1137 coloris,
1930 1106 1963 1131 et
1977 1101 2124 1132 similiter
2139 1102 2203 1133 hoc
2218 1103 2348 1143 nigrum
2364 1109 2396 1134 et
2412 1104 2495 1135 alios

1419 1145 1556 1176 colores.
1581 1144 1677 1176 Unde
1700 1146 1892 1185 particulare
1908 1151 1957 1176 est
1979 1145 2013 1176 id
2028 1146 2119 1186 quod
2142 1147 2349 1178 materialiter
2371 1158 2495 1189 cogno-

1418 1190 1526 1226 scitur,
1542 1189 1599 1220 sed
1621 1190 1802 1221 universale
1818 1195 1866 1220 est
1887 1189 1921 1220 id
1940 1190 2031 1231 quod
2054 1190 2231 1222 formaliter
2247 1197 2295 1222 est
2314 1193 2494 1233 cognitum,

1417 1239 1574 1274 tanquam
1585 1234 1708 1264 scilicet
1719 1234 1753 1265 id
1763 1235 1824 1265 sub
1833 1235 1926 1265 cuius
1937 1235 2062 1266 ratione
2074 1236 2266 1276 particulare
2276 1238 2494 1277 cognoscitur.

1473 1278 1526 1309 Ad
1549 1284 1777 1318 argumentum
1801 1288 1878 1319 ergo
1902 1278 2020 1310 dicitur
2043 1279 2135 1320 quod
2157 1281 2272 1321 utique
2299 1290 2413 1312 sensus
2439 1291 2495 1313 co-

1417 1324 1545 1362 gnoscit
1567 1323 1748 1354 universale
1769 1323 1872 1354 modo
1896 1323 1995 1360 dicto,
2023 1329 2055 1354 et
2077 1329 2234 1365 tanquam
2256 1326 2416 1357 rationem
2439 1336 2496 1357 co-

1418 1367 1609 1407 gnoscendi:
1636 1367 1693 1398 sed
1715 1367 1780 1398 hoc
1803 1377 1872 1398 non
1896 1373 1944 1398 est
1973 1373 2086 1399 contra
2109 1368 2142 1399 id
2166 1369 2258 1409 quod
2285 1370 2338 1400 hic
2367 1370 2493 1402 dicitur.

1418 1411 1505 1449 Quia
1527 1412 1674 1452 loquitur
1697 1411 1834 1443 Sanctus
1857 1411 2004 1443 Thomas
2034 1412 2075 1443 de
2098 1422 2139 1443 eo
2167 1413 2259 1453 quod
2287 1415 2494 1446 materialiter

1419 1457 1638 1497 cognoscitur,
1653 1461 1809 1497 tanquam
1825 1457 1932 1497 primo
1947 1458 2124 1488 terminans
2139 1463 2249 1489 actum
2265 1459 2496 1499 cognoscendi.

1419 1501 1500 1532 Tale
1522 1506 1632 1532 autem
1649 1511 1687 1531 ex
1710 1506 1801 1542 parte
1824 1510 1937 1532 sensus
1953 1507 2001 1532 est
2020 1502 2191 1542 singulare,
2215 1512 2254 1533 ex
2277 1509 2368 1543 parte
2386 1509 2498 1536 autem

1419 1545 1600 1576 intellectus
1623 1551 1671 1576 est
1685 1546 1881 1576 universale:
1905 1546 1981 1576 licet
1996 1547 2094 1577 etiam
2117 1547 2297 1578 universale
2319 1547 2498 1580 formaliter

1420 1595 1636 1630 cognoscatur
1659 1600 1678 1620 a
1700 1599 1797 1621 sensu
1819 1595 1976 1630 tanquam
1999 1591 2080 1621 ratio
2105 1591 2327 1632 cognoscendi
2346 1602 2384 1623 ex
2407 1598 2498 1634 parte

1420 1634 1539 1665 obiecti
1562 1644 1596 1665 se
1615 1640 1739 1665 tenens.
2031 1643 2036 1646 ·

1476 1679 1528 1709 111.
1557 1679 1677 1709 Tertio.
1702 1678 1822 1709 Sensus
1845 1687 1914 1709 non
1938 1679 2106 1719 cognoscit
2120 1680 2182 1710 nisi
2205 1681 2403 1721 corporalia:
2421 1691 2497 1713 cum

1421 1723 1590 1763 qualitates
1613 1723 1789 1759 sensibiles,
1814 1732 1898 1763 quae
1921 1729 1997 1754 sunt
2022 1724 2153 1764 propria
2177 1724 2304 1756 obiecta
2330 1735 2499 1764 sensuum,

1422 1773 1454 1799 et
1476 1768 1545 1798 sine
1561 1768 1680 1808 quibus
1703 1776 1816 1798 sensus
1831 1767 1912 1798 nihil
1929 1769 2108 1808 cognoscit,
2124 1777 2193 1799 non
2209 1769 2272 1799 sint
2290 1770 2353 1800 nisi
2375 1770 2410 1801 in
2426 1779 2498 1802 cor-

1421 1811 1598 1852 poralibus.
1622 1811 1808 1843 Intellectus
1831 1817 1941 1842 autem
1957 1813 2128 1852 cognoscit
2145 1813 2243 1844 etiam
2266 1814 2497 1855 incorporalia:

1422 1862 1501 1897 puta
1524 1857 1725 1896 sapientiam,
1749 1857 1926 1892 veritatem,
1943 1861 1976 1886 et
1998 1857 2170 1887 relationes
2193 1867 2311 1888 rerum.
2332 1858 2420 1899 Ergo
2436 1864 2498 1891 etc.

1478 1900 1724 1931 Advertendum
1759 1899 1851 1941 quod
1884 1909 1943 1940 per
1971 1901 2195 1940 cognitionem
2227 1902 2447 1943 corporalium
2479 1913 2499 1934 a

1423 1953 1519 1975 sensu
1542 1954 1611 1975 non
1626 1944 1776 1984 intelligit
1791 1944 1927 1975 Sanctus
1942 1943 2089 1975 Thomas
2105 1946 2329 1985 cognitionem
2352 1947 2501 1979 substan-

1423 1989 1486 2019 tiae
1510 1998 1687 2029 corporeae
1710 1994 1871 2029 quantum
1887 1988 1927 2019 ad
1950 1989 2020 2019 eius
2036 1989 2247 2021 substantiam
2263 1995 2295 2021 et
2310 1991 2499 2023 essentiam:

1424 2033 1510 2074 quia,
1534 2042 1611 2064 cum
1634 2033 1811 2064 substantia
1833 2033 1898 2064 hoc
1920 2032 2023 2064 modo
2046 2042 2115 2064 non
2138 2040 2355 2074 cognoscatur
2369 2044 2502 2068 asensu

1423 2077 1486 2108 nisi
1509 2086 1568 2118 per
1591 2077 1751 2114 accidens,
1770 2086 1839 2108 non
1856 2082 1939 2108 esset
1955 2078 2154 2109 conveniens
2170 2080 2372 2120 comparatio
2388 2080 2502 2123 cogni-

1424 2121 1523 2152 tionis
1546 2122 1716 2153 sensitivae
1738 2126 1889 2162 respectu
1905 2122 2125 2162 corporalium
2149 2122 2190 2154 ad
2205 2123 2429 2164 cognitionem
2450 2124 2501 2157 in-

1424 2166 1572 2196 tellectus
1595 2171 1745 2207 respectu
1768 2165 2035 2207 incorporalium,
2060 2175 2144 2208 quae
2172 2173 2417 2208 cognoscuntur
2441 2177 2502 2211 per

1425 2220 1469 2241 se.
1495 2209 1559 2241 Sed
1581 2211 1730 2251 intelligit
1752 2220 1811 2252 per
1833 2211 2057 2251 cognitionem
2080 2211 2263 2243 sensitivam
2281 2213 2502 2254 corporalium

1426 2255 1650 2295 cognitionem
1666 2255 1798 2286 illorum
1812 2260 1850 2286 ut
1865 2260 1950 2286 stant
1964 2255 2024 2286 sub
2039 2256 2181 2297 propriis
2196 2257 2401 2289 sensibilibus
2421 2266 2500 2299 qua-

1425 2299 1578 2336 litatibus,
1602 2305 1638 2330 ut
1661 2300 1783 2331 scilicet
1813 2299 2036 2340 significantur
2062 2301 2199 2332 nomine
2221 2302 2364 2333 colorati
2386 2307 2418 2333 et
2440 2302 2502 2334 hu-

1425 2343 1568 2375 iusmodi
1598 2344 1667 2375 aliis
1695 2344 1885 2375 nominibus
1916 2344 2145 2376 accidentium.
2177 2344 2231 2376 Sic
2258 2346 2346 2377 enim
2377 2355 2501 2388 cogno-

1426 2393 1560 2419 scuntur
1583 2397 1641 2429 per
1663 2398 1697 2419 se
1722 2399 1739 2419 a
1763 2398 1871 2420 sensu.
2318 2413 2325 2418 .

1481 2432 1534 2463 IV.
1562 2432 1691 2469 Quarto
1703 2433 1730 2463 ⁴.
1748 2433 1868 2464 Sensus
1882 2442 1952 2463 non
1969 2434 2139 2474 cognoscit
2153 2434 2307 2475 seipsum,
2330 2443 2392 2466 nec
2408 2443 2502 2466 suam

1426 2477 1663 2517 operationem,
1687 2476 1744 2508 sed
1759 2477 1824 2508 hoc
1848 2477 2024 2518 superioris
2039 2482 2088 2508 est
2102 2479 2279 2519 potentiae,
2295 2483 2332 2509 ut
2346 2478 2502 2520 probatur

1425 2521 1459 2552 in
1482 2522 1565 2552 libro
1589 2521 1629 2552 de
1651 2522 1780 2552 Anima.
1812 2521 1997 2553 Intellectus
2026 2527 2136 2553 autem
2160 2523 2330 2564 cognoscit
2357 2524 2502 2565 seipsum

1426 2571 1458 2596 et
1480 2575 1572 2597 suam
1603 2567 1840 2606 operationem.
1871 2566 1958 2607 Ergo
1982 2571 2044 2598 etc.
2066 2584 2090 2589 —
2111 2566 2270 2599 Probatur
2296 2568 2402 2608 prima
2427 2577 2502 2609 pars

1425 2610 1644 2641 antecedentis
1667 2619 1726 2650 per
1742 2610 1929 2651 exemplum
1946 2610 1986 2642 de
2002 2611 2084 2648 visu,
2100 2612 2157 2652 qui
2173 2621 2235 2643 nec
2250 2612 2396 2653 seipsum
2413 2612 2502 2644 videt

1424 2664 1486 2685 nec
1509 2664 1543 2685 se
1566 2654 1685 2686 videre.

1483 2708 1512 2729 2.
1538 2697 1633 2730 Circa
1660 2699 1744 2730 hanc
1776 2699 2047 2740 propositionem,
2081 2699 2202 2731 Sensus
2233 2709 2299 2731 non
2332 2700 2503 2743 cognoscit

1423 2753 1517 2774 suam
1530 2743 1762 2784 operationem,
1773 2743 1946 2775 dubitatur.
1960 2743 2046 2782 Quia
2062 2744 2252 2785 oppositum
2267 2745 2364 2776 huius
2375 2744 2503 2777 videtur

1424 2787 1531 2819 dicere
1554 2787 1690 2820 Sanctus
1713 2788 1860 2820 Thomas
1889 2788 1996 2825 Ver-it„
2014 2797 2046 2829 q.
2062 2798 2084 2826 ι,
2101 2798 2130 2820 a.
2147 2797 2178 2829 9,
2199 2794 2232 2820 et
2248 2798 2280 2830 q.
2296 2799 2326 2827 x,
2343 2799 2372 2820 a.
2389 2798 2420 2830 9,
2443 2790 2502 2822 ubi

1423 2838 1512 2864 tenet
1534 2832 1626 2874 quod
1648 2842 1762 2864 sensus
1784 2832 1869 2864 redit
1883 2833 1927 2864 ad
1948 2833 2120 2865 essentiam
2141 2842 2246 2871 suam,
2269 2834 2327 2866 sed
2341 2834 2502 2866 reditione

1424 2878 1628 2918 incompleta,
1656 2877 1733 2909 dum
1756 2882 1865 2909 actum
1887 2887 1982 2910 suum
2012 2878 2192 2920 cognoscit,
2216 2888 2255 2911 eo
2277 2878 2366 2920 quod
2386 2888 2502 2911 sensus

1423 2927 1603 2964 cognoscat
1616 2932 1651 2953 se
1665 2922 1795 2954 sentire.
1812 2921 1902 2954 Idem
1917 2927 2006 2954 tenet
2021 2923 2055 2953 in
2071 2921 2099 2953 11
2118 2922 2159 2954 de
2173 2923 2302 2960 Anima,
2318 2922 2500 2955 secundum

1423 2967 1616 2998 divisionem
1640 2965 1926 3004 Commentatoris‚
1945 2967 1979 2998 in
1996 2966 2199 3008 expositione
2221 2972 2327 2999 textus
2354 2967 2416 2999 138
2425 2967 2454 2999 θ.

1480 3011 1510 3042 3.
1534 3011 1587 3042 Ad
1609 3011 1706 3043 huius
1738 3010 1933 3043 evidentiam
1965 3010 2248 3049 considerandum,
2282 3021 2321 3043 ex
2351 3010 2500 3044 doctrina

1423 3057 1492 3087 eius
1508 3055 1535 3086 11
1551 3055 1592 3087 de
1606 3057 1735 3093 Anima,
1756 3061 1788 3087 et
1811 3061 1859 3087 est
1881 3055 1922 3087 de
1945 3061 2055 3087 mente
2078 3056 2278 3097 Philosophi,
2295 3061 2371 3088 text.
2393 3064 2455 3097 149
2469 3057 2498 3093 θ,

1423 3099 1513 3141 quod
1536 3109 1651 3131 omnes
1674 3110 1786 3132 sensus
1809 3100 2016 3142 particulares
2043 3100 2084 3132 ab
2110 3110 2177 3132 una
2200 3101 2365 3132 communi
2456 3100 2463 3108 '

1423 3145 1587 3186 originem
1610 3145 1736 3181 habent,
1757 3149 1789 3176 et
1810 3145 1855 3176 ad
1878 3145 1968 3176 illam
1993 3154 2104 3176 omnes
2115 3145 2373 3186 particularium
2396 3153 2498 3187 orga-

1423 3198 1542 3220 norum
1566 3189 1808 3220 immutationes
1838 3190 2077 3220 terminantur:
2100 3198 2185 3230 quae
2215 3189 2313 3226 radix,
2344 3189 2421 3229 quia
2449 3193 2498 3220 est

1423 3234 1574 3265 omnium
1596 3233 1839 3275 particularium
1863 3243 2020 3265 sensuum
2043 3243 2221 3265 commune
2243 3233 2441 3275 principium
2464 3238 2497 3264 et

1424 3279 1610 3309 communis
1633 3277 1716 3315 finis,
1746 3278 1831 3309 dicta
1859 3283 1907 3309 est
1936 3287 2050 3310 sensus
2077 3277 2265 3309 communis.
2300 3277 2378 3315 Quo
2402 3276 2438 3308 fit
2460 3282 2497 3309 ut

1423 3332 1536 3354 sensus
1559 3323 1755 3360 communis,
1778 3322 1958 3354 secundum
1982 3322 2074 3364 quod
2097 3322 2304 3353 continuatur
2327 3331 2404 3353 cum
2425 3322 2497 3353 visu

1424 3373 1455 3398 et
1478 3368 1628 3399 terminat
1643 3367 1730 3399 visus
1745 3367 2017 3404 immutationem,
2032 3371 2167 3398 vocetur
2185 3365 2293 3403 visus;
2316 3365 2497 3398 secundum

1423 3421 1500 3443 vero
1525 3411 1615 3453 quod
1630 3412 1780 3443 terminat
1794 3412 2056 3443 immutationem
2077 3419 2190 3442 sensus
2213 3409 2342 3441 auditus
2365 3415 2398 3442 et
2420 3419 2498 3442 cum

1423 3455 1535 3487 auditu
1552 3456 1770 3493 continuatur,
1785 3461 1921 3487 vocetur
1934 3455 2083 3492 auditus;
2101 3459 2133 3484 et
2155 3454 2201 3485 sic
2219 3453 2259 3485 de
2283 3455 2361 3492 aliis,
2384 3460 2422 3486 ut
2436 3455 2498 3486 sci-

1423 3500 1509 3537 licet,
1525 3500 1707 3532 secundum
1723 3500 1814 3541 quod
1829 3500 1979 3531 omnium
1994 3507 2150 3530 sensuum
2165 3499 2409 3530 immutationes
2424 3508 2497 3530 sen—

1423 3545 1531 3576 sibiles
1555 3545 1700 3586 complet
1722 3554 1760 3576 ac
1786 3545 1945 3580 terminat,
1975 3543 2019 3574 ita
2046 3541 2078 3574 et
2107 3543 2311 3583 singulorum
2341 3552 2497 3575 sensuum

1423 3590 1559 3621 nomina
1581 3588 1830 3631 quodammodo
1851 3587 2064 3619 nanciscatur.

1479 3634 1661 3675 Dupliciter
1672 3642 1749 3674 ergo
1760 3640 1936 3673 possumus
1947 3632 2092 3672 accipere
2103 3641 2231 3663 sensum
2241 3631 2498 3673 particularem:

1423 3687 1491 3709 uno
1515 3677 1627 3715 modo,
1644 3687 1704 3719 pro
1723 3685 1820 3708 sensu
1843 3676 2012 3708 communi
2036 3681 2072 3707 ut
2094 3686 2170 3708 cum
2193 3685 2290 3708 sensu
2313 3676 2497 3717 particulari

2528 2441 2538 2450 ·
2553 2439 2589 2463 ct.
2605 2446 2628 2463 n.
2638 2446 2684 2464 vn.

2526 2970 2536 2982 a

2525 2997 2543 3020 Ι.

2524 3029 2546 3052 3.

2524 3058 2542 3106 ἶ.

2527 3116 2557 3139 ¹5·

2550 2969 2576 2994 S·

2553 3002 2580 3024 ⁸³

2549 3057 2574 3081 S.

2551 3090 2578 3114 ³3

2589 2968 2636 2992 Th.
2650 2969 2692 2992 lib.
2701 2969 2748 2998 111,

2593 2995 2649 3020 md.
2657 2996 2699 3024 111.
2715 3002 2744 3025 ιι,

2589 3057 2635 3080 τὴ.
2649 3058 2688 3081 ns.
2701 3057 2743 3086 m.

2594 3084 2647 3107 Did.
2659 3085 2700 3113 ιιι,
2714 3090 2750 3122 ιι,γ
