2768 4134
66 661 178 711 Lat-1.
186 667 229 710 ¹50.
244 668 280 690 ¹³

66 829 77 867 Ἰ
91 827 149 857 Cap.
163 834 247 851 uvm.

67 1468 201 1492 ἰοαώι.

67 2703 120 2727 σιμ.
129 2703 177 2726 rvr.
188 2697 238 2720 init.

778 263 966 300 SUMMA
995 263 1218 301 CONTRA
1246 264 1522 311 GENTILES,
1550 265 1645 301 LIB.
1667 266 1708 311 ΙΙ,
1739 265 1849 302 CAP.
1869 266 2041 302 LXXIX.

309 339 478 377 bilitatur
509 338 706 377 debilitato
740 352 898 388 organo,
926 353 997 390 per
1028 341 1207 379 accidens
1239 350 1382 379 tamen.

310 393 431 440 Quod
455 405 502 430 ex
532 393 609 429 hoc
636 401 751 442 patet.
783 393 824 431 Si
852 394 958 431 enim
986 394 1060 444 ipsi
1088 394 1218 432 virtuti
1245 407 1316 444 per
1343 407 1384 432 se

309 446 499 484 accideret
522 446 652 495 aliqua
671 446 854 494 debilitas,
879 460 1086 498 nunquam
1109 456 1386 486 restauraretur

310 511 457 549 organo
478 507 670 550 reparato:
693 500 874 538 videmus
889 509 1021 539 autem
1040 502 1160 550 quod,
1176 509 1385 551 quantum-

309 565 482 604 cumque
501 553 560 591 vis
579 552 704 590 visiva
723 553 903 592 videatur
921 554 1127 601 debilitata,
1147 555 1178 592 si
1193 567 1385 604 organum

308 615 520 657 reparetur,
542 607 651 656 quod
671 607 729 644 vis
748 607 872 645 visiva
900 616 1150 654 restauratur3
1172 609 1277 646 unde
1296 608 1386 646 dicit

309 661 544 707 Aristoteles,
560 660 600 697 in
615 662 629 697 Ι
644 661 690 697 de
707 662 848 698 Anima
863 661 894 708 ²¹⁶,
915 662 1034 711 quod,
1052 664 1086 699 si
1096 674 1215 699 senex
1227 663 1386 711 accipiat

309 715 460 751 oculum
489 716 642 761 iuvenis,
667 715 807 751 videret
828 717 952 765 utique
978 717 1071 752 sicut
1098 717 1250 753 iuvenis.
1282 715 1386 752 Cum

308 766 645 816 igiturintellectus
661 767 707 804 sit
720 767 842 805 virtus
857 768 1010 806 animae
1026 780 1128 819 quae
1146 781 1227 806 non
1243 767 1386 817 indiget

309 832 468 870 organo,
489 829 532 858 ut
551 833 598 859 ex
612 821 834 871 praemissis
847 821 868 843 ‘¹‘
886 829 1001 872 patet,
1022 822 1103 872 ipse
1117 834 1200 859 non
1215 821 1385 859 debilita-

307 882 381 921 tur,
397 887 527 925 neque
546 887 616 924 per
634 887 676 912 se
695 887 824 925 neque
843 888 914 925 per
932 875 1122 922 accidens,
1141 887 1212 925 per
1231 874 1383 912 senium

306 930 370 966 vel
397 941 470 978 per
495 928 670 978 aliquam
697 928 813 966 aliam
850 929 1086 967 debilitatem
1123 928 1308 978 corporis.
1344 928 1385 966 Si

307 990 440 1020 autem
456 982 495 1019 in
511 982 736 1032 operatione
751 982 964 1020 intellectus
981 982 1119 1020 accidit
1131 982 1299 1031 fatigatio
1319 990 1386 1019 aut

307 1035 637 1086 impedimentum
650 1044 810 1086 propter
823 1035 1089 1074 infirmitatem
1108 1035 1293 1086 corporis,
1309 1036 1386 1073 hoc

307 1102 390 1128 non
409 1097 466 1127 est
483 1097 644 1140 propter
662 1089 900 1127 debilitatem
920 1090 1042 1140 ipsius
1062 1090 1286 1136 intellectus,
1315 1090 1383 1126 sed

306 1151 467 1194 propter
494 1142 731 1181 debilitatem
751 1142 895 1180 virium
923 1143 1067 1194 quibus
1095 1143 1309 1181 intellectus
1327 1143 1384 1180 in-

307 1196 420 1246 diget,
449 1196 591 1234 scilicet
618 1196 916 1258 imaginationis,
945 1197 1227 1234 memorativae
1255 1205 1293 1234 et
1319 1209 1384 1234 co-

307 1250 486 1300 gitativae
514 1250 716 1288 virtutum.
747 1251 855 1288 Patet
887 1250 1002 1300 igitur
1035 1251 1143 1300 quod
1171 1250 1385 1287 intellectus

307 1312 364 1343 est
371 1303 704 1355 &corruptibilis
730 1304 833 1353 Ergo
862 1311 899 1340 et
926 1304 1058 1342 anima
1076 1305 1262 1350 humana,
1283 1315 1384 1353 quae

308 1354 365 1396 est
392 1357 623 1396 intellectiva
651 1358 848 1407 quaedam
876 1357 1101 1395 substantia.

361 1412 451 1449 Hoc
469 1411 586 1449 etiam
604 1419 764 1461 apparet
782 1423 853 1460 per
870 1411 1140 1450 auctoritatem
1159 1409 1382 1448 Aristotelis.

307 1465 410 1503 Dicit
436 1465 555 1511 enim,
584 1464 624 1502 in
652 1466 666 1502 1
695 1465 741 1501 de
767 1466 910 1502 Anima
924 1465 954 1510 ²¹²,
983 1464 1092 1514 quod
1112 1464 1314 1501 intellectus
1332 1466 1384 1501 vi-

307 1519 415 1556 detur
440 1520 645 1556 substantia
673 1518 859 1567 quaedam
888 1530 977 1565 esse,
1007 1523 1041 1554 et
1073 1529 1148 1554 non
1178 1519 1383 1567 corrumpi.

307 1571 430 1620 Quod
458 1578 591 1608 autem
619 1571 695 1608 hoc
723 1583 805 1608 non
832 1571 954 1620 possit
986 1569 1142 1619 intelligi
1175 1570 1222 1607 de
1256 1570 1385 1619 aliqua

307 1624 521 1663 substantia
549 1631 724 1674 separata
751 1636 853 1673 quae
882 1623 928 1661 sit
955 1623 1169 1661 intellectus
1191 1623 1385 1672 possibilis

306 1679 371 1716 vel
397 1689 526 1727 agenS,
555 1689 603 1715 ex
630 1677 855 1726 praemissis
869 1677 889 1699 ²¹⁶
917 1676 1052 1715 haberi
1079 1684 1218 1726 potest.

361 1732 565 1768 Praeterea
584 1739 746 1780 apparet
765 1743 813 1768 ex
841 1730 934 1780 ipsis
953 1730 1084 1768 verbis
1106 1729 1319 1767 Aristotelis
1344 1729 1384 1766 in

271 1805 280 1839 3
305 1785 358 1823 XI
378 1786 668 1835 Metaphysicae
680 1784 712 1821 *.
735 1783 810 1822 Ubi
830 1784 932 1831 dicit,
953 1792 1087 1822 contra
1107 1785 1310 1821 Platonem
1330 1784 1384 1820 lo-

306 1849 444 1889 quens,
460 1838 568 1888 quod
593 1850 732 1876 causae
754 1844 943 1878 moventes
957 1839 1228 1888 praeexistunt,
1249 1848 1386 1874 causae

2434 281 2513 317 499

1440 349 1565 380 manet
1567 345 1904 393 ,perscrutandum
1919 350 1981 381 est.
2002 345 2108 382 Nam
2128 345 2166 381 in
2183 347 2402 395 quibusdam
2423 348 2515 384 nihil

1434 374 1625 446 prohib'et:
1652 403 1691 433 ut
1717 399 1750 434 si
1770 403 1822 433 est
1849 399 1978 434 anima
2006 398 2098 443 tale;
2118 411 2192 435 non
2213 401 2346 446 omnis,
2374 401 2441 437 sed
2457 402 2513 437 in-

1439 450 1610 486 tellectus.
1642 451 1700 487 Ex
1729 462 1809 499 quo
1828 458 1943 500 patet,
1972 463 2064 488 cum
2092 453 2275 501 loquatur
2292 453 2341 489 de
2366 453 2512 501 formis,

1441 503 1548 552 quod
1564 504 1647 539 vult
1665 502 1912 550 intellectum,
1928 504 1995 553 qui
2010 512 2066 541 est
2084 504 2210 542 torma
2224 505 2406 553 hominis,
2426 515 2514 556 post

1408 569 1417 590 s
1429 555 1643 593 materiam
1667 568 1884 603 remanere,
1913 557 2054 594 scilicet
2080 566 2169 607 post
2197 570 2350 608 corpus.

1495 610 1602 647 Patet
1629 617 1761 647 autem
1794 622 1841 647 ex
1878 611 2099 659 praemissis
2136 611 2348 650 Aristotelis
2385 613 2513 651 verbis

1441 663 1560 712 quod,
1590 662 1676 699 licet
1698 671 1819 712 ponat
1842 663 2017 700 animam
2041 676 2123 701 esse
2151 665 2327 712 formam,
2356 678 2436 703 non
2458 675 2512 704 ta-

1441 727 1534 753 men
1556 716 1667 765 ponit
1694 728 1782 753 eam
1811 728 1892 753 non
1921 716 2193 754 subsistentem
2221 726 2258 755 et
2285 731 2356 768 per
2378 732 2512 757 conse-

1441 781 1566 819 quens
1590 769 1892 819 corruptibilem,
1908 769 2006 807 sicut
2025 770 2235 819 Gregorius
2255 773 2458 821 Nyssenus
2477 773 2512 811 ei

1440 876 1614 914 animam
1647 876 1917 914 intellectivam
1945 876 2123 923 excludit,
2158 876 2290 914 dicens
2318 890 2406 915 eam
2428 886 2513 929 post

1440 941 1576 979 corpus
1596 942 1804 976 remanere,
1825 938 1862 966 et
1886 932 2127 967 substantiam
2155 931 2344 980 quandam
2370 944 2456 969 esse.

1494 983 1719 1020 Praemissis
1761 991 1892 1020 autem
1929 983 2116 1020 sententia
2159 984 2380 1022 Catholicae
2420 985 2560 1023 fideix

1440 1036 1662 1074 concordat.
1693 1036 1843 1074 Dicitur
1870 1036 1975 1074 enim
1999 1036 2040 1074 in
2058 1036 2156 1074 libro
2176 1038 2222 1074 a'e
2248 1038 2513 1076 Ecclesiasticis

1400 1101 1423 1122 ¹⁵
1439 1091 1690 1140 Dogmatibus
1711 1090 1748 1127 *;
1779 1090 1908 1128 Solum
1937 1091 2127 1127 hominem
2160 1091 2348 1128 credimus
2375 1093 2514 1130 habere

1439 1146 1608 1181 animam
1627 1145 1906 1190 substantivam,
1927 1157 2023 1193 quae
2042 1150 2075 1181 et
2103 1150 2215 1181 exuta
2235 1157 2395 1194 corpore
2411 1148 2510 1193 vivit,

1440 1203 1474 1234 et
1499 1209 1627 1234 sensus
1653 1210 1739 1234 suos
1767 1203 1876 1247 atque
1894 1199 2049 1247 ingenia
2068 1199 2245 1235 vivaciter
2262 1204 2375 1243 tenet;
2395 1212 2513 1250 neque

1439 1263 1526 1288 cum
1554 1262 1715 1300 corpore
1742 1253 1913 1296 moritur,
1942 1253 2035 1288 sicut
2065 1252 2190 1288 Arabs
2218 1253 2366 1296 asserit;
2394 1265 2513 1303 neque

1435 1310 1520 1354 post
1548 1305 1735 1341 modicum
1764 1304 2012 1350 intervallum,
2032 1306 2124 1340 sicut
2143 1306 2291 1349 Zenon‚·
2315 1306 2401 1354 quia
2428 1308 2512 1343 sub-

1399 1359 1657 1395 ‚ostantialiter
1683 1359 1782 1395 vivit.

1494 1412 1568 1448 Per
1596 1411 1673 1448 hoc
1700 1418 1832 1448 autem
1853 1410 2068 1447 excluditur
2087 1422 2194 1447 error
2219 1411 2444 1460 impiorum,
2466 1424 2512 1450 ex

1441 1476 1612 1514 quorum
1640 1476 1808 1514 persona
1837 1464 2026 1501 Salomon
2054 1463 2154 1510 dicit,
2184 1466 2270 1514 Sap.
2292 1469 2348 1502 11²:
2370 1467 2434 1502 Ex
2457 1468 2511 1502 ni-

1441 1518 1515 1554 hilo
1545 1518 1623 1554 nati
1647 1530 1787 1563 sumus,
1817 1523 1850 1553 et
1872 1523 1957 1567 post
1975 1519 2047 1554 hoc
2065 1519 2203 1554 erimus
2230 1524 2409 1568 tanquam
2436 1531 2511 1556 non

1439 1572 1639 1616 fuerimus‚·
1667 1578 1703 1608 et
1732 1583 1778 1607 ex
1808 1582 1978 1619 quorum
2007 1582 2175 1619 persona
2195 1571 2383 1609 Salomon
2410 1572 2511 1619 dicit,

1400 1640 1423 1660 ες
1439 1624 1563 1661 Eccle.
1585 1627 1672 1660 111'9:
1709 1624 1812 1661 Unus
1830 1629 1881 1660 est
1909 1625 2074 1660 interitus
2093 1624 2286 1661 hominum
2311 1631 2343 1661 et
2372 1626 2513 1662 iumen—

1439 1682 1576 1722 torum,
1607 1683 1640 1713 et
1668 1688 1788 1726 aequa
1817 1678 2006 1725 utriusque
2024 1677 2197 1714 conditio.
2228 1679 2328 1714 Sicut
2355 1680 2531 1715 moritur·

1440 1731 1566 1775 homo,
1579 1732 1634 1767 sic
1651 1735 1686 1766 et
1705 1730 1769 1767 illa
1783 1731 2006 1766 moriuntur.
2026 1730 2202 1766 Similiter
2214 1732 2359 1780 spirant
2373 1733 2513 1778 omnia,

1441 1789 1474 1821 et
1503 1783 1595 1820 nihil
1621 1784 1730 1820 habet
1747 1784 1860 1820 homo
1890 1784 2053 1820 iumento
2073 1784 2243 1834 amplius.
2268 1784 2389 1831 Quod
2409 1784 2514 1822 enim

1441 1849 1522 1875 non
1541 1848 1588 1873 ex
1608 1848 1777 1886 persona
1796 1849 1866 1874 sua
1881 1837 1948 1874 sed
1965 1835 2178 1886 impiorum
2193 1837 2304 1884 dicat,
2324 1845 2428 1887 patet
2445 1850 2516 1887 per

307 1904 397 1931 vero
414 1891 608 1940 formales
633 1897 719 1929 sunt
749 1892 862 1929 simul
894 1904 981 1929 cum
1015 1892 1072 1928 his
1107 1903 1267 1940 quorum
1301 1896 1386 1927 sunt
1400 1913 1426 1934 ,ο
1440 1891 1518 1928 hoc
1545 1890 1655 1939 quod
1682 1889 1722 1927 in
1751 1890 1830 1927 fine
1858 1889 1944 1927 libri
1973 1889 2084 1940 quasi
2109 1890 2404 1928 determinando
2424 1892 2514 1928 sub-

1401 837 1427 852 ιο
1441 822 1606 872 imponit
1622 823 1658 860 *ε
1680 835 1772 860 nam
1801 835 1824 860 a
1848 823 2093 871 generalitate
2113 823 2277 861 aliarum
2296 825 2512 864 formarum
2540 835 2549 843 ·

2541 887 2565 908 Ρ.

2586 834 2622 856 De
2658 835 2751 859 Anima.

2540 867 2615 909 ΒΕΠΙὰ
2634 861 2706 909 &31¹¹
2700 868 2752 918 ,⁸¹35

2539 914 2606 942 2oo)·
2619 913 2653 935 Ne
2642 921 2692 936 erne
2694 921 2752 941 sius,

2540 940 2592 1019 coa}
2596 940 2680 1021 Titio
2665 931 2752 995 (gorzi

2636 994 2698 1022 560)

2540 1100 2548 1108 ·
2565 1099 2624 1126 Cap.
2634 1105 2683 1120 xvi.

306 1957 465 1984 causae:
492 1945 643 1995 quando
671 1947 772 1982 enim
803 1951 961 1982 sanatur
982 1945 1107 1990 homo,
1131 1950 1219 1981 tunc
1245 1945 1385 1982 sanitas
1440 1943 1609 1992 iungit*:
1639 1944 1772 1980 Donec
1800 1949 2009 1980 revertatur
2031 1944 2154 1993 pulvis
2183 1946 2220 1981 in
2246 1951 2387 1981 terram
2405 1957 2513 1982 suam

307 2004 371 2045 est,
401 2006 439 2035 et
465 2010 548 2036 non
576 1998 700 2047 prius:
731 2005 866 2035 contra
884 1999 962 2035 hoc
979 1997 1089 2047 quod
1118 1998 1226 2034 Plato
1254 1996 1385 2046 posuit
1441 1998 1540 2034 unde
1557 2002 1648 2042 erat,
1669 2003 1703 2033 et
1720 1998 1869 2046 spiritus
1888 1997 2014 2034 redeat
2028 1997 2080 2034 ad
2096 2009 2181 2034 eum
2202 1999 2266 2047 qui
2282 1998 2379 2034 dedit
2397 1998 2512 2035 illum.

307 2052 454 2090 formas
482 2063 614 2090 rerum
642 2051 900 2101 praeexistere
928 2051 1056 2088 rebus.
1086 2051 1145 2096 Et,
1175 2049 1235 2087 his
1263 2049 1384 2096 dictis,
1494 2049 1668 2087 Infinitae
1697 2050 1814 2088 etiam
1843 2058 1933 2087 sunt
1965 2050 2208 2088 auctoritates
2238 2051 2376 2088 Sacrae
2415 2051 2513 2088 Scri-

308 2105 565 2156 postmodum
594 2103 740 2143 subdit:
767 2106 809 2143 Si
833 2110 957 2143 autem
986 2111 1020 2142 et
1041 2106 1227 2153 posterius
1245 2104 1388 2154 aliquid
1440 2111 1576 2154 pturae
1600 2115 1702 2153 quae
1722 2103 2049 2160 immortalitatem
2069 2103 2222 2141 animae
2242 2111 2512 2154 protestantur.

68 2672 79 2683 ⁹
91 2671 129 2695 Cf.
147 2671 282 2694 Commeat.

362 2218 379 2244 6
398 2218 471 2252 quod
488 2217 538 2251 vis]
558 2218 598 2243 vis
616 2217 765 2243 nDWXPc.

309 2255 353 2280 lta
371 2254 503 2284 DEZch;
522 2254 561 2279 Ex
578 2254 671 2279 ceteri.

362 2289 379 2315 8
397 2297 451 2315 non
469 2289 667 2323 subsistentem]
687 2288 874 2314 subsistentem
893 2289 924 2315 Z.

308 2325 378 2359 dicit]
397 2325 490 2351 dieitur
508 2325 657 2350 aDWXPc.

307 2367 335 2387 et
353 2361 471 2387 similiter
490 2361 522 2392 D,
541 2368 584 2386 om
602 2361 694 2386 ceteri.

836 2216 853 2242 8
872 2216 980 2250 videret]
994 2210 1097 2242 ‘videbit
1115 2217 1158 2243 Pe.

1232 2224 1264 2250 ²7
1284 2216 1484 2250 imaginationis}
1504 2216 1685 2250 imaginativae
1703 2217 1735 2243 G.

999 2275 1204 2322 corruptibilem-J
1224 2291 1278 2313 non
1296 2288 1491 2321 corruptibilem
1510 2287 1631 2317 EGNYb,
1652 2288 1874 2321 incorruptibilem
1894 2287 1926 2319 D,
1946 2295 1994 2313 nec
2013 2287 2208 2321 corruptibilem
2226 2287 2255 2312 Z.

729 2331 764 2356 24
781 2325 906 2349 Salomon
925 2323 995 2358 dicit]
1013 2323 1107 2349 dicitur
1125 2323 1157 2355 D,
1176 2323 1237 2349 dicit
1254 2324 1379 2349 Salomon
1399 2323 1520 2349 oeWXPc.

1811 2216 1843 2242 18
1862 2216 2018 2249 intellectus]
2038 2216 2169 2242 humanus
2187 2216 2294 2242 addunt
2308 2216 2356 2242 Pd.
2430 2216 2461 2241 33
2481 2217 2515 2242 Et

2338 2295 2369 2313 22
2389 2288 2514 2313 Salomon

1596 2323 1627 2348 25
1647 2323 1794 2357 hominum]
1813 2323 1927 2348 hominis
1947 2323 2034 2349 otDPc.
2113 2331 2145 2356 27
2165 2324 2283 2348 similiter
2302 2323 2345 2349 Ita
2364 2323 2514 2354 NZsGch;

1078 2474 1414 2508 Commenta-ria
1435 2474 1749 2508 Ferrea-tensis

375 2583 524 2604 osi-oum
546 2573 771 2604 determinavit
795 2573 931 2605 Sanctus
950 2573 1096 2605 Thomas
1112 2573 1152 2605 de
1177 2573 1300 2604 unione
1320 2577 1388 2604 ani—

314 2585 449 2649 pmae
471 2617 688 2649 intellectivae
709 2617 751 2648 ad
774 2627 905 2659 corpus,
921 2627 1012 2649 nunc
1027 2617 1068 2648 de
1091 2617 1262 2649 duratione
1284 2618 1386 2658 ipsius

310 2663 438 2695 animae
460 2662 654 2694 determinat
669 2663 696 2693 ἢ
722 2661 818 2693 Circa
841 2662 932 2703 quod
955 2662 1022 2693 duo
1050 2662 1143 2694 facit:
1167 2663 1274 2703 primo
1299 2663 1387 2693 enirn

310 2707 504 2739 determinat
519 2707 560 2738 de
576 2707 746 2738 duratione
763 2707 832 2738 eius
847 2713 924 2748 post
946 2707 1103 2738 unionem
1120 2707 1160 2738 ad
1184 2716 1321 2747 corpus;
1338 2716 1387 2737 se-

309 2751 432 2789 cundo,
445 2751 486 2782 de
498 2753 568 2783 eius
581 2751 752 2783 duratione
768 2757 843 2783 ante
856 2751 976 2782 dictam
988 2752 1157 2788 unionem,
1174 2761 1246 2791 cap.
1258 2761 1385 2782 Lxxxm.

310 2797 483 2836 Quantum
506 2796 547 2827 ad
570 2797 724 2837 primum,
749 2796 817 2837 duq
832 2796 922 2828 facit:
947 2796 1065 2837 primo,
1082 2796 1146 2836 agit
1169 2795 1208 2827 de
1231 2796 1302 2836 ipsa
1319 2797 1387 2826 ani-

309 2851 383 2873 mae
411 2841 628 2872 intellectivae
656 2840 844 2877 duratione3
875 2840 1032 2877 secundo,
1068 2840 1313 2871 occasionaliter
1347 2840 1387 2871 de

311 2886 483 2918 duratione
507 2886 634 2917 animae
658 2886 829 2917 brutorum
853 2886 958 2926 capite
981 2890 1094 2916 tractat
1115 2895 1231 2915 Lxxxn.

367 2931 538 2969 Quantum
561 2930 603 2961 ad
625 2931 781 2970 primum,
805 2930 872 2961 duo
896 2929 988 2961 facit:
1011 2930 1130 2970 primo,
1155 2929 1296 2960 ostendit
1319 2930 1387 2960 ani-

310 2985 400 3007 mam
422 2975 654 3006 intellectivam
676 2975 896 3006 immortalem
912 2983 998 3011 esse;
1022 2973 1178 3011 secund0‚
1203 2979 1316 3005 contra
1331 2973 1387 3005 de-

311 3021 516 3051 terminatam
538 3020 705 3051 veritatem
729 3019 860 3050 adducit
881 3019 1048 3050 instantias
1059 3020 1087 3049 ⁴².

368 3065 391 3095 Ι.
416 3065 587 3102 Quantum
610 3063 651 3095 ad
673 3065 828 3104 primum,
852 3064 957 3104 arguit
982 3063 1127 3094 animam
1158 3062 1387 3094 intellectivam

313 3120 378 3141 non
403 3110 572 3150 corrumpi
590 3114 747 3149 corrupto
771 3118 920 3149 corpore,
937 3108 994 3139 sed
1017 3118 1086 3139 esse
1101 3108 1329 3139 immortalem.
1346 3107 1388 3138 Et

259 3184 265 3190 ,
310 3155 429 3196 primo,
446 3164 504 3194 per
518 3155 677 3190 rationes;
699 3153 856 3190 secundo,
872 3162 931 3193 per
945 3153 1152 3184 auctoritates
1165 3152 1386 3183 Aristotelis*.

367 3199 479 3230 Primo
504 3199 613 3239 itaque
628 3198 742 3239 arguit
756 3198 813 3228 sic.
830 3198 950 3228 Anima
965 3203 1013 3228 est
1028 3196 1188 3238 quaedam
1211 3197 1387 3228 substantia

311 3244 548 3275 intellectualis.
573 3243 660 3283 Ergo
685 3249 732 3273 est
754 3242 959 3273 immortalis:
985 3242 1062 3282 quia
1080 3242 1187 3273 omnis
1210 3242 1387 3272 substantia

311 3289 537 3320 intellectualis
553 3293 601 3319 est
616 3287 878 3327 incorruptibilis,
901 3292 938 3317 ut
960 3287 1135 3327 probatum
1158 3291 1206 3317 est
1228 3286 1386 3326 superius-

312 3334 419 3374 capite
434 3343 485 3364 nv.

369 3377 530 3409 Secundo.
554 3376 714 3408 Perfectio
738 3377 865 3407 animae
887 3376 1050 3406 humanae
1081 3375 1227 3406 consistit
1249 3375 1283 3405 in
1307 3384 1387 3415 qua-

313 3421 388 3453 dam
418 3423 632 3453 abstractione
662 3432 680 3452 a
710 3431 858 3462 corpore,
889 3426 926 3451 ut
955 3425 1044 3460 patet
1070 3420 1105 3450 in
1134 3418 1335 3460 perfectione
1368 3429 1387 3449 a

312 3467 447 3497 scientia
466 3472 499 3498 et
520 3467 653 3498 virtute:
677 3475 755 3497 nam
777 3464 959 3496 secundum
981 3465 1149 3495 scientiam
1171 3469 1262 3494 tanto
1284 3463 1387 3503 magis

312 3511 478 3552 perficitur
501 3517 624 3551 quanto
654 3511 756 3551 magis
783 3510 1005 3541 immaterialia
1037 3508 1232 3544 considerat;
1261 3508 1386 3538 virtutis

313 3562 423 3587 autem
439 3555 597 3597 perfectio
613 3556 760 3586 consistit
778 3556 812 3586 in
827 3555 892 3585 hoc
908 3554 998 3595 quod
1013 3554 1115 3583 homo
1131 3553 1298 3593 passiones
1314 3562 1386 3584 cor-

312 3601 402 3641 poris
424 3610 494 3631 non
517 3606 681 3640 sequatur.
697 3600 784 3640 Ergo
809 3600 974 3639 corruptio
998 3598 1067 3629 eius
1090 3607 1160 3628 non
1183 3597 1330 3627 consistit
1352 3597 1386 3628 in

313 3645 515 3685 separatione
531 3655 549 3675 a
563 3654 711 3685 corpore.
726 3662 750 3667 —
765 3644 922 3675 Probatur
938 3642 1179 3683 consequentia.
1197 3641 1283 3679 Quia
1298 3641 1387 3672 nulla

1439 2582 1490 2603 res
1514 2573 1733 2613 corrumpitur
1751 2582 1790 2602 ex
1815 2581 1855 2602 eo
1879 2572 1912 2602 in
1929 2581 1996 2611 quo
2014 2571 2159 2602 consistit
2176 2581 2233 2601 sua
2247 2570 2418 2611 perfectio:
2437 2581 2513 2602 cum

1440 2618 1638 2648 mutationes
1662 2616 1702 2647 ad
1725 2616 1962 2657 perfectionem
1979 2615 2066 2646 etad
2089 2616 2332 2655 corruptionem
2348 2616 2412 2646 sint
2435 2625 2514 2646 con—

1441 2662 1565 2693 trariae.

1507 2706 1541 2738 Si
1564 2705 1689 2736 dicatur
1713 2705 1804 2746 quod
1827 2704 1986 2745 perfectio
2009 2705 2136 2735 animae
2161 2704 2307 2734 consistit
2329 2704 2363 2734 in
2387 2713 2514 2755 separa-

1439 2751 1530 2782 tione
1553 2749 1736 2782 secundum
1757 2750 1996 2801 operationem,
2020 2758 2089 2779 non
2113 2754 2222 2780 autem
2245 2749 2278 2779 in
2311 2749 2513 2789 separatione

1440 2795 1622 2826 secundum
1645 2804 1730 2831 esse3
1755 2795 1789 2825 in
1812 2795 1882 2835 ipsa
1904 2804 1982 2825 vero
2007 2795 2209 2835 separatione
2233 2792 2414 2824 secundum
2444 2802 2513 2823 esse

1441 2840 1587 2871 consistit
1610 2839 1794 2880 corruptio:
1811 2857 1835 2862 —
1849 2844 1963 2870 contra
1985 2839 2136 2879 arguitur.
2154 2838 2250 2876 Quia,
2267 2847 2343 2868 cum
2367 2838 2512 2878 operatio

1441 2890 1660 2925 consequatur
1682 2889 1841 2921 naturam,
1864 2893 1934 2915 non
1956 2889 2064 2924 potest
2086 2882 2198 2924 perfici
2222 2883 2367 2923 operatio
2390 2883 2437 2913 rei
2451 2883 2513 2914 nisi

1440 2929 1624 2960 secundum
1640 2928 1731 2969 quod
1746 2928 1912 2969 perficitur
1928 2929 1997 2959 eius
2020 2928 2206 2959 substantia.
2223 2927 2265 2958 Et
2287 2927 2342 2963 sic,
2359 2927 2385 2957 si
2405 2927 2513 2957 anima

1440 2973 1623 3005 secundum
1647 2974 1872 3015 operationem
1894 2973 2060 3014 perficitur
2083 2973 2116 3003 in
2139 2971 2355 3012 relinquendo
2382 2980 2511 3011 corpus,

1440 3028 1510 3049 non
1533 3018 1663 3049 deficiet
1684 3019 1862 3049 substantia
1886 3019 1955 3048 eius
1978 3019 2012 3049 in
2036 3027 2105 3048 esse
2129 3027 2189 3048 suo
2213 3026 2271 3056 per
2293 3016 2357 3046 hoc
2382 3015 2471 3056 quod
2494 3026 2512 3046 a
2537 3033 2541 3036 >

1441 3072 1581 3104 corpore
1604 3068 1780 3103 separatur.

1498 3117 1528 3138 2.
1553 3107 1650 3139 Circa
1671 3108 1766 3138 istam
1788 3107 2060 3147 propositionem,
2085 3106 2161 3136 Non
2178 3109 2289 3146 potest
2304 3105 2422 3145 perfici
2438 3114 2512 3145 ope-

1442 3152 1529 3183 ratio
1553 3152 1695 3183 alicuius
1717 3153 1767 3182 rei
1782 3151 1847 3182 nisi
1865 3151 2042 3182 secundum
2058 3151 2146 3191 quod
2161 3151 2231 3180 eius
2245 3149 2424 3180 substantia
2434 3159 2512 3189 per-

1430 3197 1561 3238 ficitur,
1587 3197 1712 3227 occurit
1736 3196 1882 3227 dubium.
1907 3195 2002 3232 Nam,
2033 3196 2058 3226 si
2082 3196 2146 3226 hoc
2175 3195 2224 3231 sit,
2248 3194 2403 3234 sequitur,
2436 3202 2511 3224 cum

1441 3242 1549 3272 anima
1571 3251 1590 3271 a
1614 3250 1752 3292 corpore
1775 3245 1919 3291 separata
1942 3241 1983 3270 sit
2005 3239 2179 3280 perfectior
2195 3238 2374 3270 secundum
2399 3247 2513 3278 opera-

1440 3286 1575 3322 tionem,
1593 3285 1684 3326 quod
1707 3286 1803 3316 etiam
1827 3285 1867 3315 sit
1886 3283 2060 3324 perfectior
2083 3283 2265 3315 secundum
2291 3282 2511 3313 substantiam.

1442 3330 1545 3361 Cuius
1569 3331 1771 3371 oppositum,
1788 3329 1828 3360 de
1850 3335 1960 3359 mente
1977 3328 2084 3359 Sancti
2100 3328 2259 3364 Th0mae‚
2278 3332 2445 3358 ostensum
2465 3332 2513 3357 est

1441 3384 1548 3415 supra,
1573 3376 1677 3415 capite
1701 3384 1796 3405 vam
1808 3374 1835 3404 ἦ

1496 3419 1724 3459 Roepondetur
1747 3417 1837 3458 quod
1860 3417 2031 3457 dupliciter
2045 3422 2153 3456 potest
2175 3416 2309 3456 intelligi
2333 3416 2441 3456 aliqua
2455 3425 2512 3446 na-

1440 3469 1511 3494 tura
1534 3463 1663 3504 perfici:
1695 3473 1763 3493 uno
1792 3461 1905 3498 modo,
1934 3461 2080 3492 absolute
2111 3466 2142 3491 et
2170 3460 2349 3491 secundum
2379 3469 2423 3496 se,
2446 3460 2512 3491 hoc

1441 3514 1498 3545 est,
1522 3507 1703 3539 secundum
1727 3516 1819 3537 suam
1834 3507 2041 3536 intn'nsecam
2063 3506 2238 3541 rationem3
2262 3505 2326 3536 alio
2345 3504 2459 3541 modo,
2475 3510 2512 3535 ut

1439 3552 1480 3584 ad
1502 3553 1730 3593 operationem
1745 3551 1922 3586 ordinatur,
1939 3551 2134 3590 inquantum
2150 3549 2300 3580 videlicet
2322 3548 2358 3580 fit
2380 3549 2512 3580 liberior

1440 3602 1472 3628 et
1495 3596 1656 3628 efficacior
1680 3595 1720 3626 ad
1736 3594 1948 3635 operandum,
1974 3594 2065 3635 quod
2081 3600 2128 3625 est
2151 3594 2261 3635 aliquo
2277 3593 2379 3624 modo
2404 3598 2436 3624 et
2459 3603 2510 3624 ac-

1441 3640 1640 3672 cidentaliter
1671 3639 1793 3680 perfici.
1824 3638 1983 3670 Perfectio
2011 3648 2088 3679 ergo
2113 3639 2311 3679 operationis
2334 3638 2510 3679 aliquando

2566 1949 2625 1977 Cap.
2635 1955 2678 1977 xn,
2692 1955 2744 1971 vers

2539 3369 2548 3377 ‘
2571 3367 2703 3389 Commem.
2728 3374 2741 3389 n
2748 3383 2754 3389 .

2539 3400 2565 3415 u.
