2768 4134
46 915 54 922 ·
69 913 137 939 Prop.
151 917 169 934 1.

293 299 367 336 316

288 384 420 418 partem,
446 376 599 416 probatur
614 384 631 404 a
648 375 750 413 signo.
777 373 863 403 Turn
888 373 965 412 quia
987 381 1118 403 necesse
1142 377 1189 402 est
1205 377 1240 402 ut
1261 380 1358 411 gene-

287 431 359 452 rans
382 421 559 451 univocum
575 419 615 448 sit
631 418 723 458 quasi
737 427 835 457 agens
858 417 1100 448 instrumentale
1124 421 1272 456 respectu
1290 416 1358 446 eius

288 465 377 506 quod
401 470 447 494 est
470 463 619 504 primaria
642 472 738 493 causa
766 463 865 492 totius
895 462 1025 502 speciei.
1050 461 1138 491 Tum
1162 461 1256 491 etiarn
1282 460 1358 500 quia

287 519 400 540 omnes
424 518 534 538 causas
557 512 686 547 agentes
710 506 876 537 inferiores
900 511 1029 546 oportet
1052 505 1162 536 reduci
1185 506 1219 535 in
1247 514 1358 535 causas

286 554 467 594 superiores
483 553 566 583 sicut
581 551 840 582 instrumentales
856 552 889 581 in
906 551 1080 590 primarias.
1105 549 1191 587 Quia
1211 548 1359 580 videlicet

286 604 317 629 et
340 607 436 638 agens
459 597 648 632 univocum,
666 602 697 626 et
713 605 807 626 causa
824 595 965 631 inferior,
983 601 1030 625 est
1045 593 1167 634 aliquid
1191 598 1357 624 causatum

285 642 467 673 secundum
491 647 639 672 naturam
662 650 765 671 suam.

342 697 371 717 2.
396 685 640 717 Advertendum
663 686 781 725 primo,
798 684 889 725 quod
913 685 1015 725 prima
1039 693 1135 714 causa
1150 682 1286 713 alicuius
1301 691 1357 712 na-

285 738 374 762 turae
398 732 443 762 sic
467 731 508 762 ad
531 731 619 761 illam
642 736 790 760 naturam
814 734 1019 770 comparatur
1035 727 1125 768 quod
1148 727 1201 757 illa
1224 737 1242 757 a
1265 726 1357 757 nullo

285 777 407 807 causari
431 781 538 816 potest
561 776 641 815 quin
670 775 708 805 ab
736 775 805 815 ipsa
835 775 938 814 prima
961 782 1057 804 causa
1081 777 1244 802 causetur:
1269 771 1358 802 nulla

285 821 373 852 enim
396 830 493 852 causa
515 819 657 851 secunda
681 820 745 859 agit
772 819 833 849 nisi
860 823 949 848 mota
972 828 990 848 a
1014 818 1126 857 prima,
1152 817 1228 856 quia
1245 816 1356 856 prima

278 866 376 906 prius
398 871 429 895 et
451 864 666 895 immediatius
690 864 762 905 agit
789 863 821 893 in
854 863 1001 903 effectum
1024 870 1120 902 quam
1144 860 1297 896 secunda,
1322 866 1358 891 ut

285 910 401 941 dicitur
415 911 449 940 in
464 910 546 940 libro
563 909 603 939 de
621 909 737 939 Causis
752 909 778 938 θ.
804 907 891 943 Ideo,
908 908 934 937 si
953 905 1075 946 aliquid
1098 906 1195 936 habet
1209 910 1357 936 naturam

285 956 324 985 ab
348 955 457 994 aliquo
482 959 653 989 causatam‚
677 958 806 993 oportet
830 957 866 982 ut
889 960 959 981 eam
983 960 1002 981 a
1024 951 1128 990 prima
1151 959 1248 980 causa
1270 950 1357 990 prin-

285 999 420 1040 cipalius
435 999 559 1029 habeat.
584 998 625 1028 Et
648 998 693 1027 sic
715 997 777 1027 tale
794 996 914 1026 habens
929 1000 1078 1026 naturam
1094 995 1134 1025 ab
1150 995 1260 1035 aliquo
1282 1003 1357 1025 cau-

285 1049 395 1079 satam‚
413 1044 438 1074 si
455 1044 494 1073 sit
509 1043 612 1083 prima
629 1051 724 1072 causa
747 1040 832 1071 illius
848 1045 991 1076 naturae,
1008 1045 1138 1079 oportet
1154 1045 1190 1070 ut
1206 1039 1246 1069 sit
1261 1048 1356 1070 causa

284 1098 360 1119 suae
384 1094 527 1118 naturae.
552 1087 593 1117 Et
616 1086 692 1126 quia
715 1095 732 1115 a
756 1090 869 1115 natura
892 1094 949 1115 sua
973 1089 1020 1114 est
1043 1083 1076 1114 id
1100 1083 1190 1124 quod
1207 1089 1264 1120 est,
1281 1083 1356 1114 ideo

284 1133 429 1172 sequitur
458 1137 494 1162 ut
523 1132 563 1162 sit
594 1140 689 1161 causa
719 1130 767 1160 sui
798 1130 914 1169 ipsius:
940 1130 1022 1159 sicut
1046 1128 1140 1159 dabat
1170 1128 1356 1168 exemplum

284 1177 419 1208 Sanctus
434 1176 578 1206 Thomas
602 1174 641 1205 de
665 1174 767 1210 Sorte,
789 1175 882 1204 cuius
905 1174 1087 1204 humanitas
1111 1178 1159 1204 est
1182 1173 1222 1203 ab
1245 1173 1356 1213 aliquo

284 1227 420 1257 causata,
444 1225 523 1260 puta
546 1229 563 1249 a
587 1219 730 1250 Platone.
756 1218 788 1249 Si
814 1219 901 1250 enim
924 1218 1034 1249 Sortes
1064 1218 1104 1248 sit
1134 1218 1238 1257 prima
1261 1227 1357 1248 causa

283 1265 500 1300 humanitatis,
517 1264 608 1294 Plato
625 1273 693 1294 non
709 1263 828 1304 poterit
843 1272 974 1294 causare
997 1262 1231 1293 humanitatem
1256 1262 1357 1293 Sortis

283 1311 343 1341 nisi
366 1309 462 1340 simul
486 1314 656 1339 concurrat
678 1307 845 1338 causalitas
869 1307 980 1343 Sortis‚
1005 1308 1081 1348 quia
1103 1307 1246 1338 secunda
1262 1316 1358 1338 causa

283 1364 350 1385 non
374 1354 438 1394 agit
461 1354 530 1384 sine
558 1354 671 1393 prima.
696 1352 737 1383 Et
760 1353 805 1383 sic
829 1353 926 1383 etiam
949 1351 1058 1383 Sortes
1082 1352 1140 1382 erit
1163 1361 1259 1382 causa
1282 1361 1358 1392 pro·

282 1400 369 1440 priae
382 1398 588 1429 humanitatis
605 1403 636 1428 et
651 1398 701 1428 sui
717 1397 831 1437 ipsius:
846 1398 923 1437 quia
939 1407 957 1427 a
973 1406 1031 1427 sua
1046 1397 1246 1427 humanitate
1261 1396 1358 1427 habet

284 1450 318 1475 ut
342 1445 381 1474 sit
403 1444 456 1474 hic
479 1444 592 1474 homo.
617 1442 691 1472 Hoc
715 1447 762 1472 est
785 1441 1034 1472 fundamentum
1058 1441 1154 1472 huius
1169 1441 1311 1472 rationis.

338 1487 581 1519 Advertendum
597 1486 741 1522 ulterius,
758 1495 833 1516 cum
850 1486 966 1517 dicitur
986 1491 1153 1517 causatum
1177 1485 1357 1516 secundum

282 1534 422 1574 aliquam
447 1538 605 1568 naturam,
628 1531 655 1562 si
677 1531 718 1561 sit
741 1540 837 1562 causa
859 1530 945 1562 illius
968 1536 1111 1567 naturae,
1132 1540 1201 1561 esse
1225 1540 1357 1561 causam

282 1578 456 1609 secundam
472 1582 504 1608 et
519 1575 806 1611 instrumentalem,
824 1575 915 1616 quod
930 1585 1061 1606 causam
1079 1575 1359 1606 instrumentalem

284 1628 377 1654 vocat
399 1623 463 1652 hoc
486 1621 562 1652 loco
586 1620 722 1652 Sanctus
746 1620 892 1651 Thomas
915 1629 1045 1651 causam
1068 1629 1152 1660 quae
1175 1620 1240 1660 agit
1262 1625 1299 1650 ut
1318 1620 1357 1650 ab

283 1668 344 1698 alia
368 1667 466 1707 priori
490 1675 586 1696 causa
608 1670 768 1701 movetur,
793 1665 868 1695 licet
895 1664 1037 1695 eundem
1068 1663 1219 1695 effectum
1243 1673 1357 1695 causae

284 1712 406 1752 primae
430 1710 598 1751 producat.
623 1709 676 1740 Sic
693 1710 780 1740 enim
804 1710 910 1740 omnis
927 1719 1021 1740 causa
1038 1708 1180 1740 secunda
1199 1714 1247 1740 est
1263 1718 1358 1740 causa

284 1755 551 1791 instrumentalis;
577 1760 608 1785 et
632 1763 730 1784 omne
755 1763 852 1794 agens
872 1754 1051 1784 univocum
1068 1759 1115 1784 est
1131 1763 1226 1784 causa
1241 1754 1358 1784 instru—

284 1800 442 1836 mentalis,
458 1799 540 1830 idest
556 1799 707 1835 secunda,
725 1808 822 1839 agens
838 1804 874 1829 ut
897 1803 1047 1829 movetur
1063 1808 1080 1829 a
1097 1799 1246 1838 primaria
1262 1807 1358 1829 causa

285 1846 384 1876 totius
400 1845 529 1885 speciei.
547 1844 655 1884 Agens
671 1844 759 1874 enim
775 1844 964 1879 univocum,
979 1852 1055 1873 cum
1070 1843 1187 1873 habeat
1201 1852 1270 1873 esse
1283 1852 1358 1873 cau-

284 1896 390 1921 satum
414 1888 595 1919 secundum
618 1893 765 1918 naturam
789 1888 918 1928 speciei,
942 1897 1011 1918 non
1039 1893 1146 1927 potest
1169 1896 1238 1917 esse
1263 1897 1358 1918 causa

285 1935 388 1975 prima
411 1934 495 1964 illius
519 1933 654 1973 speciei:
679 1933 765 1972 quia,
790 1938 826 1963 ut
849 1932 1050 1972 arguebatur,
1074 1937 1157 1962 esset
1184 1941 1281 1962 causa
1308 1932 1358 1962 sui

284 1980 395 2019 ipsius.
409 1977 482 2013 Sed,
500 1987 575 2008 eum
593 1982 702 2007 causat
717 1977 777 2007 sibi
793 1977 897 2007 simile
914 1977 946 2007 in
963 1977 1082 2017 specie,
1099 1981 1146 2006 est
1162 1985 1258 2006 causa
1273 1976 1358 2006 illius

284 2029 415 2054 naturae
431 2021 619 2053 secundaria
640 2026 764 2052 tantum
787 2022 822 2051 in
845 2021 1090 2061 comparatione
1106 2020 1146 2051 ad
1162 2029 1293 2051 causam
1309 2025 1359 2050 to-

283 2068 347 2098 tius
369 2067 505 2108 speciei:
530 2066 605 2096 licet
628 2066 661 2096 in
685 2066 929 2106 comparatione
961 2064 1001 2096 ad
1033 2064 1094 2095 alia
1117 2065 1235 2105 quibus
1259 2065 1359 2095 utitur

285 2118 320 2143 ut
343 2111 573 2147 instrumentis,
598 2109 721 2141 dicatur
745 2120 840 2141 causa
862 2111 975 2150 prima.

338 2157 407 2187 VII.
421 2156 515 2187 Circa
530 2156 613 2186 hanc
629 2155 899 2196 propositionem,
912 2154 1166 2186 Instrumentum
1184 2163 1249 2184 non
1267 2153 1358 2184 adhi-

283 2202 376 2232 betur
398 2201 442 2232 ad
464 2200 589 2241 aliquid
604 2199 805 2230 causandum
823 2199 886 2230 nisi
903 2209 967 2240 per
982 2199 1067 2230 viam
1085 2203 1201 2233 motus,
1218 2198 1295 2239 quia
1312 2203 1360 2228 est

284 2255 415 2277 movens
438 2250 570 2280 motum,
595 2244 768 2275 dubitatur.
799 2244 886 2282 Quia
913 2244 945 2284 ly
971 2253 1034 2284 per
1064 2243 1148 2274 viam
1180 2248 1295 2278 motus,
1320 2252 1359 2273 ex

284 2296 373 2331 parte
396 2290 611 2325 instrumenti,
636 2294 691 2319 aut
714 2289 838 2329 passive
862 2294 917 2319 aut
945 2288 1047 2318 active
1078 2288 1224 2318 sumitur.
1249 2287 1358 2318 Primo

284 2334 396 2370 modo,
421 2340 468 2365 est
491 2343 602 2364 sensus
626 2332 717 2373 quod
739 2333 991 2363 instrumentum
1014 2341 1082 2363 non
1113 2332 1292 2372 applicatur
1319 2331 1359 2362 ad

285 2378 407 2420 aliquid
431 2378 630 2409 causandum
653 2377 715 2407 nisi
731 2387 768 2408 ex
785 2377 847 2408 hoc
864 2376 954 2418 quod
977 2377 1085 2417 ipsum
1109 2377 1359 2407 instrumentum

285 2429 435 2455 movetur
458 2433 476 2453 a
499 2422 668 2463 principali
692 2431 797 2452 causa.
822 2421 863 2452 Et
886 2422 973 2452 hunc
996 2430 1128 2452 sensum
1156 2421 1262 2451 innuit
1284 2429 1360 2460 pro·

286 2469 374 2499 batio
391 2477 467 2498 cum
484 2467 609 2503 dicitur,
626 2466 703 2507 quia
719 2471 767 2496 est
782 2475 913 2496 movens
928 2470 1060 2496 motum.
1077 2464 1141 2496 Sed
1157 2470 1236 2496 tunc
1253 2474 1359 2506 neque

287 2513 412 2544 videtur
434 2512 615 2552 propositio
632 2520 715 2547 vera,
732 2519 839 2551 neque
855 2510 1060 2550 propositum
1078 2509 1203 2540 videtur
1226 2509 1359 2540 conclu-

287 2557 372 2588 dere.
397 2557 473 2587 Non
496 2561 543 2587 est
567 2554 700 2596 quidem
724 2564 807 2586 vera.
831 2554 928 2592 Quia,
952 2563 1028 2585 cum
1056 2554 1265 2594 intelligentia
1295 2554 1360 2594 agit

287 2603 320 2632 in
336 2602 452 2632 virtute
469 2601 590 2641 primae
614 2608 739 2635 causae,
754 2609 822 2630 non
846 2605 1006 2635 movetur,
1023 2599 1153 2639 proprie
1170 2597 1360 2639 accipiendo

287 2652 425 2682 motum,
443 2655 518 2676 cum
534 2650 644 2675 motus
660 2644 790 2684 proprie
807 2643 913 2674 solum
935 2643 1156 2684 corporalibus
1173 2643 1360 2674 conveniat:

288 2690 343 2721 sed
366 2695 491 2721 tantum
516 2689 703 2730 improprie,
719 2694 817 2729 prout
833 2688 940 2719 omnis
955 2688 1099 2728 receptio
1115 2693 1171 2718 aut
1186 2687 1360 2728 applicatio

287 2736 326 2766 ab
350 2735 413 2766 alio
437 2734 477 2765 ad
501 2733 663 2774 agendum
686 2731 802 2764 dicitur
825 2738 945 2763 motus.
970 2732 1153 2773 Loquimur
1176 2737 1284 2763 autem
1308 2732 1360 2762 hic

287 2779 327 2811 de
342 2785 436 2811 motu
451 2779 581 2820 proprie
602 2778 700 2814 dicto,
717 2786 816 2818 quem
841 2776 978 2808 dicimus
1002 2787 1020 2807 a
1043 2777 1166 2808 ratione
1189 2777 1361 2808 creationis

287 2825 455 2856 removeri.
483 2842 506 2846 -
532 2823 607 2854 Non
638 2821 804 2853 concludit
833 2827 942 2853 autem
972 2821 1188 2862 propositum,
1219 2820 1360 2852 admisso

287 2870 384 2900 etiam
401 2867 491 2910 quod
507 2878 580 2899 vera
596 2868 644 2898 sit.
659 2867 745 2906 Quia
760 2876 828 2898 non
845 2867 1004 2907 sequitur:
1023 2865 1276 2897 lustramentum
1294 2875 1359 2896 non

287 2914 359 2956 agit
381 2913 444 2944 nisi
468 2913 570 2954 ipsum
598 2917 777 2947 moveatur,
805 2911 937 2942 Creatio
962 2920 1027 2941 non
1056 2915 1104 2941 est
1126 2915 1241 2946 motus,
1266 2910 1360 2952 Ergo

288 2959 535 2990 instrumentum
559 2967 624 2988 non
643 2961 751 2997 potest
774 2965 897 2987 creare.
923 2955 1032 2986 Minor
1054 2956 1142 2986 enim
1162 2964 1231 2985 non
1246 2955 1361 2986 subsu-

287 3004 386 3034 mitur
400 3007 486 3034 recte
501 3003 561 3033 sub
578 3002 710 3032 maiore.
728 3001 866 3032 Deberet
882 3000 970 3031 enim
985 3000 1148 3031 subsumi:
1167 2999 1230 3030 Sed
1245 3009 1362 3031 creans

289 3058 354 3078 non
371 3052 418 3078 est
433 3052 565 3083 motum,
580 3047 675 3088 Ergo
691 3055 808 3076 creans
824 3055 890 3076 non
914 3050 962 3076 est
985 3045 1243 3075 instrumentum.
1261 3044 1361 3083 Quod

289 3102 364 3123 sane
388 3101 455 3122 non
479 3097 527 3122 est
549 3090 590 3123 ad
613 3091 828 3132 propositum.

344 3135 496 3168 Secundo
512 3135 624 3172 modo,
641 3141 688 3166 est
709 3144 821 3166 sensus
837 3133 929 3175 quod
942 3134 1195 3165 instrumentum
1214 3142 1282 3164 non
1298 3134 1362 3174 agit

290 3181 350 3212 nisi
373 3190 431 3221 per
453 3186 592 3216 motum,
609 3179 699 3216 idest,
717 3189 781 3210 non
801 3178 958 3220 producit
979 3177 1126 3219 effectum
1152 3177 1214 3208 nisi
1237 3177 1363 3218 aliquid

290 3225 457 3256 movendo.
483 3225 524 3255 Et
547 3225 572 3255 si
597 3225 641 3256 sic
665 3230 820 3260 sumatur,
837 3232 906 3254 non
922 3221 1047 3254 videtur
1071 3222 1220 3262 probatio
1238 3223 1306 3253 eius
1322 3222 1362 3253 ad

291 3270 494 3310 propositum
519 3278 598 3300 esse.
629 3269 705 3300 Non
735 3269 822 3299 enim
846 3277 884 3298 ex
907 3267 972 3298 hoc
995 3266 1085 3307 quod
1109 3267 1216 3307 ipsum
1246 3267 1363 3298 instru-

291 3319 438 3345 mentum
454 3320 500 3345 est
516 3323 651 3344 movens
667 3318 805 3349 motum,
818 3311 973 3353 probatur
989 3310 1080 3352 quod
1096 3317 1167 3351 agat
1182 3310 1362 3342 movendo:

291 3359 383 3395 sicut,
399 3358 473 3389 licet
496 3358 642 3399 superior
665 3357 798 3398 angelus
821 3355 1036 3388 illuminando
1059 3355 1244 3387 inferiorem
1261 3356 1300 3386 sit
1316 3356 1364 3386 in-

293 3408 507 3434 strumentum
521 3403 581 3433 Dei
593 3403 701 3443 ipsum
713 3402 934 3437 illuminantis,
947 3401 1036 3432 etsie
1047 3400 1087 3431 sit
1102 3409 1240 3431 movens
1253 3400 1363 3440 aliquo

294 3447 393 3477 modo
417 3453 555 3483 motum,
579 3456 646 3477 non
670 3452 778 3478 tamen
802 3445 962 3477 illuminat
986 3444 1171 3476 inferiorem
1188 3444 1363 3475 movendo.

351 3501 379 3521 2.
404 3491 454 3522 Ad
477 3492 573 3522 huius
597 3490 801 3526 evidentiam,
818 3488 1089 3521 considerandum
1110 3495 1157 3520 est
1173 3488 1273 3529 quod,
1289 3489 1364 3520 licet

294 3534 415 3566 diversa
438 3544 553 3575 genera
577 3537 865 3566 instrumentorum
890 3535 962 3570 sint,
987 3534 1019 3564 in
1043 3534 1107 3564 hoc
1131 3540 1238 3564 tamen
1255 3534 1365 3564 omnia

295 3580 418 3618 agentia
446 3580 708 3616 instrumentalia,
733 3585 768 3610 ut
798 3580 1010 3610 instrumenta
1040 3583 1124 3613 sunt,
1153 3578 1363 3614 conveniunt,

297 3623 386 3662 quod
409 3633 475 3654 non
500 3630 631 3654 movent
655 3624 715 3654 nisi
739 3629 828 3654 mota
851 3624 890 3654 ab
915 3624 952 3654 iis
976 3632 1118 3664 quorum
1145 3628 1220 3653 sunt
1248 3622 1364 3652 instru-

298 3673 420 3697 menta:
445 3677 511 3698 non
535 3669 621 3698 enim
645 3674 749 3699 essent
773 3669 983 3699 instrumenta
1000 3668 1026 3698 si
1042 3676 1098 3708 per
1114 3667 1218 3707 seipsa
1238 3671 1363 3697 tantum

789 294 977 331 SUMMA
1006 293 1227 330 CONTRA
1257 292 1531 337 GENTILES,
1561 294 1655 330 LIB.
1677 295 1718 339 11,
1749 294 1860 330 CAP.
1886 295 1985 332 XXI.

1412 377 1632 412 operarentur,
1649 381 1726 402 cum
1745 373 1818 412 ipso
1833 373 2049 404 instrumento
2065 379 2174 405 utatur
2188 384 2286 415 agens
2308 377 2484 417 principale

1412 415 1452 446 ad
1475 425 1573 446 suum
1597 415 1749 447 effectum
1771 416 2005 453 inducendum,
2029 423 2066 448 ut
2088 424 2176 458 patet
2195 419 2229 449 in
2245 421 2396 453 omnibus
2412 422 2486 451 arti-

1412 459 1570 491 ficialibus
1592 461 1824 491 instrumentis.
1856 460 1920 492 Sed
1943 471 2056 492 verum
2087 467 2134 493 est
2156 462 2248 503 quod
2277 473 2346 495 non
2375 466 2486 496 omnia

1412 506 1624 535 instrumenta
1648 505 1765 536 eodem
1788 505 1890 536 modo
1914 512 2088 537 moventur
2111 506 2151 537 ad
2173 507 2346 548 agendum.
2376 509 2484 547 Quae-

1412 549 1486 579 dam
1503 550 1590 580 enim
1605 559 1663 590 per
1678 554 1807 580 motum
1823 550 1961 581 localem
1976 551 2179 591 applicantur
2194 551 2234 582 ad
2246 553 2484 592 operationem:

1411 599 1448 624 ut
1470 599 1558 634 patet
1581 604 1656 625 curn
1680 594 1791 625 artifex
1814 595 1915 626 utitur
1937 605 2022 626 serra
2037 595 2078 627 ad
2098 595 2283 627 faciendum
2305 606 2485 628 scamnum.

1411 638 1582 677 Quaedam
1605 648 1662 679 per
1685 639 1924 670 alterationem:
1949 640 2031 671 sicut
2054 650 2131 672 cum
2153 641 2237 682 ignis
2266 651 2374 672 aerem
2403 642 2486 673 cale-

1410 682 1487 714 facit
1509 690 1546 714 ut
1569 693 1627 724 per
1656 683 1749 714 illum
1777 683 1883 715 forma
1914 685 1996 725 ignis
2026 685 2250 717 introducatur
2279 687 2313 716 in
2343 687 2485 717 materia.

1410 727 1581 766 Quaedam
1596 738 1654 769 per
1669 733 1799 759 motum
1814 729 2014 769 spiritualem
2031 740 2049 760 a
2063 731 2168 770 prima
2183 740 2294 762 causa:
2312 731 2394 761 sicut
2410 740 2487 762 cum

1410 773 1621 813 intelligentia
1636 783 1654 803 a
1670 773 1741 803 Deo
1758 778 1848 804 mota
1871 779 2040 814 operatur3
2064 780 2143 806 tunc
2166 776 2254 806 enirn
2272 781 2423 806 movetur
2437 777 2486 806 in-

1410 823 1627 848 strumentum
1650 818 1838 858 improprie,
1862 824 1961 858 prout
1984 819 2091 849 omnis
2106 820 2250 860 receptio
2266 820 2306 850 ab
2322 821 2423 851 altero
2439 821 2486 851 di-

1411 863 1494 893 citur
1517 868 1637 893 motus.
2332 895 2336 899 ,

1468 907 1503 937 In
1527 907 1698 947 proposito
1723 916 1799 946 ergo
1824 907 1980 948 accipitur
2002 913 2113 938 motus
2135 907 2225 948 largo
2243 908 2357 946 modo,
2374 915 2411 939 ut
2425 910 2486 940 sci-

1410 951 1485 982 licet
1501 950 1682 982 extenditur
1697 950 1739 981 ad
1752 956 1883 982 motum
1902 956 1935 982 et
1950 953 2081 992 proprie
2097 951 2222 983 dictum
2245 958 2277 983 et
2298 953 2493 995 improprie.⁴

1411 995 1452 1026 Et
1482 996 1672 1036 intelligitur
1701 995 1741 1026 de
1771 1001 1866 1026 motu
1897 996 2101 1027 instrumenti
2134 1002 2202 1027 tam
2233 997 2358 1037 passive
2388 1007 2486 1038 quam

1411 1041 1524 1071 active.
1548 1040 1590 1071 Et
1613 1045 1661 1070 est
1683 1049 1795 1071 sensus
1819 1039 1911 1080 quod
1939 1040 2192 1072 instrumentum
2223 1050 2290 1072 non
2318 1041 2488 1073 adhibetur

1411 1084 1451 1115 ad
1466 1084 1630 1125 agendum
1644 1085 1707 1116 nisi
1721 1090 1891 1115 moveatur
1906 1094 1924 1116 a
1939 1085 2110 1125 principali
2125 1091 2251 1126 agente,
2266 1088 2366 1126 prout
2381 1087 2488 1118 omnis

1411 1130 1555 1169 receptio
1579 1129 1695 1160 dicitur
1717 1134 1838 1165 motus,
1862 1135 1894 1160 et
1916 1130 1979 1160 nisi
2000 1135 2132 1160 moveat
2159 1129 2270 1171 aliquo
2297 1130 2411 1162 modo.
2435 1131 2488 1162 Sic

1411 1179 1521 1205 autem
1538 1173 1699 1205 intellecta
1715 1174 1951 1214 propositione,
1964 1174 2088 1214 optime
2104 1175 2259 1215 probatur
2269 1176 2487 1216 propositum.

1411 1218 1445 1249 Si
1468 1219 1556 1249 enim
1580 1217 1620 1249 de
1643 1218 1767 1248 ratione
1791 1218 1997 1250 instrumenti
2019 1225 2067 1249 est
2090 1224 2127 1250 ut
2149 1220 2189 1250 sit
2210 1228 2348 1250 movens
2377 1220 2488 1260 aliquo

1411 1262 1514 1294 modo
1538 1262 1577 1293 ab
1601 1262 1666 1293 alio
1689 1267 1835 1299 motum;
1860 1268 1892 1294 et
1914 1272 1982 1294 non
2006 1264 2071 1303 agit
2097 1263 2159 1294 nisi
2189 1269 2334 1295 motum:
2359 1270 2490 1305 oportet

1411 1313 1447 1338 ut
1463 1313 1496 1338 et
1510 1308 1619 1347 ipsum
1634 1316 1704 1338 non
1720 1313 1792 1347 agat
1814 1307 1876 1338 nisi
1898 1307 2065 1339 movendo
2082 1308 2214 1348 aliquid,
2230 1314 2286 1340 aut
2300 1318 2378 1340 vero
2394 1315 2489 1340 motu

1411 1358 1467 1383 aut
1490 1352 1681 1393 improprio.
1705 1351 1746 1382 Et
1769 1352 1825 1388 sic,
1850 1351 2169 1393 quomodocumque
2183 1353 2292 1394 ipsum
2306 1359 2488 1390 moveatur,

1411 1402 1542 1438 oportet
1557 1402 1594 1427 ut
1609 1406 1668 1427 sua
1683 1397 1810 1427 actione
1826 1395 1962 1437 aliquod
1983 1397 2200 1437 praeexistens
2218 1398 2400 1430 subiectum
2416 1407 2489 1429 mo-

1411 1447 1499 1472 veat:
1525 1442 1610 1472 actio
1626 1441 1714 1472 enim
1734 1441 1880 1482 sequitur
1895 1440 2033 1472 modum
2056 1443 2190 1482 agentis.
2214 1442 2248 1474 Si
2271 1443 2360 1474 enim
2383 1447 2491 1483 ageret

1411 1486 1490 1517 nihil
1520 1485 1697 1522 movendo,
1726 1485 1782 1516 sed
1813 1491 1916 1516 totam
1947 1487 1993 1516 rei
2023 1487 2235 1518 substantiam
2252 1486 2498 1528 producendo,

1411 1537 1489 1562 tunc
1505 1531 1590 1562 actio
1606 1530 1821 1566 instrumenti,
1839 1536 1875 1561 ut
1890 1530 2152 1573 instrumentum,
2168 1541 2237 1562 non
2253 1537 2337 1563 esset
2358 1532 2421 1572 ipsi
2440 1531 2490 1563 in-

1411 1581 1591 1606 strumento
1610 1575 1871 1616 proportionata:
1893 1584 1968 1606 cum
1988 1576 2097 1616 ipsum
2115 1576 2367 1608 instrumentum
2383 1582 2491 1616 ageret

1411 1626 1540 1651 motum
1564 1621 1603 1650 ab
1627 1619 1702 1656 alio,
1727 1625 1759 1650 et
1781 1619 1915 1650 effectus
1938 1619 2174 1660 produceretur
2195 1630 2264 1652 non
2288 1630 2346 1661 per
2360 1626 2490 1653 motum

1411 1665 1547 1696 alicuius
1571 1664 1611 1695 ab
1634 1665 1860 1694 instrumento.
1886 1663 2017 1695 Creatio
2047 1671 2157 1696 autem
2187 1665 2280 1696 nullo
2310 1665 2412 1696 modo
2442 1671 2491 1696 eet

1412 1715 1532 1746 motus,
1549 1718 1658 1749 neque
1674 1709 1804 1749 proprie
1820 1708 2012 1749 accipiendo
2032 1715 2171 1746 motum,
2187 1719 2296 1750 neque
2312 1710 2490 1751 improprie

1411 1760 1510 1795 prout
1526 1754 1634 1784 omnis
1650 1754 1735 1784 actio
1751 1754 1835 1784 circa
1850 1753 2033 1784 subiectum
2052 1755 2269 1794 praeexistens
2284 1754 2403 1786 dicitur
2416 1764 2490 1786 mo-

1412 1805 1478 1830 tus:
1505 1799 1581 1839 quia
1604 1798 1724 1828 creatio
1755 1797 1884 1828 nullum
1914 1799 2148 1839 praesupponit
2177 1799 2361 1830 subiectum
2388 1799 2490 1839 ipsius

1411 1843 1548 1875 actionis
1570 1843 1782 1883 receptivum.
1806 1841 1883 1873 Ideo
1907 1843 2054 1883 sequitur
2069 1843 2160 1884 quod
2176 1853 2272 1875 causa
2294 1844 2489 1878 instrumen-

1412 1889 1482 1919 talis
1505 1896 1573 1918 non
1597 1892 1706 1927 ageret
1729 1886 1880 1917 creando.

1468 1931 1551 1962 VIII.
1571 1930 1694 1967 Quinto
1708 1931 1738 1960 ἢ
1764 1936 1795 1961 et
1811 1936 1859 1961 est
1875 1930 2080 1962 confirmatio
2104 1932 2221 1972 prioris
2243 1932 2390 1968 rationis;
2414 1941 2490 1972 pro·
2518 1935 2527 1945 ·
2572 1950 2579 1957 -

1412 1977 1505 2007 batur
1529 1976 1617 2006 enim
1640 1973 1732 2015 quod
1753 1973 1835 2005 nihil
1858 1980 1965 2015 potest
1988 1985 2096 2007 creare
2119 1976 2204 2007 sicut
2226 1976 2488 2007 instrumentum.

1412 2021 1666 2052 Instrumentum
1682 2029 1751 2050 non
1766 2018 1936 2051 adhibetur
1951 2020 2013 2050 nisi
2029 2025 2065 2051 ut
2075 2019 2245 2052 influentia
2259 2021 2357 2061 primi
2367 2021 2490 2061 agentis

1412 2065 1578 2106 perveniat
1593 2063 1633 2095 ad
1650 2069 1817 2095 causatum
1833 2073 1891 2104 per
1910 2065 2172 2096 instrumentum.
2197 2064 2284 2105 Ergo
2307 2070 2440 2105 oportet
2454 2070 2490 2097 ut

1412 2111 1446 2141 in
1469 2119 1510 2140 eo
1534 2107 1626 2150 quod
1649 2118 1707 2149 per
1729 2109 1981 2140 instrumentum
2004 2115 2163 2146 causatur,
2187 2110 2228 2141 sit
2259 2108 2382 2150 aliquid
2409 2110 2500 2141 reci·'

1413 2155 1506 2195 piens
1528 2152 1731 2184 influentiam
1747 2153 1853 2194 primi.
1877 2152 1942 2184 Sed
1957 2153 2022 2184 hoc
2037 2159 2085 2185 est
2100 2159 2213 2186 contra
2227 2155 2386 2186 rationem
2402 2163 2491 2186 crea-

1412 2199 1527 2230 tionis:
1552 2198 1632 2229 nihil
1655 2198 1744 2229 enim
1767 2198 2012 2239 praesupponit.
2037 2198 2124 2238 Ergo
2147 2203 2209 2230 etc.

1469 2243 1516 2274 Ex
1540 2243 1600 2274 hac
1623 2243 1720 2283 igitur
1743 2248 1776 2273 et
1798 2241 2066 2282 praecedentibus
2087 2243 2266 2274 rationibus
2289 2243 2387 2274 simul
2401 2251 2490 2275 sum-

1413 2289 1475 2328 ptis
1499 2288 1634 2318 habetur
1657 2286 1749 2327 quod
1772 2287 1852 2318 nihil
1875 2286 1964 2318 aliud
1983 2292 2108 2327 praeter
2122 2287 2231 2319 Deum
2247 2292 2355 2327 potest
2370 2297 2488 2324 creare,

1413 2341 1521 2373 neque
1545 2332 1628 2362 sicut
1651 2331 1828 2372 principale
1859 2341 1957 2372 agens
1985 2340 2095 2372 neque
2121 2332 2204 2363 sicut
2227 2332 2488 2363 instrumentum.

1470 2377 1522 2407 IX.
1548 2376 1648 2407 Sexto
1664 2377 1691 2406 ’ἢ
1717 2375 1749 2407 Si
1773 2375 1896 2416 aliquid
1926 2376 2210 2410 instrumentaliter
2239 2376 2304 2416 agit
2333 2375 2374 2407 ad
2401 2385 2489 2407 crea-

1413 2421 1548 2456 tionem,
1573 2421 1719 2460 sequitur
1742 2420 1833 2460 quod
1855 2419 1980 2460 aliquid
2002 2421 2043 2452 sit
2065 2419 2218 2452 effectum
2241 2429 2300 2461 per
2324 2421 2488 2461 operatio-

1413 2475 1489 2496 nem
1513 2464 1764 2496 instrumentalis
1787 2465 1923 2496 creantis
1939 2464 2031 2505 quod
2045 2466 2086 2496 sit
2101 2465 2190 2506 prius
2205 2465 2256 2496 via
2273 2465 2489 2505 generationis

1414 2519 1513 2550 quam
1537 2518 1616 2545 esse,
1641 2508 1733 2549 quod
1755 2515 1802 2540 est
1826 2508 1960 2540 effectus
1982 2509 2168 2550 principalis
2183 2509 2330 2540 creantis.
2345 2508 2411 2541 Sed
2425 2509 2489 2541 hoc

1414 2560 1461 2585 est
1477 2553 1694 2595 impossibile:
1719 2563 1806 2590 cum,
1823 2558 1946 2594 quanto
1962 2553 2086 2594 aliquid
2101 2559 2149 2585 est
2163 2554 2384 2590 communius,
2399 2558 2489 2586 tanto

1413 2599 1453 2630 sit
1477 2599 1565 2639 prius
1588 2598 1639 2628 via
1661 2598 1887 2638 generationis,
1911 2603 1948 2628 ut
1971 2604 2059 2638 patet
2081 2607 2120 2629 ex
2143 2597 2327 2635 Aristotele,
2350 2598 2384 2630 in
2407 2597 2489 2633 libro

1413 2643 1454 2674 de
1478 2642 1696 2674 Generatione
1719 2642 1928 2673 Animalium.
1953 2642 2040 2683 Ergo
2064 2648 2125 2674 etc.

1469 2686 1674 2718 Antecedens
1698 2687 1863 2727 probatur.
1887 2686 1996 2718 Omne
2024 2696 2122 2727 agens
2150 2687 2393 2718 instrumentale
2417 2695 2490 2718 exe-

1414 2732 1524 2772 quitur
1547 2732 1710 2765 actionem
1734 2731 1919 2772 principalis
1942 2732 2065 2772 agentis
2087 2740 2146 2772 per
2168 2731 2311 2772 aliquam
2327 2731 2490 2763 actionem

1414 2776 1475 2808 sibi
1498 2777 1664 2817 propriam
1686 2782 1718 2808 et
1741 2777 2002 2808 connaturalem:
2028 2781 2064 2808 ut
2078 2781 2167 2816 patet
2181 2776 2216 2808 in
2230 2775 2339 2807 calore
2354 2775 2491 2809 naturali

1415 2821 1561 2852 animalis
1586 2826 1618 2852 et
1643 2821 1677 2852 in
1706 2829 1801 2854 serra.
1834 2820 1931 2861 Ergo,
1956 2821 1982 2851 si
2009 2820 2132 2861 aliquid
2161 2826 2210 2852 est
2238 2821 2491 2853 instrumentum

1414 2866 1597 2902 creationis,
1621 2870 1751 2906 oportet
1775 2864 1866 2906 quod
1888 2865 1952 2896 hoc
1977 2871 2129 2906 operetur
2151 2874 2211 2906 per
2231 2865 2376 2906 aliquam
2390 2865 2490 2899 actio-

1414 2920 1491 2942 nem
1515 2910 1656 2941 debitam
1679 2915 1711 2941 et
1735 2911 1900 2950 propriam
1923 2919 2001 2941 suae
2024 2915 2167 2942 naturae.
2191 2909 2255 2941 Sed
2271 2908 2404 2942 effectus
2416 2918 2491 2942 cor-

1414 2954 1614 2996 respondens
1633 2954 1753 2985 actioni
1777 2955 1926 2995 propriae
1941 2955 2145 2986 instrumenti
2161 2960 2209 2986 est
2224 2954 2313 2995 prior
2328 2954 2379 2985 via
2392 2963 2491 2995 gene-

1414 3000 1546 3031 rationis
1563 3008 1661 3040 quam
1678 2998 1811 3030 effectus
1835 2998 2034 3039 respondens
2057 2999 2226 3040 principali
2249 2999 2373 3039 agenti:
2397 2999 2491 3031 cuius

1412 3046 1543 3085 signum
1567 3049 1615 3075 est
1638 3042 1729 3084 quod
1752 3042 1825 3074 finis
1849 3044 2001 3080 intentus,
2025 3045 2083 3085 qui
2107 3050 2154 3075 est
2177 3043 2331 3075 ultimum
2360 3044 2395 3074 in
2417 3052 2490 3079 exe.-

1415 3090 1557 3125 cutione,
1581 3087 1756 3129 respondet
1779 3088 1886 3128 primo
1909 3089 2027 3128 agenti,
2052 3094 2088 3119 ut
2111 3093 2200 3129 patet
2222 3089 2256 3119 in
2279 3088 2375 3120 rebus
2391 3086 2491 3125 artist-

1416 3133 1560 3164 cialibus.
1586 3132 1672 3173 Ergo
1697 3138 1758 3164 etc.
2070 3167 2071 3170 Ἰ

1474 3187 1503 3209 2.
1521 3177 1616 3209 Circa
1632 3178 1715 3208 hanc
1731 3177 2002 3218 propositionem,
2018 3177 2052 3208 in
2068 3177 2129 3208 hac
2145 3177 2269 3208 ratione
2283 3175 2489 3212 intellectam,

1416 3221 1507 3263 quod
1529 3231 1607 3258 esse,
1631 3227 1785 3263 tanquam
1809 3221 1887 3263 quid
1909 3221 2230 3257 universalissimum,
2251 3225 2301 3259 ¹est
2316 3219 2414 3260 prius
2437 3218 2490 3250 via

1415 3266 1639 3308 generationis
1662 3275 1759 3307 quam
1782 3265 1915 3307 effectus
1945 3266 2174 3306 cuiuscumque
2203 3263 2338 3295 alterius
2361 3272 2489 3299 causae,

1416 3310 1649 3342 advertendum
1673 3309 1764 3351 quod
1787 3310 1827 3341 de
1851 3319 1920 3342 esse
1949 3310 2082 3342 actualis
2111 3308 2296 3340 existentiae
2319 3307 2491 3348 dupliciter

1416 3356 1508 3396 loqui
1531 3364 1716 3396 possumus.
1741 3354 1817 3386 Uno
1841 3353 1953 3395 modo,
1977 3353 2135 3390 absolute,
2147 3361 2222 3384 vnon
2245 3351 2490 3384 determinando

1417 3400 1456 3431 ad
1480 3400 1542 3430 hoc
1566 3405 1622 3430 aut
1645 3398 1725 3430 illud
1747 3408 1827 3430 esse.
1851 3398 1928 3430 Alio
1950 3397 2063 3434 modo,
2079 3396 2120 3428 de
2141 3405 2210 3428 esse
2233 3397 2490 3437 uniuscuiusque

1417 3444 1550 3475 effectus
1574 3443 1804 3484 particulariter
1826 3448 1969 3483 sumpto,
1985 3447 2022 3473 ut
2044 3440 2084 3472 ad
2107 3441 2215 3481 ipsum
2231 3439 2383 3472 effectum
2400 3450 2491 3472 com-

1417 3494 1546 3530 paratur
1569 3488 1669 3520 veluti
1691 3488 1761 3519 eius
1783 3487 1948 3518 actualitas
1970 3491 2002 3516 et
2025 3485 2304 3526 complementum
2325 3494 2402 3517 suae
2417 3494 2490 3526 per-

1418 3533 1577 3564 fectionis.
1601 3533 1710 3564 Primo
1734 3530 1846 3567 modo,
1870 3539 1940 3562 esse
1970 3535 2018 3561 est
2048 3530 2136 3571 prius
2162 3530 2370 3570 generatione
2399 3529 2490 3560 omni

1418 3578 1481 3608 alio
1505 3576 1639 3608 effectu:
1665 3577 1741 3617 quia
1764 3575 1855 3607 omni
1878 3573 2007 3606 effectui
2034 3573 2194 3605 secundae
2223 3583 2338 3606 causae
2361 3579 2491 3614 oportet

1418 3627 1453 3653 ut
1477 3621 1610 3662 aliquod
1633 3630 1690 3652 ens
1713 3624 2002 3661 praesupponunt,
2019 3628 2094 3649 curn
2111 3626 2180 3650 esse
2196 3617 2343 3650 absolute
2360 3618 2399 3649 sit
2414 3627 2490 3658 pro-

1419 3667 1506 3706 prius
1531 3666 1591 3697 Dei
1615 3664 1765 3700 effectu-53
1789 3664 1871 3695 sicut
1901 3663 1988 3694 enim
2017 3668 2064 3694 est
2093 3662 2174 3694 ordo
2198 3663 2232 3694 in
2255 3663 2368 3698 causis,
2393 3662 2435 3693 ita
2459 3667 2490 3693 et

2515 2382 2525 2392 ·
2539 2380 2576 2404 Cf.
2591 2386 2615 2404 ιι.
2625 2386 2676 2403 nu.
