2768 4134
72 1842 80 1849 ·
94 1839 131 1861 Cf.
148 1844 197 1867 cap.
205 1845 258 1860 Lxx.

318 309 393 346 558

317 384 566 424 substantiam
597 382 814 419 secundum
843 380 903 417 sui
929 379 1077 428 generis
1098 386 1279 415 naturam
1304 382 1393 414 tan-'

316 448 410 484 tum,
431 448 531 487 quae
550 445 681 473 tamen
707 433 935 483 corporibus
955 432 1145 470 uniuntur
1164 439 1207 469 ut
1224 430 1384 476 formae,

314 500 356 529 ut
379 504 425 528 ex
451 487 700 540 praemissis*
727 495 841 537 patet.
871 487 920 524 Et
939 486 1031 536 quia
1050 498 1132 522 esse
1159 483 1385 522 substantia-

314 557 402 582 rum
431 542 742 580 intellectualium
771 540 989 578 secundum
1013 551 1132 576 suum
1159 550 1281 587 genus
1301 538 1385 574 nul-

314 601 391 636 lam
422 609 445 633 a
473 607 635 645 corpore
663 593 963 644 dependentiam
992 593 1124 639 habet,
1153 600 1196 629 ut
1230 603 1347 640 supra
1366 589 1386 611 '³‘
1408 612 1417 632 ς

314 651 522 701 probatum
555 656 621 695 est,
655 647 850 685 invenitur
882 646 992 684 altior
1018 646 1160 695 gradus
1193 645 1384 682 dictarum

314 702 625 748 substantiarum,
661 713 773 751 quae,
812 700 881 737 etsi
917 712 998 737 non
1030 699 1215 737 uniantur
1247 709 1383 746 corpo-

314 757 419 795 ribus
460 764 503 793 ut
538 756 704 801 formae,
741 762 831 791 sunt
866 762 997 791 tamen
1033 751 1180 802 proprii
1212 758 1384 788 motores

313 810 535 859 aliquorum
568 820 780 859 corporum
813 806 1170 844 determinatorum.
1203 803 1385 841 Similiter

313 871 444 901 autern
482 870 619 900 natura
653 861 886 899 substantiae
918 858 1180 897 intellectualis
1208 870 1290 895 non
1318 857 1384 894 de-
1400 873 1426 888 ιο

313 917 455 967 pendet
474 929 496 954 a
515 916 732 954 movendo:
756 926 847 951 cum
876 924 1036 950 movere
1066 912 1111 949 sit
1139 922 1384 961 consequens

313 971 362 1008 ad
381 969 634 1020 principalem
663 980 800 1005 eorum
830 965 1110 1016 operationem,
1131 977 1233 1015 quae
1253 972 1309 1001 est
1328 964 1384 1002 in-

312 1023 488 1072 telligere.
518 1022 598 1060 Erit
625 1021 738 1070 igitur
757 1028 793 1057 et
821 1019 958 1069 aliquis
986 1019 1128 1068 gradus
1156 1018 1267 1056 altior
1294 1018 1384 1055 sub-

314 1076 538 1114 stantiarum
571 1073 895 1120 intellectualium,
925 1085 1026 1122 quae
1059 1085 1140 1110 non
1169 1078 1259 1110 sunt
1295 1084 1385 1122 pro-

312 1130 384 1180 prii
403 1137 574 1166 motores
594 1128 816 1177 aliquorum
831 1138 1055 1176 corporum,
1076 1126 1144 1163 sed
1165 1125 1385 1176 superiores
1401 1142 1424 1162 ¹5

312 1182 539 1221 motoribus.

366 1234 555 1285 Amplius.
596 1234 703 1272 Sicut
737 1246 854 1283 agens
885 1245 957 1283 per
988 1241 1169 1271 naturam
1208 1232 1283 1282 agit
1315 1245 1386 1283 per

313 1301 425 1326 suam
451 1289 620 1326 formam
653 1289 881 1334 naturalem,
910 1286 962 1324 ita
989 1299 1107 1336 agens
1141 1298 1212 1336 per
1239 1286 1383 1324 intelle-

312 1351 416 1380 ctum
438 1342 512 1391 agit
536 1354 606 1392 per
632 1341 801 1379 formam
820 1341 1050 1378 intellectus:
1080 1348 1123 1378 ut
1141 1348 1246 1390 patet
1264 1340 1305 1379 in
1324 1339 1385 1378 his

312 1396 379 1446 qui
407 1403 524 1444 agunt
551 1407 622 1445 per
649 1403 783 1433 artem.
809 1394 916 1433 Sicut
944 1394 1057 1443 igitur
1076 1406 1193 1443 agens
1220 1406 1291 1444 per
1318 1406 1385 1431 na·
1400 1408 1427 1423 το

311 1459 440 1487 turam
469 1457 525 1486 est
553 1448 893 1499 proportionatum
920 1447 1079 1498 patienti
1113 1447 1262 1485 ratione
1291 1460 1384 1486 suae

311 1504 459 1541 formae
494 1502 689 1550 naturalis,
718 1502 770 1540 ita
807 1514 923 1551 agens
959 1514 1031 1552 per
1065 1501 1301 1540 intellectum
1329 1510 1386 1539 est

311 1555 652 1607 proportionatum
680 1555 838 1606 patienti
858 1563 894 1593 et
911 1555 1012 1594 facto
1033 1567 1104 1605 per
1132 1555 1300 1594 formam
1329 1555 1385 1593 in-

311 1612 498 1648 tellectus:
529 1619 571 1648 ut
599 1609 739 1647 scilicet
766 1609 996 1648 huiusmodi
1015 1609 1061 1646 sit
1088 1609 1215 1647 forma
1242 1609 1386 1647 intelle-

313 1664 413 1701 ctiva
432 1664 540 1713 quod
568 1663 689 1713 possit
716 1663 848 1701 induci
877 1675 947 1713 per
965 1663 1159 1701 actionem
1179 1663 1325 1712 agentis
1345 1663 1385 1700 in
1401 1677 1425 1698 ις

314 1717 517 1755 materiam
554 1717 815 1766 recipientem.
856 1717 1022 1766 Oportet
1056 1715 1170 1765 igitur
1205 1716 1386 1767 proprios

314 1779 485 1808 motores
514 1770 681 1816 orbium,
701 1770 769 1820 qui
797 1782 867 1820 per
895 1770 1129 1808 intellectum
1158 1778 1321 1809 movent
1340 1770 1386 1818 (si

314 1824 353 1861 in
369 1826 445 1861 hoc
464 1823 691 1873 opinionem
707 1823 918 1861 Aristotelis
938 1823 1124 1861 sustinere
1139 1825 1325 1861 volumus
1339 1824 1385 1870 ³⁸),

314 1879 405 1915 tales
425 1877 687 1926 intelligentias
707 1877 850 1914 habere
870 1878 1004 1927 quales
1024 1884 1114 1914 sunt
1142 1877 1386 1927 explicabiles

313 1943 383 1980 per
402 1938 532 1967 motus
552 1930 719 1977 orbium,
740 1938 777 1967 et
795 1929 1057 1980 producibiles
1078 1929 1119 1967 in
1138 1930 1256 1967 rebus
1273 1938 1386 1968 natu·
1402 1943 1428 1964 ευ

313 1984 466 2021 ratibus.
488 1984 565 2021 Sed
586 1996 703 2033 supra
722 1983 950 2021 huiusmodi
974 1983 1250 2033 conceptiones
1279 1984 1386 2022 intel-

312 2037 470 2086 ligibiles
504 2045 559 2074 est
591 2036 765 2087 accipere
799 2037 947 2086 aliquas
981 2036 1298 2075 universaliores:
1329 2037 1386 2076 in-

311 2092 482 2128 tellectus
518 2090 623 2127 enim
660 2090 917 2128 universalius
952 2090 1209 2140 apprehendit
1241 2091 1386 2129 formas

312 2157 442 2182 rerum
471 2156 591 2194 quam
616 2143 662 2181 sit
690 2156 773 2181 esse
802 2156 938 2182 earum
967 2144 1006 2182 in
1036 2145 1170 2191 rebus;
1195 2145 1302 2182 unde
1330 2144 1386 2182 vi-

311 2199 451 2236 demus
483 2198 591 2247 quod
624 2197 881 2235 universalior
918 2206 974 2235 est
1010 2198 1137 2236 forma
1173 2197 1387 2236 intellectus
1403 2211 1425 2232 ³⁵

312 2251 536 2302 speculativi
555 2264 676 2302 quam
696 2251 863 2302 practici,
890 2260 927 2289 et
953 2251 1052 2289 inter
1076 2260 1176 2290 artes
1199 2251 1386 2302 practicas

311 2304 565 2343 universalior
588 2313 644 2343 est
671 2305 874 2355 conceptio
899 2305 988 2343 artis
1013 2305 1238 2356 imperantis
1264 2318 1386 2356 quam

312 2358 547 2408 exequentis.
583 2359 747 2409 Oportet
781 2367 913 2397 autem
946 2359 1250 2398 substantiarum
1279 2359 1386 2398 intel-

311 2412 510 2461 ligibilium
536 2413 677 2461 gradus
700 2412 874 2464 accipere
901 2413 1121 2451 secundum
1143 2414 1309 2463 gradum
1329 2413 1386 2452 in-

311 2465 532 2504 tellectualis
556 2465 791 2516 operationis
815 2479 917 2517 quae
937 2474 993 2504 est
1013 2467 1067 2504 eis
1092 2467 1261 2518 propria.
1287 2468 1386 2506 Sunt
1401 2483 1428 2504 ⁴0

311 2519 423 2569 igitur
446 2519 596 2570 aliquae
616 2519 850 2558 substantiae
869 2520 1142 2559 intellectuales
1166 2533 1285 2572 supra
1306 2521 1387 2560 illas

311 2585 411 2623 quae
431 2581 520 2611 sunt
537 2573 683 2624 proprii
703 2582 739 2611 et
758 2574 926 2625 proximi
954 2582 1126 2613 motores
1155 2575 1386 2614 determina-

310 2635 442 2665 torum
471 2627 638 2665 orbium.

363 2681 515 2719 Adhuc.
547 2681 657 2719 Ordo
686 2680 858 2719 universi
878 2681 1028 2731 exigere
1048 2681 1203 2720 videtur
1221 2690 1263 2720 ut
1291 2682 1386 2721 illud

311 2735 419 2784 quod
439 2742 494 2772 est
513 2734 553 2772 in
573 2735 690 2773 rebus
708 2735 888 2782 nobilius,
909 2735 1069 2773 excedat
1088 2735 1300 2786 quantitate
1323 2738 1384 2775 vel
1399 2750 1424 2771 ⁴5

311 2800 477 2826 numero
492 2788 736 2837 ignobiliora:
753 2788 982 2838 ignobiliora
992 2789 1098 2827 enim
1110 2789 1291 2828 videntur
1301 2802 1385 2829 esse

311 2850 468 2892 propter
489 2841 690 2880 nobiliora.
722 2843 834 2881 Unde
863 2850 1015 2894 oportet
1043 2844 1152 2893 quod
1181 2843 1384 2892 nobiliora,

312 2895 421 2945 quasi
449 2904 607 2946 propter
633 2908 674 2934 se
699 2895 907 2944 existentia,
931 2896 1234 2947 multiplicentur
1261 2910 1384 2948 quan-

312 2957 396 2986 tum
415 2949 595 3003 possibile
617 2958 683 2988 est.
707 2951 755 2988 Et
777 2949 865 2988 ideo
885 2949 1067 2988 videmus
1091 2951 1199 3001 quod
1219 2963 1385 3002 corpora

313 3002 623 3053 incorruptibilia,
653 3003 793 3041 scilicet
819 3003 1006 3051 caelestia,
1032 3003 1071 3042 in
1099 3012 1250 3042 tantum
1275 3017 1384 3044 exce·
1401 3023 1426 3044 so

312 3057 409 3094 dunt
436 3057 708 3107 corruptibilia,
737 3057 878 3095 scilicet
906 3058 1168 3105 elementaria,
1198 3062 1240 3096 ut
1272 3059 1383 3110 quasi

313 3109 408 3147 haec
427 3122 506 3148 non
526 3111 694 3149 habeant
713 3111 924 3154 notabilem
943 3111 1198 3162 quantitatem
1217 3112 1257 3150 in
1277 3125 1383 3151 com-

312 3162 509 3212 paratione
539 3164 587 3202 ad
616 3163 688 3202 illa.
721 3164 827 3203 Sicut
855 3172 988 3203 autem
1016 3165 1192 3203 caelestia
1218 3178 1383 3217 corpora

313 3215 486 3265 digniora
501 3226 589 3255 sunt
603 3218 912 3266 elementaribus,
923 3226 966 3256 ut
979 3218 1285 3270 incorruptibilia
1299 3232 1382 3258 cor-

314 3269 571 3319 ruptibilibus;
592 3270 643 3309 ita
657 3271 891 3310 substantiae
911 3271 1183 3310 intellectuales
1197 3273 1383 3312 omnibus
1399 3296 1421 3316 ss

313 3322 551 3372 corporibus,
571 3331 613 3362 ut
632 3323 832 3363 immobile
860 3333 896 3363 et
915 3324 1169 3364 immateriale
1188 3326 1323 3364 mobili
1347 3335 1383 3365 et

314 3375 509 3415 materiali.
526 3376 728 3422 Excedunt
742 3378 855 3428 igit'ur
868 3379 908 3417 in
927 3391 1096 3417 numero
1110 3378 1382 3418 intellectuales

315 3428 545 3468 substantiae
560 3439 756 3481 separatae
776 3432 956 3470 omniurn
972 3444 1104 3471 rerum
1123 3433 1382 3471 materialium

367 3531 398 3549 ια
418 3525 517 3560 eorum]
537 3534 626 3553 earum
644 3527 709 3554 WZ.
784 3536 816 3554 20
835 3530 880 3563 qui
901 3531 942 3556 Ita
961 3531 1030 3563 ΖΡες
1049 3532 1099 3558 lac.
1118 3531 1150 3563 Ν,
1169 3539 1238 3565 quae
1255 3532 1345 3559 ceteri.

316 3558 348 3583 30
366 3561 534 3596 naturalibus]
556 3563 731 3590 materialibus
750 3565 875 3591 aDWPd.
967 3567 1001 3599 34
1019 3574 1080 3592 esne
1098 3574 1142 3593 om
1161 3567 1211 3592 αΧ.

314 3595 449 3629 ruptibilia]
468 3598 611 3630 corporalia
630 3599 714 3625 αΧΡε.
804 3601 979 3635 elementaria]
999 3603 1129 3628 elementa
1146 3602 1176 3628 Ζ.

315 3663 321 3669 ι
341 3636 402 3689 ’mm
419 3631 535 3665 possent]
555 3634 655 3665 possint
673 3634 803 3666 αΕΧΥσά,
822 3637 955 3668 possimus
973 3638 1006 3666 D.

315 3671 349 3696 igi
378 3672 391 3689 r
408 3672 431 3691 c.

314 3706 358 3724 om
377 3699 433 3725 EG.
524 3701 554 3726 55
574 3704 666 3729 millies
686 3712 728 3730 om
748 3705 887 3733 Nwszc.

1421 3531 1452 3558 2⁵
1473 3532 1554 3567 quod]

1303 3567 1402 3602 earum)
1423 3575 1515 3594 eorum
1534 3568 1668 3594 aEwa.

1087 3637 1121 3664 ¹6
1139 3637 1326 3672 apposuerunt]
1347 3644 1493 3671 posuerunt
1511 3639 1601 3666 szP.

521 3667 553 3699 37
572 3675 651 3694 suum
667 3677 711 3701 pr.
729 3670 796 3704 Ioco]
809 3675 871 3703 post
889 3679 949 3698 esse
967 3673 1113 3706 Evazb;
1133 3674 1316 3700 seeundum...
1334 3674 1496 3708 intelligibile
1513 3682 1557 3701 om
1576 3675 1612 3706 N;
1632 3683 1712 3702 nuum
1729 3675 1778 3701 alt.
1794 3674 1854 3701 loco
1866 3677 1932 3707 post
1951 3681 2011 3700 ease
2030 3673 2128 3706 nxz&
2147 3674 2350 3708 intelligibile...
2369 3681 2430 3701 ene
2442 3674 2514 3702 Ιιοηι.

809 301 996 339 SUMMA
1026 299 1248 337 CONTRA
1277 297 1552 342 GENTILES,
1581 297 1677 333 LIB.
1698 296 1740 341 ΙΙ,
1770 295 1881 332 CAP.
1903 295 2017 333 XCII.

1442 374 1743 412 multitudinem.
1774 375 1869 412 Non
1897 374 2012 423 igitur
2030 376 2419 425 comprehenduntur
2446 390 2518 416 nu-

1442 441 1553 466 mero
1582 428 1806 466 caelestium
1835 435 2030 465 motuum.

1495 483 1601 519 Item.
1633 481 1790 531 Species
1823 493 1955 519 rerum
1990 481 2249 520 materialium
2281 495 2363 522 non
2390 484 2518 523 multi-

1441 535 1632 585 plicantur
1649 547 1720 585 per
1738 533 1952 582 materiam,
1973 535 2041 573 sed
2060 548 2131 586 per
2148 536 2328 574 formam.
2350 537 2519 576 Formae

1441 597 1573 626 autern
1584 601 1685 638 quae
1701 596 1791 625 sunt
1805 596 1911 626 extra
1925 589 2141 636 materiam,
2156 590 2302 628 habent
2316 603 2401 628 esse
2411 603 2519 629 com-

1440 641 1580 691 pletius
1609 650 1647 678 et
1674 641 1933 680 universalius
1961 655 2083 692 quarn
2115 644 2264 681 formae
2298 657 2400 694 quae
2429 653 2520 683 sunt

1440 695 1479 732 in
1513 695 1689 733 materia:
1719 707 1813 733 nam
1841 695 1990 734 formae
2018 696 2058 734 in
2086 697 2248 736 materia
2280 698 2522 749 recipiuntur

1440 749 1660 786 secundum
1693 748 1877 787 materiae
1894 750 2174 799 capacitatem.
2208 752 2303 790 Non
2336 752 2520 791 videntur

1439 802 1553 851 igitur
1578 815 1662 840 esse
1681 801 1844 842 minoris
1862 803 2122 842 multitudinis
2139 804 2288 844 formae
2307 818 2409 855 quae
2429 814 2519 844 sunt

1441 864 1547 894 extra
1565 856 1781 903 materiam,
1801 868 1900 906 quas
1919 857 2087 895 dicimus
2110 859 2343 897 substantias
2365 872 2519 911 separa-

1440 918 1508 956 tas,
1538 922 1660 960 quam
1688 910 1763 947 sint
1791 910 1939 960 species
1967 910 2227 949 materialium
2255 924 2400 951 rerum.

1494 964 1589 1002 Non
1622 972 1754 1001 autem
1786 971 1947 1014 propter
1981 965 2059 1002 hoc
2094 964 2261 1003 dicimus
2290 966 2400 1016 quod
2428 967 2518 1004 sub-

1442 1017 1602 1056 stantiae
1616 1025 1815 1068 separatae
1831 1017 1905 1055 sint
1919 1018 2068 1068 species
2083 1018 2245 1058 istorum
2259 1017 2518 1059 sensibilium:

1442 1070 1539 1109 sicut
1567 1070 1755 1110 Platonici
1783 1079 1988 1109 senserunt
2001 1071 2033 1110 ²¹².
2065 1072 2169 1110 Cum
2197 1072 2304 1111 enim
2327 1086 2411 1112 non
2429 1086 2520 1124 pos-

1441 1133 1526 1162 sent
1540 1126 1590 1163 ad
1609 1125 1897 1175 praedictarum
1916 1125 2222 1164 substantiarum
2236 1127 2414 1165 notitiam
2433 1140 2520 1178 per-

1441 1178 1574 1216 venire
1594 1178 1668 1216 nisi
1687 1191 1734 1216 ex
1753 1178 2011 1226 sensibilibus,
2035 1188 2304 1230 apposuerunt
2321 1180 2412 1219 istas
2431 1181 2520 1219 sub·

1441 1232 1597 1270 stantias
1616 1244 1700 1270 esse
1720 1232 1898 1270 eiusdem
1917 1232 2059 1283 speciei
2079 1245 2172 1271 cum
2191 1233 2281 1281 istis,
2309 1236 2374 1272 vel
2397 1235 2520 1285 magis

1439 1288 1578 1337 species
1592 1288 1765 1324 istarum:
1784 1285 1892 1334 sicut,
1913 1285 1945 1324 si
1968 1285 2107 1337 aliquis
2126 1299 2209 1326 non
2227 1287 2377 1326 videret
2395 1289 2520 1328 solem

1441 1348 1478 1378 et
1505 1341 1641 1378 lunam
1670 1347 1708 1378 et
1734 1339 1809 1378 alia
1836 1347 1948 1388 astra,
1968 1348 2006 1378 et
2033 1340 2184 1379 audiret
2211 1353 2295 1380 esse
2323 1342 2520 1392 quaedam

1441 1406 1607 1444 corpora
1633 1393 1951 1444 incorruptibilia,
1970 1394 2192 1433 nominaret
2218 1407 2266 1433 ea
2292 1395 2523 1435 nominibus

1441 1448 1606 1486 istorum
1634 1459 1847 1498 corporum
1877 1447 2201 1498 corruptibilium,
2221 1448 2445 1488 existimans
2473 1462 2520 1488 ea

1442 1514 1525 1539 esse
1554 1501 1732 1540 eiusdem
1761 1500 1903 1551 speciei
1925 1513 2018 1539 curn
2046 1501 2136 1540 istis.
2160 1502 2282 1550 Quod
2311 1515 2393 1541 non
2421 1510 2522 1542 esset

1441 1554 1635 1606 possibile.
1657 1578 1683 1582 —
1707 1554 1891 1594 Similiter
1925 1554 2042 1593 etiam
2074 1555 2316 1606 impossibile
2344 1565 2401 1596 est
2429 1557 2520 1600 sub·v

1442 1608 1598 1647 stantias
1625 1608 1902 1647 immateriales
1929 1621 2012 1647 esse
2047 1608 2223 1648 eiusdem
2255 1609 2399 1660 speciei
2427 1623 2520 1651 cum

1442 1661 1716 1709 materialibus,
1744 1664 1808 1700 vel
1836 1662 1984 1712 species
2016 1662 2208 1712 ipsarum:
2238 1676 2331 1702 cum
2358 1665 2522 1704 materia

1443 1717 1488 1754 sit
1521 1716 1570 1753 de
1605 1716 1753 1754 ratione
1789 1716 1931 1766 speciei
1964 1717 2110 1754 horum
2145 1716 2398 1766 sensibilium,
2434 1718 2522 1756 licet

1442 1781 1523 1808 non
1551 1771 1645 1807 haec
1663 1771 1834 1816 materia,
1855 1781 1956 1820 quae
1980 1777 2039 1807 est
2057 1770 2263 1821 proprium
2283 1771 2519 1822 principium

1443 1823 1653 1870 individui;
1683 1823 1781 1860 sicut
1803 1823 1852 1860 de
1881 1822 2029 1860 ratione
2058 1824 2201 1873 speciei
2229 1825 2402 1863 hominis
2430 1833 2522 1864 sunt

1442 1889 1578 1915 carnes
1603 1884 1640 1914 et
1668 1889 1767 1923 ossa,
1797 1888 1877 1914 non
1910 1884 2043 1914 autem
2072 1877 2147 1914 hae
2181 1890 2316 1916 carnes
2349 1886 2387 1916 et
2420 1879 2519 1918 haec

1441 1942 1542 1977 ossa,
1561 1941 1664 1980 quae
1684 1937 1775 1967 sunt
1791 1928 1982 1980 principia
2002 1930 2124 1968 Sortis
2142 1938 2181 1968 et
2205 1931 2388 1969 Platonis.
2410 1955 2436 1960 -
2455 1933 2521 1971 Sic

1441 1983 1556 2033 igitur
1573 1995 1655 2020 non
1674 1982 1842 2021 dicimus
1862 1982 2094 2021 substantias
2113 1992 2307 2034 separatas
2331 1997 2415 2023 esse
2434 1998 2520 2037 spe-

1442 2037 1520 2075 cies
1547 2037 1711 2075 istorum
1739 2036 1998 2075 sensibilium:
2028 2037 2098 2075 sed
2132 2049 2217 2076 esse
2245 2037 2339 2078 alias
2371 2039 2520 2090 species

1442 2090 1653 2129 nobiliores
1681 2089 1771 2137 istis,
1800 2097 1948 2140 quanto
1975 2102 2125 2144 purum
2153 2099 2208 2129 est
2235 2091 2406 2131 nobilius
2433 2105 2521 2144 per-

1442 2145 1575 2183 mixto.
1598 2145 1647 2182 Et
1660 2152 1754 2182 tunc
1767 2143 1850 2182 illas
1865 2144 2098 2182 substantias
2113 2157 2197 2183 esse
2215 2147 2348 2196 plures
2367 2155 2522 2199 oportet

1442 2198 1521 2237 istis
1550 2197 1755 2249 speciebus
1783 2209 1914 2236 rerum
1945 2197 2217 2237 materialium.

1496 2252 1649 2290 Adhuc.
1672 2251 1796 2302 Magis
1816 2259 1872 2289 est
1891 2251 2037 2302 aliquid
2063 2251 2354 2304 multiplicabile
2381 2263 2521 2295 secun-

1441 2306 1539 2354 dum
1555 2318 1673 2344 suum
1689 2317 1772 2343 esse
1787 2305 2018 2356 intelligibile
2029 2317 2151 2356 quam
2165 2307 2386 2346 secundum
2400 2318 2520 2354 sumn

1442 2372 1525 2398 esse
1561 2359 1770 2398 materiale.
1807 2359 1931 2398 Multa
1966 2358 2073 2398 enim
2110 2358 2304 2399 intellectu
2342 2359 2522 2413 capimus

1442 2426 1544 2464 quae
1573 2414 1614 2451 in
1642 2413 1803 2452 materia
1831 2425 1915 2451 esse
1944 2425 2025 2451 non
2044 2422 2226 2464 possunt:
2257 2426 2305 2452 ex
2324 2427 2406 2466 quo
2425 2426 2520 2454 con-

1442 2467 1550 2517 tingit
1582 2468 1691 2518 quod
1724 2466 1881 2505 cuilibet
1910 2475 2035 2505 rectae
2070 2466 2194 2506 lineae
2227 2465 2361 2506 finitae
2393 2476 2522 2521 potest
2581 2481 2588 2487 ·

1443 2521 1716 2560 mathematice
1736 2520 1821 2558 fieri
1840 2520 1998 2568 additio,
2023 2533 2105 2558 non
2124 2530 2258 2560 autem
2278 2521 2518 2571 naturaliter;

1443 2575 1576 2614 raritas
1595 2574 1712 2613 etiarn
1731 2586 1957 2625 corporum,
1977 2574 2162 2613 velocitas
2190 2583 2387 2624 motuum,
2407 2583 2447 2615 et
2463 2573 2520 2615 di-

1442 2628 1602 2667 versitas
1630 2628 1858 2678 figurarum,
1887 2628 1926 2666 in
1955 2627 2152 2667 infinitum
2181 2629 2313 2679 augeri
2341 2640 2520 2692 compre-

1442 2682 1627 2721 henditur
1654 2682 1875 2720 secundum
1904 2681 2152 2730 intellectum,
2173 2683 2356 2734 quamvis
2376 2682 2425 2722 sit
2446 2691 2519 2724 lm-

1441 2736 1624 2788 possibile
1653 2736 1693 2774 in
1721 2744 1859 2774 natura
1887 2735 1941 2774 sic
1976 2748 2071 2774 esse.
2107 2736 2352 2775 Substantiae
2386 2745 2517 2776 autem

1441 2798 1639 2841 separatae
1654 2798 1745 2828 sunt
1759 2789 1799 2828 in
1819 2801 1904 2828 esse
1922 2788 2145 2839 intelligibili
2165 2791 2386 2829 secundum
2405 2801 2519 2831 suam

1441 2853 1634 2883 naturam.
1656 2844 1785 2882 Maior
1803 2843 1917 2894 igitur
1934 2843 2195 2894 multiplicitas
2214 2844 2255 2883 in
2277 2843 2330 2883 eis
2354 2853 2412 2883 est
2427 2856 2519 2898 pos-

1441 2898 1558 2936 sibilis
1576 2909 1697 2949 quam
1711 2897 1752 2935 in
1768 2897 1885 2935 rebus
1904 2897 2179 2946 materialibus,
2194 2898 2414 2938 secundum
2427 2896 2518 2952 pro·

1440 2952 1643 3003 prietatem
1659 2959 1696 2989 et
1710 2951 1903 2990 rationem
1916 2958 2120 3002 pensatam
2134 2951 2286 3002 generis
2299 2951 2515 3004 utriusque.

1441 3007 1486 3044 In
1511 3007 1702 3057 perpetuis·
1719 3011 1843 3044 autem
1865 3017 1940 3043 non
1960 3004 2086 3056 differt
2104 3017 2183 3044 esse
2209 3012 2243 3044 et
2266 3017 2378 3056 posse
2390 3005 2422 3045 *.
2443 3006 2517 3045 Ex·
2546 3005 2573 3058 ⁸,
2601 3046 2608 3053 ‚
2656 3010 2677 3033 7

1440 3059 1540 3098 cedit
1559 3059 1673 3109 igitur
1691 3059 1900 3097 multitudo
1921 3057 2226 3098 substantiarum
2250 3067 2516 3111 separatarum

1440 3113 1733 3152 multitudinem
1761 3111 2021 3151 materialium
2050 3124 2276 3164 corporum.

1493 3166 1564 3205 His
1593 3174 1726 3205 autern
1754 3173 1952 3204 attestatur
1979 3167 2098 3205 Sacra
2127 3165 2336 3218 Scriptura.
2365 3163 2517 3215 Diditur

1439 3220 1546 3258 enirn
1573 3221 1674 3259 Dan.
1695 3232 1741 3258 vn
1759 3223 1800 3257 ¹⁰:
1831 3219 1959 3259 Milia
1992 3220 2150 3258 millium
2179 3220 2442 3259 minis-trabant
2467 3221 2513 3267 ei,

1439 3280 1472 3311 et
1500 3274 1619 3312 decies
1647 3274 1779 3311 millies
1802 3279 1958 3312 centena
1980 3274 2099 3312 millia
2121 3275 2338 3312 amittebant
2355 3275 2400 3311 ei.
2420 3295 2447 3301 -
2466 3273 2515 3312 Et

1438 3327 1663 3378 Dionysius,
1685 3339 1744 3365 xtv
1770 3339 1854 3378 cap.
1878 3327 1981 3365 Cael.
2003 3328 2115 3365 Hier.
2130 3326 2162 3375 ¹¹¹,
2189 3325 2280 3364 dicit
2307 3326 2416 3377 quod
2441 3339 2514 3365 nu—

1438 3392 1571 3419 merus
1591 3381 1743 3419 illarum
1763 3379 2064 3419 substantiarum
2090 3379 2235 3418 excedit
2253 3391 2404 3418 omnem
2432 3392 2514 3419 ma-

1438 3435 1606 3472 terialem
1636 3435 1918 3472 multitudinem.

1575 3540 1643 3567 quae
1663 3532 1756 3559 nove.
1831 3531 1866 3558 28
1881 3531 2033 3566 opinionem
2052 3531 2096 3557 Ita
2108 3530 2256 3563 DNYZPd3
2273 3531 2412 3565 opinione·
2423 3531 2515 3559 ceteri.

1761 3567 1794 3594 38
1813 3565 2021 3601 intelligibilium}
2049 3566 2261 3592 intellectualium
2282 3567 2331 3594 ΡΑ.
2404 3567 2433 3594 5¹
2456 3575 2515 3593 eor-

1771 3646 1879 3674 rporum
1897 3645 1941 3664 om
1961 3637 2015 3663 ΒΡ.

1687 3647 1717 3666 21
1739 3647 1770 3666 co
2098 3637 2131 3664 23
2149 3638 2238 3674 etiam]
2257 3644 2344 3665 nutem
2364 3638 2514 3670 anwxpd,

2547 1088 2556 1098 ·
2570 1087 2608 1111 ct.
2623 1088 2634 1110 1
2647 1088 2713 1110 Meta
2730 1088 2768 1114 ι,

2547 1120 2652 1165 isias*
2677 1121 2697 1137 ⁸·
2754 1128 2764 1136 '
