2768 4134
43 2973 52 2982 ’
68 2971 104 2994 cf.
114 2977 178 2994 num.
194 2978 208 2999 i,
220 2978 255 2994 xv.

44 3026 53 3034 ¹
67 3024 117 3046 Fol.
131 3025 159 3053 36
169 3031 190 3047 v.

291 308 366 356 576

288 387 406 428 poterit
429 394 494 416 una
518 381 693 414 substantia
716 385 861 420 separata
885 378 1029 409 localiter
1052 378 1091 408 ab
1119 377 1217 407 altera
1242 376 1358 407 distare

286 432 348 462 nisi
371 431 495 460 ratione
522 426 688 458 distantiae
712 425 862 455 locorum
892 424 925 454 in
955 423 1073 462 quibus
1102 426 1287 462 operantur.
1315 420 1358 451 Et

286 482 365 506 tunc
388 482 501 505 sensus
525 470 686 502 corollarii
715 474 763 499 est
793 468 894 509 quod,
922 472 1227 508 quantumcumque
1254 464 1357 496 modo

287 520 374 550 dicto
398 519 437 549 sit
453 516 599 548 distantia
614 515 696 545 inter
712 513 924 544 substantiam
940 517 1119 552 separatam
1135 516 1167 541 et
1190 511 1260 541 eius
1272 519 1358 550 pro·

286 565 393 605 prium
424 563 599 596 obiectum,
623 559 677 590 illa
707 564 816 588 tamen
846 557 926 588 nihil
957 555 1093 597 impedit
1124 555 1357 595 cognitionem.

287 608 390 639 Cuius
412 607 492 638 ratio
517 610 573 642 est,
597 604 673 645 quia
696 603 843 634 distantia
865 602 948 632 inter
970 606 1224 641 cognoscentem
1249 605 1280 630 et
1304 608 1359 629 co-

286 653 412 693 gnitum
435 650 516 682 nihil
539 653 692 690 operatur
715 653 771 678 aut
801 646 937 687 impedit
964 646 1197 686 cognitionem,
1226 644 1288 674 nisi
1311 644 1359 673 in—

287 703 445 737 quantum
462 693 681 735 cognoscibile
697 693 793 723 habet
808 701 941 722 movere
957 700 1099 727 sensum,
1120 700 1160 720 eo
1182 688 1273 729 quod
1288 697 1360 718 sen-

286 741 389 772 sibilia
401 739 582 771 secundum
593 737 838 769 determinatam
854 735 1036 767 distantiam
1049 743 1181 766 sensum
1195 738 1359 768 moveant,

288 795 363 816 cum
387 784 602 816 determinent
625 782 685 812 sibi
707 782 829 812 locum.
854 780 1066 820 Intelligibilia
1089 784 1198 810 autem
1218 779 1251 809 in
1275 782 1360 813 actu,

288 830 364 870 quia
387 839 455 860 non
479 828 693 859 determinant
715 826 775 856 sibi
799 826 920 861 locum,
940 826 1042 855 immo
1058 833 1127 854 non
1143 823 1267 854 suntin
1283 822 1359 853 loco

287 875 348 906 nisi
372 875 495 905 ratione
519 871 717 913 operationis
733 871 928 901 extrinsecae
943 870 976 900 in
994 868 1091 905 aliud,
1107 877 1177 898 non
1192 867 1362 907 requirunt

289 920 430 960 aliquam
443 917 687 949 determinatam
700 914 881 946 distantiam
894 913 1075 944 secundum
1092 922 1191 953 quam
1207 917 1362 942 moveant

287 964 498 999 intellectum,
526 961 582 993 sed
605 971 623 991 a
647 968 855 1000 quacumque
882 958 1030 989 distantia
1056 966 1189 988 movere
1212 961 1360 996 possunt.

344 1007 495 1039 Secundo
531 1014 705 1047 possumus
739 1004 915 1043 intelligere
954 1002 1175 1038 corollarium,
1209 1000 1360 1041 negando

289 1062 421 1084 omnem
449 1051 630 1083 distantiam
660 1049 799 1079 localem
829 1048 912 1078 inter
941 1047 1151 1078 substantiam
1182 1051 1361 1086 separatam

288 1097 520 1137 intelligentem
544 1100 576 1125 et
599 1093 808 1124 substantiam
836 1092 1084 1132 intelligibilem:
1117 1097 1152 1122 ut
1180 1091 1219 1121 sit
1248 1099 1361 1121 sensus

289 1141 378 1182 quod
394 1140 540 1171 distantia
556 1138 667 1169 localis
682 1147 751 1168 non
767 1137 863 1167 habet
877 1136 1034 1177 impedire
1047 1136 1270 1176 cognitionem
1286 1135 1362 1166 sub-

288 1187 419 1217 stantiae
442 1189 604 1225 separatae
631 1187 780 1223 respectu
811 1182 861 1212 sui
889 1181 1107 1212 connaturalis
1131 1180 1260 1216 obiecti,
1285 1180 1362 1221 quia

287 1231 375 1262 nulla
391 1236 438 1260 est
460 1230 542 1260 inter
564 1227 617 1258 illa
641 1226 788 1258 distantia
810 1226 936 1261 localis3
961 1235 1037 1256 cum
1061 1235 1169 1266 neque
1192 1225 1263 1255 talis
1286 1225 1362 1255 sub-

287 1275 400 1306 stantia
423 1273 603 1313 intelligens
626 1272 666 1302 sit
691 1272 725 1302 in
752 1271 839 1307 loco,
866 1280 975 1311 neque
1002 1271 1179 1301 substantia
1206 1279 1290 1310 quae
1315 1275 1362 1300 est

288 1320 356 1351 eius
380 1317 588 1350 connaturale
604 1316 780 1352 obiectum,
797 1315 918 1347 scilicet
933 1315 994 1346 alia
1015 1315 1191 1346 substantia
1206 1320 1360 1355 separata.

343 1365 434 1395 Licet
456 1368 565 1394 autem
595 1367 733 1402 uterque
763 1369 877 1391 sensus
906 1361 1073 1391 veritatem
1103 1360 1222 1390 habere
1249 1360 1361 1400 possit,

286 1410 409 1450 primus
432 1414 539 1439 tamen
562 1405 689 1437 videtur
711 1405 813 1445 magis
837 1414 906 1435 esse
922 1404 962 1436 ad
984 1410 1129 1436 mentem
1146 1404 1254 1436 Sancti
1271 1404 1361 1435 Tho-

286 1463 369 1485 mae.
394 1452 489 1484 Unde
510 1461 580 1483 non
595 1456 690 1491 negat
713 1449 902 1490 simpliciter
916 1449 1126 1490 intelligibilia
1149 1450 1183 1480 in
1203 1455 1277 1480 actu
1293 1458 1361 1480 non

288 1507 356 1529 esse
378 1499 413 1528 in
436 1498 526 1528 Ioco:
555 1494 612 1526 sed
635 1496 678 1526 ait
708 1493 800 1535 quod
822 1503 891 1525 non
917 1500 994 1526 sunt
1022 1495 1056 1525 in
1085 1495 1160 1525 loco
1184 1494 1361 1525 secundum

287 1542 375 1584 quod
390 1546 520 1573 movent
534 1540 741 1571 intellectum.
758 1539 861 1577 Quasi
876 1538 978 1570 dicat:
995 1539 1135 1570 Possunt
1147 1539 1280 1579 quidem
1293 1548 1362 1570 esse

287 1590 320 1619 in
344 1588 431 1624 loco,
456 1592 487 1617 et
514 1594 571 1626 per
595 1593 800 1625 consequens
830 1583 946 1614 distare
976 1583 1134 1615 localiter:
1166 1583 1223 1614 sed
1253 1589 1362 1614 tamen

289 1642 356 1664 esse
378 1633 413 1663 in
435 1631 510 1662 loco
534 1639 603 1661 non
627 1634 675 1660 est
698 1628 843 1660 conditio
866 1628 1010 1669 ipsarum
1029 1634 1065 1659 ut
1088 1628 1208 1659 habent
1231 1637 1363 1659 movere

288 1677 499 1712 intellectum,
523 1675 606 1705 sicut
619 1675 654 1705 in
673 1673 877 1704 sensibilibus
900 1672 1026 1709 accidit,
1043 1682 1126 1713 quae
1141 1678 1277 1703 movent
1291 1682 1364 1703 sen-

289 1731 362 1753 sum
384 1727 421 1752 ut
443 1719 484 1751 ad
506 1719 618 1750 locum
641 1718 851 1749 determinata
873 1723 948 1748 sunt
972 1723 1003 1748 et
1025 1717 1066 1748 ad
1089 1723 1228 1757 tempus.

345 1765 521 1796 Sciendum
545 1764 651 1800 etiam,
669 1772 745 1794 cum
769 1761 886 1793 dicitur
909 1762 1129 1804 intelligibilia
1146 1762 1179 1792 in
1195 1766 1271 1792 actu
1295 1771 1363 1792 mo-

290 1820 365 1841 vere
388 1809 595 1844 intellectum,
620 1807 711 1848 quod
740 1807 804 1837 hoc
834 1812 942 1847 potest
971 1807 1106 1846 intelligi
1134 1812 1189 1837 aut
1215 1807 1363 1837 motione

290 1854 434 1891 formali;
459 1859 515 1884 aut
537 1853 686 1883 motione
717 1851 873 1882 effectiva.
905 1851 938 1882 Si
969 1852 1117 1881 motione
1149 1850 1287 1887 formali,
1317 1852 1362 1882 sic

289 1904 336 1929 est
359 1898 547 1939 simpliciter
569 1905 682 1926 vemm
706 1895 797 1936 quod
818 1895 1031 1935 intelligibilia
1060 1896 1092 1925 in
1123 1900 1197 1925 actu
1228 1900 1363 1925 movent

287 1943 488 1973 intellectum
508 1940 704 1972 substantiae
720 1944 894 1979 separatae,
919 1944 951 1969 et
974 1948 1107 1969 omnem
1124 1938 1325 1969 intellectum
1345 1949 1362 1969 a

288 1996 355 2027 quo
378 1985 601 2025 intelliguntur
623 1993 681 2024 per
709 1984 861 2024 speciem.
893 1982 975 2014 Sunt
1006 1983 1093 2014 enim
1117 1982 1240 2013 formae
1268 1983 1362 2014 intel-

287 2032 388 2062 lectus
403 2034 573 2061 moventes
589 2027 766 2059 formaliter
780 2027 982 2058 intellectum
999 2027 1039 2058 ad
1054 2027 1323 2060 intellectionem.
1339 2045 1363 2050 -

287 2075 320 2107 Si
344 2081 452 2106 autern
476 2074 624 2105 motione
641 2071 796 2109 effectiva,
817 2072 862 2102 sic
885 2073 1069 2113 propositio
1086 2071 1195 2103 Sancti
1211 2072 1362 2103 Thomae

285 2118 494 2160 intelligenda
517 2124 565 2149 est
588 2118 647 2148 sub
672 2116 875 2148 conditione:
893 2117 1015 2148 scilicet
1031 2116 1132 2157 quod,
1157 2117 1253 2148 etiam
1270 2118 1296 2148 si
1311 2118 1361 2148 in-

286 2164 462 2205 telligibilia
481 2164 515 2194 in
534 2168 608 2193 actu
631 2166 801 2193 moverent
823 2161 1025 2192 intellectum
1048 2161 1244 2193 substantiae
1268 2171 1360 2203 sepa-

286 2215 371 2240 ratae
395 2207 558 2240 causando
586 2217 660 2238 suas
682 2207 807 2247 species
837 2207 871 2236 in
894 2206 998 2243 illum,
1029 2215 1097 2237 non
1121 2212 1228 2237 tamen
1255 2212 1361 2238 essent

286 2255 320 2284 in
335 2254 411 2284 Ioco
427 2252 609 2284 secundum
626 2250 716 2292 quod
732 2256 902 2282 moverent
920 2251 1139 2287 intellectum;
1164 2258 1195 2282 et
1210 2252 1256 2282 sic
1271 2252 1361 2283 nulla

287 2299 435 2329 distantia
457 2297 569 2328 localis
591 2296 750 2337 impedire
777 2301 887 2336 posset
909 2296 988 2336 quin
1017 2296 1193 2327 substantia
1216 2302 1360 2338 separata

287 2344 326 2373 ab
349 2342 540 2382 intelligibili
562 2341 597 2372 in
621 2347 694 2372 actu
718 2346 914 2371 moveretur.

342 2387 410 2418 XII.
435 2386 583 2417 Tertium
613 2385 820 2416 corollarium
848 2391 908 2415 est:
938 2384 1158 2415 Intellectuali
1176 2387 1361 2426 operationi

287 2441 400 2462 earum
425 2441 490 2462 non
514 2430 711 2461 admiscetur
734 2434 866 2470 tempus.
883 2448 905 2452 -
924 2429 1029 2460 Patet:
1050 2430 1127 2470 quia
1149 2430 1360 2471 intelligibilia

287 2482 371 2513 actu,
385 2477 466 2506 sicut
482 2481 557 2506 sunt
573 2475 694 2515 absque
710 2474 796 2511 loco,
809 2475 851 2504 ita
865 2475 961 2504 etiam
974 2479 1049 2505 sunt
1061 2474 1183 2515 absque
1195 2480 1358 2516 tempore3

285 2530 361 2551 nam
373 2530 440 2551 non
457 2525 683 2551 mensurantur
698 2525 846 2559 tempore
862 2519 923 2549 nisi
940 2528 1023 2559 quae
1039 2519 1150 2559 aliquo
1167 2520 1268 2551 modo
1285 2527 1360 2552 sunt

286 2566 318 2595 in
335 2565 421 2602 loco,
439 2574 514 2596 cum
530 2571 659 2606 tempus
675 2569 828 2604 sequatur
847 2569 976 2594 motum
996 2563 1145 2594 localem.
1167 2564 1358 2605 Operationi

286 2619 362 2640 vero
386 2609 568 2640 intellectus
591 2609 703 2646 nostri,
729 2618 766 2639 ex
791 2618 831 2640 eo
856 2608 946 2648 quod
966 2618 983 2638 a
1002 2608 1279 2648 phantasmatibus
1303 2620 1359 2641 co-

285 2655 464 2694 gnitionem
494 2654 681 2694 accipimus,
711 2663 795 2694 quae
823 2652 1073 2684 determinatum
1104 2659 1233 2694 tempus
1257 2656 1357 2696 respi-

286 2699 384 2736 ciunt,
409 2698 603 2729 admiscetur
626 2704 766 2738 tempus.
792 2697 869 2728 Inde
893 2697 929 2728 fit
953 2704 988 2729 ut
1010 2699 1043 2728 in
1069 2700 1310 2740 compositione
1327 2706 1359 2731 et

285 2743 441 2774 divisione
465 2753 593 2784 semper
609 2743 791 2774 intellectus
806 2747 916 2773 noster
939 2742 1092 2783 adiungat
1107 2748 1248 2784 tempus,
1265 2754 1358 2785 prae-

284 2797 371 2824 sens,
403 2789 611 2829 praeteritum
641 2793 695 2818 aut
726 2787 889 2823 futurum
914 2797 981 2818 non
1006 2793 1115 2818 autern
1146 2789 1357 2830 intelligendo

284 2832 371 2873 quod
394 2833 471 2873 quid
494 2838 550 2864 est.
576 2832 726 2872 Intelligit
750 2832 836 2862 enim
861 2832 948 2872 quod
971 2832 1049 2873 quid
1072 2839 1119 2863 est
1142 2834 1356 2866 abstrahendo

284 2877 493 2917 intelligibilia
516 2887 535 2907 a
550 2877 750 2907 sensibilium
767 2876 1027 2907 conditionibus:
1053 2879 1224 2918 componit
1247 2885 1356 2910 autem

285 2927 315 2952 et
339 2921 451 2952 dividit
474 2920 669 2962 applicando
691 2921 902 2961 intelligibilia
930 2922 1019 2961 prius
1046 2922 1201 2953 abstracta
1232 2923 1272 2954 ad
1295 2934 1355 2955 res.

339 2966 422 2997 XIII.
448 2965 542 2997 Circa
571 2965 784 3007 principalem
815 2965 1061 2996 conclusionem
1086 2968 1102 2983 ⁹
1130 2966 1294 2999 dubitatur
1317 2979 1355 3000 ex

285 3011 394 3047 Scoto,
411 3012 445 3041 in
469 3011 495 3041 Il
520 3010 618 3046 Sent.,
636 3011 712 3041 loco
729 3010 866 3050 allegato
878 3011 906 3040 '.
925 3011 1041 3051 Arguit
1057 3012 1144 3042 enirn
1161 3013 1217 3043 sic.
1234 3013 1354 3044 Primo.

285 3055 471 3086 Substantia
493 3060 647 3096 separata
666 3059 774 3096 potest
797 3064 996 3096 cognoscere
1022 3055 1195 3097 singulare
1225 3063 1261 3088 ut
1282 3058 1353 3089 hoc.

284 3100 327 3130 Et
350 3110 415 3130 non
439 3102 547 3141 potest
579 3099 660 3130 illud
688 3108 887 3141 cognoscere
917 3109 960 3130 ex
987 3101 1116 3131 ratione
1144 3102 1357 3134 universalis:

284 3144 360 3184 quia
383 3145 462 3175 haec
478 3149 608 3180 natura,
627 3149 662 3174 ut
675 3144 764 3179 haec,
782 3154 848 3174 non
865 3145 1052 3175 continetur
1066 3145 1278 3178 determinate
1297 3148 1356 3178 sub

285 3189 538 3220 universalitate.
563 3189 657 3230 Ergo
687 3189 900 3230 cognoscitur
922 3199 986 3229 per
1007 3190 1181 3230 propriam
1207 3192 1353 3232 speciem.

285 3232 347 3263 Sed
362 3243 428 3264 non
445 3238 492 3264 est
509 3233 679 3274 probabile
694 3234 781 3274 quod
795 3234 862 3264 sint
885 3234 917 3264 in
939 3234 1009 3274 ipsa
1025 3239 1220 3266 concreatae
1244 3246 1355 3268 omnes

283 3278 402 3317 species
424 3278 645 3319 singularium
664 3278 867 3318 possibilium
891 3278 952 3309 sibi
975 3288 1192 3320 cognoscere:
1208 3289 1280 3311 cum
1297 3281 1355 3312 illa

284 3322 348 3352 sint
371 3322 508 3363 infinita.
533 3322 620 3362 Ergo
644 3322 784 3363 aliquam
809 3323 950 3363 speciem
982 3333 999 3353 a
1031 3324 1184 3363 singulari
1208 3326 1355 3366 accipere

284 3371 399 3405 potest.

339 3410 500 3441 Secundo.
524 3411 579 3441 Ex
602 3411 717 3441 notitia
742 3411 957 3452 quidditatum
981 3417 1013 3443 et
1037 3413 1271 3444 universalium
1288 3424 1354 3445 non

278 3459 386 3493 potest
409 3455 564 3496 cognosci
587 3456 768 3496 complexio
793 3456 996 3498 contingens.
1013 3457 1077 3487 Sed
1097 3457 1288 3489 existentiae
1304 3469 1354 3490 re-

286 3507 356 3528 rum
374 3499 423 3529 vel
439 3500 712 3530 non-existentiae
731 3506 807 3531 sunt
822 3501 1056 3542 contingentes.
1072 3501 1167 3543 Ergo
1184 3502 1227 3533 ad
1242 3503 1303 3533 hoc
1319 3509 1355 3534 ut

285 3542 468 3574 huiusmodi
491 3550 678 3585 cognoscat,
705 3554 769 3575 non
793 3545 916 3587 sufficit
939 3546 1041 3586 ipsam
1062 3546 1181 3577 habere
1204 3548 1353 3578 notitiam

287 3586 526 3618 universalium.
542 3588 636 3630 Ergo
661 3589 754 3619 istam
771 3590 919 3620 notitiam
936 3591 1054 3631 accipit
1068 3600 1089 3621 a
1105 3591 1210 3622 rebus.
1226 3609 1248 3614 —-
1267 3592 1354 3622 Con·

275 3629 444 3669 firmatur.
472 3631 557 3668 Quia
582 3633 726 3664 rationes
752 3634 965 3665 terminorum
994 3645 1133 3676 quorum
1163 3635 1258 3666 habet
1283 3646 1353 3677 spe-

286 3673 350 3703 cies
372 3681 570 3712 concreatus,
588 3682 645 3707 aut
669 3683 914 3718 repraesentant
936 3678 1147 3711 determinate
1170 3690 1221 3711 me
1242 3682 1354 3712 sedere

770 301 958 338 SUMMA
987 298 1211 336 CONTRA
1240 295 1517 341 GENTILES,
1546 295 1640 332 LIB.
1662 295 1704 331 II.
1735 293 1847 331 CAP.
1870 293 2004 331 XCVI.

1411 384 1496 411 cras,
1520 379 1579 413 aut
1602 374 1859 405 indeterminate.
1884 372 1921 403 Si
1943 373 2166 410 determinate,
2191 383 2274 416 ergo
2299 375 2493 416 impossibile

1412 425 1459 450 est
1468 429 1532 460 per
1548 419 1635 460 ipsos
1656 418 1814 449 terminos
1837 417 1940 458 ipsam
1960 417 2079 449 habere
2099 418 2248 449 notitiam
2272 420 2360 460 quod
2374 421 2436 451 hoc
2451 421 2494 451 sit

1412 464 1616 505 contingens.
1639 462 1676 493 Si
1699 462 1957 498 indeterminate,
1974 471 2057 504 ergo
2074 471 2140 503 per
2153 463 2214 494 hos
2237 464 2393 495 terminos
2409 475 2492 496 nun—

1412 518 1510 550 quam
1522 508 1649 539 habebit
1663 507 1753 548 quod
1763 507 1978 538 determinate
1992 507 2132 538 sedeam.
2150 507 2245 550 Ergo
2263 514 2392 549 oportet
2406 510 2494 550 quod

1413 553 1554 594 accipiat
1575 552 1711 583 aliunde
1734 552 1885 582 notitiam
1908 552 2015 584 huius.

1469 598 1592 628 Tertio.
1618 596 1729 627 Habet
1750 597 1901 627 notitiam
1928 597 2112 628 intuitivam
2135 597 2328 640 singularis.
2353 598 2448 640 Ergo
2472 608 2493 629 a

1413 642 1580 684 singulari
1609 642 1831 683 cognitionem
1864 641 1992 682 accipit.
2025 641 2184 673 Probatur
2216 644 2450 684 consequentia
2465 644 2492 674 θ.

1417 687 1504 724 Quia
1520 687 1564 717 ad
1586 686 1809 728 cognitionem
1833 686 2019 717 intuitivam
2035 687 2221 718 necessario
2237 688 2409 719 concurrit
2423 688 2494 729 ipsa

1414 742 1467 763 res
1491 737 1527 762 ut
1543 740 1714 772 praesens.
1731 730 1964 762 Confirmatur.
1984 730 2073 768 Quia
2093 731 2289 772 impossibile
2312 738 2360 764 est
2379 733 2494 775 cogni-

1414 777 1534 807 tionem
1552 776 1737 807 intuitivam
1754 785 1823 807 esse
1832 785 1897 816 per
1910 776 2057 817 aliquam
2082 777 2243 807 rationem
2260 778 2372 809 eodem
2396 778 2494 809 modo

1414 826 1711 862 repraesentantem
1736 830 1773 851 re
1795 825 1956 857 manente,
1981 825 2014 851 et
2035 830 2102 851 non
2126 827 2286 853 manente.

1470 866 1554 896 XIV.
1580 865 1675 897 Circa
1698 866 1842 906 primum
1870 866 1967 896 etiam
1998 866 2237 897 corollarium‘
2260 867 2425 898 dubitatur
2455 877 2493 899 ex
2522 878 2530 887 ·

1414 911 1526 947 Scoto‚
1539 911 1595 941 ubi
1608 920 1705 951 supra
1717 911 1744 947 *,
1758 910 1798 941 de
1810 910 1978 941 intellectu
1991 915 2116 950 agente.
2130 910 2217 949 Quia
2225 912 2374 952 potentia
2385 913 2494 944 activa

1414 965 1498 997 quae
1514 960 1562 986 est
1579 955 1796 997 perfectionis
1812 955 1845 986 in
1863 960 1986 986 natura
2002 955 2168 997 inferiori,
2186 965 2252 986 non
2269 955 2361 987 debet
2375 958 2495 999 negari

1415 1010 1436 1031 a
1453 1005 1575 1031 natura
1587 1000 1762 1041 superiori.
1776 999 1841 1031 Sed
1856 1000 2040 1031 intellectus
2051 1009 2157 1042 agens
2167 1005 2217 1032 est
2221 1001 2372 1042 potentia
2385 1002 2494 1033 activa

1414 1054 1500 1086 quae
1522 1050 1569 1076 est
1587 1045 1806 1086 perfectionis
1829 1045 1863 1075 in
1887 1045 2001 1076 anima
2025 1045 2234 1076 intellectiva.
2258 1046 2347 1087 Ergo
2371 1051 2433 1077 etc.

1472 1089 1695 1121 Confirmatur
1718 1099 1757 1121 ex
1773 1089 1892 1121 eodem
1908 1088 2124 1121 fundamento
2136 1091 2163 1120 “.
2181 1090 2268 1129 Quia
2283 1090 2495 1132 perfectionis

1415 1140 1463 1165 est
1486 1135 1520 1165 in
1542 1134 1710 1166 intellectu
1741 1140 1855 1165 nostro
1883 1134 1974 1175 quod
2001 1135 2119 1166 habeat
2147 1135 2271 1176 aliquid
2298 1145 2367 1177 quo
2390 1137 2495 1168 active

1415 1179 1518 1220 possit
1541 1180 1709 1230 acquirere
1732 1180 1858 1220 species
1882 1179 2032 1211 omnium
2061 1179 2290 1220 quidditatum.
2314 1180 2402 1222 Ergo
2425 1190 2495 1213 non

1416 1229 1464 1255 est
1487 1224 1673 1266 negandum
1697 1235 1715 1255 a
1738 1224 1925 1265 perfectiori
1947 1224 2126 1256 intellectu.

1474 1279 1504 1300 2.
1534 1269 1630 1300 Circa
1659 1269 1842 1301 secundum
1873 1269 2082 1300 corollarium
2097 1271 2116 1288 ⁴*
2139 1269 2305 1301 dubitatur
2331 1271 2429 1302 etiam
2455 1280 2495 1302 ex

1416 1314 1528 1351 Scoto‚
1552 1314 1596 1345 IV
1619 1314 1720 1351 Sent.,
1745 1314 1776 1346 d.
1793 1324 1864 1350 ην,
1881 1323 1913 1355 q.
1930 1315 1992 1345 π’.
2014 1314 2102 1353 Quia
2116 1314 2330 1355 Augustinus,
2353 1315 2388 1346 in
2410 1315 2495 1347 libro

1416 1359 1456 1390 de
1470 1359 1561 1390 Cura
1569 1369 1634 1400 pro
1647 1359 1793 1390 Mortuis
1804 1358 1936 1401 agenda
1948 1359 1975 1396 *,
1993 1364 2026 1390 et
2037 1358 2225 1400 Gregorius,
2238 1359 2272 1390 in
2284 1359 2437 1391 Homilia
2447 1361 2494 1398 ”‚

1416 1404 1529 1435 dicunt
1545 1404 1636 1444 quod
1651 1404 1778 1435 animae
1794 1408 1959 1445 separatae
1974 1405 2125 1435 nesciunt
2140 1413 2179 1435 ea
2194 1413 2280 1445 quae
2294 1405 2348 1436 hic
2362 1403 2456 1437 fiunt.
2471 1421 2496 1429 -

1416 1449 1497 1480 Item
1513 1449 1713 1486 Aristoteles,
1726 1449 1798 1480 VIII
1814 1449 2032 1490 Physicomm
2040 1449 2068 1486 “,
2084 1450 2180 1490 ponit
2194 1449 2407 1481 substantiam
2421 1459 2496 1481 mo-

1416 1499 1546 1524 ventem
1563 1495 1677 1525 orbem
1693 1504 1763 1525 esse
1781 1499 1985 1535 praesentem
2001 1494 2047 1525 illi
2063 1494 2147 1535 parti
2169 1493 2258 1525 unde
2281 1500 2391 1526 motus
2413 1494 2495 1526 inci-

1415 1539 1473 1579 pit,
1497 1539 1620 1570 scilicet
1642 1539 1698 1570 ubi
1722 1544 1770 1570 est
1793 1539 2028 1570 velocissimus.
2049 1538 2198 1579 Septimo
2217 1547 2353 1580 quoque
2375 1539 2494 1581 Physi-

1417 1593 1531 1614 corum
1547 1585 1575 1620 “,
1597 1583 1667 1614 vult
1689 1593 1787 1624 agens
1811 1589 1842 1615 et
1863 1584 1989 1624 patiens
2012 1593 2082 1615 esse
2105 1583 2213 1615 simul.
2233 1583 2321 1625 Ergo
2345 1583 2496 1616 distantia

1416 1628 1529 1659 localis
1552 1627 1689 1669 impedit
1713 1629 1947 1669 cognitionem.
2062 1629 2065 1631 ’

1475 1672 1504 1703 3.
1522 1672 1617 1703 Circa
1635 1672 1788 1704 ultimum
1812 1673 2021 1704 corollarium
2033 1674 2061 1710 '‚
2077 1673 2135 1703 ubi
2157 1672 2275 1704 dicitur
2294 1672 2386 1714 quod
2401 1673 2496 1705 intel-

1417 1716 1520 1748 lectus
1542 1722 1653 1748 noster
1674 1727 1742 1748 non
1767 1717 1914 1759 adiungit
1928 1723 2060 1758 tempus
2082 1717 2296 1758 intelligendo
2311 1718 2400 1759 quod
2417 1717 2498 1760 quid

1417 1766 1474 1798 est,
1498 1761 1555 1792 sed
1579 1762 1814 1803 componendo
1838 1768 1870 1793 et
1893 1761 2069 1794 dividendo
2091 1771 2221 1803 semper
2244 1761 2391 1804 adiungit
2413 1767 2496 1794 tem·

1416 1815 1489 1846 pus,
1514 1816 1676 1847 praesens,
1700 1807 1909 1848 praeteritum
1934 1812 1989 1838 aut
2016 1806 2174 1843 futurum,
2198 1806 2372 1838 dubitatur.
2397 1806 2495 1846 Quia,

1416 1856 1454 1881 ut
1468 1851 1607 1891 ipsemet
1622 1852 1656 1882 in
1679 1852 1745 1882 hoc
1769 1852 1942 1882 corollario
1966 1851 2055 1888 dicit,
2071 1851 2147 1882 ideo
2163 1851 2347 1891 operationi
2370 1851 2497 1883 intelle-

1416 1895 1515 1926 ctuali
1530 1900 1659 1926 nostrae
1676 1895 1801 1926 adiacet
1814 1901 1955 1936 tempus,
1969 1896 2046 1936 quia
2058 1904 2076 1925 a
2088 1895 2368 1936 phantasmatibus
2383 1897 2497 1936 cogni-

1415 1939 1540 1970 tionem
1564 1939 1753 1980 accipimus,
1776 1949 1860 1980 quae
1884 1939 2136 1971 determinatum
2155 1940 2333 1980 respiciunt
2354 1944 2495 1982 tempus.

1416 1982 1480 2014 Sed
1502 1984 1547 2014 ita
1567 1985 1712 2024 cognitio
1728 1984 1818 2026 quod
1831 1984 1911 2026 quid
1933 1989 1981 2015 est
2003 1994 2020 2015 a
2037 1984 2315 2026 phantasmatibus
2338 1985 2498 2026 accipitur¹

1415 2028 1498 2058 sicut
1522 2029 1721 2069 compositio
1745 2034 1777 2060 et
1800 2029 1927 2060 divisio.
1945 2029 2044 2069 Ergo,
2064 2037 2130 2070 qua
2153 2029 2279 2060 ratione
2297 2029 2356 2060 uni
2379 2038 2496 2071 opera-

1414 2073 1497 2103 tioni
1520 2072 1716 2104 admiscetur
1738 2079 1880 2114 tempus,
1905 2073 2020 2105 eadem
2042 2074 2168 2105 ratione
2191 2079 2224 2104 et
2247 2074 2348 2105 alteri.

1470 2117 1540 2148 XV.
1571 2117 1623 2148 Ad
1651 2117 1846 2150 evidentiam
1877 2127 1993 2150 eorum
2023 2127 2108 2159 quae
2139 2123 2252 2149 contra
2281 2118 2495 2160 principalem

1415 2161 1663 2193 conclusionem
1683 2164 1884 2195 obiiciuntur
1899 2164 1927 2203 ⁹,
1950 2162 2019 2194 duo
2038 2168 2114 2194 sunt
2136 2163 2346 2203 intelligenda
2362 2164 2407 2195 '⁴'.
2426 2163 2495 2196 Pri-

1414 2215 1506 2237 mum
1523 2213 1571 2238 est
1595 2216 1633 2238 ex
1650 2207 1796 2239 doctrina
1812 2207 1921 2240 Sancti
1937 2207 2088 2238 Thomae
2104 2207 2221 2244 Prima,
2243 2217 2274 2248 q.
2292 2217 2366 2245 nvn,
2386 2218 2414 2239 a.
2433 2208 2451 2240 3
2464 2209 2493 2246 ⁹,

1415 2256 1446 2282 et
1475 2251 1584 2288 Verit„
1600 2261 1632 2293 q.
1650 2262 1715 2289 vm,
1732 2263 1760 2284 a.
1778 2263 1798 2294 9
1815 2253 1832 2271 ⁴*
1849 2258 1881 2284 et
1900 2260 1938 2283 12
1955 2253 2001 2289 ”,
2021 2251 2113 2293 quod
2136 2252 2262 2293 species
2285 2253 2495 2294 intelligibilis

1414 2295 1454 2326 ad
1477 2296 1542 2327 hoc
1558 2297 1732 2337 requiritur
1748 2307 1786 2329 ex
1802 2301 1894 2338 parte
1909 2297 2148 2338 cognoscentis,
2164 2302 2202 2328 ut
2216 2306 2275 2338 per
2289 2297 2428 2329 modum
2450 2298 2495 2330 sl·

1413 2340 1605 2372 militudinis
1620 2351 1690 2373 rem
1705 2343 1870 2383 cognitam
1886 2342 2099 2383 cognoscenti
2114 2347 2342 2383 repraesentet.
2348 2342 2495 2374 actualis

1413 2391 1522 2417 autem
1547 2386 1725 2418 similitudo
1749 2392 1988 2428 repraesentare
2004 2395 2072 2418 non
2088 2391 2197 2427 potest
2211 2395 2280 2418 rem
2297 2387 2493 2428 singularem

1413 2431 1446 2461 in
1462 2436 1537 2462 actu
1553 2431 1615 2462 nisi
1630 2431 1685 2463 illa
1699 2441 1750 2462 res
1765 2433 1818 2463 sit:
1843 2432 1927 2462 sicut
1942 2431 2122 2463 similitudo
2138 2431 2236 2462 huius
2251 2431 2315 2462 albi
2330 2432 2364 2462 in
2380 2431 2491 2469 oculo,

1412 2477 1521 2515 posito
1546 2475 1637 2517 quod
1661 2482 1906 2508 conservaretur
1929 2475 2101 2507 recedente
2117 2476 2181 2507 hoc
2197 2475 2283 2512 albo,
2299 2475 2409 2517 ipmm
2423 2485 2492 2508 uon

1413 2525 1666 2561 repraesentaret
1692 2521 1754 2552 nisi
1781 2531 1857 2552 cum
1882 2526 1966 2552 esset
1989 2521 2022 2552 in
2046 2525 2131 2552 actu.
2159 2519 2292 2561 Species
2315 2521 2404 2552 enim
2426 2521 2493 2553 sin-

1411 2565 1540 2605 gularis,
1557 2571 1594 2597 ut
1610 2571 1658 2596 est
1673 2567 1718 2597 rei
1734 2566 1914 2606 singularis,
1931 2570 2150 2606 repraesentat
2171 2566 2275 2606 ipsam
2294 2566 2356 2596 sub
2375 2565 2493 2597 actum

1412 2611 1592 2641 existentia:
1607 2611 1684 2651 quia
1696 2610 1902 2642 conditiones
1917 2611 1962 2641 rei
1980 2610 2152 2642 materialis
2165 2610 2336 2651 singularis
2342 2615 2422 2642 sunt
2436 2609 2494 2642 de-

1411 2655 1595 2686 terminatio
1613 2654 1653 2686 ad
1667 2655 1721 2686 hic
1737 2661 1770 2686 et
1789 2665 1888 2686 nunc.
1910 2655 1998 2692 Ideo,
2015 2655 2149 2696 quando
2172 2655 2242 2696 ipsa
2265 2663 2316 2686 res
2339 2664 2408 2686 non
2432 2659 2490 2693 est,

1410 2699 1481 2731 talis
1505 2701 1629 2741 species
1645 2709 1713 2731 non
1729 2706 1777 2731 est
1792 2705 1867 2731 actu
1883 2700 2062 2732 similitudo
2085 2700 2355 2740 repraesentativa
2378 2700 2490 2741 ipsius.

1411 2744 1452 2775 Et
1479 2745 1557 2785 quia
1583 2745 1697 2776 relatio
1725 2750 1833 2786 potest
1860 2754 2055 2786 consurgere
2083 2753 2121 2776 ex
2147 2745 2331 2776 mutatione
2360 2744 2492 2776 alterius

1410 2794 1628 2820 extremorum
1659 2794 1798 2826 tantum,
1821 2789 1898 2820 ideo
1929 2795 2037 2830 potest
2067 2789 2256 2830 contingere
2282 2794 2320 2820 ut
2342 2789 2375 2820 id
2398 2789 2490 2831 quod

1410 2843 1477 2865 non
1502 2840 1569 2865 erat
1592 2835 1759 2866 actualiter
1781 2834 1960 2865 similitudo
1983 2834 2131 2871 siliculus,
2155 2834 2289 2875 incipiat
2311 2842 2382 2865 esse
2403 2833 2491 2866 illius

1409 2878 1587 2910 similitudo
1611 2888 1669 2920 per
1692 2879 1778 2910 illius
1801 2880 2018 2910 mutationem
2039 2884 2176 2915 tantum,
2192 2879 2263 2920 ipsa
2278 2878 2490 2917 similitudine

1409 2924 1570 2955 immobili
1582 2929 1804 2964 permanente.
1823 2923 1900 2955 Inde
1916 2923 1952 2955 fit
1968 2923 2070 2964 quod,
2083 2933 2160 2955 cum
2172 2924 2297 2964 species
2312 2932 2398 2964 quae
2413 2929 2490 2955 sum

1408 2969 1442 2999 in
1473 2968 1640 3000 intellectu
1672 2970 1869 3000 substantiae
1897 2974 2072 3009 separatae,
2101 2968 2166 3000 sint
2199 2969 2490 3009 repraesentativa

1408 3022 1477 3044 non
1500 3013 1609 3044 solum
1632 3013 1820 3054 quidditatis
1844 3013 2042 3050 universalis,
2058 3012 2116 3045 sed
2134 3013 2285 3044 omnium
2303 3012 2488 3045 individuo-

1408 3067 1481 3088 rum
1505 3058 1703 3099 quidditatis,
1728 3064 1764 3089 ut
1787 3058 1951 3089 inferius*
1967 3057 2171 3095 ostendetur-3
2196 3058 2222 3088 si
2245 3058 2354 3098 aliqua
2377 3058 2488 3099 singu-
2515 3058 2524 3067 ”

1407 3102 1484 3133 laria
1507 3103 1657 3134 nondum
1680 3103 1753 3140 sint,
1777 3112 1846 3134 non
1871 3108 1918 3134 est
1942 3108 2016 3134 actu
2040 3103 2165 3143 species
2189 3102 2376 3143 quidditatis
2398 3102 2487 3134 simi-

1408 3146 1512 3178 litudo
1535 3147 1667 3179 illorum
1691 3147 1835 3184 actualis,
1851 3147 1908 3179 sed
1927 3147 2128 3189 potentialis3
2148 3156 2224 3178 curn
2241 3153 2351 3178 autem
2367 3146 2488 3178 habnt

1408 3201 1478 3222 esse
1493 3193 1526 3223 in
1542 3197 1667 3228 natura,
1683 3197 1732 3223 est
1755 3201 1870 3223 eorum
1894 3191 2074 3223 similitudo
2090 3193 2124 3223 in
2140 3197 2224 3223 actu.
2245 3192 2287 3223 Et
2305 3191 2392 3230 ideo,
2408 3198 2485 3222 cum

1407 3246 1475 3267 non
1507 3242 1724 3278 repraesentet
1754 3238 1879 3278 species
1909 3237 2033 3278 aliquid
2063 3237 2242 3268 intellectui
2265 3245 2325 3277 per
2345 3234 2484 3266 modum

1407 3282 1526 3312 obiecti
1560 3281 1769 3322 intelligibilis
1799 3282 1862 3312 nisi
1892 3291 1968 3312 cum
1997 3287 2045 3312 est
2071 3287 2147 3312 actu
2178 3280 2264 3312 illius
2294 3279 2484 3318 similitudo,

1407 3326 1554 3366 sequitur
1577 3325 1668 3367 quod
1691 3327 1816 3366 species
1839 3335 1924 3366 quae
1951 3327 2040 3367 prius
2062 3335 2131 3357 non
2153 3325 2412 3366 repraesentabat
2435 3325 2484 3356 in-

1406 3370 1550 3402 tellectui
1567 3371 1738 3411 singularia
1755 3370 1903 3402 nondum
1921 3371 2097 3406 existentia,
2113 3378 2151 3400 ea
2166 3368 2390 3409 postmodum,
2407 3378 2483 3401 cum

1407 3421 1482 3446 sunt
1497 3416 1531 3446 in
1547 3421 1622 3446 actu
1638 3415 1807 3456 producta,
1820 3416 1881 3446 sibi
1897 3419 2121 3456 repraesentat.
2135 3413 2210 3444 Hoc
2225 3419 2335 3444 autem
2351 3419 2400 3444 est
2413 3423 2482 3446 non

1407 3465 1540 3500 propter
1563 3460 1705 3500 aliquam
1730 3460 1849 3491 realem
1872 3460 2088 3491 mutationem
2111 3458 2242 3499 speciei,
2267 3458 2323 3489 sed
2350 3464 2485 3500 propter

1407 3505 1622 3535 mutationem
1645 3505 1775 3541 obiecti,
1792 3504 1883 3545 quod
1897 3504 1987 3544 prius
2001 3511 2069 3534 non
2093 3503 2230 3533 habebat
2245 3508 2394 3534 naturam
2410 3503 2483 3534 uni-

1407 3549 1563 3580 versalem
1586 3549 1620 3580 in
1651 3554 1736 3586 actu,
1764 3549 1858 3580 cuius
1880 3548 1949 3589 ipsa
1975 3547 2100 3588 species
2130 3553 2177 3578 est
2203 3548 2481 3588 repraesentativa,

1407 3598 1439 3624 et
1453 3593 1667 3634 postmodum
1691 3594 1779 3624 illam
1796 3593 1902 3623 habet.
1918 3592 2003 3623 Nam
2027 3591 2136 3623 Sortes
2159 3601 2227 3623 non
2252 3593 2391 3623 existens
2412 3601 2481 3623 non

1406 3638 1503 3668 habet
1525 3643 1674 3669 naturam
1697 3638 1888 3668 humanam:
1913 3636 2052 3667 existens
2075 3642 2184 3667 autem
2207 3637 2304 3668 habet
2324 3636 2422 3668 illam.
2439 3636 2482 3668 Et

1406 3682 1481 3713 ideo
1494 3692 1582 3713 nunc
1595 3682 1786 3713 assimilatur
1801 3681 1920 3721 speciei
1936 3681 2127 3721 intelligibili
2144 3690 2202 3722 per
2217 3687 2364 3712 naturam
2381 3689 2479 3722 quam

2521 648 2530 656 ·
2545 647 2596 669 Fol.
2610 653 2647 676 37.

2561 876 2598 899 Cf.
2623 883 2690 900 num.
2713 884 2738 906 x,

2521 910 2579 928 xvn.

2521 935 2530 945 ·
2544 933 2596 956 1⁷01.
2611 934 2647 963 36.

2522 1089 2727 1139 hcwwlum
2730 1106 2739 1116 ,

2522 1148 2604 1192 ss..
2619 1133 2635 1144 ''
2657 1116 2738 1199 ‘³03³

2522 1195 2581 1225 26⁸).
2729 1186 2737 1192 ⁹

2522 1276 2532 1286 ·
2541 1275 2614 1298 Num.
2623 1282 2658 1304 ιι,
2669 1282 2739 1299 ινιιι.

2522 1321 2532 1330 ·
2546 1320 2599 1342 Fon.
2609 1325 2658 1350 ¹29,
2670 1327 2721 1350 ¹3⁰·

2522 1365 2533 1375 ·
2546 1363 2580 1387 Ca
2597 1381 2604 1387 .
2620 1370 2666 1388 xm
2684 1371 2723 1388 xv.

2521 1392 2543 1402 ··
2562 1370 2635 1414 rssn.
2657 1380 2690 1414 th
2712 1392 2738 1414 ιἰι

2611 1435 2618 1441 .
2638 1417 2676 1441 et.
2695 1418 2739 1441 XI}

2522 1444 2595 1467 Mora
2605 1461 2622 1473 .,
2634 1451 2683 1468 xxi.

2522 1473 2540 1504 ζ
2547 1471 2606 1500 Cap.
2617 1477 2642 1499 x,
2651 1478 2674 1500 7.

2523 1590 2678 1619 ‘camna-

2523 1677 2533 1687 '
2547 1675 2618 1700 Nun.
2634 1682 2677 1704 ιιι,
2689 1682 2738 1699 xix.

2521 2162 2617 2213 Lug).
2626 2169 2682 2187 xm.

2521 2216 2591 2267 Ἢ
2601 2196 2702 2246 ‘’⁴33''
2725 2197 2741 2220 ³

2521 2249 2638 2320 aaz.

2756 4023 2758 4027 ’
2760 3905 2768 4001 .·—.—-..
2764 3847 2768 3869 .-
2766 3819 2768 3823 r
