2768 4134
49 896 57 905 ·
72 895 129 922 Cap.
140 900 192 917 xm.

63 3303 71 3312 ”
85 3301 141 3329 Cap.
153 3307 217 3323 xvtu.

295 258 344 294 68
883 251 1070 288 SUMMA
1101 249 1323 287 CONTRA
1353 248 1630 296 GENTILES,
1662 249 1773 286 CAP.
1796 249 1910 286 XXII.

651 407 1137 464 CAPITULUM
1173 405 1640 462 VIGESIMUM
1678 406 2129 463 SECUNDUM

531 538 735 591 QUOD
782 536 854 578 IN
903 536 1051 577 DEo
1102 535 1287 576 IDEM
1334 533 1469 575 EST
1519 532 1700 574 ESSE
1749 534 1840 575 ET
1889 534 2260 576 ESSENT1A

426 716 431 725 ,
476 691 523 716 x
551 678 610 716 his
639 686 771 715 autem
799 689 900 726 quae
930 688 1047 725 supra
1075 683 1230 713 ostensa
1262 682 1362 720 sunt,
1421 673 1552 711 Omne
1580 680 1713 710 autem
1741 672 1851 722 quod
1876 673 2060 711 convenit
2078 672 2192 711 alicui
2211 673 2321 723 quod
2340 685 2422 711 non
2441 680 2497 710 est

360 770 382 775 ,,
443 731 485 783 ἠ’
513 731 673 770 ulterius
701 730 858 781 probari
897 737 1023 779 potest
1060 729 1168 781 quod
1204 728 1244 765 in
1277 728 1362 764 Deo
1419 727 1468 764 de
1488 726 1653 763 essentia
1672 725 1768 772 eius,
1784 726 1969 763 convenit
1987 726 2022 763 ei
2040 739 2112 776 per
2130 726 2303 776 aliquam
2317 738 2494 764 causam:

311 802 331 834 ⁴,
361 829 369 836 .
404 791 446 837 ’ξ’
463 788 484 832 ²}
513 798 594 823 non
631 793 688 822 est
722 783 826 822 aliud
864 782 1028 820 essentia
1065 783 1127 819 vel
1169 781 1364 831 quidditas
1419 792 1465 818 ea
1493 780 1597 817 enirn
1628 791 1729 830 quae
1758 791 1830 829 per
1856 791 1897 816 se
1926 791 2008 816 non
2041 787 2131 817 sunt
2164 793 2305 827 unum,
2334 779 2366 817 si
2402 792 2493 818 con-

322 838 328 852 ¹
417 840 426 846 ’“
450 840 483 858 ”
513 851 633 889 quam
662 850 780 876 suum
809 849 903 874 esse.
1419 833 1638 882 iungantur,
1656 840 1808 883 oportet
1821 844 1892 883 per
1906 831 2078 882 aliquam
2091 844 2251 871 causam
2266 833 2379 871 uniri.
2400 834 2495 871 Esse

343 894 556 931 Ostensum
584 900 640 929 est
668 891 774 929 enim
802 902 920 940 supra
938 889 958 911 ’¹‘
986 888 1132 938 aliquid
1151 900 1235 925 esse
1255 887 1363 937 quod
1386 899 1395 919 ⁵
1418 886 1532 936 igitur
1550 886 1733 924 convenit
1752 886 1804 924 illi
1823 885 2026 936 quidditati
2044 898 2115 935 per
2132 886 2304 936 aliquam
2323 899 2494 925 causam.

288 959 359 997 per
377 959 417 984 se
437 958 594 984 necesse
614 953 670 982 est
689 957 784 991 esse,
800 944 907 993 quod
929 943 1036 980 Deus
1055 949 1122 979 est.
1143 942 1232 979 Hoc
1250 940 1364 990 igitur
1419 943 1497 978 Aut
1524 940 1639 989 igitur
1665 952 1736 989 per
1762 939 1910 990 aliquid
1937 939 2047 989 quod
2071 947 2127 976 est
2145 939 2195 977 de
2214 940 2379 978 essentia
2397 939 2497 978 illius

289 1012 372 1038 esse
391 1000 499 1049 quod
519 1011 676 1036 necesse
696 1006 762 1045 est,
784 997 814 1034 si
834 1004 890 1034 est
909 995 1023 1033 alicui
1042 994 1246 1045 quidditati
1261 1006 1363 1044 quae
1419 993 1485 1040 rei,
1515 994 1596 1031 sive
1625 1006 1696 1043 per
1723 993 1930 1031 essentiam
1958 993 2103 1043 ipsam:
2142 1000 2210 1030 aut
2242 1005 2315 1043 per
2350 992 2496 1043 aliquid

288 1066 369 1091 non
398 1061 454 1090 est
486 1053 593 1102 quod
628 1051 755 1101 ipsum
786 1058 854 1098 est,
888 1057 954 1087 aut
987 1056 1042 1086 est
1074 1048 1279 1086 dissonum
1311 1047 1363 1085 illi
1418 1047 1534 1084 aliud.
1570 1047 1611 1085 Si
1639 1046 1768 1097 primo
1801 1046 1941 1093 modo;
1977 1045 2142 1084 essentia
2176 1053 2309 1084 autem
2346 1053 2403 1083 est
2439 1058 2496 1084 se-

288 1106 491 1156 quidditati
523 1118 593 1143 seu
626 1116 858 1154 repugnans,
891 1102 989 1140 sicut
1021 1113 1092 1152 per
1124 1114 1164 1139 se
1202 1100 1370 1138 existere*
1418 1100 1596 1138 cundum
1616 1099 1711 1138 illud
1731 1112 1831 1138 esse:
1862 1099 2038 1150 sequitur
2056 1099 2166 1149 quod
2185 1098 2331 1150 aliquid
2351 1098 2399 1136 sit
2424 1098 2498 1137 sibi

288 1159 490 1210 quidditati
518 1158 720 1196 albedinis:
746 1165 812 1194 aut
835 1156 870 1194 ei
890 1168 1111 1194 consonum
1131 1154 1212 1192 sive
1232 1154 1360 1202 affine,
1378 1168 1404 1184 ¹⁰
1418 1153 1491 1204 ipsi
1518 1166 1636 1192 causa
1664 1153 1829 1191 essendi.
1865 1154 1954 1191 Hoc
1981 1161 2114 1191 autem
2147 1161 2204 1190 est
2241 1151 2495 1203 impossibile:

288 1213 385 1251 sicut
412 1212 579 1250 albedini
609 1224 690 1248 esse
719 1211 759 1248 in
787 1210 874 1248 alio.
912 1209 953 1248 Si
988 1209 1117 1259 primo
1146 1208 1281 1254 modo,
1310 1207 1362 1245 illi
1418 1207 1511 1257 quia
1529 1207 1637 1257 prius
1655 1207 1876 1245 secundum
1904 1206 2138 1244 intellectum
2159 1213 2217 1244 est
2234 1218 2395 1244 causam
2413 1218 2497 1243 esse

287 1265 489 1316 quidditati
527 1277 608 1303 non
645 1263 852 1302 conveniet
889 1275 972 1300 esse
1001 1262 1109 1312 quod
1139 1270 1195 1299 est
1222 1273 1293 1311 per
1321 1273 1361 1298 se
1418 1273 1539 1310 quam
1575 1261 1775 1306 effectum;
1815 1260 1846 1297 si
1883 1271 1975 1309 ergo
2013 1259 2158 1310 aliquid
2192 1259 2264 1297 sibi
2298 1259 2371 1310 ipsi
2399 1266 2499 1297 esset

287 1331 463 1357 necesse:
503 1318 600 1356 sicut
634 1330 707 1355 nec
744 1316 912 1355 albedini
940 1329 1011 1367 per
1045 1328 1085 1353 se
1114 1315 1285 1353 existere.
1322 1314 1362 1353 Si
1417 1326 1535 1352 causa
1563 1313 1727 1361 essendi,
1758 1312 2030 1363 intelligeretur
2066 1325 2150 1351 esse
2185 1320 2397 1363 antequam
2429 1313 2497 1350 ha-

287 1381 419 1410 autem
456 1372 630 1410 secundo
667 1371 808 1419 modo,
848 1378 1000 1421 oportet
1036 1369 1144 1420 quod
1181 1369 1244 1406 vel
1279 1380 1361 1405 esse
1418 1367 1525 1405 beret
1544 1380 1640 1415 esse,
1655 1367 1765 1418 quod
1785 1374 1841 1405 est
1860 1366 2119 1418 impossibile:
2135 1366 2250 1405 -nisi
2269 1365 2499 1415 intelligatur

288 1425 515 1464 huiusmodi
543 1425 761 1476 dependeat
779 1425 828 1462 ab
848 1424 1032 1470 essentia;
1061 1424 1124 1460 vel
1150 1430 1362 1471 utrumque
1379 1437 1401 1456 ¹⁵
1418 1421 1527 1471 quod
1560 1421 1707 1471 aliquid
1739 1420 1786 1459 sit
1823 1420 1895 1458 sibi
1932 1433 2051 1458 causa
2087 1419 2241 1458 essendi
2277 1419 2499 1458 secundum

288 1480 336 1517 ab
365 1480 439 1517 alia
465 1492 601 1526 causa;
630 1481 692 1516 vel
720 1478 884 1516 essentia
911 1478 960 1516 ab
989 1489 1084 1515 esse.
1123 1475 1253 1514 Prima
1280 1477 1362 1514 duo
1418 1487 1502 1512 esse
1530 1474 1778 1520 accidentale,
1806 1474 1916 1524 quod
1944 1486 2029 1512 esse
2057 1482 2115 1511 est
2142 1473 2363 1511 secundum
2388 1472 2496 1523 quid.

287 1541 377 1571 sunt
405 1540 539 1570 contra
566 1532 757 1570 rationem
785 1532 868 1572 eius
896 1531 1005 1582 quod
1034 1538 1090 1568 est
1116 1542 1187 1580 per
1219 1541 1259 1566 se
1297 1542 1363 1567 ne·
1418 1529 1506 1566 Hoc
1534 1528 1640 1565 enim
1673 1540 1754 1566 non
1782 1536 1839 1565 est
1871 1527 2125 1578 impossibile:
2160 1526 2358 1565 invenitur
2392 1525 2499 1564 enim

287 1599 393 1624 cesse
422 1599 524 1624 esse:
555 1585 658 1636 quia,
688 1586 719 1623 si
747 1585 796 1623 ab
830 1585 904 1623 alio
933 1584 1140 1635 dependet,
1170 1583 1248 1621 iam
1282 1595 1363 1621 non
1419 1581 1579 1632 aliquod
1615 1593 1684 1619 ens
1717 1581 1951 1619 accidentale
1984 1588 2189 1619 causatum
2221 1592 2269 1618 ex
2300 1579 2498 1630 principiis

288 1649 344 1678 est
372 1652 528 1677 necesse
558 1653 652 1677 esse.
692 1641 750 1677 Ex
778 1639 889 1676 tertio
918 1651 1012 1676 vero
1051 1636 1227 1688 sequitur
1254 1637 1363 1687 quod
1419 1635 1480 1673 sui
1508 1635 1681 1682 subiecti,
1702 1643 1790 1673 ante
1809 1635 1918 1685 quod
1947 1646 2030 1672 esse
2059 1633 2280 1683 intelligitur
2297 1645 2381 1672 esse
2407 1633 2498 1671 sub-

288 1694 350 1732 illa
369 1693 564 1743 quidditas
583 1692 866 1731 accidentaliter
884 1691 1065 1730 adveniat
1083 1691 1133 1728 ad
1153 1703 1236 1728 rem
1261 1703 1363 1741 quae
1379 1712 1406 1727 20
1419 1688 1592 1727 stantiale
1620 1688 1794 1727 subiecti.
1823 1689 1943 1727 Nunc
1970 1695 2103 1726 autem
2128 1699 2211 1726 non
2229 1687 2431 1738 loquimur
2448 1686 2498 1724 de

287 1758 358 1797 per
386 1760 426 1784 se
455 1759 612 1784 necesse
647 1755 703 1784 est
740 1759 843 1784 esse:
883 1745 975 1795 quia
1011 1757 1131 1783 omne
1169 1745 1279 1794 quod
1307 1757 1363 1782 se·
1420 1755 1503 1781 esse
1531 1741 1767 1790 accidentali,
1788 1742 1856 1780 sed
1885 1742 1934 1780 de
1961 1740 2212 1780 substantiali.
2241 1763 2268 1768 —
2296 1740 2338 1779 Si
2365 1747 2499 1778 autem

288 1801 421 1850 quitur
448 1801 498 1838 ad
526 1813 609 1838 esse
634 1800 700 1846 rei,
721 1808 777 1837 est
805 1799 840 1837 ei
869 1799 1114 1837 accidentale.
1137 1799 1186 1835 Et
1205 1798 1258 1836 sic
1282 1810 1363 1835 non
1420 1796 1471 1834 illi
1499 1795 1707 1834 conveniat
1733 1807 1805 1846 per
1831 1795 2003 1846 aliquam
2027 1794 2143 1832 aliam
2171 1806 2349 1841 causam3
2378 1805 2498 1831 omne

289 1854 358 1891 erit
386 1854 468 1892 eius
497 1853 702 1904 quidditas.
732 1855 840 1891 Deus
865 1852 977 1902 igitur
1000 1864 1082 1890 non
1101 1852 1218 1889 habet
1237 1863 1364 1889 essen·
1421 1857 1553 1888 autem
1572 1849 1682 1899 quod
1701 1848 1863 1899 acquirit
1882 1860 1966 1886 esse
1995 1848 2044 1886 ab
2069 1847 2142 1886 alia
2170 1859 2299 1895 causa,
2329 1854 2385 1884 est
2408 1855 2499 1885 cau-

289 1907 382 1945 tiam
410 1920 511 1957 quae
541 1920 622 1945 non
651 1907 697 1944 sit
724 1919 843 1944 suurn
872 1918 966 1943 esse.
1421 1911 1561 1949 satum,
1582 1910 1619 1940 et
1637 1915 1719 1940 non
1743 1910 1799 1940 est
1826 1913 1944 1940 causa
1972 1900 2118 1952 prima;
2148 1901 2256 1939 Deus
2284 1908 2418 1938 autem
2443 1907 2500 1938 est

344 1961 421 1998 Sed
442 1969 576 1998 contra
595 1961 671 1998 hoc
691 1968 816 2010 potest
835 1959 910 1997 dici
930 1959 1039 2009 quod
1058 1958 1153 1996 illud
1173 1970 1256 1995 esse
1283 1970 1364 1996 non
1379 1979 1403 1994 κ
1420 1957 1547 2007 prima
1565 1968 1684 1994 eausa
1712 1967 1794 1993 non
1821 1955 1971 1993 habens
1999 1966 2172 2002 causam,
2191 1962 2235 1992 ut
2253 1966 2373 2005 supra
2385 1953 2406 1976 *
2433 1953 2500 1992 de·
2527 1956 2537 1966 '

288 2014 462 2052 absolute
483 2014 677 2064 dependet
695 2014 744 2051 ab
764 2013 929 2051 essentia
948 2013 1020 2060 illa,
1037 2020 1079 2049 ut
1098 2011 1263 2049 omnino
1283 2023 1365 2049 non
1420 2017 1679 2048 monstratum
1696 2017 1767 2047 est:
1789 2008 1904 2058 igitur
1917 2008 1987 2046 ista
2006 2007 2202 2058 quidditas
2219 2020 2322 2058 quae
2337 2006 2501 2058 acquirit

289 2067 335 2105 sit
354 2067 426 2104 nisi
445 2067 507 2104 illa
527 2075 640 2105 esset:
671 2068 739 2105 sed
767 2066 960 2117 dependet
984 2073 1176 2116 quantum
1197 2065 1246 2102 ad
1273 2077 1365 2102 con·
1421 2076 1505 2102 esse
1533 2062 1702 2109 aliunde,
1732 2074 1814 2100 non
1837 2069 1895 2100 est
1921 2061 2117 2112 quidditas
2140 2060 2225 2099 Dei.
2254 2061 2426 2100 Necesse
2444 2068 2501 2099 est

289 2121 528 2158 iunctionem
558 2133 637 2171 qua
665 2120 700 2159 ei
728 2119 986 2169 coniungitur.
1018 2120 1066 2157 Et
1095 2118 1149 2156 sic
1168 2118 1262 2156 illud
1282 2131 1365 2156 esse
1421 2117 1534 2167 igitur
1561 2116 1671 2167 quod
1699 2116 1772 2154 Dei
1801 2128 1884 2154 esse
1913 2115 2108 2166 quidditas
2135 2127 2207 2153 sua
2235 2114 2292 2153 sit.

289 2187 359 2224 per
387 2187 426 2212 se
456 2187 612 2212 necesse
641 2182 708 2222 est,
738 2174 806 2212 sed
835 2173 965 2224 ipsum
993 2172 1177 2221 coniungi
1197 2184 1278 2209 non
1297 2184 1367 2223 per
1475 2170 1668 2220 Amplius.
1698 2171 1789 2208 Esse
1816 2177 1948 2208 actum
1967 2169 2169 2219 quendam
2193 2167 2389 2206 nominat:
2418 2179 2501 2206 non

290 2241 330 2265 se
360 2240 516 2266 necesse
546 2235 612 2265 est.
1383 2237 1408 2254 ³⁰
1422 2224 1529 2262 enim
1557 2223 1697 2261 dicitur
1724 2235 1807 2261 esse
1835 2222 1982 2273 aliquid
2001 2235 2049 2260 ex
2068 2223 2145 2260 hoc
2163 2222 2273 2272 quod
2292 2229 2349 2260 est
2366 2221 2408 2260 in
2430 2233 2501 2272 po-

344 2282 452 2319 Haec
466 2289 599 2319 autem
618 2280 820 2331 responsio
840 2279 1035 2330 praedicta
1055 2278 1367 2317 inconvenientia
1421 2277 1550 2324 tentia,
1571 2278 1640 2315 sed
1668 2289 1716 2315 ex
1745 2289 1793 2315 eo
1822 2277 1932 2327 quod
1951 2284 2008 2314 est
2026 2276 2067 2314 in
2085 2283 2186 2314 actu.
2217 2275 2349 2314 Omne
2367 2283 2501 2314 autem

291 2347 373 2372 non
401 2335 540 2373 evadit.
571 2334 675 2383 Quia
694 2334 725 2372 si
745 2334 839 2372 illud
859 2346 942 2371 esse
962 2341 1087 2384 potest
1107 2332 1259 2381 intelligi
1284 2333 1367 2370 sine
1423 2331 1486 2370 cui
1514 2330 1698 2369 convenit
1725 2338 1834 2368 actus
1869 2329 2008 2380 aliquis
2039 2329 2240 2368 diversum
2269 2329 2318 2366 ab
2347 2340 2395 2367 eo
2424 2327 2502 2366 exi-

291 2389 353 2427 illa
381 2389 556 2437 essentia,
576 2396 760 2438 sequetur
788 2388 896 2438 quod
916 2387 979 2425 illa
999 2386 1163 2424 essentia
1191 2385 1366 2424 acciden-
1423 2393 1537 2432 stens,
1567 2397 1608 2422 se
1637 2384 1754 2422 habet
1781 2384 1831 2422 ad
1860 2383 1991 2434 ipsum
2019 2391 2062 2421 ut
2088 2382 2261 2434 potentia
2280 2382 2329 2420 ad
2352 2389 2500 2420 actum:

291 2442 414 2480 taliter
432 2455 472 2480 se
493 2442 609 2480 habet
628 2442 676 2480 ad
697 2442 791 2480 illud
812 2454 906 2479 esse.
938 2440 1015 2479 Sed
1036 2441 1074 2478 id
1095 2440 1204 2490 quod
1224 2448 1280 2478 est
1298 2452 1368 2490 per
1423 2447 1530 2477 actus
1558 2437 1663 2476 enim
1694 2446 1730 2475 et
1757 2437 1930 2488 potentia
1958 2437 2007 2475 ad
2035 2449 2076 2474 se
2110 2435 2279 2474 invicem
2307 2435 2500 2474 dicuntur.

292 2509 333 2534 se
361 2509 518 2534 necesse
546 2509 629 2534 esse
658 2504 714 2533 est
742 2495 836 2533 illud
865 2507 960 2532 esse.
991 2495 1094 2542 Ergo
1123 2493 1185 2531 illa
1204 2493 1368 2531 essentia
1384 2506 1406 2526 π
1424 2492 1465 2531 Si
1485 2504 1576 2541 ergo
1591 2491 1723 2530 divina
1741 2491 1906 2529 essentia
1925 2499 1982 2529 est
2000 2490 2106 2528 aliud
2125 2502 2247 2540 quam
2267 2501 2386 2528 suum
2404 2501 2501 2537 esse,

293 2563 333 2587 se
362 2550 478 2587 habet
505 2548 787 2588 accidentaliter
814 2549 863 2587 ad
891 2548 932 2586 id
951 2548 1059 2598 quod
1079 2555 1135 2585 est
1154 2559 1225 2597 per
1243 2559 1284 2585 se
1303 2559 1367 2585 ne·
1423 2545 1599 2596 sequitur
1613 2545 1723 2595 quod
1737 2545 1902 2583 essentia
1920 2552 1958 2582 et
1976 2556 2060 2582 esse
2080 2556 2121 2582 se
2135 2543 2306 2581 habeant
2320 2542 2418 2581 sicut
2431 2555 2502 2593 po-

292 2615 397 2640 cesse
435 2615 529 2641 esse.
569 2604 663 2641 Non
701 2614 791 2651 ergo
827 2610 883 2640 est
917 2601 1111 2652 quidditas
1149 2600 1244 2638 eius.
1282 2601 1368 2638 Hoc
1422 2599 1540 2637 tentia
1559 2607 1596 2637 et
1615 2606 1734 2637 actus.
1765 2599 1979 2637 Ostensum
1999 2606 2056 2635 est
2075 2594 2207 2635 autem
2231 2596 2272 2634 in
2296 2597 2382 2634 Deo
2406 2595 2503 2634 nihil

293 2665 423 2694 autem
452 2656 561 2706 quod
590 2664 645 2694 est
672 2668 743 2706 per
771 2668 811 2693 se
846 2667 1002 2693 necesse
1037 2667 1132 2703 esse,
1163 2662 1219 2692 est
1247 2655 1366 2692 Deus.
1423 2665 1506 2691 esse
1526 2653 1575 2691 de
1594 2652 1778 2703 potentia,
1798 2652 1866 2690 sed
1886 2651 2015 2702 ipsum
2046 2663 2129 2689 esse
2157 2662 2302 2701 purum
2323 2657 2454 2688 actum
2468 2649 2500 2687 ¹¹.

293 2711 386 2748 Non
407 2709 520 2759 igitur
538 2709 599 2747 illa
619 2717 675 2747 est
693 2709 856 2747 essentia
872 2709 956 2755 Dei,
973 2708 1041 2746 sed
1061 2708 1190 2758 aliqua
1205 2707 1368 2746 essentia
1423 2708 1518 2744 Non
1537 2706 1650 2755 igitur
1663 2705 1737 2743 Dei
1752 2705 1916 2743 essentia
1931 2713 1987 2743 est
2006 2704 2111 2743 aliud
2130 2716 2252 2755 quam
2271 2715 2390 2742 suurn
2405 2715 2500 2741 esse.

293 2764 378 2802 Deo
394 2763 593 2814 posterior.
610 2786 635 2790 -
652 2762 693 2801 Si
712 2771 844 2801 autem
865 2775 946 2800 non
961 2769 1085 2812 potest
1100 2761 1254 2810 intelligi
1275 2761 1368 2799 illud
1383 2778 1411 2798 ιο
1478 2761 1584 2798 Item.
1616 2760 1748 2798 Omne
1776 2758 1870 2797 illud
1899 2758 2007 2809 quod
2036 2770 2119 2796 non
2150 2765 2276 2808 potest
2309 2769 2392 2795 esse
2429 2755 2502 2794 nisi

294 2830 376 2855 esse
410 2817 492 2854 sine
521 2816 582 2854 illa
617 2816 793 2861 essentia,
827 2824 920 2853 tunc
948 2815 1042 2853 illud
1077 2827 1159 2852 esse
1194 2815 1368 2853 absolute
1424 2813 1745 2852 concurrentibus
1781 2812 1978 2863 pluribus,
2016 2820 2072 2850 est
2106 2810 2384 2861 compositum.
2423 2810 2502 2848 Sed

294 2871 487 2920 dependet
515 2870 564 2908 ab
593 2882 641 2907 eo
669 2882 692 2907 a
721 2882 801 2919 quo
830 2869 1024 2920 dependet
1052 2868 1274 2906 coniunctio
1299 2880 1370 2906 sua
1425 2869 1530 2905 nulla
1559 2879 1619 2904 res
1647 2866 1687 2904 in
1716 2879 1795 2916 qua
1823 2874 1879 2904 est
1907 2865 2013 2903 aliud
2041 2864 2206 2903 essentia
2225 2871 2263 2902 et
2280 2863 2386 2902 aliud
2405 2875 2501 2911 esse,

294 2925 344 2962 ad
364 2923 570 2961 essentiam
585 2923 701 2961 illam.
732 2924 780 2960 Et
807 2922 860 2960 sic
880 2922 977 2960 redit
996 2922 1100 2960 idern
1121 2922 1229 2972 quod
1248 2921 1367 2972 prius.
1424 2928 1550 2972 potest
1578 2932 1662 2958 esse
1690 2919 1763 2957 nisi
1791 2918 2113 2958 concurrentibus
2141 2917 2330 2969 pluribus,
2361 2915 2503 2955 scilicet

348 2979 454 3015 Item.
485 2977 809 3026 Unumquodque
830 2984 886 3013 est
904 2988 975 3026 per
994 2987 1108 3013 suum
1131 2987 1225 3012 esse.
1249 2975 1368 3023 Quod
1425 2974 1590 3012 essentia
1618 2982 1655 3011 et
1683 2986 1778 3012 esse.
1809 2973 1912 3022 Ergo
1937 2971 2066 3011 omnis
2085 2984 2146 3010 res
2164 2971 2205 3010 in
2224 2983 2303 3021 qua
2322 2978 2379 3008 est
2397 2969 2503 3009 aliud

296 3030 408 3080 igitur
436 3043 517 3068 non
546 3038 601 3068 est
630 3042 747 3068 suurn
768 3042 862 3076 esse,
884 3041 965 3067 non
985 3037 1041 3066 est
1059 3041 1130 3079 per
1148 3041 1189 3066 se
1213 3041 1369 3066 necesse
1384 3043 1408 3064 ις
1426 3027 1590 3066 essentia
1609 3035 1646 3065 et
1664 3026 1769 3065 aliud
1788 3039 1884 3074 esse,
1905 3034 1962 3064 est
1980 3024 2209 3075 composita.
2239 3024 2348 3063 Deus
2370 3031 2502 3062 autem

296 3097 390 3122 esse.
420 3084 527 3121 Deus
555 3091 687 3121 autem
716 3091 771 3120 est
799 3095 869 3133 per
897 3095 936 3120 se
966 3094 1122 3119 necesse
1143 3094 1236 3119 esse.
1267 3083 1369 3131 Ergo
1426 3094 1507 3119 non
1542 3089 1598 3118 est
1633 3079 1886 3130 compositus,
1916 3088 1959 3117 ut
1993 3087 2195 3117 ostensum
2227 3085 2283 3115 est
2300 3077 2332 3115 ¹¹.
2368 3078 2501 3127 Ipsum

296 3139 404 3175 Deus
433 3146 488 3174 est
517 3149 634 3174 suum
663 3149 758 3174 esse.
1427 3134 1540 3184 igitur
1568 3146 1651 3172 esse
1680 3133 1753 3171 Dei
1782 3141 1838 3171 est
1866 3146 1937 3171 sua
1965 3132 2140 3171 essentia.

351 3190 540 3241 Amplius.
563 3190 603 3228 Si
623 3203 706 3228 esse
727 3189 798 3227 Dei
819 3201 900 3227 non
925 3197 980 3226 est
1000 3201 1070 3226 sua
1089 3189 1268 3232 essentia;
1290 3201 1370 3226 non
1482 3187 1672 3238 Amplius.
1704 3186 1845 3226 Omnis
1874 3199 1934 3224 res
1962 3194 2019 3224 est
2045 3198 2117 3236 per
2144 3186 2221 3223 hoc
2248 3183 2356 3234 quod
2386 3183 2502 3221 habet

298 3252 428 3281 autem
457 3256 546 3294 pars
574 3243 657 3281 eius
686 3256 768 3281 esse
789 3251 924 3292 potest,
945 3255 1038 3280 cum
1057 3242 1220 3280 essentia
1239 3242 1371 3280 divina
1428 3254 1522 3279 esse.
1552 3242 1671 3279 Nulla
1690 3240 1803 3290 igitur
1822 3252 1882 3278 res
1901 3239 2012 3278 cuius
2031 3238 2195 3277 essentia
2208 3249 2289 3275 non
2308 3244 2364 3274 est
2383 3248 2501 3274 suum

299 3297 344 3334 sit
368 3297 541 3347 simplex,
567 3306 608 3335 ut
636 3305 837 3335 ostensum
857 3304 913 3333 est
932 3296 971 3333 *z
1002 3303 1153 3345 oportet
1173 3296 1279 3345 quod
1300 3296 1371 3333 hu—
1388 3314 1413 3334 xo
1429 3307 1523 3341 esse,
1553 3303 1609 3332 est
1636 3306 1707 3344 per
1734 3293 1941 3332 essentiam
1969 3305 2094 3339 suam,
2115 3291 2183 3329 sed
2211 3289 2502 3340 participatione

300 3350 469 3388 iusmodi
498 3363 580 3388 esse
610 3350 655 3387 sit
683 3350 828 3400 aliquid
864 3357 1014 3399 praeter
1042 3348 1247 3386 essentiam
1276 3348 1369 3386 eius.
1428 3348 1600 3395 alicuius,
1631 3347 1771 3385 scilicet
1798 3347 1919 3398 ipsius
1941 3358 2037 3384 esse.
2067 3344 2188 3392 Quod
2207 3351 2339 3382 autem
2358 3350 2414 3380 est
2432 3355 2503 3393 per

355 3471 367 3488 2
389 3464 497 3489 ulterius
521 3472 563 3489 om
590 3465 702 3495 GNWZ,
726 3472 809 3497 supra
833 3471 887 3489 ras.
914 3464 942 3488 Ε.
1053 3472 1068 3497 7
1089 3464 1138 3497 est]
1164 3464 1232 3488 inest
1256 3464 1283 3488 Z.
1393 3464 1466 3489 alicui
1487 3462 1630 3497 quidditati]
1655 3462 1763 3488 alicuius
1787 3460 1938 3495 quidditatis
1962 3459 1986 3491 b,
2010 3459 2084 3484 alicui
2108 3458 2244 3492 quidditati
2267 3458 2434 3483 coniunctum
2460 3457 2502 3483 Pe.

301 3507 316 3532 9
337 3499 454 3533 existere]
475 3500 586 3524 existens
607 3500 698 3532 BZpN,
718 3500 840 3525 existeret
859 3499 926 3530 CsN,
947 3499 1055 3524 existent
1075 3499 1104 3524 F.
1197 3506 1229 3524 io
1249 3498 1333 3533 affine]
1358 3507 1371 3523 a
1392 3499 1442 3524 fine
1462 3498 1609 3524 aZstcd.
1714 3504 1746 3523 ιι
1766 3495 1911 3530 conveniet]
1933 3494 2055 3521 convenit
2073 3493 2226 3519 EGWYZb.
2331 3492 2363 3518 ¹3
2384 3492 2500 3527 necesse]

301 3542 361 3559 esse
379 3535 484 3560 addunt
504 3535 595 3561 NZPd.
706 3535 761 3569 per]
782 3536 853 3568 quod
872 3543 918 3568 per
938 3542 979 3560 ac.
1073 3533 1105 3559 16
1125 3534 1181 3568 alia]
1203 3542 1231 3560 ea
1252 3543 1277 3559 α.
1389 3534 1418 3559 35
1440 3543 1500 3560 esse
1519 3534 1568 3567 est}
1588 3539 1630 3559 est
1648 3541 1708 3559 esse
1727 3533 1754 3564 d,
1773 3537 1814 3558 est
1833 3532 1862 3557 Ρ.

357 3569 370 3594 3
391 3570 586 3604 coniungantur}
608 3571 800 3604 coniunguntur
820 3571 885 3597 El'c.
992 3570 1022 3595 13
1044 3578 1102 3596 esse
1121 3578 1164 3595 om
1185 3578 1210 3595 α.
1316 3578 1347 3595 22
1368 3570 1512 3604 conveniat]
1534 3578 1593 3596 esse
1613 3568 1750 3595 conveniat
1768 3567 1859 3593 NYPc.
1954 3566 1982 3592 31
2006 3573 2037 3591 ex
2056 3564 2097 3599 eol
2117 3572 2148 3590 ex
2162 3565 2212 3590 hoc
2227 3565 2290 3590 αΡσ.
2389 3563 2420 3589 32
2441 3571 2502 3589 con-

302 3605 463 3665 venihagtus
489 3606 580 3665 agquis
601 3606 742 3639 diversum]
772 3605 878 3640 (aliquis
905 3606 959 3640 Pd)
987 3606 1107 3631 convenit
1138 3612 1211 3631 actus
1236 3606 1333 3639 aliquid
1359 3606 1490 3631 diversum
1517 3607 1585 3636 ΗΡε,
1605 3605 1726 3630 convenit
1745 3603 1838 3636 aliquis
1867 3607 1940 3627 nctus
1961 3602 2080 3627 diversus
2099 3601 2151 3626 ΝΖ.
2263 3598 2296 3625 36
2316 3598 2354 3633 se}
2375 3606 2435 3625 sese
2455 3599 2502 3625 Pd.

302 3648 337 3671 40
357 3648 363 3664 ι
385 3648 401 3664 u
438 3648 479 3664 om
532 3643 564 3666 'c.

2529 2650 2539 2661 ·
2553 2649 2613 2678 Cup.
2621 2655 2669 2673 xvi.

2529 3077 2539 3087 ·
2554 3075 2612 3104 Cap.
2623 3081 2688 3098 xvin.
