2768 4134
15 1324 27 1336 ·
40 1323 100 1352 Cap.
109 1328 150 1345 ιι.

839 278 1027 315 SUMMA
1057 279 1278 318 CONTRA
1307 281 1581 330 GENTILES,
1613 283 1724 320 CAP.
1746 284 1874 320 XLIII.

258 358 450 411 maiorem
478 357 693 406 excogitare
721 363 857 406 potest.
888 358 1044 395 Frustra
1072 366 1203 396 autem
1236 367 1334 396 esset

258 413 356 450 haec
385 411 576 449 ordinatio
606 407 819 448 intellectus
843 410 892 446 ad
920 410 1115 448 infinitum
1143 412 1215 450 nisi
1235 420 1333 450 esset

259 466 388 516 aliqua
430 477 490 502 res
532 462 774 513 intelligibilis
815 462 976 500 infinita.
1021 465 1185 514 Oportet
1221 466 1334 514 igitur

259 532 342 558 esse
371 518 543 569 aliquam
572 530 656 558 rem
683 515 955 564 intelligibilem
986 517 1187 565 infinitam,
1212 532 1334 568 quam

260 580 414 624 oportet
441 584 525 610 esse
554 570 768 622 maximam
797 581 940 607 rerum.
971 571 1019 608 Et
1048 572 1148 609 hanc
1168 572 1333 610 dicimus

259 627 402 664 Deum.
432 627 541 663 Deus
570 624 683 674 igitur
711 631 767 661 est
794 622 980 660 infinitus.
1187 639 1189 641 >

313 681 420 717 Item.
451 678 624 716 Effectus
651 689 733 714 non
761 684 888 727 potest
912 678 1065 714 extendi
1093 679 1191 715 ultra
1219 692 1331 716 suam

259 745 430 771 causam.
460 733 677 770 Intellectus
697 738 829 769 autem
848 738 980 780 noster
998 743 1079 768 non
1106 740 1231 781 potest
1250 745 1332 770 esse

259 786 332 824 nisi
347 799 370 824 a
383 787 483 832 Deo,
495 785 563 835 qui
578 793 634 823 est
643 784 770 834 prima
780 783 963 822 omnium
973 796 1100 821 causa.
1113 786 1206 822 Non
1221 786 1334 834 igitur

258 847 386 891 potest
421 838 568 900 aliquid
605 838 772 888 cogitare
805 838 1017 875 intellectus
1050 846 1180 875 noster
1207 839 1333 877 maius
1349 856 1374 870 ιο

258 895 358 932 Deo.
376 893 431 931 Si
459 893 573 942 igitur
601 892 711 930 omni
739 891 851 929 finito
879 898 1006 942 potest
1034 891 1178 941 aliquid
1207 893 1333 930 maius

259 947 438 998 cogitare,
467 944 699 997 relinquitur
725 946 859 983 Deum
885 944 1041 982 finitum
1070 957 1152 982 non
1180 958 1274 983 esse.

313 1001 504 1052 Amplius.
525 998 656 1038 Virtus
675 998 825 1038 infinita
846 996 934 1036 'non
954 1006 1080 1049 potest
1107 1011 1190 1036 esse
1219 999 1257 1036 in
1278 1012 1334 1037 es-

259 1055 381 1093 sentia
408 1054 536 1092 finita:
565 1054 658 1104 quia
686 1053 1003 1102 unumquodque
1031 1052 1106 1101 agit
1134 1065 1204 1102 per
1222 1066 1335 1091 suam

258 1110 440 1155 formam,
455 1120 557 1159 quae
575 1109 639 1145 vel
658 1115 713 1145 est
733 1106 899 1144 essentia
917 1107 1000 1143 eius
1018 1108 1082 1144 vel
1100 1118 1189 1156 pars
1208 1119 1335 1144 essen-
1351 1126 1359 1139 ι

259 1163 350 1210 tiae3
380 1162 501 1200 virtus
529 1169 663 1200 autem
690 1160 928 1211 principium
957 1159 1117 1198 actionis
1145 1161 1333 1198 nominat.

260 1215 344 1256 Sed
365 1217 475 1254 Deus
503 1227 585 1253 non
613 1215 730 1252 habet
757 1214 941 1252 virtutem
970 1213 1136 1252 activam
1163 1213 1332 1252 finitam:

258 1277 393 1309 movet
407 1269 515 1308 enim
534 1268 770 1319 intempore
794 1267 960 1313 infinito,
981 1269 1089 1318 quod
1109 1280 1190 1305 non
1210 1276 1335 1318 potest

256 1336 345 1363 esse
355 1323 469 1362 nisia
487 1318 628 1360 virtute
647 1321 810 1367 infinita,
825 1329 868 1359 ut
883 1333 1001 1371 supra
1015 1321 1035 1344 ’¹‘
1050 1330 1250 1359 ostensum
1266 1330 1332 1360 est.

257 1377 506 1428 Relinquitur
533 1376 648 1426 igitur
674 1376 748 1414 Dei
781 1374 989 1413 essentiam
1017 1388 1100 1415 esse
1129 1374 1332 1413 infinitam.
1348 1394 1360 1408 2

314 1432 424 1470 Haec
451 1438 581 1478 autem
603 1429 700 1468 ratio
720 1438 777 1467 est
805 1430 1025 1467 secundum
1053 1437 1243 1479 ponentes
1271 1442 1333 1467 ae-

258 1485 477 1534 ternitatem
495 1483 648 1522 mundi.
674 1484 766 1531 Qua
794 1495 876 1520 non
895 1483 1033 1534 posita,
1063 1483 1192 1520 adhuc
1212 1483 1334 1532 magis

229 1556 231 1559 ¹
258 1538 515 1579 confirmatur
542 1537 676 1588 opinio
705 1538 755 1575 de
783 1534 970 1585 infinitate
998 1536 1152 1578 divinae
1172 1536 1333 1575 virtutis.

19 2405 30 2415 ·
52 2403 90 2426 et.
111 2399 183 2452 Αἴξ..
207 2402 237 2424 de

21 2430 128 2458 cemoet,
157 2436 236 2458 ,ηιμ

24 3329 40 3339 ⁴
53 3327 91 3350 Cf.
109 3327 244 3359 Comment.

23 3360 51 3377 c.
61 3360 150 3381 xxxvii,
165 3358 217 3376 unt.

25 3417 40 3427 ⁴
55 3416 93 3439 Cf.
110 3422 175 3439 num.
191 3422 218 3438 n.

257 1593 366 1642 Nam
393 1592 712 1642 unumquodque
740 1603 858 1640 agens
893 1599 999 1629 tanto
1035 1599 1091 1628 est
1125 1589 1336 1628 virtuosius

258 1646 300 1687 in
327 1647 479 1697 agendo
508 1654 657 1696 quanto
685 1645 900 1696 potentiam
924 1644 1046 1694 magis
1075 1652 1267 1682 remotam
1286 1644 1336 1682 ab
1351 1662 1362 1675 2

258 1708 349 1740 actu
377 1699 418 1738 in
439 1708 570 1739 actum
585 1699 755 1738 reducit:
786 1699 884 1738 sicut
907 1698 1047 1736 maiori
1074 1698 1215 1736 virtute
1235 1711 1337 1748 opus

259 1759 316 1793 eSt
343 1751 729 1793 ad‘calesaeie'ndum
758 1754 904 1805 aquam
933 1764 1054 1803 quam
1083 1764 1227 1791 aerem.
1258 1752 1337 1790 Sed

259 1808 300 1859 id
327 1809 437 1859 quod
465 1808 631 1846 omnino
650 1819 732 1845 non
752 1815 819 1855 est,
839 1806 988 1844 infinite
1017 1805 1131 1856 distat
1158 1806 1207 1843 ab
1236 1813 1335 1853 actu,

259 1874 333 1901 nec
360 1870 418 1901 est
445 1862 577 1912 aliquo
597 1861 719 1899 modo
743 1860 783 1901 in
802 1860 985 1911 potentia.
1015 1859 1141 1908 Igitur,
1171 1859 1204 1897 si
1222 1871 1337 1897 mun-

260 1916 334 1957 dus
361 1916 484 1955 factus
503 1924 560 1954 est
587 1923 798 1966 postquam
825 1915 989 1952 omnino
1009 1913 1116 1963 prius
1144 1926 1225 1951 non
1245 1921 1335 1957 erat,

261 1977 414 2021 oportet
441 1969 594 2008 factoris
621 1969 806 2006 virtutem
835 1980 918 2006 esse
948 1966 1151 2005 infinitam.

314 2024 423 2061 Haec
460 2031 593 2061 autem
631 2023 728 2061 ratio
765 2021 882 2059 etiam
919 2021 1139 2058 secundum
1173 2025 1240 2057 eos
1269 2019 1337 2069 qui

260 2084 415 2139 ponunt
434 2073 698 2117 aeternitatem
718 2075 868 2119 mundi,
889 2076 990 2112 valet
1009 2072 1059 2116 ad
1087 2073 1338 2124 probandum

261 2130 494 2170 infinitatem
536 2130 691 2169 divinae
733 2129 894 2166 virtutis.
944 2127 1192 2166 Confitentur
1232 2126 1337 2164 enim

2384 284 2452 320 125

1389 360 1484 397 nihil
1503 372 1586 397 esse
1609 368 1735 409 potest
1754 360 1793 397 in
1818 373 1858 398 re
1878 362 1985 410 quod
2009 361 2090 411 ipse
2111 360 2193 399 non
2214 362 2454 411 produxerit:

1388 425 1481 450 cum
1518 413 1565 450 sit
1602 413 1818 450 universale
1851 414 2002 452 essendi
2034 414 2279 465 principium.
2310 416 2358 453 Et
2389 415 2454 463 sic,

1388 468 1494 504 nulla
1507 466 1802 516 praesupposita
1815 468 1974 504 materia
1988 470 2050 505 vel
2064 468 2245 517 potentia,
2261 468 2454 518 produxit.

1390 520 1554 569 Oportet
1572 527 1704 556 autem
1723 520 2017 568 proportionem
2032 521 2180 559 virtutis
2199 523 2343 559 activae
2358 522 2455 559 acci-

1387 585 1480 623 pere
1500 573 1719 610 secundum
1742 573 2034 622 proportionem
2056 575 2247 624 potentiae
2261 575 2452 624 passivae:

1388 638 1492 673 nam,
1529 634 1676 676 quanto
1694 626 1874 676 potentia
1901 627 2054 676 passiva
2088 628 2213 665 maior
2240 628 2455 678 praeexistit

1387 681 1450 717 vel
1471 679 1794 729 praeintelligitur,
1819 687 1925 717 tanto
1950 680 2087 717 maiori
2110 681 2249 718 virtute
2273 682 2396 719 activa
2414 681 2454 718 in

1388 741 1519 771 actum
1540 735 1769 783 completur.
1795 733 2040 783 Relinquitur
2062 733 2185 782 igitur,
2215 747 2307 772 cum
2334 734 2460 773 virtus:

1387 786 1496 824 finita
1523 787 1714 836 producat
1747 786 1919 836 aliquem
1954 787 2135 824 effectum
2163 787 2455 837 praesupposita

1387 841 1558 890 potentia
1585 840 1779 887 materiae,
1809 840 1918 889 quod
1936 839 2008 877 Dei
2036 840 2168 887 virtus,
2189 853 2290 890 quae
2309 842 2456 878 nullam

1389 894 1601 943 potentiam
1626 893 1917 944 praesupponit,
1943 905 2023 931 non
2052 894 2098 930 sit
2125 893 2245 939 finita,
2275 895 2342 931 sed
2370 893 2455 931 infi-

1389 947 1486 985 nita:
1517 956 1553 985 et
1580 947 1631 985 ita
1659 947 1823 985 essentia
1851 946 2012 984 infinita.
2128 948 2130 950 ’

1443 1001 1633 1050 Amplius.
1654 1002 1922 1050 Unaquaeque
1943 1013 2003 1038 res
2022 1008 2127 1037 tanto
2156 1008 2212 1038 est
2240 1000 2457 1038 diuturnior

1391 1063 1536 1104 quanto
1566 1054 1649 1092 eius
1677 1067 1759 1092 esse
1778 1067 1895 1092 causa
1914 1063 1969 1091 est
1997 1053 2200 1091 efficacior.
2230 1055 2326 1091 Illud
2345 1053 2457 1102 igitur

1391 1108 1501 1145 cuius
1520 1108 1747 1146 diuturnitas
1767 1116 1823 1145 est
1842 1108 2003 1155 infinita,
2019 1115 2171 1157 oportet
2190 1109 2299 1157 quod
2317 1108 2457 1145 habeat

1391 1174 1473 1198 esse
1502 1174 1581 1212 per·
1599 1174 1758 1199 causam
1777 1161 1971 1199 efficaciae
1999 1161 2182 1198 infinitae.
2214 1162 2291 1199 Sed
2310 1161 2456 1199 diutur-

1390 1215 1487 1252 nitas
1515 1215 1588 1253 Dei
1608 1224 1664 1253 est
1682 1215 1844 1252 infinita:
1870 1223 2071 1252 ostensum
2097 1223 2153 1252 est
2181 1215 2286 1252 enim
2306 1215 2456 1264 supra*

1389 1269 1519 1318 ipsum
1548 1281 1631 1306 esse
1659 1276 1872 1306 aeternum.
1910 1269 2013 1306 Cum
2050 1268 2163 1317 igitur
2199 1281 2280 1306 non
2317 1268 2456 1313 habeat

1389 1323 1503 1360 aliam
1532 1335 1691 1360 causam
1720 1322 1779 1359 sui
1806 1334 1888 1359 esse
1917 1330 2067 1372 praeter
2091 1321 2275 1371 seipsum,
2305 1330 2456 1372 oportet

1389 1376 1519 1427 ipsum
1547 1388 1630 1413 esse
1658 1375 1866 1412 infinitum.
2428 1393 2430 1396 ·

1442 1429 1545 1467 Huic
1561 1437 1692 1467 autem
1706 1428 1854 1466 veritati
1869 1429 2008 1466 Sacrae
2019 1428 2237 1478 Scripturae
2252 1428 2455 1466 auctoritas

1389 1483 1653 1524 testimonium
1687 1482 1875 1532 perhibet.
1905 1482 1967 1519 Ait
1999 1482 2170 1531 namque
2204 1482 2452 1525 psalmista&

1390 1540 1562 1587 Magnus
1590 1538 1774 1574 Dominus
1793 1542 1826 1572 et
1845 1536 2040 1573 laudabilis
2069 1537 2189 1581 nimis,
2214 1542 2247 1572 et
2270 1538 2456 1586 magnitu-

1391 1591 1486 1628 dinis
1514 1592 1591 1627 eius
1620 1603 1694 1627 non
1725 1596 1775 1626 est
1792 1591 1898 1637 finis.

1444 1643 1547 1680 Huic
1562 1643 1678 1680 etiam
1697 1642 1845 1680 veritati
1865 1649 2088 1679 attestantur
2102 1641 2459 1691 antiquissimorum

1391 1697 1721 1748 philosophorum
1757 1696 1870 1744 dicta,
1899 1695 1967 1745 qui
2002 1707 2140 1732 omnes
2168 1694 2362 1732 infinitum
2390 1707 2459 1744 po-

1392 1758 1553 1789 suerunt
1571 1750 1746 1801 primurn
1765 1745 1896 1787 rerum
1915 1748 2163 1798 principium,
2180 1749 2297 1799 quasi
2309 1748 2357 1790 ab
2378 1748 2460 1798 ips'a

1392 1804 1551 1842 veritate
1580 1803 1702 1842 coacti
1716 1803 1747 1840 ²¹⁸.
1777 1801 1980 1852 Propriam
2009 1802 2114 1840 enim
2142 1814 2282 1840 vocem
2311 1799 2460 1850 ignora-

1392 1859 1497 1904 bant,
1527 1857 1773 1895 aestimantes
1801 1855 2031 1894 infinitatem
2063 1855 2179 1906 primi
2207 1855 2383 1906 principii
2411 1856 2460 1893 ad

1365 1933 1378 1947 ο
1393 1913 1561 1954 modurn
1589 1910 1810 1960 quantitatis
1842 1910 2038 1953 discretae,
2069 1910 2287 1947 secundum
2315 1910 2460 1947 Demo-

1393 1965 1544 2011 critum,
1573 1964 1641 2014 qui
1669 1963 1799 2014 posuit
1819 1971 1972 2000 atomos
2000 1962 2170 2000 infinitos
2198 1975 2329 2000 rerum
2357 1963 2459 2012 prin-

1393 2018 1504 2069 cipia,
1525 2026 1561 2055 et
1581 2018 1798 2055 secundum
1819 2018 2100 2065 Anaxagoram,
2131 2016 2198 2066 qui
2226 2016 2356 2066 posuit
2375 2016 2459 2053 infi-

1393 2072 1491 2110 nitas
1519 2079 1646 2121 partes
1674 2070 1894 2108 consimiles
1922 2069 2111 2119 principia
2144 2082 2291 2114 rerum;
2320 2071 2381 2107 vel
2411 2070 2459 2112 ad

1394 2125 1561 2169 modum
1581 2123 1798 2174 quantitatis
1818 2123 2036 2170 continuae,
2053 2123 2271 2160 secundum
2290 2122 2373 2160 illos
2393 2122 2460 2172 qui

261 2185 395 2223 Deum
414 2196 498 2223 esse
518 2196 677 2222 causam
694 2183 918 2220 mundanae
938 2181 1185 2225 substantiae,
1201 2192 1339 2230 quam·
1355 2199 1377 2220 ις
1394 2186 1611 2230 posuerunt
1630 2177 1789 2227 aliquod
1808 2178 2058 2223 elementum,
2078 2178 2141 2213 vel
2169 2177 2376 2215 confusum
2395 2176 2460 2214 ali-

261 2238 322 2276 vis
349 2250 438 2276 eam
473 2237 751 2287 sempiternam
786 2235 1028 2281 arbitrentur,
1065 2235 1236 2272 dicentes
1265 2234 1341 2271 hoc
1395 2233 1503 2283 quod
1533 2231 1728 2269 infinitum
1757 2243 1912 2280 corpuS,
1952 2242 2035 2266 esse
2071 2229 2244 2279 primum
2282 2229 2461 2267 omnium

262 2292 386 2330 modo
406 2292 537 2329 Deum
557 2299 759 2329 aeternum
779 2288 1003 2340 sempiterni
1023 2287 1161 2331 mundi
1180 2299 1341 2325 causam
1396 2285 1643 2336 principium.
1674 2285 1751 2335 Sed
1780 2296 1870 2321 cum
1901 2291 2100 2334 ostensum
2129 2282 2175 2320 sit
2202 2295 2272 2332 per
2299 2285 2462 2332 sequen-

263 2345 424 2384 existere
445 2344 543 2383 sic'ut
561 2357 631 2395 pes
659 2345 708 2382 ab
728 2341 886 2381 aeterno
906 2342 1036 2380 fuisset
1059 2354 1176 2379 causa
1195 2339 1341 2390 vestigii
1397 2340 1495 2377 tium
1524 2338 1850 2389 philosophorum
1871 2336 2044 2374 studium
2069 2337 2177 2386 quod
2206 2349 2286 2374 non
2315 2344 2371 2373 est
2399 2335 2462 2373 ali-

263 2399 296 2438 si
321 2399 371 2438 ab
391 2406 549 2443 aeterno
568 2398 701 2436 fuisset
725 2397 937 2448 impressus
961 2396 1001 2434 in
1020 2397 1180 2446 pulvere
1195 2394 1227 2432 ²¹².
1258 2395 1342 2431 Hac
1397 2393 1506 2443 quod
1525 2405 1668 2442 corpus
1687 2390 1900 2438 infinitum;
1921 2398 1958 2428 et
1976 2389 2068 2428 huic
2086 2388 2343 2438 coniungatur
2357 2389 2464 2439 quod

264 2461 397 2492 autem
415 2451 608 2503 positione
635 2452 744 2498 facta,
769 2451 988 2490 secundum
1017 2449 1206 2487 rationem
1233 2460 1343 2498 prae·
1357 2464 1384 2484 4⁰
1398 2454 1550 2497 oportet
1586 2458 1669 2487 esse
1706 2445 1879 2495 primum
1911 2443 2147 2494 principium
2179 2443 2310 2493 aliquo
2343 2443 2464 2480 modo

265 2506 409 2545 dictam
443 2505 700 2544 nihilominus
737 2505 912 2555 sequitur
939 2503 1014 2541 Dei
1040 2503 1225 2540 virtutem
1260 2514 1345 2539 esse
1399 2500 1611 2538 infinitum:
1646 2498 1890 2541 concluditur
1926 2498 2033 2547 quod
2076 2509 2204 2549 neque
2237 2505 2292 2534 est
2323 2509 2466 2546 corpus

265 2559 472 2598 infinitam.
492 2561 599 2597 Nam
622 2559 704 2597 sive
729 2572 776 2597 ex
800 2567 990 2608 tempore,
1015 2556 1235 2594 secundum
1257 2567 1342 2601 nOS,
1399 2563 1529 2603 neque·
1557 2552 1677 2590 virtus
1706 2553 1745 2589 in
1773 2563 1937 2600 corpore
1957 2550 2152 2588 infinitum
2172 2551 2279 2600 quod
2309 2558 2364 2587 est
2391 2549 2465 2599 p'ri-

266 2613 348 2651 sive
377 2614 426 2651 ab
455 2611 626 2659 aeterno,
658 2613 875 2664 secundum
907 2623 985 2658 eos,
1012 2623 1076 2662 res
1104 2608 1341 2660 produxerit,
1400 2619 1513 2661 mum
1542 2605 1778 2656 principium
1791 2604 1822 2642 ³¹⁶.

972 2743 974 2746 .
1006 2731 1024 2756 4
1043 2731 1102 2749 esse
1121 2730 1164 2749 om
1184 2722 1211 2753 d,
1226 2725 1290 2755 post
1308 2720 1436 2746 infinitum
1456 2720 1486 2745 P.
2086 2723 2118 2749 17
2138 2725 2190 2741 non
2213 2716 2333 2742 habet...
2357 2715 2464 2750 finitam]

996 2758 1094 2784 infinita
1113 2759 1174 2784 hom
1193 2766 1236 2783 om
1256 2766 1281 2783 α.
1369 2763 1402 2790 ¹9
1421 2764 1436 2780 a
1453 2756 1548 2780 virtute
1567 2755 1624 2786 DP:
1643 2755 1737 2779 virtute
1755 2753 1939 2783 EGNWXYZ,
1951 2753 1977 2777 in
1990 2753 2083 2778 virtute
2101 2753 2144 2777 cd.
2229 2759 2262 2783 24
2281 2757 2321 2776 est
2335 2754 2398 2783 post
2415 2751 2466 2776 vir-

266 2800 370 2826 tuosius
389 2799 453 2824 aPc.
544 2805 577 2830 27
598 2795 809 2829 calefaciendum}
829 2795 1024 2821 caleficiendum
1043 2801 1108 2821 casu
1128 2795 1160 2820 A.
1252 2793 1285 2818 28
1304 2800 1358 2817 non
1377 2797 1426 2822 est,
1444 2789 1543 2816 infinite
1562 2790 1639 2815 distat
1656 2790 1689 2820 B:
1710 2797 1762 2814 non
1781 2794 1822 2814 est
1840 2787 1938 2814 infinite
1962 2789 2058 2813 distans
2078 2788 2154 2818 aGY,
2176 2795 2229 2812 non
2252 2792 2292 2812 est
2308 2786 2405 2812 infinite
2429 2787 2466 2812 di-

266 2841 340 2861 stans
359 2834 523 2864 ENWZch‚
542 2841 595 2858 non
614 2827 655 2858 est
671 2831 771 2857 infinite
789 2832 888 2857 distans
902 2836 942 2856 est
954 2831 1026 2856 sGY.
1119 2830 1152 2854 30
1171 2828 1253 2862 prius]
1273 2828 1356 2853 factus
1370 2827 1428 2857 GY,
1441 2827 1512 2859 prius
1526 2826 1610 2851 factus
1624 2826 1667 2851 Pe.
1761 2824 1792 2850 33
1811 2825 1880 2850 valet
1893 2823 1931 2854 (in
1947 2825 1969 2849 A
1983 2831 2066 2856 Supra
2081 2824 2230 2856 marginem
2236 2831 2245 2852 ‚·
2258 2823 2388 2851 delentur,
2404 2826 2467 2847 ante

267 2871 414 2901 secundum
433 2878 488 2901 eos,
503 2870 590 2903 prius.
602 2873 673 2894 tenet
691 2868 753 2893 dein
772 2868 866 2900 valet);
884 2875 928 2892 om
947 2867 976 2891 Z.
1039 2878 1042 2879 ν
1066 2873 1098 2897 4¹
1120 2873 1180 2890 esse
1198 2865 1326 2890 addimus
1342 2871 1403 2889 cum
1423 2863 1516 2893 NYZb,
1533 2865 1596 2894 post
1614 2860 1738 2886 infinitam
1757 2861 1835 2893 ponit
1860 2860 1879 2885 P
1885 2868 1893 2891 ;
1916 2861 1942 2885 in
1963 2861 1986 2885 A
2004 2867 2078 2885 mero
2095 2866 2159 2884 casu
2178 2859 2302 2884 omissum
2322 2861 2362 2883 est
2378 2858 2469 2883 scribi·

323 2915 337 2932 2
358 2906 404 2940 sic]
425 2906 448 2931 si
464 2914 493 2931 α.
586 2904 599 2930 3
621 2904 741 2938 produxit
759 2911 802 2928 om
822 2903 871 2934 ῦὸ,
882 2907 1013 2936 operatur
1030 2901 1063 2931 Y,
1081 2904 1152 2933 spat.
1170 2901 1213 2925 W.
1276 2921 1278 2923 .
1301 2907 1322 2931 4
1341 2900 1454 2932 Oportet
1470 2903 1558 2924 autem
1576 2896 1790 2931 1.›x·01;⁵‹.›rtionem]v
1802 2896 1919 2930 Oportet*
1932 2901 2025 2921 autem.
2037 2895 2182 2929 secundum
2201 2894 2396 2928 proportionem
2414 2894 2467 2926 ΝΖ,

267 2946 372 2977 oportet
383 2943 417 2968 ad
431 2942 627 2976 proportionem
648 2940 676 2971 b:
695 2947 767 2966 mox,
782 2939 927 2969 secundum
942 2946 985 2963 om
1001 2936 1155 2962 GNWYzb.
1241 2935 1352 2971 virtutis]
1372 2934 1503 2968 potentiae
1516 2934 1558 2959 vel
1571 2933 1673 2960 virtutis
1690 2933 1732 2959 Ρε.
1819 2931 1832 2957 5
1853 2931 1991 2966 potentiae]
2010 2931 2111 2958 virtutis
2124 2930 2222 2962 DGYb,
2237 2938 2279 2955 om
2294 2930 2323 2961 Z,
2338 2929 2467 2963 potentiae

267 2979 310 3004 vel
324 2979 431 3004 virtutis
450 2978 493 3003 Pe.
584 2984 600 3009 7
620 2974 842 3009 praeintelligitur]
862 2970 1014 3006 intelligitur
1032 2981 1058 2997 α.
1149 2970 1249 3004 maiori]
1269 2979 1284 2996 a
1297 2971 1388 2996 maiori
1400 2970 1449 2996 Pa.
1542 2976 1575 3001 1⁷4
1594 2969 1650 2994 eius
1663 2976 1722 2994 esse
1735 2975 1814 2993 causa
1832 2967 1884 3002 (sui
1897 2975 1957 2993 esse
1970 2975 2047 2992 causa
2059 2966 2111 3001 pA)
2125 2965 2296 2995 GNWYst:
2311 2966 2366 2990 eius
2380 2970 2468 2990 causa.

270 3014 303 3040 15
323 3013 402 3039 cuius*
415 3021 460 3039 om
473 3021 499 3038 ει.
584 3020 613 3037 21
636 3013 729 3037 Sacrae
742 3011 890 3043 Scripturae
903 3008 1042 3034 auctoritas
1052 3009 1075 3032 A
1087 3008 1174 3037 solu53
1187 3007 1266 3032 Sacra
1279 3006 1419 3039 Scriptura.
1504 3013 1545 3030 υ»
1556 3004 1697 3031 Psalmista
1708 3006 1730 3029 A
1743 3005 1837 3035 solutu·
1847 3005 1879 3037 ἴε
1899 3003 2049 3037 (psalmus).
2130 3000 2168 3036 '29
2189 3002 2264 3036 primi
2276 3002 2299 3026 A
2313 3001 2396 3032 solu-53
2415 3001 2467 3025 o'm.

271 3050 304 3076 33
323 3049 447 3083 principia
465 3049 508 3075 hic
524 3049 546 3074 A
566 3049 650 3078 solun
667 3050 732 3079 post
748 3054 847 3072 rerum.
1227 3053 1235 3056 ··
1474 3051 1476 3053 ’
1846 3040 1850 3045 ”

322 2718 344 2754 ι’
356 2732 443 2762 potest
462 2727 506 2752 ΝΖ
524 2729 551 2751 et
570 2726 592 2751 Η
614 2725 640 2750 in
660 2725 805 2759 suppleri55
823 2725 916 2758 possit.
1578 2718 1610 2744 16
1629 2717 1746 2751 actionis]
1765 2717 1922 2751 operationis
1942 2717 1995 2742 NZ.

265 2757 390 2789 habet...
409 2760 533 2788 infinitam
553 2762 572 2786 Z
591 2769 651 2787 cum
671 2762 722 2794 pA.
808 2759 841 2785 18
861 2760 977 2794 quod...

983 3191 989 3200 Α,
1028 3158 1372 3201 Commentario·
1401 3151 1713 3193 Fen-'ariensis

275 3287 383 3352 Cim
406 3281 574 3307 ostensum
597 3275 638 3305 sit
661 3274 769 3304 Deum
793 3282 861 3303 esse
885 3280 1000 3306 unum,
1021 3269 1177 3300 ostendit*
1195 3268 1348 3308 deinceps
1402 3273 1562 3308 quantum
1583 3266 1808 3301 advirtutem,
1834 3270 1865 3295 et
1888 3269 2046 3304 quantum
2069 3261 2116 3292 ad'
2131 3267 2263 3292 naturae
2292 3260 2470 3290 bonitatem

340 3321 484 3353 Sanctus<
500 3317 758 3351 Thomas-hunc
782 3326 887 3347 unum
910 3316 1018 3346 Deum
1049 3323 1118 3345 esse
1143 3313 1310 3344 infinitum
1320 3314 1347 3342 ’ἦ

273 3366 371 3398 Circa·
380 3367 451 3397 'hoc
460 3371 572 3396 autem
587 3364 655 3395 duo
671 3363 761 3394 facit-2
778 3361 896 3403 primo,
910 3360 1048 3391 declarat
1064 3358 1160 3399 quale
1171 3358 1347 3394 infinitum-5

274 3417 306 3443 et
328 3410 501 3452 quomodo
525 3409 698 3441 conveniat
721 3408 808 3443 Deo:
825 3405 980 3442 secundo,
1004 3403 1120 3445 probat
1141 3404 1304 3433 intentum
1319 3403 1347 3433 ἦ

328 3456 352 3487 1.
377 3456 547 3495 Quantum
571 3454 611 3485 ad
633 3453 787 3494 primum,
804 3451 969 3492 duplicem
989 3449 1228 3480 distinctionem
1243 3447 1347 3487 ponit.

272 3501 380 3532 Prima
396 3506 454 3532 est.
471 3499 559 3531 Cum
572 3498 740 3541 infinitum
755 3497 967 3538 quantitatem
980 3498 1212 3533 consequatur:
1229 3491 1348 3532 duplex

268 3551 384 3577 -autem
402 3546 442 3576 sit
458 3543 630 3586 quantitas,
646 3543 770 3574 scilicet
788 3540 964 3582 corporalis
980 3537 1211 3579 et-spiritualis:
1229 3535 1348 3582 duplex

273 3596 322 3621 eet
335 3590 512 3627 infinitum,
526 3588 693 3630 quoddam
710 3586 890 3618 secundum
907 3584 1118 3626 quantitatem
1135 3581 1348 3622 corporalem,

275 3635 441 3675 quoddam
457 3634 639 3665 secundum
656 3633 869 3674 quantitatem
884 3628 1101 3671 spiritualem.
1126 3627 1217 3657 Licet
1240 3625 1348 3656 autem

275 3679 467 3720 magnitudo
491 3678 663 3719 spiritualis
687 3682 847 3718 quantum
869 3675 910 3706 ad
933 3674 999 3705 duo
1023 3671 1212 3707 attendatur,
1229 3670 1350 3701 scilicet

1402 3318 1434 3343 et
1457 3311 1725 3352 completionem:
1742 3328 1764 3332 —
1782 3309 1898 3340 dicitur
1914 3309 2000 3339 enim
2017 3306 2138 3347 aliquid
2146 3306 2261 3346 *magis
2285 3310 2340 3335 aut
2361 3305 2470 3335 minus

1402 3357 1511 3387 album
1528 3355 1709 3387 secundum
1724 3353 1861 3385 modum
1877 3360 1943 3394 quo
1960 3353 1994 3382 in
2010 3357 2050 3382 eo
2071 3361 2129 3382 sua
2140 3349 2254 3380 albedo
2271 3349 2469 3389 completur;

1402 3407 1434 3432 et
1449 3411 1488 3432 ex
1503 3399 1725 3441 magnitudine
1749 3399 1887 3430 actionis
1907 3403 1939 3428 et
1961 3396 2120 3427 factorum
2142 3393 2331 3435 magnitudo
2347 3393 2470 3424 virtutis

1402 3445 1632 3480 consideratur,
1651 3463 1674 3467 -
1696 3445 1772 3484 quia
1802 3449 1910 3473 tamen
1940 3440 2129 3481 magnitudo
2159 3439 2283 3470 virtutis
2311 3439 2471 3478 magnitu-

1401 3490 1511 3522 dinem
1534 3489 1667 3520 naturae
1697 3494 1742 3519 etv
1758 3487 1967 3528 perfectionis·
1994 3485 2213 3525 consequitur,
2237 3487 2313 3514 cum
2337 3492 2376 3513 ex
2395 3484 2472 3514 'hoc

1402 3535 1493 3575 quod
1515 3533 1640 3574 aliquid
1661 3539 1708 3564 est
1730 3533 1763 3563 in
1787 3537 1860 3562 actu
1884 3532 1924 3561 sit
1939 3530 2139 3565 activumset
2153 3528 2275 3559 idcirco
2291 3527 2472 3559 secundum

1402 3579 1548 3611 modum>
1563 3588 1642 3619 quor
1655 3577 1777 3617 aliquid
1791 3577 1824 3607 in
1840 3585 1900 3606 suo
1917 3580 1990 3605 actu
2007 3574 2190 3614 completur
2204 3573 2244 3603 sit
2258 3572 2377 3604 modus
2395 3579 2472 3603 suae

1401 3623 1631 3665 magnitudinis
1646 3622 1780 3657 virtutis,
1796 3620 1870 3651 ideo
1894 3628 1943 3650 res
1957 3618 2144 3659 *spirituales
2156 3617 2314 3648 ‘absolute
2336 3622 2472 3658 ma'gnae

1403 3669 1554 3700 dicuntur
1576 3666 1757 3699 secundum
1779 3664 1916 3696 modum
1946 3673 2022 3694 suae
2045 3662 2268 3704 perfectionis:
2293 3661 2473 3693 secundum

2483 1216 2492 1225 ·
2508 1215 2565 1242 Cap.
2577 1221 2614 1236 xv.

2483 1480 2491 1489 ·
2508 1479 2544 1501 Ps.
2555 1485 2630 1506 ext-tv,
2641 1486 2660 1508 3.

2488 1804 2500 1850 ἑ
2512 1802 2548 1850 ῗῑ·
2566 1802 2637 1850 {ni-15³
2637 1802 2668 1850 ’Ψ
2669 1809 2697 1850 ⁹6¹

2494 2603 2502 2612 ·
2518 2602 2554 2623 Cf.
2565 2607 2642 2629 supra,
2653 2607 2703 2628 cap.

2493 2635 2530 2651 xx.
