2768 4134
48 1395 57 1405 ·
69 1395 105 1418 ef.
116 1402 138 1417 n.
148 1402 179 1423 ιι,
189 1398 210 1416 et
221 1402 256 1417 xv.

45 1973 55 1983 '¹
69 1973 139 1995 Num.
155 1979 185 1994 vr.

296 296 370 333 318

293 373 423 413 quando
454 373 525 412 ipso
556 369 687 410 aliquod
717 378 814 408 agens
844 368 943 399 utitur
974 367 1013 397 ad
1043 366 1163 406 aliquid
1187 366 1269 396 ultra
1292 366 1361 396 eius

293 417 442 447 effectum
458 415 627 455 proprium
642 412 881 444 inducendum:
899 413 981 443 sicut
997 420 1073 442 cum
1089 411 1161 451 quis
1173 411 1273 441 utitur
1287 410 1362 449 igne

292 461 331 491 ad
354 459 552 490 causandum
575 464 743 498 argentum
766 467 823 498 per
846 462 947 487 artem
970 457 1148 486 alchimiae.

346 504 470 534 Dicitur
493 502 637 534 secundo
661 501 762 542 quod,
787 502 813 532 si
836 501 958 541 aliquid
981 506 1130 531 movetur
1160 500 1199 529 ab
1230 499 1294 529 alio
1322 497 1362 528 ad

290 549 454 588 propriam
477 548 641 578 dumtaxat
663 547 836 583 actionem,
852 556 921 577 non
937 551 984 576 est
999 551 1076 576 tunc
1092 544 1222 585 proprie
1245 544 1362 573 instru-

290 599 453 623 mentum:
478 593 540 623 nisi
555 592 689 623 nomine
706 591 911 622 instrumenti
925 590 1140 630 intelligamus
1156 597 1254 619 omne
1271 586 1362 628 quod

290 638 353 677 agit
367 642 495 668 motum
511 637 551 667 ab
567 636 642 673 alio,
659 635 938 677 quemadmodum
955 634 1091 665 dicimus
1107 634 1217 663 omnia
1237 632 1362 672 agentia

290 687 394 712 creata
415 691 483 712 esse
506 682 717 712 instrumenta
733 681 828 721 primi
844 680 976 720 agentis.
1001 678 1063 710 Sed
1079 687 1190 708 verum
1208 682 1256 707 est
1271 676 1362 717 quod

289 727 390 766 magis
413 726 556 757 solemus
579 735 695 757 vocare
717 725 929 756 instrumenta
945 733 982 755 ea
999 732 1082 763 quae
1098 728 1173 752 sunt
1196 722 1292 762 primi
1307 731 1361 762 ge-

289 771 383 807 neris,
399 771 496 802 etiam
512 772 538 801 si
553 770 594 801 ad
609 771 774 811 propriam
789 770 896 800 solum
912 768 1136 809 operationem
1154 771 1360 797 moveantur:

290 815 365 855 quia
388 815 480 846 nullo
510 815 612 846 modo
644 820 780 855 possunt
808 823 900 854 agere
923 813 985 843 nisi
1007 813 1046 842 ab
1070 811 1134 842 alio
1158 817 1361 847 moveantur,

290 866 320 890 et
343 869 401 890 sua
424 861 508 891 actio
533 866 580 890 est
602 860 746 890 instituta
768 858 807 888 ad
830 857 951 898 aliquid
971 856 1065 887 altius
1080 855 1313 892 inducendum,
1331 862 1362 886 et

290 914 347 934 sua
363 905 447 935 actio
463 904 605 945 aliquem
622 904 869 934 determinatum
885 907 1013 932 motum
1029 911 1047 931 a
1063 906 1217 931 movente
1233 901 1360 940 accipit.

290 949 336 979 Ea
352 954 461 979 autem
477 957 560 989 quae
576 958 643 979 non
664 947 809 987 indigent
832 946 977 977 absolute
999 950 1155 976 movente
1178 945 1362 985 particulari

289 993 330 1023 ad
353 994 517 1033 propriam
540 993 702 1023 actionem
726 991 926 1027 eliciendam,
942 999 1010 1021 non
1026 990 1069 1021 ita
1085 990 1229 1021 solemus
1244 999 1361 1020 vocare

288 1039 499 1068 instrumenta
523 1037 600 1068 dum
631 1036 671 1067 ad
703 1037 866 1076 propriam
893 1035 1117 1075 operationem
1140 1034 1359 1075 applicantur:

290 1083 366 1122 quia
381 1082 443 1112 tale
459 1082 623 1122 applicans
638 1081 739 1120 magis
755 1090 789 1111 se
805 1080 901 1110 habet
920 1085 956 1110 ut
978 1088 1150 1110 removens
1173 1079 1359 1120 prohibens,

288 1132 366 1166 puta
390 1127 466 1166 quia
495 1131 641 1156 removet
672 1124 854 1156 distantiam
885 1125 1007 1164 agentis
1030 1134 1048 1154 a
1071 1133 1178 1164 passo,
1202 1133 1302 1164 quam
1326 1130 1361 1154 ut

288 1171 463 1211 principale
484 1179 595 1210 agens;
619 1179 695 1200 cum
718 1169 848 1210 propria
871 1169 988 1199 virtute
1011 1174 1197 1209 operentur,
1214 1174 1245 1199 et
1267 1169 1360 1199 abso-

286 1216 354 1246 lute
370 1215 461 1246 nullo
477 1214 660 1255 particulari
675 1221 828 1245 movente
843 1213 1008 1254 indigeant
1024 1212 1063 1244 ad
1079 1214 1256 1250 actionem
1278 1214 1361 1244 sicut

287 1260 367 1299 lapis
389 1268 457 1290 non
481 1258 602 1299 indiget
625 1258 770 1289 absolute
794 1258 905 1299 aliquo
929 1263 1082 1288 movente
1105 1257 1145 1288 ad
1169 1258 1232 1289 hoc
1252 1263 1289 1288 ut
1305 1257 1359 1289 de—

287 1303 426 1340 scendat,
451 1303 525 1334 licet
548 1303 722 1343 aliquando
747 1308 918 1334 concurrat
940 1302 1075 1343 aliquod
1106 1312 1276 1333 removens
1300 1303 1360 1333 im-

287 1348 520 1389 pedimentum.

340 1393 422 1423 XIII.
440 1392 580 1433 Septimo
593 1393 619 1423 ³⁶.
644 1392 732 1422 Nihil
755 1392 876 1422 habens
899 1401 968 1422 esse
993 1397 1159 1422 causatum
1179 1391 1358 1423 secundum

285 1438 427 1478 aliquam
450 1443 608 1473 naturam,
624 1443 732 1477 potest
747 1446 816 1467 esse
832 1446 927 1467 causa
942 1437 1089 1467 habentis
1103 1436 1191 1467 illam
1213 1442 1360 1468 naturam

285 1491 342 1523 per
365 1482 572 1512 creationem.
603 1481 667 1512 Sed
695 1491 794 1512 omne
825 1491 882 1512 ens
905 1487 1049 1512 creatum
1072 1482 1168 1512 habet
1192 1491 1260 1512 esse
1284 1491 1359 1512 cau-

285 1533 390 1557 satum
413 1527 447 1556 in
469 1527 539 1566 ipsa
561 1532 675 1556 natura
698 1525 834 1556 essendi.
865 1526 951 1566 Ergo
979 1526 1107 1557 nullum
1135 1535 1193 1557 ens
1216 1533 1359 1558 creatum

285 1577 392 1612 potest
415 1580 484 1601 esse
508 1580 604 1602 causa
627 1570 753 1601 essendi
776 1570 905 1601 alterius
928 1571 1010 1601 entis
1033 1580 1091 1611 per
1114 1571 1321 1602 creationem.

340 1615 497 1646 Probatur
521 1616 633 1646 maior.
658 1615 743 1652 Quia
767 1615 894 1646 nullum
914 1616 978 1646 tale
994 1621 1101 1655 potest
1125 1625 1194 1646 esse
1210 1625 1305 1646 causa
1321 1616 1359 1646 il-

285 1661 346 1691 lius
362 1665 494 1691 naturae
506 1660 703 1700 simpliciter,
717 1659 773 1690 sed
788 1665 915 1690 tantum
933 1660 965 1690 in
981 1660 1051 1690 hoc.
1070 1660 1171 1698 Quod
1187 1666 1296 1691 autem
1313 1666 1360 1691 est

286 1714 381 1736 causa
404 1704 539 1735 alicuius
562 1705 595 1735 in
619 1700 693 1740 hoc,
714 1709 768 1734 est·
785 1705 960 1735 attn'buens
983 1710 1131 1735 naturam
1148 1714 1359 1736 communem

285 1749 382 1780 alicui
404 1758 461 1789 per
484 1748 575 1789 quod
598 1748 800 1790 specificatur
824 1749 874 1779 vel
898 1748 1124 1780 individuatur.
1151 1749 1191 1780 Et
1218 1750 1263 1780 sic
1291 1759 1359 1780 non

286 1799 392 1834 potest
416 1803 484 1824 esse
508 1803 604 1824 causa
627 1794 772 1824 habentis
795 1794 893 1824 talem
909 1799 1056 1824 naturam
1072 1803 1129 1834 per
1145 1795 1358 1825 creationem:

286 1847 362 1869 cum
386 1839 505 1869 creatio
528 1838 607 1869 nihil
631 1844 872 1878 praesupponat
895 1839 948 1869 cui
971 1839 1128 1869 tribuatur
1157 1839 1280 1879 aliquid
1303 1849 1360 1880 per

285 1883 458 1914 actionem.
482 1900 503 1904 —
527 1883 684 1913 Probatur
715 1889 928 1923 assumptum.
958 1883 1045 1913 Tum
1077 1884 1237 1924 exemplo.
1271 1884 1359 1915 Tum

286 1928 361 1967 quia
384 1927 472 1958 idem
496 1933 578 1957 esset
601 1936 698 1957 causa
721 1928 770 1957 sui
793 1927 904 1967 ipsius.

340 1970 585 2002 Advertendum
595 1971 685 2011 quod
695 1972 774 2002 haec
786 1972 867 2002 ratio
879 1971 983 2002 differt
997 1971 1172 2002 formaliter
1184 1982 1201 2002 a
1212 1978 1325 2012 quarta
1331 1974 1358 2009 ⁴²,

286 2017 360 2046 licet
376 2016 410 2046 in
426 2021 562 2056 utraque
586 2015 739 2046 inferatur
754 2016 844 2056 quod
860 2015 946 2046 idem
963 2022 1046 2047 esset
1061 2025 1158 2047 causa
1178 2018 1227 2047 sui
1248 2017 1358 2057 ipsius.

286 2061 321 2091 In
345 2060 398 2091 illa
421 2060 509 2090 enim
532 2061 723 2100 arguebatur
746 2069 784 2090 ex
808 2066 920 2090 natura
944 2061 1066 2100 primae
1090 2070 1215 2091 causae.
1241 2061 1275 2092 In
1300 2062 1359 2093 hac

285 2111 395 2136 autem
418 2105 560 2144 arguitur
584 2114 622 2135 ex
646 2105 832 2135 causatione
855 2105 980 2145 passiva
1004 2111 1135 2136 naturae
1159 2107 1292 2146 agentis.

345 2159 373 2180 2.
397 2148 492 2180 Circa
519 2148 607 2180 illam
637 2150 907 2190 propositionem,
931 2149 1066 2181 Habeas
1096 2160 1164 2181 esse
1190 2157 1359 2182 causatum

285 2194 462 2225 secundum
492 2193 635 2235 aliquam
668 2199 820 2225 naturam
853 2204 917 2224 non
944 2200 1053 2235 potest
1081 2204 1150 2225 esse
1171 2196 1361 2236 simpliciter

287 2239 375 2270 illius
399 2243 538 2269 naturae
561 2248 672 2274 causa,
695 2238 752 2269 sed
776 2243 900 2270 tantum
931 2239 964 2269 in
993 2240 1064 2275 hoc,
1089 2240 1360 2271 considerandum

287 2290 334 2314 est
351 2284 467 2324 primo,
485 2282 575 2323 quod
591 2283 761 2323 dupliciter
784 2289 892 2324 potest
907 2283 1041 2324 intelligi
1061 2283 1184 2325 aliquid
1200 2294 1268 2316 esse
1285 2295 1360 2317 cau-

287 2338 355 2359 sam
378 2327 566 2368 simpliciter
588 2328 723 2358 alicuius
746 2334 888 2359 naturae.
913 2328 989 2359 Uno
1013 2328 1126 2365 modo,
1151 2330 1227 2369 quia
1250 2339 1360 2361 causa—

287 2373 358 2403 litas
381 2373 450 2403 eius
473 2371 573 2402 fertur
596 2372 635 2402 ad
658 2373 761 2412 ipsam
784 2378 931 2403 naturam
955 2373 1103 2404 absolute
1126 2379 1159 2404 et
1181 2374 1303 2415 absque
1324 2375 1361 2405 li-

288 2417 456 2448 mitatione
480 2416 724 2453 consideratam,
740 2426 808 2447 non
828 2423 938 2448 autem
961 2417 1191 2449 tantummodo
1207 2425 1243 2449 ut
1259 2426 1305 2450 est
1322 2420 1361 2450 ad

288 2462 351 2493 hoc
367 2467 423 2492 aut
438 2461 519 2492 illud
534 2461 753 2492 determinata.
778 2461 869 2492 Licet
887 2462 975 2493 enim
991 2471 1090 2493 omne
1106 2463 1197 2503 quod
1213 2470 1362 2495 causatur

288 2507 328 2537 sit
351 2506 511 2546 singulare
533 2505 714 2537 secundum
730 2515 798 2537 esse
815 2506 905 2546 quod
921 2507 1018 2538 habet
1041 2513 1127 2538 extra
1150 2508 1360 2546 intellectum,

288 2557 396 2581 tamen
420 2556 527 2591 potest
548 2551 619 2591 ipsa
641 2556 754 2581 natura
778 2549 954 2582 formaliter
977 2551 1113 2583 alicuius
1143 2562 1259 2584 causae
1287 2563 1361 2585 cau-

288 2596 444 2626 salitatem
467 2596 648 2632 terminare,
665 2604 733 2625 non
757 2601 793 2625 ut
817 2601 863 2626 est
887 2596 966 2626 haec
990 2602 1022 2626 et
1045 2597 1223 2637 singularis,
1239 2598 1296 2629 sed
1312 2608 1361 2630 se-

288 2639 433 2671 cundum
458 2639 548 2680 quod
578 2645 626 2670 est
654 2639 724 2670 talis
747 2646 862 2671 natura
889 2641 1037 2671 absolute
1065 2641 1245 2673 secundum
1269 2652 1361 2674 suam

287 2685 446 2715 rationem
470 2690 501 2715 et
524 2684 697 2715 illimitate:
723 2685 805 2715 sicut
820 2685 869 2716 sol
885 2691 932 2716 est
948 2695 1043 2716 causa
1058 2691 1192 2718 naturae
1207 2686 1362 2719 formicae

287 2730 434 2760 absolute
449 2735 481 2760 et
496 2728 676 2760 secundum
700 2738 792 2760 suam
815 2730 974 2761 rationem
998 2730 1190 2762 illimitatam
1214 2733 1362 2764 conside-

287 2780 382 2811 ratae,
407 2775 433 2804 si
457 2773 679 2805 consideretur
701 2773 845 2805 formalis
869 2776 949 2806 ratio
973 2775 1166 2807 causalitatis
1182 2777 1214 2807 in
1230 2777 1284 2808 tali
1305 2787 1361 2809 na—

286 2826 374 2855 tura;
399 2819 474 2850 licet
497 2829 515 2849 a
538 2819 606 2849 sole
630 2828 698 2849 non
730 2819 928 2859 producatur
958 2819 1093 2851 formica
1124 2830 1207 2861 quae
1230 2831 1297 2853 non
1322 2823 1362 2854 sit

286 2864 454 2904 singularis
478 2869 510 2894 et
533 2863 622 2894 haec.
647 2863 706 2894 Per
729 2864 919 2904 oppositum
943 2870 1063 2902 autem,
1088 2866 1166 2897 haec
1194 2867 1361 2907 singularis

286 2908 421 2940 formica
444 2917 512 2938 non
541 2914 588 2938 est
619 2918 714 2939 causa
746 2908 923 2940 formaliter
947 2908 1100 2941 formicae
1124 2911 1280 2948 absolute,
1305 2913 1360 2944 sed

287 2953 441 2984 formicae
464 2953 560 2983 huius
584 2959 639 2983 aut
663 2953 757 2984 illius.
782 2953 936 2985 Similiter
958 2954 1007 2985 sol
1031 2961 1079 2985 est
1102 2964 1195 2986 causa
1212 2957 1361 2988 humani-

286 2999 358 3029 tatis
381 2997 579 3038 simpliciter,
604 2997 780 3029 formaliter
802 2998 982 3039 loquendo,
1007 3000 1083 3040 quia
1107 3006 1154 3031 est
1177 3010 1271 3032 causa
1292 3003 1361 3033 eius

287 3043 433 3073 absolute
456 3048 488 3073 et
511 3042 668 3072 illimitate
691 3048 728 3073 ut
751 3043 935 3074 humanitas
959 3049 1022 3074 est:
1047 3044 1158 3075 Sortes
1181 3052 1289 3077 autem
1314 3053 1361 3078 est

287 3097 392 3124 causa,
408 3096 477 3118 non
498 3087 705 3117 humanitatis
729 3093 765 3118 ut
788 3088 970 3119 humanitas
986 3094 1044 3125 est,
1059 3089 1115 3120 sed
1132 3090 1228 3121 huius
1246 3092 1360 3122 huma-

286 3133 393 3162 nitatis
416 3138 452 3162 ut
477 3137 525 3162 est
549 3131 628 3162 haec
654 3132 845 3169 humanitas,
870 3133 904 3164 in
925 3133 986 3163 hac
1010 3133 1132 3165 scilicet
1155 3137 1287 3166 materia
1312 3146 1360 3167 re-

287 3182 389 3217 cepta.
405 3195 427 3199 -
443 3176 518 3207 Alio
534 3176 647 3213 modo,
664 3177 740 3217 quia
760 3183 807 3207 est
830 3186 927 3208 causa
949 3177 1040 3218 quod
1063 3178 1116 3209 illa
1138 3185 1251 3210 natura
1267 3181 1360 3211 abso-

287 3221 353 3251 lute
377 3221 425 3258 sit,
449 3230 526 3252 cum
556 3222 645 3261 prius
669 3222 805 3252 omnino
829 3230 897 3252 non
929 3227 1027 3254 esset:
1053 3232 1121 3253 non
1152 3229 1260 3255 autem
1284 3235 1360 3257 cum

287 3265 346 3296 alia
370 3265 544 3302 additione,
561 3266 683 3296 scilicet
705 3266 795 3306 quod
820 3267 860 3297 sit
882 3266 953 3297 talis
977 3272 1033 3298 aut
1051 3267 1131 3304 talis,
1148 3269 1197 3299 vel
1215 3269 1305 3310 quod
1321 3271 1361 3301 sit

287 3310 319 3339 in
343 3310 406 3340 hoc
430 3316 485 3340 aut
507 3310 574 3340 illo.
591 3329 613 3332 -
637 3310 785 3351 Utroque
809 3310 910 3342 modo
934 3311 1030 3343 simul
1054 3313 1236 3352 propositio
1252 3313 1360 3345 Sancti

288 3354 435 3384 Thomae
459 3360 506 3385 est
529 3354 745 3395 intelligenda.
770 3355 871 3393 Quod
894 3356 982 3386 enim
997 3356 1093 3387 habet
1109 3365 1177 3388 esse
1194 3364 1359 3390 causatum

287 3398 320 3428 in
337 3398 444 3438 aliqua
462 3405 584 3435 natura,
601 3409 709 3440 neque
729 3400 815 3430 illam
838 3405 986 3431 naturam
1011 3400 1188 3432 formaliter
1210 3397 1361 3442 producit

287 3448 323 3472 ut
346 3443 443 3474 talem
465 3449 613 3474 naturam
632 3444 788 3481 absolute,
806 3445 863 3475 sed
879 3450 914 3475 ut
929 3445 1012 3476 hanc
1037 3446 1278 3486 particularem
1303 3457 1360 3479 ne—

289 3495 352 3525 que
377 3486 451 3518 facit
472 3488 575 3528 ipsam
599 3489 746 3519 absolute
762 3498 841 3526 esse,
857 3498 933 3520 cum
957 3490 1147 3530 praeexistat
1162 3491 1195 3521 in
1216 3493 1360 3531 potentia

290 3531 321 3560 in
345 3532 475 3562 materia
491 3538 522 3562 et
538 3538 611 3563 actu
627 3534 661 3563 in
677 3534 749 3573 ipso
765 3540 880 3573 agente
904 3540 1046 3570 causato,
1062 3534 1153 3574 quod
1168 3536 1256 3566 enim
1272 3537 1360 3576 pn’us

290 3580 336 3604 est
359 3581 535 3612 causatum,
559 3586 627 3608 non
658 3578 771 3617 incipit
795 3578 834 3609 de
857 3587 946 3609 novo
977 3579 1164 3619 simpliciter
1195 3589 1280 3617 esse;
1305 3580 1360 3611 sed

290 3618 372 3648 bene
396 3618 470 3650 facit
492 3621 594 3660 ipsam
619 3630 687 3652 esse
711 3624 744 3653 in
768 3622 841 3653 hoc.
875 3623 915 3653 Et
945 3624 991 3654 sic
1019 3625 1292 3663 praesupponitur
1315 3625 1359 3655 illi

289 3662 409 3692 actioni
433 3663 553 3703 aliquid
577 3666 609 3695 in
634 3675 701 3705 quo
725 3666 795 3696 talis
818 3672 930 3698 natura
954 3668 1090 3707 accipiat
1113 3677 1192 3699 esse.

788 290 976 327 SUMMA
1006 289 1228 326 CONTRA
1256 286 1532 331 GENTILES,
1561 286 1656 322 LlB.
1682 286 1723 331 11,
1754 287 1865 323 CAP.
1891 286 1991 323 XXI.

1473 364 1756 395 Considerandum
1780 364 1936 401 secundo,
1961 364 2052 405 quod
2075 374 2175 396 omne
2198 367 2290 407 quod
2319 374 2366 398 est
2397 377 2492 399 causa

1418 407 1595 439 formaliter
1618 409 1754 439 alicuius
1776 414 1909 439 naturae
1928 409 2076 440 absolute
2093 415 2124 440 et
2138 410 2296 442 illimitate
2311 412 2492 444 secundum

1418 454 1488 483 eius
1510 453 1676 493 propriam
1699 454 1859 484 rationem
1882 459 2041 494 sumptae,
2066 460 2097 484 et
2121 454 2197 485 facit
2218 455 2322 495 ipsam
2345 465 2414 487 esse
2438 458 2492 488 ab·

1417 498 1534 534 solute,
1551 503 1598 528 est
1614 507 1710 529 causa
1725 498 1794 529 eius
1810 499 1844 529 in
1860 507 2073 539 quocumque
2088 499 2274 539 reperiatur.
2290 499 2381 531 Sicut
2395 502 2491 533 etiam

1417 543 1451 572 in
1474 543 1629 582 potentiis
1658 543 1791 583 passivis
1821 543 1968 574 videmus
1992 543 2083 584 quod
2112 544 2258 584 potentia
2285 545 2406 575 habens
2432 556 2492 587 pro

1418 586 1545 618 formali
1568 588 1709 624 obiecto,
1734 588 1800 618 sive
1823 588 1930 629 primo
1954 588 2021 619 sive
2045 588 2247 625 secundario,
2271 589 2414 630 aliquam
2436 600 2493 622 na·

1417 636 1533 669 turam,
1557 638 1665 672 potest
1687 633 1722 663 in
1738 641 1838 663 omne
1852 633 1886 664 in
1902 643 1970 674 quo
1986 633 2056 664 talis
2079 639 2192 664 natura
2215 635 2386 674 reperitur:
2409 636 2493 667 sicut

1418 677 1505 707 visus
1535 683 1643 717 potest
1672 677 1705 707 in
1736 686 1836 708 omne
1865 678 2048 708 coloratum
2072 684 2104 709 et
2126 678 2159 709 in
2184 687 2283 709 omne
2306 679 2426 716 album,
2451 689 2492 711 eo

1418 721 1509 761 quod
1533 722 1716 752 coloratum
1740 723 1898 758 absolute,
1921 731 1990 753 non
2013 728 2122 754 autem
2145 729 2320 760 contracte,
2344 725 2494 765 respiciat

1417 765 1595 797 formaliter
1617 772 1654 797 ut
1676 767 1860 803 obiectum
1884 772 1917 797 et
1939 766 2084 798 similiter
2113 768 2224 799 album
2247 774 2284 799 ut
2307 768 2417 799 album
2443 779 2493 801 re—

1417 811 1541 851 spiciat,
1564 820 1633 841 non
1664 817 1774 842 autern
1806 817 1842 842 ut
1871 812 1936 842 hoc
1965 811 2086 842 album.
2110 811 2299 844 Commune
2329 814 2417 844 enim
2445 820 2493 845 est

1418 855 1509 886 omni
1538 856 1704 896 potentiae
1732 855 1823 896 quod
1845 861 1953 896 potest
1975 856 2009 886 in
2032 865 2132 886 omne
2159 857 2251 897 quod
2279 857 2408 889 formali
2431 868 2491 890 suo

1417 900 1547 931 obiecto
1571 901 1750 941 participat,
1774 901 1841 931 sive
1863 899 1945 931 illud
1968 901 2008 930 sit
2030 900 2219 941 primarium
2246 902 2312 934 sive
2335 903 2492 935 secunda—

1417 945 1502 975 rium
1518 945 1694 976 obiectum.
1719 944 1872 976 Similiter
1888 944 1978 985 quod
1995 944 2071 976 facit
2085 951 2233 976 naturam
2249 947 2396 978 absolute
2411 957 2491 986 esse,

1418 995 1527 1020 causat
1557 999 1627 1020 esse
1657 989 1743 1020 illius
1771 991 1805 1021 in
1836 998 2050 1030 quocumque
2080 990 2266 1030 reperiatur.
2291 990 2324 1022 Si
2347 993 2435 1024 enim
2458 994 2491 1024 in

1417 1034 1528 1074 aliquo
1551 1035 1750 1065 inveniretur
1773 1035 1866 1065 cuius
1895 1034 1960 1065 hoc
1990 1043 2059 1065 non
2090 1040 2173 1065 esset
2200 1044 2306 1072 causa,
2329 1036 2394 1067 iam
2422 1046 2492 1068 non

1416 1078 1535 1110 faceret
1563 1085 1711 1110 naturam
1741 1088 1811 1110 esse
1842 1079 1999 1116 absolute,
2022 1079 2079 1110 sed
2102 1084 2228 1110 tantum
2255 1089 2324 1111 esse
2353 1081 2387 1112 in
2416 1081 2491 1113 hoc.

1416 1123 1458 1154 Et
1471 1123 1548 1155 ideo
1564 1124 1648 1154 bene
1671 1123 1790 1155 dictam
1813 1124 2075 1164 propositionem
2098 1125 2215 1164 probat
2237 1124 2374 1156 Sanctus
2401 1126 2492 1157 Tiro-

1416 1177 1485 1198 mas
1508 1177 1566 1208 per
1588 1168 1652 1199 hoc
1676 1168 1767 1209 quod
1793 1168 1939 1209 alioquin
1963 1169 2047 1200 idem
2077 1173 2160 1200 esset
2181 1175 2282 1200 causa
2305 1171 2358 1201 sui
2381 1170 2490 1212 ipsius.

1416 1212 1625 1243 Manifestum
1649 1219 1696 1244 est
1720 1213 1807 1244 enim
1831 1222 1870 1244 ex
1893 1212 1986 1244 dictis
2008 1213 2109 1254 quod,
2133 1214 2159 1244 si
2182 1214 2305 1255 aliquid
2329 1222 2376 1246 est
2396 1225 2492 1247 causa

1416 1258 1552 1288 alicuius
1574 1262 1707 1288 naturae
1730 1257 1928 1298 simpliciter,
1948 1258 2039 1299 quod
2063 1264 2111 1289 est
2133 1268 2229 1289 causa
2251 1258 2337 1290 illius
2359 1265 2491 1291 naturae

1415 1303 1448 1333 in
1474 1311 1687 1342 quocumque
1709 1303 1887 1343 reperiatur
1909 1302 2091 1334 secundum
2114 1312 2184 1334 esse
2207 1309 2385 1335 causatum.
2403 1305 2491 1342 Ideo,

1415 1348 1441 1377 si
1458 1346 1579 1388 aliquid
1595 1347 1691 1378 habet
1707 1356 1776 1378 esse
1791 1352 1959 1378 causatum
1974 1347 2060 1378 illius
2074 1353 2208 1379 naturae
2223 1349 2318 1380 cuius
2333 1355 2380 1380 est
2396 1358 2493 1381 causa

1415 1391 1613 1433 simpliciter,
1636 1401 1769 1422 necesse
1792 1397 1840 1422 est
1862 1397 1899 1423 ut
1921 1392 1972 1422 sui
1994 1392 2096 1433 ipsius
2119 1401 2216 1423 causa
2238 1394 2288 1424 sit.

1472 1437 1556 1468 XIV.
1570 1436 1634 1468 Sed
1649 1437 1791 1468 occurrit
1806 1436 1943 1467 dubium
1960 1442 2073 1467 contra
2089 1437 2232 1477 primum
2248 1447 2391 1470 sensum.
2405 1438 2492 1470 Cum

1416 1483 1503 1512 enim
1519 1481 1637 1512 dicitur
1648 1481 1739 1522 quod
1750 1482 1871 1512 habens
1885 1490 1954 1512 esse
1969 1487 2139 1513 causatum
2154 1482 2330 1514 secundum
2346 1483 2491 1524 aliquam

1416 1532 1570 1557 naturam
1593 1531 1642 1557 est
1662 1535 1764 1558 causa
1781 1526 1870 1557 illius
1887 1531 2028 1557 naturae
2044 1537 2109 1557 non
2126 1527 2324 1568 simpliciter,
2340 1528 2398 1559 sed
2419 1533 2491 1560 tan-

1416 1577 1482 1602 tum
1507 1571 1539 1601 in
1564 1571 1634 1607 hoc,
1659 1578 1714 1602 aut
1736 1571 1925 1611 intelligitur
1948 1571 2039 1612 quod
2063 1577 2110 1602 est
2133 1581 2229 1602 causa
2252 1578 2386 1604 naturae
2406 1573 2491 1604 utin

1414 1616 1479 1646 hoc
1502 1616 1708 1647 materialiter
1731 1621 1867 1652 tantum,
1885 1622 1941 1647 aut
1955 1617 2052 1647 etiam
2076 1616 2263 1648 formaliter.
2288 1617 2322 1648 Si
2344 1618 2492 1650 materia-

1415 1660 1486 1691 liter
1508 1666 1646 1697 tantum,
1668 1666 1748 1691 tunc
1771 1669 1840 1691 non
1864 1659 1969 1691 differt
1991 1661 2032 1691 ab
2055 1670 2096 1692 eo
2121 1660 2212 1701 quod
2242 1667 2290 1692 est
2317 1671 2413 1693 causa
2435 1671 2493 1694 na-

1414 1711 1504 1736 turae
1527 1705 1730 1746 simpliciter:
1755 1706 1831 1746 quia
1855 1705 1951 1736 etiam
1974 1705 2055 1736 illud
2078 1714 2146 1736 non
2168 1706 2322 1746 producit
2344 1712 2491 1739 naturam

1414 1750 1475 1780 nisi
1498 1749 1666 1781 limitatam
1690 1755 1722 1781 et
1744 1749 1954 1790 singularem;
1980 1759 2057 1781 cum
2079 1750 2270 1788 universale,
2290 1756 2328 1782 ut
2351 1752 2406 1788 sic,
2421 1760 2491 1783 non

1415 1795 1530 1825 habeat
1559 1803 1629 1825 esse
1659 1795 1692 1825 in
1723 1803 1831 1825 rerum
1861 1800 1984 1825 natura.
2007 1812 2031 1817 —
2053 1794 2086 1825 Si
2110 1794 2298 1832 formaliter,
2322 1805 2400 1836 ergo
2420 1805 2492 1828 non

1414 1839 1533 1880 poterit
1556 1839 1736 1879 producere
1767 1840 1828 1870 nisi
1858 1848 1963 1870 unum
1990 1839 2151 1880 singulare
2174 1839 2260 1870 illius
2282 1845 2426 1872 naturae.
2448 1841 2492 1872 Et

1414 1885 1460 1914 sic
1483 1882 1592 1915 Sortes
1616 1890 1683 1914 non
1708 1884 1827 1924 poterit
1860 1883 2040 1924 producere
2069 1889 2101 1914 et
2127 1893 2281 1924 generare
2302 1885 2365 1915 nisi
2386 1894 2492 1918 unum

1414 1928 1594 1958 hominem.
1618 1927 1719 1965 Quod
1742 1934 1870 1959 constat
1892 1937 1962 1958 esse
1986 1927 2120 1959 falsum:
2144 1937 2221 1959 cum
2243 1929 2367 1960 multos
2389 1930 2495 1971 possit

1414 1971 1500 2003 filios
1522 1981 1684 2012 generare.
1709 1972 1867 2003 Probatur
1894 1973 2137 2013 consequentia.
2147 1972 2254 2014 „Quia
2276 1972 2493 2006 determinans

1414 2017 1473 2047 sibi
1497 2017 1639 2057 aliquam
1670 2017 1829 2048 rationem
1859 2017 2030 2048 formalem
2059 2017 2180 2049 obiecti
2210 2022 2408 2050 contractam
2430 2017 2492 2051 aul>

1415 2062 1526 2102 aliquo
1551 2061 1730 2098 communi,
1746 2071 1815 2092 non
1834 2067 1943 2102 potest
1965 2062 2047 2092 ultra
2069 2061 2158 2093 illam
2182 2062 2342 2094 rationem
2364 2066 2492 2095 contra·

1415 2108 1501 2137 ctam
1517 2107 1550 2136 in
1566 2106 1688 2147 aliquid
1705 2106 1792 2138 aliud
1811 2107 1871 2137 sub
1894 2107 1951 2137 illo
1974 2108 2144 2138 communi
2167 2112 2374 2138 contentum:
2398 2109 2491 2146 sicut,

1416 2152 1441 2182 si
1465 2152 1551 2182 visus
1575 2151 1802 2182 determinaret
1825 2151 1885 2182 sibi
1909 2160 1969 2192 pro
1993 2152 2124 2182 obiecto
2145 2151 2275 2183 formali
2289 2152 2354 2183 hoc
2369 2152 2492 2191 abun,

1415 2201 1494 2237 puta
1509 2195 1649 2233 Sortem,
1666 2204 1733 2227 non
1750 2201 1860 2236 posset
1875 2195 1984 2227 videre
2007 2195 2095 2228 aliud
2108 2196 2221 2228 album
2237 2206 2335 2237 quam
2351 2197 2490 2229 sortem.

1471 2240 1700 2281 Respondemr
1722 2240 1813 2282 quod
1831 2240 2009 2272 formaliter
2023 2240 2231 2282 intelligenda
2246 2246 2294 2272 est
2309 2242 2491 2284 propositio

1416 2285 1524 2317 Sancti
1547 2285 1707 2316 Thomae.
1738 2285 1790 2316 Ad
1818 2286 2092 2326 improbationem
2120 2284 2237 2317 dicitur
2258 2286 2376 2327 primo,
2401 2287 2492 2328 quod

1415 2330 1529 2371 utique
1546 2340 1650 2361 unum
1665 2330 1825 2371 singulare
1840 2329 1926 2361 illius
1949 2334 2092 2367 naturae,
2115 2329 2331 2370 productione
2347 2339 2412 2372 qua
2427 2331 2491 2363 hoc

1415 2376 1577 2415 singulare
1600 2374 1762 2416 producit,
1785 2383 1853 2405 non
1878 2380 1985 2415 potest
2007 2374 2188 2415 producere
2211 2375 2272 2406 nisi
2295 2375 2360 2406 hoc
2386 2377 2491 2418 signa-

1415 2425 1497 2451 tum.
1522 2420 1631 2451 Sortes
1653 2420 1752 2456 enim,
1775 2419 1961 2460 generando
1985 2419 2162 2456 Socratem,
2179 2429 2247 2451 non
2262 2419 2416 2460 producit
2434 2428 2493 2463 per

1416 2474 1450 2495 se
1477 2465 1539 2496 nisi
1571 2465 1806 2495 humanitatem
1838 2464 1988 2501 Socratis,
2015 2473 2084 2495 non
2117 2469 2226 2496 autem
2257 2465 2491 2497 humanitatem

1416 2510 1619 2550 simpliciter:
1652 2518 1727 2540 cum
1758 2517 1826 2539 non
1857 2509 1959 2549 possit
1988 2509 2021 2539 in
2045 2518 2145 2540 omne
2173 2509 2265 2550 quod
2292 2509 2492 2542 humanitate

1416 2554 1594 2594 participat.

1473 2599 1598 2629 Dicitur
1620 2597 1776 2634 secundo,
1801 2598 1891 2638 quod
1915 2604 1963 2629 est
1987 2606 2164 2629 commune
2186 2599 2277 2630 omni
2291 2599 2492 2639 generationi

1416 2653 1434 2673 a
1458 2643 1551 2675 Sorte
1575 2642 1764 2684 procedenti
1789 2642 1879 2683 quod
1903 2652 1960 2684 per
1982 2643 2086 2683 ipsam
2110 2643 2301 2683 producitur
2315 2643 2493 2676 formaliter

1417 2693 1449 2719 et
1471 2697 1529 2729 per
1551 2697 1585 2719 se
1608 2687 1767 2729 quaedam
1791 2687 1987 2724 humanitas,
2011 2686 2093 2718 idest
2115 2687 2298 2719 humanitas
2325 2688 2373 2719 sin
2467 2687 2476 2696 ”

1417 2742 1496 2774 vage
1519 2738 1551 2764 et
1574 2732 1757 2763 indistincte
1780 2732 1959 2773 loquendo,
1984 2741 2051 2763 non
2079 2737 2188 2764 autem
2218 2732 2407 2774 simpliciter
2424 2732 2491 2764 'hn—

1417 2778 1567 2809 manitas.
1593 2777 1687 2808 Unde
1711 2778 1945 2818 consequentia
1964 2775 2102 2808 adducta
2118 2776 2195 2808 falsa
2212 2783 2260 2808 est
2275 2777 2301 2808 si
2317 2777 2492 2819 accipiatur

1416 2832 1622 2863 consequens
1645 2822 1803 2858 absolute,
1828 2822 1950 2853 scilicet
1973 2821 2065 2862 quod
2087 2830 2191 2853 unum
2210 2821 2381 2863 singulare,
2397 2822 2492 2854 abeo·

1416 2868 1482 2899 lute
1506 2867 1684 2909 loquendo,
1709 2876 1776 2898 non
1801 2867 1920 2907 poterit
1937 2866 2132 2908 ‘producere
2163 2867 2225 2898 nisi
2255 2875 2359 2898 unum
2382 2867 2491 2912 singu-

1415 2913 1490 2944 lare.
1515 2912 1579 2944 Sed
1603 2913 1686 2943 bene
1710 2912 1856 2952 sequitur
1879 2911 1969 2952 quod
1992 2911 2052 2942 hac
2070 2912 2279 2952 generatione
2297 2911 2491 2953 particulari,

1415 2964 1452 2989 ut
1474 2958 1664 2988 terminatur
1687 2956 1726 2987 ad
1750 2956 1958 2997 productum,
1975 2965 2044 2987 non
2060 2956 2213 2997 producit
2226 2965 2285 2997 per
2301 2965 2334 2988 se
2349 2956 2411 2988 nisi
2426 2956 2491 2988 hoc

1415 3002 1576 3043 singulare
1599 3003 1771 3042 signatum.
1799 3019 1821 3023 —
1844 3001 1895 3032 Ad
1918 3001 2146 3042 probat-ionem
2170 3000 2286 3032 dicitur
2313 3000 2404 3042 quod
2426 3001 2492 3032 ain-

1415 3047 1525 3088 gulare
1548 3056 1616 3078 non
1641 3046 1833 3078 determinat
1856 3045 2003 3077 absolute
2032 3045 2091 3077 sibi
2118 3045 2277 3077 rationem
2308 3045 2490 3078 huiusaia-

1415 3092 1534 3132 gularis
1557 3092 1682 3133 signati,
1697 3090 1755 3122 sed
1779 3091 1938 3122 rationem
1961 3090 2130 3131 singularis
2145 3099 2225 3131 vage
2241 3095 2273 3122 et
2287 3090 2488 3122 indistincte:

1416 3137 1492 3177 quia
1514 3136 1665 3167 videlicet
1686 3144 1754 3167 non
1777 3135 1929 3176 producit
1952 3134 2128 3166 formaliter
2151 3140 2183 3166 et
2200 3142 2264 3176 per
2286 3139 2321 3166 se
2343 3139 2489 3166 naturam

1415 3182 1475 3212 nisi
1500 3181 1533 3212 in
1558 3181 1679 3221 aliquo.
1705 3180 1768 3212 Sed
1792 3180 1885 3217 bene,
1909 3185 1947 3211 ut
1969 3180 2029 3211 hac
2051 3179 2174 3220 signata
2203 3179 2412 3220 generatione
2433 3183 2490 3220 ge—

1415 3235 1540 3262 nerans,
1564 3226 1759 3266 inquantum
1789 3224 1830 3256 ad
1859 3230 2048 3265 generatum
2077 3225 2276 3261 terminatur,
2299 3222 2490 3254 determinat

1415 3270 1474 3302 sibi
1490 3270 1650 3302 rationem
1666 3270 1763 3301 huius
1778 3269 1946 3310 singularis
1962 3269 2093 3310 signati:
2117 3274 2160 3306 et,
2175 3273 2212 3299 ut
2227 3267 2282 3304 sic,
2297 3275 2366 3299 non
2381 3272 2490 3308 potest

1415 3314 1596 3355 producere
1619 3314 1680 3345 nisi
1703 3315 1767 3345 hoc
1790 3314 1963 3355 signatum.

1474 3369 1502 3390 2.
1520 3359 1630 3390 Potest
1646 3363 1755 3390 autem
1772 3359 1860 3399 argui
1878 3368 1916 3390 ex
1932 3357 2025 3389 dictis
2040 3356 2140 3393 scoti,
2153 3356 2208 3387 ubi
2224 3365 2320 3397 supra
2333 3356 2359 3393 ⁶,
2376 3361 2489 3388 contra

1415 3403 1534 3435 dictam
1557 3403 1828 3445 propositionem.
1853 3402 1886 3434 Si
1909 3411 1995 3434 unus
2018 3401 2160 3442 angelus,
2176 3400 2298 3431 habens
2321 3410 2390 3432 esse
2413 3409 2489 3432 cau-

1416 3454 1521 3479 satum
1550 3458 1567 3478 a
1598 3448 1670 3479 Deo
1700 3448 1733 3478 in
1763 3457 1820 3478 sua
1850 3452 1973 3482 natura,
1997 3444 2191 3486 produceret
2214 3445 2312 3476 alium
2337 3445 2487 3486 angelum

1415 3494 1474 3523 sibi
1498 3493 1647 3529 similem,
1671 3501 1740 3523 non
1763 3491 1958 3532 produceret
1978 3495 2126 3520 naturam
2149 3489 2235 3520 illius
2259 3489 2363 3531 angeli
2381 3490 2416 3520 in
2432 3490 2487 3520 ali—

1415 3546 1484 3577 quo
1508 3537 1773 3578 praesupposito:
1797 3542 1873 3566 cum
1896 3543 1958 3565 nec
1980 3534 2014 3564 in
2043 3534 2117 3574 ipso
2147 3534 2264 3574 angelo
2287 3532 2488 3575 producente

1415 3591 1484 3612 esse
1508 3586 1540 3612 et
1563 3586 1676 3613 natura
1698 3581 1738 3611 sit
1760 3580 1794 3610 in
1817 3579 1927 3620 aliquo
1951 3584 2089 3619 recepta.
2113 3577 2200 3619 Ergo
2222 3588 2291 3610 non
2303 3584 2438 3620 *oportet
2453 3585 2487 3610 ut

1415 3626 1536 3657 habens
1551 3634 1621 3657 esse
1636 3629 1804 3656 causatum
1819 3622 2000 3654 secundum
2013 3622 2154 3664 aliquam
2170 3628 2329 3660 naturam,
2340 3623 2366 3654 si
2379 3630 2489 3655 causat

1415 3671 1517 3710 ipsam
1530 3676 1688 3706 naturam,
1701 3668 1792 3709 quod
1803 3673 1913 3699 causet
1927 3667 2031 3707 ipsam
2047 3667 2081 3698 in
2092 3667 2174 3698 hoc:
2191 3667 2248 3699 sed
2263 3672 2370 3708 potest
2385 3668 2486 3708 ipsam
