2768 4134
0 1401 11 1412 ”
25 1400 97 1423 Nam.
107 1405 139 1423 m

0 2212 14 2223 ·
27 2211 100 2234 Nam.
110 2217 128 2234 ι.

5 2612 103 2663 RQ}
110 2614 127 2662 16.
135 2613 158 2640 83
165 2612 221 2636 Did.

829 283 1019 321 SUMMA
1047 284 1270 323 CONTRA
1298 284 1575 333 GENTILES,
1607 286 1718 324 CAP.
1738 287 1872 325 XLIV.

247 366 372 396 ratione
395 364 486 395 verbi
508 365 632 395 inventi
655 364 690 395 in
713 364 880 395 intellectu
902 369 1025 400 nostro,
1043 370 1098 395 aut
1121 365 1268 396 absolute
1285 374 1323 396 ex

246 410 336 441 verbi
351 410 486 446 ratione,
500 408 591 450 quod
606 410 716 450 ipsum
727 409 873 440 Verbum
889 408 1035 440 divinum
1051 409 1166 440 habeat
1178 410 1324 441 effective

246 454 429 497 producere
452 455 621 490 Amorem,
634 460 714 485 'non
738 459 822 485 esset
836 454 919 484 ratio
941 453 1064 490 efficax,
1081 454 1138 485 sed
1161 454 1323 496 adaptatio

247 499 409 541 quaedam
431 499 472 530 ad
487 499 521 530 id
536 498 708 540 quodiam
730 497 795 530 fide
810 503 973 530 tenemus:
998 509 1066 530 non
1090 500 1178 530 enim
1201 500 1324 531 trinitas

246 545 464 576 Personarum
487 543 739 575 demonstrative
762 544 892 584 probari
915 549 1033 584 potest.
1052 543 1147 575 Unde
1170 545 1250 576 nihil
1269 545 1324 576 illa

246 590 328 621 ratio
351 588 440 631 apud
462 588 700 630 philosophum
717 588 936 625 concluderet,
952 594 1067 630 utpote
1087 589 1269 630 procedens
1284 599 1323 621 ex

247 634 334 666 falsis
356 633 539 666 secundum
561 634 681 674 ipsum.

302 679 355 710 Ad
375 683 503 710 sextam
526 677 665 709 dicimus
681 677 772 718 quod
787 687 855 709 non
871 683 919 708 est
941 678 1053 709 similis
1068 679 1148 709 ratio
1168 678 1208 709 de
1223 688 1324 720 appe-

246 724 308 755 titu
331 728 364 755 et
379 723 420 755 de
436 724 519 754 aliis:
536 724 614 764 quia
637 723 799 764 appetitus
821 723 969 754 nominat
992 733 1031 754 ex
1053 731 1111 754 sua
1133 723 1258 754 ratione
1273 724 1322 754 in-

246 769 468 805 clinationem,
484 777 554 799 non
577 773 687 799 autem
704 767 887 799 intellectus
905 773 961 798 aut
983 768 1075 809 lapis,
1091 767 1198 805 Unde,
1214 769 1322 808 posito

245 814 281 845 in
297 819 472 855 appetente
488 813 666 854 appetibili,
682 813 828 854 sequitur
843 812 1010 844 inclinatio
1026 814 1188 853 appetitus
1206 822 1323 844 secun-

246 857 327 890 dum
349 859 597 890 inclinationem
620 858 739 898 ipsius:
763 865 833 889 non
863 863 974 888 autem
1000 863 1168 898 praesente
1192 858 1322 889 obiecto

246 909 302 934 aut
317 903 424 934 activo
440 904 475 935 in
491 903 560 934 aliis
576 903 682 940 rebus,
699 904 808 943 ipsum
824 901 916 944 quod
931 901 1070 933 dicimus
1085 903 1162 942 pati,
1179 903 1323 942 seipsum

245 954 368 980 movet.

301 993 386 1024 VIII.
410 992 474 1024 Sed
498 997 611 1024 contra
634 991 831 1032 praedictam
858 990 1162 1022 determinationem
1185 990 1322 1023 dubium

245 1038 439 1079 relinquitur
451 1048 490 1069 ex
502 1037 606 1068 verbis
619 1036 728 1068 Sancti
739 1036 889 1067 Thomae
901 1036 1017 1072 Prima,
1030 1045 1062 1076 q.
1079 1045 1141 1072 xxv,
1158 1046 1186 1066 a.
1205 1037 1221 1067 5
1240 1036 1280 1067 ad
1291 1037 1321 1073 3,

245 1083 302 1114 etl
318 1083 455 1120 Contra,
469 1093 497 1114 c.
507 1092 614 1118 nvm,
627 1087 660 1112 et
674 1082 709 1112 in
724 1081 794 1111 aliis
809 1080 900 1112 locis.
916 1081 995 1111 Vult
1007 1081 1094 1111 enim
1111 1080 1201 1121 quod
1217 1082 1322 1112 omnis

246 1129 394 1169 operatio
413 1127 620 1169 specificatur
629 1126 852 1167 persor-mam
868 1134 952 1166 quae
972 1130 1020 1156 est
1030 1126 1231 1167 principium
1248 1136 1323 1167 ope-

246 1173 396 1204 rationis.
421 1173 470 1204 Ex
493 1173 532 1203 iis
555 1177 666 1202 autem
685 1171 830 1210 arguitur
852 1171 908 1201 sic.
938 1169 1094 1211 Operatio
1118 1170 1322 1211 specificatur

245 1227 303 1259 per
325 1217 466 1249 formam
482 1225 567 1258 quae
591 1221 639 1246 est
654 1215 852 1256 principium
868 1215 1077 1256 operationis.
1101 1215 1165 1246 Sed
1189 1225 1247 1256 per
1265 1225 1322 1256 ap-

243 1263 387 1304 petibile,
412 1271 470 1303 per
492 1267 535 1297 te,
559 1259 765 1301 specificatur
788 1266 878 1291 actus
901 1260 1087 1292 voluntatis.
1112 1260 1199 1301 Ergo
1222 1269 1322 1301 appe—

244 1307 334 1339 tibile
357 1312 406 1343 est
430 1306 534 1339 forma
548 1314 632 1346 quae
649 1310 697 1336 est
712 1305 910 1346 principium
925 1305 1099 1336 volitionis.
1120 1305 1206 1345 Ergo
1223 1314 1322 1346 appe-

243 1351 334 1384 abile
356 1357 469 1383 movet
491 1350 696 1381 voluntatem
726 1359 784 1391 per
806 1349 945 1381 modum
975 1349 1143 1381 efficientis
1167 1349 1321 1380 formalis.

244 1396 350 1429 Cuius
373 1396 565 1438 oppositum
589 1394 714 1426 dictum
738 1400 786 1425 est
808 1395 957 1435 superius
972 1396 1000 1425 ¹⁵.

298 1440 530 1483 Respondetur
546 1439 638 1481 quod
662 1440 776 1480 utique
801 1440 908 1470 omnis
932 1440 1079 1480 operatio
1102 1448 1161 1480 per
1184 1438 1323 1470 formam

243 1495 329 1528 quae
341 1492 389 1518 est
401 1485 600 1528 operationis
612 1485 811 1525 principium
820 1483 1036 1525 specificatur:
1056 1483 1113 1515 sed
1124 1493 1193 1514 non
1205 1483 1323 1515 eodem

242 1530 346 1563 modo
369 1530 560 1572 intelligitur
583 1531 616 1561 in
633 1530 787 1560 omnibus
810 1529 980 1570 agentibus
1002 1529 1143 1560 formam
1159 1538 1228 1559 esse
1244 1538 1324 1569 ope·

241 1577 376 1609 rationis
398 1576 607 1617 principium.
632 1575 668 1605 ln
692 1575 862 1615 agentibus
885 1575 974 1605 enim
996 1573 1196 1605 naturalibus
1220 1573 1324 1604 forma

243 1627 292 1654 est
306 1621 505 1664 principium
521 1630 580 1662 per
593 1619 733 1651 modum
748 1619 905 1650 elicientis
921 1620 1157 1659 operationem.
1174 1618 1210 1649 In
1226 1627 1324 1659 agen-

242 1667 330 1699 tibus
345 1671 457 1698 autem
472 1675 531 1708 per
546 1665 771 1706 cognitionem
787 1670 820 1695 et
835 1674 875 1695 ex
890 1664 1037 1705 appetitu
1055 1662 1140 1700 finis,
1164 1663 1234 1704 ipse
1250 1662 1324 1693 finis

242 1712 394 1754 cognitus
417 1711 466 1743 est
488 1710 686 1752 principium
705 1709 791 1740 illius
810 1709 1009 1750 operationis
1032 1717 1117 1750 quae
1140 1713 1188 1739 est
1210 1707 1323 1738 volitio

242 1755 330 1794 finis,
352 1758 423 1788 non
445 1762 483 1787 ut
505 1755 638 1787 eliciens
661 1754 900 1795 operationem,
925 1753 1012 1784 unde
1036 1763 1103 1784 non
1131 1758 1179 1784 est
1209 1753 1242 1783 in
1265 1762 1324 1783 vo-

242 1801 379 1839 hintate,
395 1810 481 1843 quae
505 1805 554 1832 est
570 1798 797 1831 immediatum
819 1799 1018 1840 principium
1041 1798 1218 1829 elicitivum
1242 1797 1324 1828 voli-

242 1847 353 1884 tionis,
376 1845 434 1878 sed
462 1847 496 1877 in
524 1846 594 1877 eius
621 1845 800 1881 intellectu,
831 1849 868 1875 ut
899 1843 1004 1874 forma
1028 1849 1102 1874 ante
1131 1842 1324 1873 volitionem

242 1893 279 1924 in
300 1892 475 1934 supposito
498 1890 630 1922 volente
654 1890 804 1925 existens,
829 1898 869 1919 ex
892 1897 957 1929 qua
984 1888 1140 1919 existente
1164 1888 1198 1918 in
1221 1886 1324 1928 ipsius

242 1937 412 1969 intellectu
435 1935 476 1967 ad
498 1935 692 1966 volitionem
716 1933 887 1974 egreditur.
911 1932 1007 1964 Unde
1030 1932 1148 1963 dicitur
1170 1931 1244 1962 finis
1267 1941 1323 1962 co-

242 1982 356 2024 gnitus
369 1991 439 2013 esse
454 1980 622 2011 volitionis
642 1978 850 2020 principium,
866 1983 965 2018 prout
988 1977 1096 2008 omnis
1118 1976 1223 2007 forma
1238 1985 1323 2017 quae

243 2027 279 2059 in
290 2031 291 2034 ’
301 2032 417 2068 agente
433 2031 508 2057 ante
523 2024 750 2066 operationem
766 2023 950 2064 praeexistit
966 2021 1146 2053 secundum
1163 2026 1322 2056 naturam,

244 2074 284 2104 et‘
300 2081 366 2113 qua
388 2071 495 2113 posita
517 2070 627 2111 ipsum
650 2077 789 2110 operans
809 2067 850 2098 ad
874 2068 1038 2098 actionem
1061 2065 1219 2108 procedit,
1243 2075 1323 2106 ope-

244 2117 379 2148 rationis
402 2115 601 2158 principium
625 2113 690 2145 dici
713 2117 837 2154 potest;
862 2112 937 2143 licet
964 2112 1069 2152 ipsam
1097 2111 1322 2152 operationem

245 2171 315 2194 non
337 2161 516 2192 formaliter
538 2159 655 2195 eliciat,
678 2157 735 2189 sed
757 2163 884 2188 tanturn
907 2156 1083 2198 specificet.

302 2206 358 2237 IX.
383 2205 480 2238 Circa
509 2204 739 2246 probationem
772 2202 1027 2243 consequentiae
1041 2202 1058 2218 ⁴*
1085 2200 1223 2232 dubium
1254 2209 1323 2231 non

246 2260 383 2293 parvum
407 2250 558 2282 occurrit.
575 2249 652 2280 Non
671 2248 760 2279 enim
775 2247 860 2278 valet
875 2247 935 2278 ista
950 2246 1200 2287 consequentia:
1220 2246 1321 2286 Appe-

247 2301 318 2328 τηις
340 2296 447 2327 Deum
460 2295 508 2337 fit
531 2294 718 2335 intelligens
740 2297 816 2323 actu
834 2302 899 2333 per
919 2292 982 2322 hoc
1004 2291 1092 2333 quod
1115 2291 1145 2322 ei
1168 2295 1323 2331 tanquam

247 2340 447 2384 intelligibili
463 2339 587 2375 unitur,
604 2339 699 2380 Ergo
716 2338 820 2379 ipsum
838 2336 1041 2379 intelligibile
1056 2341 1104 2367 est
1122 2335 1323 2377 intelligens.

247 2386 336 2426 Quia
357 2386 403 2417 sic
427 2383 542 2416 eadem
564 2385 690 2415 ratione
714 2383 795 2424 lapis
818 2387 850 2413 et
872 2382 998 2423 lignum
1021 2387 1053 2412 et
1075 2381 1156 2412 aliae
1179 2390 1230 2411 res
1256 2389 1324 2411 ma-

246 2431 374 2464 teriales
394 2435 501 2462 essent
520 2429 751 2469 intelligentes:
770 2437 846 2459 curn
861 2428 964 2458 homo
988 2427 1029 2457 sit
1048 2425 1230 2466 intelligens
1250 2431 1324 2456 actu

248 2486 290 2508 eo
314 2474 407 2517 quod
429 2475 507 2516 ipsis
529 2480 686 2515 tanquam
702 2472 957 2513 intelligibilibus
981 2481 1039 2513 per
1062 2480 1177 2502 eorum
1200 2471 1326 2511 species

247 2522 389 2553 uniatur.

305 2565 392 2604 Quia
415 2564 552 2595 Sanctus
575 2563 722 2594 Thomas
745 2563 905 2593 rationem
928 2562 1012 2592 hanc
1035 2570 1074 2592 ex
1094 2561 1152 2591 XII
1170 2560 1325 2601 Metapk„

249 2615 326 2642 text.
340 2610 382 2650 39
397 2610 424 2646 ³,
448 2608 598 2649 sumpsit,
613 2608 703 2639 illinc
726 2607 817 2639 dubii
839 2607 961 2638 solutio
985 2605 1169 2647 quaerenda
1193 2611 1250 2637 est.
1274 2603 1327 2635 Ad

249 2656 347 2687 huius
362 2655 459 2695 igitur
473 2652 670 2684 evidentiam
685 2651 958 2684 considerandum
973 2650 1075 2692 quod,
1092 2660 1168 2681 cum
1184 2650 1327 2690 primum

250 2699 426 2743 appetibile
449 2703 482 2729 et
503 2698 647 2738 primum
665 2696 866 2737 intelligibile
885 2697 919 2727 in
939 2696 1054 2727 ordine
1076 2694 1326 2735 intelligibilium

250 2744 501 2777 substantiarum
525 2742 740 2778 collocentur,
762 2751 832 2772 non
862 2746 972 2772 autem
999 2742 1033 2771 in
1056 2739 1170 2771 ordine
1193 2739 1326 2769 sensibi-

250 2790 343 2827 lium,
368 2799 408 2820 eo
433 2786 524 2828 quod
553 2787 594 2817 sit
622 2786 803 2818 universale
825 2786 962 2821 bonum,
986 2791 1018 2816 et
1041 2794 1099 2825 per
1122 2792 1326 2823 consequens

251 2836 294 2866 sit
315 2832 535 2865 immaterialis
559 2831 750 2866 substantia;
765 2839 898 2861 necesse
915 2836 963 2860 est
978 2829 1069 2870 quod
1091 2838 1150 2869 per
1168 2828 1326 2858 unionem

252 2879 294 2912 ad
315 2880 426 2921 ipsum
449 2877 626 2908 substantia
653 2885 737 2916 quae
760 2875 869 2915 ipsum
899 2875 1023 2915 appetit
1052 2879 1084 2904 et
1107 2872 1265 2904 desiderat
1287 2873 1328 2902 sit

252 2927 327 2956 netu
349 2923 548 2963 intelligens:
573 2920 610 2951 fit
629 2921 716 2951 enim
739 2919 862 2960 aliquid
884 2924 959 2950 actu
977 2918 1160 2958 intelligens
1183 2926 1241 2957 per
1263 2917 1328 2947 hoc

253 2968 345 3010 quod
367 2968 479 2999 unitur
501 2965 702 3006 intelligibili.
726 2963 832 2999 Unde,
848 2963 933 2994 sicut
954 2963 1098 3004 ponebat
1120 2962 1211 2992 Plato
1235 2961 1328 2992 intel-

252 3014 376 3045 lectum
390 3017 540 3043 nostrum
555 3009 625 3041 fieri
639 3009 874 3049 intelligentem
893 3013 968 3038 actu
984 3016 1023 3038 ex
1038 3012 1190 3038 contactu
1210 3011 1242 3036 et
1256 3015 1329 3046 par-

253 3058 442 3099 ticipatione
457 3056 641 3097 specierum
655 3058 883 3094 separatarum,
907 3053 951 3083 ita
974 3057 1007 3082 et
1029 3051 1210 3082 intellectus
1233 3051 1330 3091 primi

254 3103 396 3138 mobilis,
412 3100 595 3132 secundum
610 3098 830 3134 Aristotelem,
846 3096 884 3128 fit
899 3102 973 3127 actu
988 3096 1172 3135 intelligens
1195 3104 1234 3125 ex
1250 3104 1329 3126 con-

254 3153 344 3179 tactu
367 3145 513 3187 quodam
537 3144 579 3175 ad
607 3144 746 3184 primam
773 3142 986 3173 substantiam
1016 3139 1260 3180 intelligibilem.
1289 3139 1338 3170 Et·

256 3193 336 3234 quia
350 3196 490 3233 propter
504 3189 592 3231 quod
615 3187 876 3228 unumquodque,
893 3191 925 3216 et
939 3185 1022 3216 illud
1045 3185 1163 3227 magis,
1182 3184 1258 3215 ideo
1281 3194 1330 3215 se·

257 3238 368 3279 quitur
390 3237 500 3277 ipsum
522 3233 723 3274 intelligibile
741 3232 847 3263 multo
863 3231 964 3271 magis
986 3229 1220 3261 intellectivum
1244 3238 1329 3259 esse:

257 3291 335 3313 cum
347 3291 416 3312 esse
427 3279 663 3312 intellectivum
675 3276 839 3318 quandam
854 3273 1091 3316 perfectionem
1107 3274 1201 3306 dicat.
1216 3291 1239 3296 -
1254 3273 1331 3304 Non

259 3332 307 3358 est
329 3331 440 3357 autem
463 3324 568 3355 simile
598 3323 638 3354 de
665 3323 761 3353 rebus
791 3320 1018 3352 materialibus.
1042 3319 1129 3357 Quia
1151 3320 1239 3359 ipsae
1262 3327 1331 3348 non

259 3377 335 3403 sunt
357 3376 432 3402 actu
459 3370 494 3400 in
522 3369 635 3409 seipsis
663 3366 895 3406 intelligibiles:
920 3365 1023 3395 immo
1050 3373 1109 3405 per
1131 3363 1332 3394 intellectum

260 3421 411 3457 agentem
427 3413 644 3454 intelligibiles
659 3418 734 3443 actu
749 3411 842 3442 fiunt.
859 3409 936 3440 Ideo
953 3419 992 3440 ex
1015 3413 1168 3439 contactu
1188 3407 1229 3438 ad
1247 3407 1333 3448 ipsas

260 3471 310 3492 res
322 3470 391 3491 non
402 3459 439 3490 fit
452 3458 635 3490 intellectus
647 3463 721 3488 actu
732 3455 923 3495 intelligens,
936 3453 993 3484 sed
1004 3463 1042 3484 ex
1059 3453 1245 3492 receptione
1261 3461 1333 3492 spe-

261 3506 385 3537 cierum
400 3505 524 3535 lumine
539 3502 722 3534 intellectus
737 3500 860 3541 agentis
882 3499 1119 3530 illustratarum.
1140 3497 1209 3527 Nec
1224 3502 1333 3527 tamen

262 3554 393 3591 oportet
415 3549 484 3580 illas
508 3548 632 3589 species
648 3556 717 3578 esse
733 3545 958 3577 intellectivas:
983 3543 1059 3583 quia
1077 3551 1145 3573 non
1168 3546 1244 3572 sunt
1258 3540 1333 3572 sub-

262 3595 407 3630 stantiae,
431 3592 488 3624 sed
511 3591 698 3624 accidentia.

318 3639 445 3670 Dicitur
469 3647 546 3678 ergo
571 3636 662 3677 quod
685 3636 738 3666 illa
761 3635 842 3666 ratio
866 3632 954 3674 apud
972 3631 1177 3663 Aristotelem
1201 3636 1233 3661 et
1255 3629 1334 3660 San-

263 3688 354 3714 ctum
377 3683 543 3713 Thomam
566 3682 653 3712 bona
683 3685 746 3711 est:
777 3684 976 3720 negaturque
1001 3675 1113 3708 eadem
1137 3675 1260 3706 ratione
1284 3683 1334 3704 res

2379 291 2450 328 133

1378 365 1558 397 materiales
1574 371 1725 406 oportere
1742 375 1810 397 esse
1826 367 2050 408 intelligentes.
2068 368 2197 400 Etcum
2209 370 2364 410 probatur
2376 372 2452 412 quia

1378 410 1481 441 homo
1505 420 1563 451 per
1584 412 1669 451 ipsas
1693 417 1741 442 est
1763 417 1837 442 actu
1860 412 2051 453 intelligens,
2068 419 2212 454 negatur,
2229 411 2388 456 quantum
2412 416 2452 447 ad

1379 464 1490 486 earum
1506 464 1576 486 esse
1591 455 1750 486 naturale:
1768 465 1836 487 non
1852 462 1928 487 sunt
1944 458 2030 488 enim
2047 458 2263 499 intelligibiles
2285 465 2370 497 actu,
2395 460 2452 493 sed

1377 500 1533 540 potentia.
1558 499 1653 531 Unde
1675 499 1925 532 fundamentum
1943 502 2075 533 rationis
2099 508 2161 534 est:
2187 504 2243 534 Illa
2264 505 2450 542 substantia,

1378 550 1452 575 actu
1476 543 1659 575 secundum
1681 554 1715 575 se
1738 545 1956 586 intelligibilis,
1973 556 2011 589 ex
2027 548 2150 578 unione
2166 548 2206 579 ad
2229 558 2328 590 quam
2351 560 2451 591 appe-

1378 594 1449 620 tens
1471 589 1576 630 ipsam
1598 589 1635 620 fit
1661 589 1843 630 intelligens
1870 595 1955 627 actu,
1980 597 2027 622 est
2049 592 2257 624 intellectiva:
2282 604 2359 626 cum
2381 591 2450 627 non

1378 633 1494 665 debeat
1516 643 1586 665 esse
1609 635 1744 665 minoris
1766 634 1974 675 perfectionis
1990 645 2089 677 quam
2108 646 2145 667 ea
2168 638 2343 670 substantia
2366 649 2450 680 quae

1377 688 1436 719 per
1450 679 1556 719 ipsam
1571 678 1746 719 perficitur.
1763 678 1828 710 Sed
1843 681 1986 720 primurn
2001 681 2174 722 appetibile
2189 678 2236 713 est
2251 683 2449 717 huiusmodi.

1377 723 1475 764 Ergo.

1433 767 1574 799 Adverte
1597 773 1708 799 autem
1731 767 1823 808 quod
1845 778 1914 799 non
1940 770 2097 810 accipitur
2119 772 2200 802 unio
2223 773 2287 803 hoc
2311 773 2386 804 loco
2410 773 2450 804 ad

1377 813 1482 853 ipsam
1497 811 1708 844 substantiam
1724 813 1958 854 intelligibilem
1973 824 2032 855 per
2047 815 2291 847 similitudinem
2312 827 2395 858 quae
2411 819 2451 849 sit

1377 857 1537 903 accidens,
1554 857 1611 889 sed
1626 867 1683 898 per
1706 857 1879 899 aliqualem
1894 859 2088 891 substantiae
2112 862 2391 902 participationem
2410 863 2449 893 ab

1376 903 1554 934 intellectu.

1433 948 1472 978 X.
1497 947 1646 978 Secundo
1659 948 1686 977 ἦ
1703 947 1849 978 Primum
1865 957 2002 979 movens
2017 949 2185 980 immobile
2201 956 2249 981 est
2271 951 2450 982 universale

1376 992 1574 1032 principium
1596 991 1717 1023 motus.
1733 992 1820 1033 Ergo
1844 992 1949 1024 forma
1972 1002 2030 1034 per
2053 1003 2152 1034 quam
2174 1001 2286 1026 movet
2309 1001 2357 1026 est
2378 997 2451 1027 uni-

1378 1036 1517 1072 versalis,
1530 1042 1562 1067 et
1577 1037 1756 1068 universale
1769 1038 1905 1070 bonurn.
1922 1038 2009 1078 Ergo
2026 1038 2115 1070 Deus
2130 1045 2178 1070 est
2192 1040 2416 1073 intellectivus.
2427 1059 2451 1064 -

1376 1081 1535 1112 Probatur
1557 1082 1660 1122 prima
1690 1081 1934 1122 consequentia.
1966 1082 2063 1121 Quia,
2088 1093 2164 1114 cum
2188 1094 2287 1116 omne
2314 1095 2450 1116 movens

1376 1131 1508 1157 moveat
1530 1135 1589 1166 per
1611 1126 1754 1167 aliquam
1778 1126 1916 1158 formam
1933 1136 2031 1167 quam
2056 1128 2194 1160 intendit
2216 1131 2250 1160 in
2273 1130 2449 1166 movendo,

1377 1176 1508 1211 oportet
1530 1170 1622 1211 quod
1644 1172 1822 1202 universale
1846 1182 1983 1203 movens
2006 1179 2136 1204 moveat
2158 1183 2216 1214 per
2238 1172 2450 1206 universalem

1377 1215 1527 1247 formam.
1538 1233 1561 1238 -
1572 1215 1721 1247 Secunda
1737 1217 1833 1247 etiam
1846 1218 2010 1257 probatur.
2023 1218 2109 1256 Quia
2121 1217 2225 1250 forma
2240 1229 2299 1260 per
2313 1220 2450 1251 modum

1377 1260 1591 1291 universalem
1613 1269 1681 1291 non
1705 1267 1753 1291 est
1775 1262 1836 1292 nisi
1860 1262 1893 1292 in
1916 1262 2091 1294 intellectu.

1432 1304 1574 1335 Adverte
1598 1304 1847 1337 fundamentum
1876 1307 1966 1337 istius
1994 1308 2126 1338 rationis
2154 1318 2223 1339 esse
2247 1308 2353 1349 quod,
2374 1311 2450 1350 quia

1378 1348 1459 1379 ordo
1484 1349 1660 1380 effectuum
1685 1350 1917 1391 correspondet
1940 1351 2045 1382 ordini
2072 1362 2251 1389 causarum,
2275 1359 2311 1384 ut
2334 1354 2450 1386 dicitur

1378 1393 1550 1435 11P11ss.*
1573 1399 1605 1424 et
1627 1395 1655 1425 V
1681 1395 1824 1436 Metaph.
1840 1397 1885 1432 ³⁸,
1910 1396 1985 1427 ideo
2010 1403 2139 1437 oportet
2161 1404 2198 1429 ut
2222 1398 2326 1429 forma
2349 1408 2449 1439 quam

1378 1439 1484 1479 primo
1510 1444 1541 1469 et
1556 1439 1776 1480 principaliter
1791 1440 1928 1471 intendit
1943 1451 2040 1481 agens
2056 1447 2088 1472 et
2101 1452 2237 1473 movens
2259 1443 2448 1481 universale,

1378 1483 1419 1513 sit
1436 1483 1638 1514 universalis:
1652 1483 1744 1520 idest,
1760 1491 1797 1515 ut
1813 1486 1893 1516 ratio
1910 1485 2053 1516 formalis
2070 1486 2202 1518 effectus
2217 1488 2318 1528 ipsius
2334 1488 2449 1520 causae

1378 1527 1574 1568 inquantum
1598 1534 1645 1559 est
1668 1529 1737 1559 eius
1761 1529 1904 1566 effectus,
1928 1531 1968 1561 sit
1990 1531 2071 1561 ratio
2097 1533 2293 1563 universalis.
2317 1533 2449 1564 Etcum

1378 1582 1447 1603 non
1471 1574 1574 1613 possit
1590 1573 1695 1603 forma
1709 1574 1827 1605 habere
1843 1584 1911 1605 esse
1931 1575 2110 1607 universale
2133 1577 2194 1607 nisi
2217 1578 2250 1607 in
2273 1578 2448 1614 intellectu,

1378 1617 1454 1648 ideo
1478 1623 1608 1657 oportet
1632 1624 1669 1648 ut
1692 1619 1799 1658 ipsum
1824 1620 2003 1650 universale
2027 1630 2125 1660 agens
2147 1622 2187 1652 sit
2207 1622 2449 1653 intellectivum.

1437 1671 1467 1692 2.
1492 1661 1556 1693 Sed
1579 1661 1705 1693 videtur
1728 1663 1787 1693 ista
1803 1664 1883 1694 ratio
1900 1673 1968 1695 non
1993 1665 2199 1697 concludere.
2219 1665 2304 1705 Quia
2328 1666 2368 1697 ad
2386 1668 2450 1698 hoc

1379 1712 1415 1737 ut
1438 1715 1536 1746 agens
1551 1706 1697 1738 intendat
1713 1706 1851 1739 formam
1867 1709 2091 1746 universalem,
2107 1720 2175 1741 non
2195 1717 2325 1752 oportet
2336 1717 2372 1742 ut
2383 1713 2451 1753 ipsa

1378 1751 1495 1782 habeat
1513 1761 1582 1782 esse
1605 1752 1785 1784 universale
1801 1753 1834 1784 in
1852 1759 1977 1794 agente,
1994 1754 2050 1785 sed
2065 1754 2183 1786 sufficit
2206 1756 2296 1796 quod
2319 1756 2451 1788 effectus

1379 1796 1439 1827 sibi
1462 1796 1522 1827 sub
1545 1797 1616 1837 ipsa
1639 1797 1762 1828 ratione
1787 1799 1958 1829 universali
1985 1799 2194 1840 respondeat:
2218 1802 2301 1832 sicut
2324 1802 2450 1833 caelum

1379 1846 1427 1872 est
1449 1850 1548 1882 agens
1570 1841 1762 1878 universale,
1787 1848 1818 1873 et
1848 1849 1957 1874 tamen
1981 1854 2048 1875 non
2080 1845 2176 1876 habet
2197 1846 2231 1876 in
2254 1856 2288 1877 se
2312 1845 2450 1878 formam

1378 1885 1560 1917 secundum
1584 1896 1653 1917 esse
1678 1887 1868 1918 universale.
1900 1888 1963 1925 Sic,
1988 1889 2062 1920 licet
2086 1890 2174 1921 Deus
2204 1891 2244 1921 sit
2272 1892 2450 1924 universale

1378 1940 1476 1971 agens
1499 1936 1532 1961 et
1554 1931 1699 1962 intendat
1723 1933 1902 1963 universale
1930 1934 2065 1971 bonum,
2090 1944 2158 1965 non
2188 1941 2296 1966 tamen
2321 1942 2450 1977 oportet

1379 1981 1414 2006 ut
1437 1975 1609 2007 habeat-in
1632 1985 1667 2006 se
1690 1975 1828 2007 formam
1852 1978 2077 2011 universalem.
2097 1980 2137 2010 Et
2160 1980 2206 2010 sic
2229 1990 2296 2011 non
2321 1987 2450 2021 oportet

1378 2026 1424 2056 ut,
1448 2025 1581 2060 propter
1604 2021 1874 2052 universalitatem
1899 2022 2032 2059 formae,
2057 2024 2171 2054 habeat
2194 2025 2403 2058 intellectum.

1432 2064 1485 2095 Ad
1497 2065 1594 2095 huius
1606 2065 1850 2105 intelligentiam
1863 2067 2135 2099 considerandum
2147 2069 2248 2109 quod,
2262 2079 2338 2100 cum
2350 2079 2448 2110 opor-

1377 2114 1452 2146 teat,
1476 2114 1513 2140 ut
1536 2110 1570 2140 in
1593 2109 1799 2150 praecedenti
1823 2112 1947 2143 ratione
1971 2112 2011 2143 de
2034 2119 2143 2144 mente
2168 2114 2275 2145 Sancti
2299 2114 2448 2146 Thomae

1377 2153 1571 2185 adduximus
1586 2155 1613 2191 *,
1637 2155 1796 2186 rationem
1812 2156 1928 2196 agendi
1943 2157 2053 2198 aliquo
2069 2158 2171 2189 modo
2190 2159 2223 2189 in
2239 2165 2353 2199 agente
2369 2169 2448 2195 esse,

1377 2208 1509 2230 necesse
1533 2205 1580 2230 est
1603 2205 1639 2230 ut
1662 2209 1760 2240 agens
1783 2201 1953 2232 intendens
1969 2201 2107 2234 formam
2126 2203 2339 2234 universalem
2362 2205 2396 2234 in
2415 2214 2448 2235 se

1378 2243 1488 2284 aliquo
1501 2243 1603 2275 modo
1616 2243 1755 2275 formam
1771 2245 1985 2277 universalem
2001 2247 2125 2278 habeat.
2143 2247 2217 2284 Sed,
2233 2249 2316 2279 sicut
2331 2248 2449 2289 duplex

1379 2294 1426 2319 est
1438 2298 1535 2329 agens
1547 2289 1737 2325 universale,
1750 2290 1870 2321 scilicet
1882 2291 2061 2322 secundum
2075 2292 2357 2333 praedicationem,
2369 2294 2451 2324 sicut

1379 2332 1517 2364 dicimus
1541 2333 1631 2374 quod
1655 2334 1773 2365 animal
1796 2341 1927 2375 generat
1950 2337 2079 2373 animal,
2096 2343 2128 2368 et
2143 2337 2323 2369 secundum
2346 2337 2450 2378 perfe-

1379 2379 1534 2414 ctionem,
1557 2379 1641 2409 sicut
1664 2379 1806 2415 caelum;
1831 2381 1875 2411 ita
1890 2380 2029 2412 formam
2045 2382 2259 2413 universalem
2282 2383 2452 2423 dupliciter

1380 2433 1449 2454 esse
1474 2429 1604 2464 oportet
1626 2424 1660 2454 in
1685 2434 1780 2455 causa
1803 2426 1984 2456 universali.
2009 2427 2044 2456 ln
2061 2437 2156 2458 causa
2171 2427 2266 2458 enim'
2282 2428 2452 2458 universali

1380 2468 1561 2500 secundum
1585 2468 1870 2510 praedicationem,
1887 2470 2005 2501 sufficit
2028 2478 2062 2502 ut
2081 2473 2121 2502 sit
2139 2471 2243 2503 forma
2266 2473 2452 2503 universalis

1380 2519 1455 2545 actu
1479 2513 1612 2554 quidem
1638 2514 1760 2545 habens
1791 2524 1859 2545 esse
1887 2516 2089 2555 particulare,
2120 2517 2264 2557 potentia
2289 2523 2397 2548 autem
2420 2523 2452 2547 et

1381 2557 1663 2589 fundamentaliter
1681 2558 1803 2589 habens
1827 2569 1895 2590 esse
1919 2561 2114 2591 universale:
2139 2562 2215 2601 quia
2231 2567 2263 2591 et
2277 2563 2310 2592 in
2335 2562 2451 2593 effectu

1380 2603 1477 2634 habet
1499 2612 1568 2634 esse
1591 2603 1792 2643 particulare,
1810 2609 1842 2634 et
1856 2613 1924 2634 non
1948 2605 2124 2636 intenditur
2146 2607 2254 2646 ipsum
2272 2606 2451 2637 universale

1380 2648 1443 2679 nisi
1465 2657 1524 2687 per
1546 2646 1705 2683 accidens,
1729 2649 1797 2678 sive
1825 2648 2028 2686 secundario,
2052 2650 2091 2680 ab
2119 2656 2234 2690 agente
2256 2651 2450 2691 particulari,

1380 2693 1576 2732 inquantum
1599 2690 1749 2723 videlicet
1770 2693 1805 2722 in
1827 2694 1899 2734 ipso
1919 2694 2100 2734 particulari
2119 2695 2257 2726 salvatur
2274 2696 2354 2725 ratio
2379 2696 2451 2726 uni-

1380 2736 1525 2772 versalis;
1547 2736 1631 2767 sicut
1646 2741 1679 2767 et
1693 2737 1801 2777 ipsum
1824 2738 2014 2779 particulare
2031 2745 2078 2769 est
2101 2748 2198 2779 agens
2212 2740 2319 2780 primo
2343 2745 2374 2770 et
2393 2749 2451 2780 per

1381 2790 1426 2817 se,
1450 2780 1630 2811 universale
1653 2787 1762 2812 autem
1777 2783 1980 2819 secundario,
1995 2785 2190 2824 inquantum
2212 2785 2245 2815 in
2269 2784 2451 2824 particulari

1381 2825 1478 2856 habet
1493 2834 1573 2858 esse.
1589 2824 1653 2856 Sed
1667 2826 1702 2856 in
1718 2837 1813 2858 causa
1828 2828 1998 2859 universali
2014 2828 2193 2859 secundum
2206 2828 2449 2869 perfectionem,

1382 2871 1459 2911 quia
1482 2870 1552 2911 ipsa
1575 2870 1681 2911 primo
1706 2878 1738 2902 et
1760 2882 1819 2913 per
1841 2882 1876 2903 se
1898 2873 2035 2904 intendit
2064 2874 2253 2909 universale,
2278 2879 2310 2904 et
2336 2882 2450 2904 secun-

1382 2914 1473 2946 dario
1497 2915 1710 2955 particularia,
1735 2922 1771 2947 ut
1794 2927 1833 2948 ex
1856 2917 1934 2958 ipsis
1957 2918 2082 2948 bonum
2105 2918 2283 2948 universale
2306 2918 2450 2954 resultat;

1382 2959 1458 2990 ideo
1482 2965 1613 3000 oportet
1635 2966 1672 2991 ut
1690 2962 1724 2992 in
1743 2962 1815 3002 ipso
1839 2961 1944 2993 forma
1966 2972 2025 3003 per
2039 2972 2138 3003 quarn
2162 2963 2226 3003 agit
2248 2963 2363 2993 habeat
2382 2971 2451 2992 esse

1382 3004 1577 3041 universale;
1603 3010 1635 3035 et
1655 3015 1714 3046 per
1737 3016 1941 3047 consequens
1963 3007 2033 3048 ipsa
2061 3017 2158 3038 causa
2181 3008 2220 3037 sit
2246 3007 2450 3042 intellectiva,

1384 3058 1461 3080 cum
1483 3049 1518 3080 in
1541 3049 1613 3080 solo
1637 3051 1802 3082 intellectu
1825 3051 1929 3082 forma
1951 3052 2066 3083 habeat
2089 3061 2158 3082 esse
2181 3051 2368 3082 universale.

1439 3093 1540 3132 Quod
1563 3100 1673 3126 autem
1696 3096 1832 3127 instatur
1846 3095 1886 3127 de
1904 3097 2014 3127 coelo:
2033 3115 2056 3119 —
2075 3096 2189 3127 dicitur
2205 3096 2295 3136 quod
2310 3095 2450 3130 coelum,

1384 3138 1411 3168 si
1432 3147 1502 3169 non
1517 3139 1558 3169 sit
1580 3140 1768 3176 animatum,
1785 3146 1833 3171 est
1849 3151 1946 3182 agens
1961 3140 2202 3172 instrumentale
2225 3140 2452 3181 intelligentiae

1384 3183 1556 3219 moventis,
1572 3194 1642 3215 non
1665 3190 1774 3216 autem
1797 3186 1986 3226 particulare
2010 3195 2106 3226 agens
2123 3185 2162 3216 de
2179 3194 2246 3225 quo
2270 3185 2322 3215 hic
2345 3185 2452 3225 loqui-

1384 3236 1468 3264 mur,
1492 3234 1529 3258 ut
1552 3228 1668 3260 dicitur
1697 3231 1731 3260 in
1753 3231 1849 3261 tertio
1879 3230 1972 3266 libro,
2001 3239 2071 3270 cap.
2094 3239 2177 3260 xxxv.
2209 3229 2249 3260 Et
2279 3228 2354 3260 ideo
2383 3238 2452 3260 non

1386 3278 1517 3313 oportet
1533 3282 1602 3304 esse
1617 3275 1650 3304 in
1667 3275 1740 3315 ipso
1756 3274 1895 3305 formam
1911 3274 2091 3306 secundum
2107 3283 2176 3305 esse
2190 3273 2380 3310 universale,
2396 3273 2453 3305 sed

1386 3322 1512 3348 tantum
1527 3318 1562 3348 in
1577 3318 1788 3360 intelligentia
1811 3326 1974 3351 movente.
1990 3338 2012 3342 —
2034 3319 2067 3350 Si
2090 3324 2198 3349 autem
2221 3317 2362 3359 ponatur
2385 3319 2452 3349 ani—

1385 3367 1522 3398 matum,
1546 3363 1591 3394 sic
1615 3369 1663 3394 est
1685 3364 1861 3404 principale
1889 3374 1996 3405 agens,
2020 3369 2052 3394 et
2074 3363 2169 3393 habet
2192 3364 2225 3393 in
2253 3372 2287 3393 se
2315 3362 2453 3393 formam

1386 3407 1568 3438 secundum
1591 3417 1660 3438 esse
1683 3409 1862 3439 universale
1885 3418 1943 3449 per
1965 3408 2174 3438 intellectum.

1443 3452 1496 3482 XI.
1518 3453 1638 3483 Tertio.
1655 3453 1792 3494 Agentia
1808 3463 1891 3493 quae
1907 3462 1964 3493 per
1979 3451 2191 3483 intellectum'
2202 3457 2346 3488 movent,
2363 3461 2454 3482 com-

1387 3502 1540 3537 parantur
1555 3496 1595 3527 ad
1611 3497 1719 3528 Deum
1735 3498 1818 3529 sicut
1833 3498 2083 3528 instrumentum
2099 3496 2139 3527 ad
2154 3506 2251 3536 agens
2266 3496 2453 3537 principale.

1387 3542 1474 3581 Ergo
1498 3541 1587 3572 Deus
1604 3547 1651 3572 est
1666 3542 1857 3583 intelligens.
1873 3559 1894 3565 -
1910 3541 2113 3572 Antecedens
2129 3546 2226 3582 patet.
2243 3540 2330 3579 Quia
2344 3541 2455 3572 omnia

1387 3586 1553 3617 moventia
1569 3596 1652 3627 quae
1668 3592 1743 3617 sunt
1760 3588 1794 3617 in
1814 3586 1949 3621 mundo,
1966 3591 2195 3626 comparantur
2211 3585 2251 3616 ad
2274 3585 2383 3616 Deum
2398 3585 2454 3616 illo

1387 3629 1504 3661 modo:
1522 3639 1562 3660 eo
1580 3630 1670 3671 quod
1685 3632 1725 3662 sit
1748 3632 1888 3671 primum
1911 3629 2057 3663 movens.
2074 3649 2097 3653 —
2112 3628 2357 3671 Consequentia
2377 3639 2454 3660 vero

1388 3675 1552 3716 probatur.
1569 3675 1655 3713 Quia
1670 3676 1704 3706 in
1719 3675 1810 3706 nullo
1827 3674 1939 3706 ordine
1962 3675 2165 3706 moventium
2188 3676 2350 3706 invenitur
2365 3674 2456 3715 quod

2478 954 2486 962 ·
2502 952 2538 974 Cf.
2550 958 2573 974 n.
2584 958 2600 975 1.
2612 952 2662 974 init.

2477 1395 2486 1403 ·
2508 1394 2566 1421 Cap.
2593 1400 2628 1419 ιιι,
2658 1401 2690 1419 ¹²:

2477 1420 2613 1478 {sq-8¹14?
2631 1448 2645 1469 Ι.
2664 1453 2689 1476 3ς

2477 1473 2613 1501 Dnd.1v‚n,
2621 1480 2690 1501 ιι,ι2.

2476 2159 2484 2167 ·
2500 2157 2570 2179 Num.
2582 2163 2603 2181 v,
2613 2163 2633 2178 2.
