2768 4134
30 419 41 428 '
58 416 109 439 Fol.
130 422 154 446 53
174 415 243 444 (Ven.

31 443 104 471 ¹⁴07)-

0 1201 165 1239 *stetini

0 1351 239 1376 ⁸·Cttmaetvnr.

0 1743 176 1774 ÷‘'Cf-nnn.

765 287 953 325 SUMMA
982 288 1205 326 CONTRA
1232 289 1507 336 GENTILES,
1536 292 1692 337 LIB.11,
1724 292 1834 328 CAP.
1855 293 1982 329 LVIII.

271 364 336 396 dici
359 363 553 395 secundum:
579 365 655 405 quia
680 366 776 396 etiam
799 365 980 397 secundum
1008 368 1117 407 ipsum
1140 367 1286 404 Scotum,
1311 368 1343 398 in

272 409 299 439 11
315 408 414 445 Sent.,
432 408 462 439 d.
479 419 533 445 xn,
550 418 582 449 q.
599 419 621 439 11
633 410 660 445 ἦ
682 410 834 450 quicquid
858 411 1053 442 determinat
1066 412 1126 442 sibi
1145 422 1252 453 genus
1264 413 1345 453 for-

270 463 352 489 mae,
377 454 571 484 determinat
596 454 656 484 sibi
679 454 824 495 aliquam
847 456 983 495 speciem
1008 457 1040 486 in
1066 466 1189 498 genere
1212 457 1291 493 illo,·
1314 462 1345 487 et

269 498 316 529 sic
331 507 400 528 non
416 503 524 538 potest
539 497 662 538 aliquid
685 508 754 529 esse
777 499 811 529 in
833 509 950 539 genere
974 501 1120 541 corporis
1145 502 1224 541 quin
1248 501 1288 531 sit
1311 501 1344 531 in

269 543 378 583 aliqua
401 544 470 573 eius
493 543 611 583 specie.
631 560 653 564 -
669 542 703 573 Si
726 543 878 583 primum,
903 550 1025 575 contra.
1049 545 1116 575 Aut
1141 545 1193 576 illa
1220 545 1344 586 species

270 593 318 618 est
334 587 534 618 animatum:
550 593 605 617 aut
621 587 846 618 inanimatum.
864 588 940 619 Non
957 589 1155 620 secundum:
1175 591 1250 630 quia
1266 595 1343 620 tunc

269 637 344 672 post
373 631 549 668 adventum
576 631 702 662 animae
730 632 953 669 intellectivae,
981 640 1064 664 esset
1093 644 1206 665 verum
1238 633 1344 664 dicere

269 676 361 717 quod
383 677 480 706 homo
505 680 552 706 est
574 685 693 716 corpus
716 676 940 713 inanimatum,
965 678 991 708 si
1014 678 1199 709 admittatur
1225 687 1344 718 corpus

269 721 310 751 de
333 721 468 751 homine
484 719 670 760 praedicari,
688 731 763 751 cum
780 722 819 752 sit
836 723 903 752 eius
918 732 1031 763 genus.
1049 723 1123 754 Hoc
1139 729 1248 754 autem
1264 732 1343 753 con-

268 771 329 795 stat
352 774 422 796 esse
447 764 579 795 falsum:
597 774 674 795 cum
689 766 791 796 homo
807 767 848 797 sit
863 776 982 807 corpus
998 768 1187 798 animatum.
1203 786 1223 789 —
1242 767 1275 798 Si
1290 767 1344 797 illa

268 810 392 850 species
417 815 464 839 est
488 810 627 840 animata
643 810 709 840 sive
733 811 854 847 vivens,
870 817 926 842 aut
944 812 1002 842 erit
1024 812 1193 843 sensibile:
1215 817 1271 842 aut
1295 811 1343 841 in-

267 854 427 885 sensibile.
445 853 478 885 Si
493 854 689 891 insensibile,
706 860 783 886 tunc
799 865 913 886 verum
929 861 1012 887 esset
1027 856 1201 896 aliquando
1225 855 1342 892 dicere,

267 898 379 929 Homo
404 903 451 929 est
474 899 677 930 insensibilis.
710 899 743 930 Si
776 900 925 931 sensibile
949 901 1015 931 sive
1039 901 1168 937 animal,
1200 906 1254 931 aut
1284 900 1343 930 erit

269 944 442 978 rationale,
467 949 523 974 aut
553 944 770 974 irrationale:
792 954 860 975 non
884 945 981 981 enim,
1006 950 1042 975 ut
1065 944 1188 976 dictum
1213 951 1270 981 est,
1294 946 1342 975 in-

267 989 395 1019 venitur
417 997 520 1028 genus
544 989 612 1019 sine
635 989 754 1028 specie.
780 988 814 1019 Si
835 989 1028 1025 irrationale,
1053 999 1130 1029 ergo
1158 990 1259 1020 homo
1284 989 1343 1019 erit

267 1033 393 1063 animal
416 1033 621 1063 irrationale.
644 1032 677 1064 Si
700 1033 865 1069 rationale,
882 1043 959 1074 ergo
976 1034 1015 1064 ab
1031 1033 1144 1064 eadem
1166 1033 1271 1064 forma
1286 1034 1342 1064 ali-

268 1077 348 1118 quid
371 1083 418 1108 est
445 1087 564 1117 corpus
594 1078 715 1114 vivens,
739 1078 869 1114 animal,
893 1083 925 1109 et
955 1078 1110 1109 rationale
1134 1079 1200 1109 sive
1228 1079 1340 1109 homo.

267 1123 310 1153 Et
331 1131 390 1163 per
413 1131 618 1162 consequens
638 1131 707 1152 non
729 1123 893 1162 oportebit
908 1123 942 1153 in
958 1123 1092 1153 homine
1107 1132 1230 1163 ponere
1247 1123 1341 1154 aliam

267 1167 407 1198 formam
431 1167 613 1197 distinctam
638 1176 655 1196 a
679 1166 784 1197 forma
807 1167 1039 1207 corporeitatis.

323 1211 405 1242 VIII.
430 1211 539 1242 Tertio
558 1210 789 1251 principaliter
800 1212 827 1241 *.
843 1211 963 1242 Anima
977 1211 1172 1242 intellectiva
1192 1217 1224 1242 et
1240 1212 1340 1242 sensi-

266 1257 332 1287 tiva
344 1256 493 1287 adveniet
504 1255 752 1286 accidentaliter.
770 1255 856 1296 Ergo
868 1266 976 1296 neque
988 1256 1084 1286 homo
1097 1265 1205 1296 neque
1217 1256 1342 1286 animal

266 1301 456 1342 simpliciter
470 1299 663 1340 significabit
681 1309 796 1336 unum,
820 1310 928 1340 neque
951 1300 1085 1341 aliquod
1107 1310 1210 1340 genus
1233 1310 1342 1341 neque

265 1346 421 1387 species*
435 1346 469 1376 in
487 1344 750 1386 praedicamento
773 1345 981 1381 substantiae,
1005 1345 1062 1376 sed
1085 1345 1265 1376 secundum
1289 1355 1341 1375 ac-

267 1390 378 1422 cidens
400 1394 538 1421 tantum.
553 1407 576 1412 —
591 1389 749 1420 Probatur
767 1390 871 1429 prima
895 1390 1138 1430 consequentia.
1163 1389 1263 1427 Quod
1287 1389 1342 1420 ad-

265 1435 355 1466 venit
377 1435 474 1465 alicui
489 1439 564 1475 post
579 1443 649 1464 esse
665 1434 877 1474 completum,
895 1434 1025 1464 advenit
1041 1435 1070 1465 ei
1094 1433 1340 1464 accidentaliter.

266 1479 364 1511 Facta
379 1485 489 1510 autem
504 1478 558 1509 illa
573 1479 810 1518 suppositione,
824 1479 995 1509 advenient
1007 1478 1111 1509 dictae
1127 1479 1252 1509 animae
1267 1484 1342 1518 post

266 1533 336 1555 esse
359 1523 578 1563 completum:
604 1531 681 1553 cum
696 1523 803 1553 anima
826 1523 1014 1563 vegetativa,
1034 1528 1108 1562 post
1131 1532 1231 1563 quam
1247 1522 1342 1553 adve-

265 1569 334 1599 niet
356 1568 506 1598 sensitiva
521 1573 554 1597 et
576 1566 781 1602 intellectiva,
798 1567 838 1597 sit
861 1566 966 1597 forma
989 1567 1220 1603 substantialis;
1238 1566 1342 1597 forma

265 1617 376 1644 autem
399 1611 615 1642 substantialis
638 1610 733 1641 faciat
760 1620 817 1642 ens
841 1611 1043 1651 completum
1067 1611 1100 1640 in
1123 1620 1240 1650 genere
1267 1611 1342 1641 sub-

265 1657 410 1693 stantiae,
435 1665 476 1686 eo
493 1654 584 1696 quod
608 1654 704 1685 faciat
720 1664 776 1685 ens
794 1660 867 1685 actu
884 1661 916 1685 et
932 1655 996 1685 hoc
1019 1654 1152 1695 aliquid.
1177 1655 1263 1695 Ergo
1280 1660 1341 1686 etc.

267 1716 270 1719 ⁴
323 1710 354 1732 2.
378 1699 430 1732 Ad
454 1701 541 1731 'hanc
571 1700 742 1735 rationem,
774 1699 943 1739 sequendo
971 1699 1132 1740 principia
1163 1698 1262 1735 Scoti,
1286 1700 1342 1730 ubi

265 1754 362 1787 supra
372 1746 400 1782 ³,
417 1744 607 1786 responderi
629 1749 737 1785 potest
753 1743 854 1784 quod,
874 1745 901 1775 si
916 1753 973 1784 per
994 1753 1062 1775 esse
1077 1744 1269 1784 completum
1293 1744 1341 1774 in-

265 1790 426 1832 telligatur
442 1799 537 1820 omne
553 1798 621 1820 esse
643 1788 864 1825 substantiale,
882 1798 950 1819 non
974 1794 1104 1829 oportet
1127 1797 1261 1819 omnem
1277 1788 1342 1819 for-

264 1844 354 1867 mam
377 1834 604 1866 advenientem
622 1834 667 1864 rei
692 1838 768 1874 post
791 1843 859 1864 esse
876 1833 1078 1873 completum
1102 1842 1171 1864 esse
1194 1832 1343 1864 acciden—

265 1880 380 1912 talem:
404 1884 514 1920 potest
529 1879 617 1909 enim
633 1887 698 1909 una
715 1877 820 1908 forma
843 1878 1059 1909 substantialis
1082 1877 1232 1908 advenire
1253 1878 1342 1908 alteri

265 1924 401 1961 formae,
415 1930 446 1955 et
461 1930 571 1954 tamen
587 1922 662 1953 dare
679 1931 748 1953 esse
765 1923 982 1953 substantiale.
997 1940 1018 1943 —
1030 1922 1063 1953 Si
1080 1927 1188 1952 autern
1201 1931 1259 1962 per
1274 1932 1342 1953 esse

265 1970 459 2010 completum
483 1968 678 2007 intelligatur
702 1966 850 1997 ultimum
870 1977 938 1998 esse
952 1966 1164 1997 substantiale
1188 1967 1246 2002 rei,
1263 1972 1342 1998 tunc

266 2013 383 2046 falsum
407 2018 455 2044 est
477 2021 612 2043 ornnem
635 2011 775 2042 formam
798 2011 1134 2042 substantialem·dare
1158 2020 1226 2041 esse
1251 2021 1341 2042 com-

266 2059 401 2100 pletum.
419 2057 472 2089 Sic
495 2058 584 2088 enim
607 2056 676 2087 sola
699 2056 812 2086 ultima
836 2055 941 2086 forma
965 2055 1179 2086 substantialis
1203 2055 1256 2086 dat
1272 2066 1341 2088 esse

266 2103 485 2145 completum:
510 2102 590 2132 aliae
614 2106 723 2131 autem
746 2100 975 2140 praecedentes
999 2099 1076 2131 dant
1099 2110 1168 2130 esse
1195 2101 1341 2131 substan-

265 2149 352 2180 tialia
375 2147 529 2188 partialia,
554 2151 585 2177 et
606 2145 818 2176 includuntur
841 2146 874 2175 in
897 2145 1031 2186 proprio
1058 2144 1227 2186 potentiali
1251 2155 1341 2176 com-

266 2193 365 2235 positi
388 2191 479 2232 quod
502 2200 560 2231 per
582 2189 731 2221 ultimam
755 2187 901 2220 formam
918 2190 1134 2220 constituitur.

322 2236 386 2269 Sed
402 2235 492 2277 quod
507 2236 587 2266 haec
609 2235 778 2275 responsio
795 2234 883 2265 nulla
899 2235 948 2271 sit,
966 2234 1058 2265 facile
1074 2233 1201 2265 ostendi
1223 2239 1339 2274 potest.

266 2282 326 2313 Per
342 2291 411 2313 esse
435 2281 523 2312 enim
539 2280 731 2320 completum
747 2279 895 2319 intelligit
911 2279 1047 2310 Sanctus
1071 2279 1217 2310 Thomas
1235 2288 1340 2309 essen-

266 2327 345 2358 tiam
362 2326 420 2361 rei,
437 2319 613 2357 secundum
630 2334 726 2365 quam
743 2324 869 2365 aliquid
883 2329 931 2354 est
946 2323 980 2354 icl
994 2323 1082 2364 quod
1104 2328 1160 2359 est,
1186 2323 1230 2354 ad
1243 2333 1341 2364 quam

265 2371 412 2413 sequitur
435 2379 503 2401 esse
524 2369 745 2400 substantiale.
764 2368 805 2398 Et
828 2378 940 2399 sensus
956 2369 1086 2399 maioris
1108 2368 1341 2408 propositionis

267 2422 331 2448 est:
360 2415 462 2446 Omne
485 2414 573 2455 quod
595 2413 726 2444 advenit
749 2413 850 2443 alicui
866 2418 945 2453 post
968 2413 1138 2444 essentiam
1162 2413 1231 2443 eius
1254 2422 1341 2443 com—

261 2462 395 2502 pletam,
419 2465 450 2490 et
473 2463 706 2499 consequenter
729 2458 826 2488 etiam
843 2463 923 2498 post
944 2467 1013 2488 esse
1038 2457 1250 2488 substantiale
1273 2458 1342 2488 eius

266 2515 330 2547 quo
355 2506 388 2535 in
413 2507 528 2534 rerunt
548 2507 669 2533 natura
699 2502 850 2538 subsistit,
875 2502 1008 2533 advenit
1029 2502 1060 2533 ei
1085 2502 1340 2544 accidentaliter.

266 2551 357 2581 Patet
380 2553 488 2579 autem
512 2548 615 2588 ipsam
643 2547 904 2588 propositionem
928 2556 996 2578 esse
1019 2556 1138 2583 veram,
1164 2556 1201 2577 ex
1225 2547 1341 2587 proba-

267 2595 355 2626 tione
381 2602 479 2633 quam
503 2591 634 2622 adducit
661 2591 797 2622 Sanctus
821 2591 976 2622 Thomas.
1003 2590 1110 2621 Omne
1135 2592 1222 2622 enim
1251 2590 1341 2631 quod

266 2644 314 2670 est
337 2643 424 2669 extra
440 2637 612 2668 essentiam
635 2637 690 2673 rei,
709 2641 756 2666 est
778 2635 824 2666 illi
848 2635 1055 2666 accidentale.
1080 2635 1144 2666 Sed
1163 2645 1262 2665 omne
1286 2635 1341 2666 ad-

266 2684 400 2714 veniens
414 2687 490 2722 post
506 2681 676 2712 essentiam
693 2680 890 2721 completam
906 2685 954 2711 est
977 2686 1063 2710 extra
1086 2681 1131 2710 rei
1156 2680 1339 2710 essentiam:

266 2737 335 2759 non
359 2728 446 2758 enim
470 2725 634 2756 adveniret
662 2730 737 2765 post
768 2725 948 2761 essentiam,
973 2725 999 2755 si
1023 2729 1106 2755 esset
1135 2724 1175 2754 de
1202 2733 1340 2754 numero

267 2781 382 2804 eorum
395 2780 479 2812 quae
494 2769 718 2810 ingrediuntur
730 2769 911 2800 essentiam.
922 2786 946 2791 —
956 2768 1114 2799 Probatur
1128 2769 1242 2799 maior.
1255 2768 1340 2806 Quia

267 2826 366 2848 omne
383 2815 474 2856 quod
497 2820 544 2845 est
567 2813 784 2849 substantiale,
800 2813 977 2853 ingreditur
992 2814 1038 2843 rei
1054 2813 1241 2843 essentiam:
1261 2813 1340 2843 alio-

267 2862 346 2902 quin
370 2870 439 2891 non
455 2864 538 2890 esset
559 2859 606 2889 rei
621 2857 842 2893 substantiale;
859 2858 996 2888 essentia
1011 2858 1098 2887 enim
1114 2857 1341 2897 complectitur

267 2906 378 2937 omnia
400 2904 559 2945 principia
581 2902 802 2933 substantialia
824 2902 880 2932 rei.

323 2950 476 2982 Similiter
499 2947 539 2979 ad
561 2948 650 2978 hunc
673 2955 804 2977 sensum
819 2955 894 2976 vera
917 2951 965 2976 est
988 2946 1048 2976 alia
1071 2946 1263 2985 propositio,
1280 2946 1339 2976 sci-

267 2995 342 3026 licet
365 2993 456 3035 quod
473 2992 578 3024 omnis
591 2992 711 3033 forma
726 2990 948 3022 substantialis
961 2990 1053 3032 facit
1067 2999 1124 3020 ens
1147 2990 1339 3030 completum

268 3040 300 3070 in
324 3048 446 3081 genere
460 3037 668 3069 substantiae.
685 3036 858 3067 Rationem
878 3034 1008 3065 adducit
1027 3034 1162 3065 Sanctus
1178 3034 1337 3064 Thomas:

267 3084 345 3126 quia
359 3083 451 3126 facit
472 3092 529 3113 ens
552 3086 627 3111 actu
650 3085 682 3111 et
696 3081 758 3111 hoc
780 3078 913 3120 aliquid.
932 3078 1039 3109 Omne
1063 3079 1149 3109 enim
1174 3078 1264 3119 quod
1282 3088 1339 3119 per

268 3138 302 3160 se
325 3129 431 3159 existit
452 3127 487 3157 in
509 3131 623 3157 natura
647 3130 678 3156 et
701 3130 748 3155 est
770 3124 832 3154 hoc
855 3123 988 3164 aliqui-d,
1006 3124 1072 3153 sive
1095 3123 1267 3164 singulare
1285 3123 1339 3154 de-

268 3178 493 3207 monstratum,
528 3171 626 3201 habet
656 3169 827 3200 essentiam
856 3168 1096 3199 substantialem
1126 3168 1337 3207 completam:

267 3218 346 3259 quia
368 3217 539 3248 subsistere
562 3220 718 3255 tanquam
741 3214 805 3244 hoc
821 3212 943 3253 aliquid
966 3212 1119 3242 convenit
1134 3217 1260 3242 tantum
1283 3212 1339 3242 ha-

269 3262 419 3294 bentibus
435 3261 605 3292 essentiam
623 3258 836 3299 completam;
860 3267 929 3288 non
945 3257 1033 3287 enim
1052 3255 1188 3287 dicimus
1212 3256 1339 3287 Sortem

269 3307 402 3338 existere
425 3307 459 3336 in
482 3310 596 3335 natura
607 3304 679 3334 ‘nisi
695 3308 868 3343 postquam
892 3301 987 3331 habet
1005 3301 1175 3331 essentiam
1194 3301 1339 3341 comple-

269 3358 346 3382 tam.
370 3350 434 3382 Sed
457 3350 564 3381 omnis
588 3348 693 3379 forma
710 3346 925 3379 substantialis
948 3345 1023 3375 facit
1042 3345 1163 3385 aliquid
1186 3350 1260 3375 actu
1282 3354 1340 3385 per

269 3406 303 3427 se
317 3396 454 3426 existens
466 3399 498 3425 et
507 3395 571 3424 hoc
588 3391 719 3433 aliquid,
736 3390 915 3422 secundum
929 3389 1151 3420 conditionem
1163 3390 1212 3420 sui
1228 3390 1338 3429 ipsius.

270 3441 388 3471 Forma
408 3440 496 3470 enim
519 3437 734 3469 substantialis
750 3446 788 3467 ex
812 3436 934 3466 unione
950 3435 999 3464 sui
1015 3434 1055 3465 ad
1077 3434 1243 3464 materiam
1266 3433 1341 3464 facit

270 3484 404 3525 aliquod
428 3483 649 3524 compositum
673 3491 730 3522 per
745 3482 847 3521 ipsam
872 3480 1084 3510 constitutum
1099 3479 1232 3509 existere
1248 3479 1341 3509 abso-

269 3530 336 3560 lute
360 3530 393 3559 in
417 3534 547 3559 natura:
571 3537 629 3567 per
651 3527 715 3557 hoc
739 3526 826 3556 enim
850 3524 940 3565 quod
964 3523 1067 3554 forma
1082 3523 1158 3563 equi
1182 3528 1229 3553 est
1252 3523 1342 3553 unita

270 3574 432 3610 materiae,
456 3582 569 3603 verum
594 3577 640 3602 est
663 3571 810 3601 absolute
834 3575 864 3600 et
881 3569 1001 3609 absque
1025 3568 1085 3598 alia
1108 3566 1271 3597 additione
1295 3566 1342 3597 di-

272 3628 343 3649 cere
367 3618 524 3658 quoniam
547 3626 647 3657 equus
671 3620 734 3651 est;
757 3621 788 3645 et
811 3624 867 3655 per
890 3614 953 3644 hoc
978 3611 1068 3653 quod
1091 3612 1196 3641 anima
1218 3611 1342 3641 intelle—

271 3663 354 3693 ctiva
377 3662 544 3692 materiam
566 3660 729 3695 informat,
753 3660 849 3690 homo
882 3663 928 3689 est
951 3658 983 3687 in
1009 3662 1138 3687 natura.
1170 3655 1256 3695 Ergo
1281 3661 1341 3686 etc.

2394 293 2470 340 413

1456 367 1497 398 Et
1520 368 1565 398 sic
1589 368 1797 398 manifestum
1813 374 1860 399 est
1876 368 1981 399 datam
2005 370 2252 409 responsionem
2268 379 2336 401 non
2359 369 2472 401 infrin-

1399 421 1474 452 gere
1497 413 1656 443 rationem
1679 412 1787 443 Sancti
1804 413 1962 444 Thomae.
1987 413 2077 444 Patet
2092 414 2178 445 enim
2195 424 2233 445 ex
2257 414 2348 445 dictis
2373 424 2471 446 omne

1400 455 1491 496 quod
1514 456 1642 487 advenit
1665 457 1760 487 alicui
1777 464 1812 487 ut
1836 457 1940 488 forma
1962 458 2088 489 realiter
2110 458 2288 490 informans
2310 465 2386 499 post
2401 469 2470 490 esse

1399 500 1615 537 substantiale,
1632 501 1869 532 accidentaliter
1884 502 2048 533 advenire:
2073 512 2149 534 cum
2173 513 2271 534 omne
2294 503 2356 534 tale
2372 513 2470 544 opor-

1399 549 1463 575 teat
1487 554 1556 575 esse
1580 550 1667 575 extra
1691 547 1860 576 essentiam
1883 547 1938 583 rei,
1957 556 1997 577 eo
2022 547 2112 587 quod
2128 553 2252 579 tantum
2276 548 2396 579 habens
2421 558 2469 579 es-

1399 589 1535 619 sentiam
1558 589 1806 620 substantialiter
1829 591 1934 630 primo
1960 591 2080 621 existat.

1454 633 1544 663 Patet
1568 634 1664 664 etiam
1693 643 1827 664 omnem
1858 634 1995 665 formam
2024 636 2265 667 substantialem
2297 636 2372 667 dare
2400 646 2468 667 esse

1399 677 1601 717 completum
1625 683 1656 708 et
1679 678 1831 709 ultimum
1849 679 1905 715 rei,
1924 679 2104 710 secundum
2124 680 2345 712 conditionem
2368 682 2468 721 ipsius

1398 720 1533 752 formae.
1557 722 1676 753 Forma
1700 724 1787 753 enim
1810 724 1955 763 corporis
1979 722 2054 754 facit
2084 725 2254 755 essentiam
2278 734 2468 766 corpoream

1399 771 1431 796 et
1454 775 1522 796 esse
1549 776 1756 807 corporeum,
1787 767 1879 807 quod
1909 773 1955 798 est
1987 768 2138 799 ultimum
2166 778 2233 799 esse
2263 770 2468 800 substantiale

1398 811 1554 841 essentiae
1578 821 1764 852 corporeae,
1784 817 1820 842 ut
1843 813 1902 848 sic;
1928 817 1959 842 et
1982 811 2086 843 forma
2101 813 2246 844 animalis
2262 813 2337 844 facit
2361 823 2468 845 essen-

1397 855 1477 893 tiam
1499 860 1531 885 et
1554 865 1623 886 esse
1647 856 1802 893 animalis,
1820 862 1854 887 ut
1877 857 1933 886 sic.
1958 856 2065 887 Omne
2089 858 2176 888 enim
2193 857 2279 888 aliud
2303 867 2371 889 esse
2394 864 2469 899 post

1397 898 1478 930 illud
1501 899 1683 937 adveniens,
1700 910 1768 931 non
1785 906 1832 932 est
1855 901 2000 941 corporis
2017 907 2072 932 aut
2087 902 2232 932 animalis
2251 907 2287 932 ut
2309 903 2354 932 sic
2377 912 2468 942 prae-

1398 944 1472 980 cise,
1496 944 1552 975 sed
1574 945 1714 975 hominis
1730 951 1785 976 aut
1807 946 1890 986 equi,
1915 951 1971 976 aut
1993 946 2129 977 alicuius
2151 946 2280 977 alterius
2296 956 2354 987 per
2377 948 2468 978 cuius

1397 988 1537 1019 formam
1560 990 1767 1020 constituitur
1789 990 1851 1020 tale
1876 999 1955 1020 esse.

1454 1033 1483 1063 3.
1508 1033 1728 1065 Confirmatur
1743 1035 1822 1064 haec
1837 1035 1918 1065 ratio
1943 1034 2051 1065 Sancti
2066 1035 2215 1066 Thomae
2230 1044 2288 1075 per
2310 1035 2468 1065 rationem

1397 1076 1672 1109 Commentatoris
1703 1079 1715 1109 I
1744 1079 1854 1119 Pars„
1883 1085 2070 1114 commento
2099 1079 2152 1110 63.
2181 1078 2268 1110 Cum
2295 1080 2382 1110 enim
2407 1089 2468 1120 po-

1395 1128 1486 1153 neret
1508 1123 1674 1153 Avicenna
1698 1122 1836 1153 formam
1859 1124 2080 1163 corporeitatis
2103 1129 2176 1154 ante
2200 1123 2375 1155 adventum
2393 1124 2468 1154 alia-

1395 1176 1468 1197 rum
1484 1166 1662 1198 formarum
1689 1168 1855 1198 materiam
1884 1167 2069 1204 informare,
2093 1169 2196 1208 arguit
2226 1173 2337 1199 contra
2360 1169 2468 1208 ipsum

1397 1210 1654 1248 Commentator,
1679 1213 1755 1252 quia
1778 1218 1855 1243 tunc
1880 1222 1994 1243 omnes
2017 1214 2249 1253 subsequentes
2272 1212 2395 1243 formae
2419 1222 2467 1244 es-

1395 1262 1466 1286 sent
1481 1256 1668 1287 accidentia.
1687 1257 1719 1287 Si
1736 1257 1822 1287 enim
1839 1258 1918 1288 ratio
1936 1258 2004 1288 eius
2025 1262 2136 1288 contra
2152 1257 2351 1288 Avicennam
2367 1263 2465 1298 tenet,

1396 1305 1428 1330 et
1450 1300 1533 1331 hanc
1557 1302 1715 1332 rationem
1739 1301 1846 1332 Sancti
1870 1301 2019 1332 Thomae
2043 1301 2207 1332 efficacem
2230 1311 2298 1332 esse
2322 1301 2466 1332 dicamus

1396 1350 1536 1385 oportet.

1451 1398 1483 1428 4.
1500 1389 1564 1420 Sed
1580 1391 1720 1420 occurrit
1735 1390 1871 1420 dubium
1890 1391 1973 1421 circa
1989 1390 2141 1421 ultimum
2157 1399 2360 1430 consequens
2376 1389 2466 1431 quod

1396 1433 1527 1464 deducit
1557 1434 1691 1465 Sanctus
1716 1434 1870 1471 Thomas,
1895 1441 2053 1474 quantum
2083 1435 2123 1465 ad
2154 1444 2225 1465 eam
2251 1440 2376 1475 partem
2402 1444 2467 1475 qua

1395 1478 1503 1518 inquit
1526 1479 1682 1518 quoniam
1713 1488 1814 1519 neque
1844 1479 1978 1519 aliquod
1999 1489 2104 1520 genus
2130 1489 2231 1520 neque
2256 1479 2376 1520 species
2391 1480 2408 1495 ᾖ
2432 1479 2464 1509 in

1392 1523 1658 1562 praedicamento
1689 1523 1887 1554 substantiae
1915 1523 2113 1565 significabit
2143 1533 2242 1554 unum
2267 1523 2464 1564 simpliciter.

1396 1566 1470 1596 Hoc
1494 1568 1582 1597 enim
1604 1577 1673 1598 non
1696 1567 1822 1597 videtur
1845 1568 1937 1607 sequi
1968 1567 2009 1598 de
2035 1577 2151 1608 genere
2175 1567 2265 1608 quod
2287 1577 2344 1608 per
2367 1577 2466 1598 unam

1397 1609 1535 1641 formam
1559 1612 1775 1647 constituitur,
1799 1612 1882 1642 sicut
1910 1612 1974 1642 hoc
2001 1621 2103 1652 genus
2127 1612 2217 1652 quod
2240 1612 2313 1643 dico
2338 1621 2465 1652 corpus,

1397 1654 1488 1694 quod
1503 1664 1561 1695 per
1576 1655 1715 1686 formam
1730 1655 1895 1686 dumtaxat
1911 1657 2132 1696 corporeitatis
2149 1657 2363 1687 constituitur.
2380 1656 2467 1686 Cum

1397 1700 1485 1729 enim
1504 1698 1612 1739 plures
1629 1700 1747 1730 formas
1763 1709 1832 1730 non
1847 1699 1941 1736 dicat,
1958 1710 2026 1731 non
2042 1701 2187 1740 sequitur
2203 1700 2293 1741 quod
2308 1701 2348 1731 sit
2363 1709 2467 1731 unum

1397 1753 1455 1783 per
1478 1743 1643 1774 accidens:
1672 1744 1746 1774 licet
1774 1743 1813 1775 de
1845 1744 1975 1775 homine
2002 1750 2032 1775 et
2059 1745 2195 1775 animali
2218 1745 2282 1775 hoc
2305 1750 2467 1784 sequatur,

1396 1788 1430 1818 in
1454 1788 1586 1828 quibus,
1611 1788 1791 1820 secundum
1815 1788 1998 1825 Platonem,
2023 1794 2189 1829 ponuntur
2212 1789 2319 1830 plures
2342 1789 2467 1820 animae

1397 1832 1574 1864 distinctae.

1452 1876 1654 1918 Responderi
1678 1882 1784 1918 potest
1800 1877 1891 1917 quod
1913 1887 1981 1908 non
2005 1877 2150 1918 loquitur
2165 1877 2299 1909 Sanctus
2323 1876 2467 1908 Thomas

1396 1922 1618 1952 universaliter
1645 1921 1684 1952 de
1716 1930 1834 1962 genere
1863 1922 2067 1958 substantiae,
2096 1922 2152 1952 sed
2182 1927 2308 1952 tantum
2333 1921 2372 1952 de
2394 1922 2467 1953 sub-

1395 1966 1516 1997 stantia
1543 1967 1699 2002 animata,
1725 1966 1764 1996 de
1789 1975 1853 2006 qua
1877 1967 1910 1996 in
1941 1967 2005 1997 hoc
2029 1966 2171 2006 capitulo
2196 1971 2243 1996 est
2270 1975 2387 2002 sermo,
2412 1972 2467 1997 aut

1397 2011 1493 2040 etiam
1510 2010 1550 2041 de
1572 2011 1752 2041 substantia
1768 2019 1938 2051 corporea.
1956 2011 2108 2051 Sequitur
2124 2011 2211 2041 enim
2227 2009 2317 2051 quod
2339 2010 2466 2041 nullum

1395 2064 1498 2095 genus
1522 2060 1577 2085 aut
1603 2055 1725 2095 species
1757 2056 1952 2085 substantiae
1979 2056 2115 2086 viventis
2146 2061 2200 2086 aut
2227 2064 2402 2095 corporeae
2426 2055 2466 2085 sit

1395 2109 1500 2130 unum
1523 2099 1725 2140 simpliciter:
1751 2100 1827 2140 quia
1850 2109 1948 2130 omne
1972 2100 2034 2130 tale
2056 2109 2158 2140 genus
2181 2105 2236 2130 aut
2258 2099 2381 2139 species
2411 2100 2466 2129 ha-

1395 2144 1484 2175 bebit
1499 2143 1637 2175 formam
1656 2143 1795 2175 additam
1819 2143 1942 2175 formae
1958 2145 2178 2185 corporeitatis
2194 2149 2249 2174 aut
2271 2144 2395 2174 animae
2411 2153 2466 2174 ve-

1395 2189 1562 2229 getativae.
1582 2188 1656 2226 Qua
1676 2189 1799 2219 ratione
1823 2189 1910 2219 enim
1934 2190 1966 2219 in
1990 2189 2123 2219 homine
2139 2189 2271 2229 ponitur
2293 2189 2399 2218 anima
2417 2189 2466 2219 in-

1395 2234 1555 2264 tellectiva
1578 2233 1726 2264 distincta
1742 2243 1762 2269 a,
1782 2234 1931 2264 sensitiva
1955 2239 1986 2264 et
2002 2234 2187 2274 vegetativa,
2208 2232 2320 2263 eadem
2343 2233 2465 2263 ratione

1395 2279 1430 2308 in
1453 2278 1606 2308 omnibus
1633 2278 1701 2308 aliis
1724 2278 1906 2308 viventibus
1931 2279 1989 2308 erit
2016 2278 2119 2308 forma
2147 2277 2294 2308 distincta
2318 2286 2335 2306 a
2362 2277 2466 2308 forma

1395 2323 1531 2363 generis,
1556 2332 1639 2363 quae
1664 2328 1711 2353 est
1734 2323 1841 2353 anima
1857 2323 2049 2362 vegetativa;
2074 2323 2153 2353 etin
2178 2322 2268 2352 omni
2291 2321 2466 2352 substantia

1397 2376 1554 2408 corporea
1578 2368 1636 2397 erit
1659 2366 1763 2397 forma
1785 2366 1933 2398 distincta
1956 2377 1974 2397 a
1998 2366 2101 2397 forma
2125 2366 2354 2407 corporeitatis.

1452 2412 1506 2442 IX.
1533 2411 1670 2448 Quarto.
1696 2411 1739 2448 Si,
1764 2411 1943 2442 secundum
1971 2412 2162 2452 opinionem
2186 2410 2337 2446 Platonis,
2364 2411 2465 2440 homo

1397 2461 1444 2486 est
1467 2456 1578 2486 anima
1603 2461 1695 2486 utens
1718 2465 1866 2497 corpore,
1891 2462 1946 2486 aut
1968 2457 2155 2496 intelligitur
2178 2455 2217 2486 de
2245 2455 2351 2484 anima
2373 2455 2467 2485 intel-

1396 2501 1511 2531 lectiva
1533 2506 1670 2536 tantum,
1687 2506 1742 2531 aut
1765 2500 1804 2531 de
1820 2501 1987 2531 animabus
2011 2501 2110 2531 tribus
2126 2506 2181 2530 aut
2205 2499 2339 2530 duabus.
2364 2499 2397 2530 Si
2417 2509 2466 2530 se-

1396 2545 1551 2582 cundum,
1568 2551 1646 2575 tunc
1670 2545 1771 2575 homo
1796 2554 1863 2575 non
1888 2546 1946 2575 erit
1969 2554 2072 2575 unum
2088 2544 2290 2584 simpliciter:
2315 2543 2392 2583 quia
2408 2544 2466 2574 erit

1395 2595 1458 2620 tres
1482 2588 1537 2620 aut
1560 2589 1642 2619 duae
1666 2589 1801 2619 animae.
1819 2589 1852 2620 Si
1875 2590 2027 2628 primum,
2043 2589 2087 2619 ita
2108 2589 2228 2619 scilicet
2252 2586 2342 2627 quod
2360 2588 2466 2618 anima

1395 2634 1545 2664 sensitiva
1567 2634 1607 2663 sit
1637 2632 1742 2663 forma
1770 2633 1925 2673 corporis,
1951 2638 1982 2663 et
2012 2634 2119 2663 anima
2148 2632 2342 2662 intellectiva
2372 2637 2465 2662 utens

1395 2687 1532 2718 corpore
1556 2676 1748 2713 sensificato,
1773 2678 1918 2718 sequitur
1941 2676 2032 2717 quod
2055 2678 2155 2707 homo
2183 2685 2250 2707 non
2274 2675 2313 2706 sit
2337 2677 2463 2713 animal,

1395 2722 1451 2753 sed
1475 2727 1588 2752 utatur
1612 2722 1749 2752 animali
1757 2729 1769 2757 ‚·
1796 2727 1827 2752 et
1851 2721 1941 2762 quod
1965 2731 2032 2752 non
2062 2722 2186 2757 sentiat,
2210 2719 2266 2750 sed
2295 2724 2406 2750 utatur
2429 2730 2465 2751 re

1394 2767 1558 2797 sentiente.
1583 2766 1673 2796 Haec
1696 2771 1771 2796 sunt
1793 2766 2065 2796 inconvenientia.
2089 2765 2175 2805 Ergo
2200 2770 2261 2795 etc.

1450 2811 1488 2841 X.
1517 2810 1648 2847 Quinto.
1675 2809 1856 2850 Oportebit,
1872 2811 1899 2840 si
1914 2811 2065 2841 uniantur
2084 2810 2192 2850 plures
2211 2809 2336 2839 animae
2356 2808 2396 2839 ad
2418 2808 2464 2839 fa-

1395 2855 1547 2886 ciendum
1562 2854 1684 2895 aliquid
1700 2864 1813 2891 unum,
1837 2854 1928 2895 quod
1951 2855 1990 2885 sit
2013 2854 2134 2895 aliquid
2158 2863 2210 2884 eas
2233 2853 2363 2885 uniens:
2388 2863 2463 2884 cum

1393 2909 1462 2930 non
1478 2909 1512 2930 se
1527 2900 1666 2930 habeant
1689 2899 1797 2939 plures
1821 2900 1945 2929 animae
1961 2900 1993 2929 in
2018 2900 2151 2929 homine
2174 2899 2256 2928 sicut
2278 2898 2409 2929 materia
2432 2903 2463 2928 et

1394 2943 1508 2980 forma,
1532 2943 1589 2974 sed
1607 2953 1722 2974 omnes
1745 2949 1908 2984 ponantur
1930 2949 1966 2974 ut
1989 2949 2078 2974 actus
2098 2942 2228 2983 quidam
2253 2948 2283 2973 et
2306 2942 2462 2983 principia

1394 2989 1570 3019 actionum.
1595 2989 1669 3019 Hoc
1685 2994 1794 3019 autem
1816 2998 1884 3019 non
1899 2993 2007 3028 potest
2023 2997 2090 3018 esse
2106 2996 2240 3027 corpus:
2265 2997 2339 3018 cum
2360 2987 2461 3026 magis

1394 3042 1513 3073 corpus
1536 3033 1666 3063 uniatur
1688 3042 1745 3073 per
1775 3033 1926 3063 animam.
1950 3033 2036 3072 Ergo
2064 3033 2122 3062 erit
2144 3031 2264 3071 aliquid
2294 3031 2460 3062 formalius

1394 3078 1449 3108 eis.
1474 3077 1515 3108 Et
1539 3077 1601 3108 hoc
1625 3078 1684 3107 erit
1706 3078 1807 3117 magis
1834 3078 1941 3107 anima
1965 3086 2063 3117 quam
2092 3076 2146 3106 illa
2173 3076 2264 3115 plura
2295 3085 2377 3116 quae
2401 3085 2459 3116 per

1393 3123 1501 3162 ipsum
1524 3122 1690 3152 uniuntur.
1715 3122 1756 3152 Et
1786 3122 1831 3151 sic
1858 3121 2010 3161 deinceps
2038 3125 2187 3160 arguetur
2217 3129 2390 3160 quousque
2418 3119 2458 3150 ad

1394 3165 1515 3206 aliquid
1539 3165 1629 3206 quod
1651 3166 1690 3196 sit
1713 3165 1894 3196 secundum
1916 3175 1950 3196 se
1973 3175 2076 3196 unum
2099 3164 2294 3195 deveniatur.

1439 3209 1588 3241 -Adverte
1605 3210 1695 3250 quod
1717 3210 1791 3241 ideo
1816 3215 1980 3250 oporteret
1994 3210 2109 3240 uniens
2131 3209 2200 3239 illas
2215 3209 2335 3239 animas
2359 3208 2459 3247 magis

1394 3264 1462 3285 esse
1486 3256 1637 3291 animam,
1663 3255 1739 3295 quia
1767 3255 1883 3285 uniens
1913 3253 2088 3284 formaliter
2115 3258 2162 3283 est
2185 3252 2366 3293 perfectius,
2394 3251 2460 3282 for-

1393 3300 1508 3330 malius
1524 3305 1556 3329 et
1570 3299 1743 3329 virtuosius
1759 3299 1854 3329 rebus
1869 3298 1976 3328 unitis.
2000 3297 2086 3328 Nihil
2103 3303 2211 3328 autem
2228 3303 2275 3328 est
2295 3296 2460 3327 formalius

1394 3345 1501 3374 anima
1515 3345 1597 3374 inter
1613 3343 1731 3373 formas
1747 3343 1941 3373 materiales:
1959 3351 2034 3372 cum
2051 3343 2157 3372 anima
2173 3342 2212 3372 sit
2232 3340 2462 3381 perfectissima

1394 3389 1543 3419 omnium
1554 3387 1741 3418 formarum.
1755 3387 1796 3417 Et
1807 3387 1881 3417 ideo
1894 3396 1962 3416 non
1974 3391 2105 3426 possent
2118 3386 2200 3416 uniri
2213 3386 2320 3425 plures
2336 3386 2462 3415 animae

1395 3442 1452 3474 per
1475 3432 1596 3472 aliquid
1619 3433 1679 3462 nisi
1702 3431 1782 3462 illud
1804 3432 1904 3471 magis
1927 3431 2057 3461 haberet
2071 3431 2229 3460 rationem
2252 3431 2387 3466 animae,
2411 3435 2462 3460 ut-

1394 3482 1472 3518 pote
1495 3478 1596 3517 magis
1620 3477 1757 3506 existens
1780 3481 1871 3506 actus
1895 3475 2043 3515 corporis
2067 3475 2246 3516 organici*
2271 3480 2331 3505 etc.

1453 3531 1482 3552 2.
1507 3521 1558 3551 Ad
1581 3521 1663 3551 hanc
1686 3521 1843 3550 rationem
1867 3519 1958 3555 forte,
1979 3518 2159 3549 secundum
2181 3519 2339 3559 principia
2363 3518 2462 3554 Scoti,

1395 3566 1470 3596 loco
1494 3565 1707 3606 praeallegato
1720 3565 1746 3600 ἥ,
1771 3563 2016 3604 respondebitur
2047 3562 2136 3603 quod
2159 3572 2227 3593 non
2250 3568 2380 3603 oportet
2402 3572 2463 3604 po-

1395 3619 1471 3640 nere
1503 3609 1624 3649 aliquid
1657 3609 1771 3639 uniens
1805 3608 1903 3639 dictas
1936 3608 2071 3638 animas:
2108 3608 2200 3648 quia,
2228 3607 2302 3638 licet
2329 3617 2398 3638 non
2430 3616 2463 3637 se

1397 3655 1534 3684 habeant
1564 3655 1646 3684 sicut
1674 3653 1803 3683 materia
1828 3658 1858 3682 et
1890 3651 2003 3688 forma,
2034 3662 2067 3682 se
2098 3652 2217 3682 habent
2246 3658 2355 3682 tamen
2382 3652 2464 3682 sicut

2494 1484 2502 1493 ·
2518 1482 2554 1504 Cf.
2562 1485 2610 1504 text
2627 1485 2649 1504 et
2658 1487 2706 1504 var.

2490 3486 2499 3496 ·
2515 3485 2552 3507 cf.
2567 3485 2634 3511 infra,
2653 3490 2704 3512 cap.

2490 3518 2537 3534 ur.

2490 3574 2500 3583 ·
2515 3573 2551 3595 cf.
2566 3579 2630 3595 num.
2643 3579 2684 3595 vu.
