<?xml version="1.0" encoding="UTF-8"?>
<!DOCTYPE html PUBLIC "-//W3C//DTD XHTML 1.0 Transitional//EN"
    "http://www.w3.org/TR/xhtml1/DTD/xhtml1-transitional.dtd">
<html xmlns="http://www.w3.org/1999/xhtml" xml:lang="en" lang="en">
 <head>
  <title>
</title>
<meta http-equiv="Content-Type" content="text/html;charset=utf-8" />
  <meta name='ocr-system' content='tesseract 3.04.00' />
  <meta name='ocr-capabilities' content='ocr_page ocr_carea ocr_par ocr_line ocrx_word'/>
</head>
<body>
  <div class='ocr_page' id='page_1' title='image "./operaomniaiussui13thom_0283.png"; bbox 0 0 2768 4134; ppageno 0'>
   <div class='ocr_carea' id='block_1_1' title="bbox 0 1086 261 3682">
    <p class='ocr_par' dir='ltr' id='par_1_1' title="bbox 0 1086 261 3682">
     <span class='ocr_line' id='line_1_1' title="bbox 0 1086 261 3682; baseline 0 0"><span class='ocrx_word' id='word_1_1' title='bbox 0 1086 261 3682; x_wconf 95' lang='lat' dir='ltr'> </span> 
     </span>
    </p>
   </div>
   <div class='ocr_carea' id='block_1_2' title="bbox 776 276 1990 328">
    <p class='ocr_par' dir='ltr' id='par_1_2' title="bbox 776 276 1990 328">
     <span class='ocr_line' id='line_1_2' title="bbox 776 276 1990 328; baseline 0.004 -16"><span class='ocrx_word' id='word_1_2' title='bbox 776 276 966 313; x_wconf 91' lang='lat' dir='ltr'>SUMMA</span> <span class='ocrx_word' id='word_1_3' title='bbox 995 277 1217 314; x_wconf 88' lang='lat' dir='ltr'><strong>CONTRA</strong></span> <span class='ocrx_word' id='word_1_4' title='bbox 1245 277 1520 325; x_wconf 87' lang='lat' dir='ltr'>GENTlLES,</span> <span class='ocrx_word' id='word_1_5' title='bbox 1552 278 1663 316; x_wconf 89' lang='lat' dir='ltr'>CAP.</span> <span class='ocrx_word' id='word_1_6' title='bbox 1684 280 1819 328; x_wconf 87' lang='lat' dir='ltr'>LXXI,</span> <span class='ocrx_word' id='word_1_7' title='bbox 1832 281 1990 318; x_wconf 87' lang='lat' dir='ltr'>LXXII.</span> 
     </span>
    </p>
   </div>
   <div class='ocr_carea' id='block_1_3' title="bbox 254 356 1363 1729">
    <p class='ocr_par' dir='ltr' id='par_1_3' title="bbox 281 356 1357 443">
     <span class='ocr_line' id='line_1_3' title="bbox 281 356 1357 398; baseline 0.002 -10"><span class='ocrx_word' id='word_1_8' title='bbox 281 367 333 390; x_wconf 87' lang='lat' dir='ltr'>res</span> <span class='ocrx_word' id='word_1_9' title='bbox 356 358 565 398; x_wconf 79' lang='lat' dir='ltr'>cognoscitur</span> <span class='ocrx_word' id='word_1_10' title='bbox 588 367 647 398; x_wconf 89' lang='lat' dir='ltr'>per</span> <span class='ocrx_word' id='word_1_11' title='bbox 669 366 762 388; x_wconf 90' lang='lat' dir='ltr'>suam</span> <span class='ocrx_word' id='word_1_12' title='bbox 785 356 1023 397; x_wconf 83' lang='lat' dir='ltr'>definitionem3</span> <span class='ocrx_word' id='word_1_13' title='bbox 1048 357 1139 395; x_wconf 87' lang='lat' dir='ltr'>idest,</span> <span class='ocrx_word' id='word_1_14' title='bbox 1156 358 1196 388; x_wconf 94' lang='lat' dir='ltr'>ad</span> <span class='ocrx_word' id='word_1_15' title='bbox 1219 359 1357 398; x_wconf 88' lang='lat' dir='ltr'>primam</span> 
     </span>
     <span class='ocr_line' id='line_1_4' title="bbox 282 402 886 443; baseline 0 -11"><span class='ocrx_word' id='word_1_16' title='bbox 282 403 508 443; x_wconf 86' lang='lat' dir='ltr'>operationem</span> <span class='ocrx_word' id='word_1_17' title='bbox 532 402 714 432; x_wconf 90' lang='lat' dir='ltr'>intellectus</span> <span class='ocrx_word' id='word_1_18' title='bbox 737 402 886 442; x_wconf 78' lang='lat' dir='ltr'><strong>pertinet.</strong></span> 
     </span>
    </p>

    <p class='ocr_par' dir='ltr' id='par_1_4' title="bbox 275 445 1360 1191">
     <span class='ocr_line' id='line_1_5' title="bbox 340 445 1357 488; baseline 0.002 -11"><span class='ocrx_word' id='word_1_19' title='bbox 340 446 381 477; x_wconf 87' lang='lat'>3..</span> <span class='ocrx_word' id='word_1_20' title='bbox 394 446 447 477; x_wconf 90' lang='lat' dir='ltr'>Ad</span> <span class='ocrx_word' id='word_1_21' title='bbox 463 446 655 485; x_wconf 87' lang='lat' dir='ltr'>secundum,</span> <span class='ocrx_word' id='word_1_22' title='bbox 671 446 778 487; x_wconf 89' lang='lat' dir='ltr'>primo</span> <span class='ocrx_word' id='word_1_23' title='bbox 800 445 987 487; x_wconf 88' lang='lat' dir='ltr'>responderi</span> <span class='ocrx_word' id='word_1_24' title='bbox 1010 452 1118 487; x_wconf 91' lang='lat' dir='ltr'>potest</span> <span class='ocrx_word' id='word_1_25' title='bbox 1138 447 1228 487; x_wconf 93' lang='lat' dir='ltr'>quod</span> <span class='ocrx_word' id='word_1_26' title='bbox 1243 449 1357 488; x_wconf 90' lang='lat' dir='ltr'>utique</span> 
     </span>
     <span class='ocr_line' id='line_1_6' title="bbox 280 489 1356 534; baseline 0.002 -13"><span class='ocrx_word' id='word_1_27' title='bbox 280 499 395 521; x_wconf 91' lang='lat' dir='ltr'>verum</span> <span class='ocrx_word' id='word_1_28' title='bbox 412 496 459 533; x_wconf 86' lang='lat' dir='ltr'>est</span> <span class='ocrx_word' id='word_1_29' title='bbox 476 490 566 531; x_wconf 93' lang='lat' dir='ltr'>quod</span> <span class='ocrx_word' id='word_1_30' title='bbox 580 491 623 522; x_wconf 77' lang='lat' dir='ltr'>‘de</span> <span class='ocrx_word' id='word_1_31' title='bbox 646 490 733 521; x_wconf 86' lang='lat' dir='ltr'>malo</span> <span class='ocrx_word' id='word_1_32' title='bbox 749 490 858 521; x_wconf 88' lang='lat' dir='ltr'>nullus</span> <span class='ocrx_word' id='word_1_33' title='bbox 882 489 1038 522; x_wconf 87' lang='lat' dir='ltr'>formatur</span> <span class='ocrx_word' id='word_1_34' title='bbox 1062 497 1240 533; x_wconf 90' lang='lat' dir='ltr'>conceptus</span> <span class='ocrx_word' id='word_1_35' title='bbox 1263 492 1356 534; x_wconf 89' lang='lat' dir='ltr'>quid-</span> 
     </span>
     <span class='ocr_line' id='line_1_7' title="bbox 281 534 1357 577; baseline 0.001 -11"><span class='ocrx_word' id='word_1_36' title='bbox 281 535 446 566; x_wconf 82' lang='lat' dir='ltr'>ditativus:</span> <span class='ocrx_word' id='word_1_37' title='bbox 467 545 544 566; x_wconf 90' lang='lat' dir='ltr'>cum</span> <span class='ocrx_word' id='word_1_38' title='bbox 563 535 689 566; x_wconf 91' lang='lat' dir='ltr'>nullam·</span> <span class='ocrx_word' id='word_1_39' title='bbox 703 534 915 575; x_wconf 88' lang='lat' dir='ltr'>quidditatem</span> <span class='ocrx_word' id='word_1_40' title='bbox 940 535 1033 571; x_wconf 90' lang='lat' dir='ltr'>dicat,</span> <span class='ocrx_word' id='word_1_41' title='bbox 1057 536 1114 566; x_wconf 89' lang='lat' dir='ltr'>sed</span> <span class='ocrx_word' id='word_1_42' title='bbox 1137 535 1240 577; x_wconf 84' lang='lat' dir='ltr'>magis</span> <span class='ocrx_word' id='word_1_43' title='bbox 1260 547 1357 577; x_wconf 91' lang='lat' dir='ltr'>nega-</span> 
     </span>
     <span class='ocr_line' id='line_1_8' title="bbox 281 579 1358 622; baseline 0.001 -12"><span class='ocrx_word' id='word_1_44' title='bbox 281 580 407 610; x_wconf 80' lang='lat' dir='ltr'>tionem</span> <span class='ocrx_word' id='word_1_45' title='bbox 433 579 622 620; x_wconf 88' lang='lat' dir='ltr'>quidditatis</span> <span class='ocrx_word' id='word_1_46' title='bbox 651 585 683 610; x_wconf 91' lang='lat' dir='ltr'>et</span> <span class='ocrx_word' id='word_1_47' title='bbox 711 579 846 610; x_wconf 89' lang='lat' dir='ltr'>formae.</span> <span class='ocrx_word' id='word_1_48' title='bbox 874 579 938 610; x_wconf 90' lang='lat' dir='ltr'>Sed</span> <span class='ocrx_word' id='word_1_49' title='bbox 967 580 1162 617; x_wconf 87' lang='lat' dir='ltr'>intellectus,</span> <span class='ocrx_word' id='word_1_50' title='bbox 1187 582 1270 611; x_wconf 89' lang='lat' dir='ltr'>sicut</span> <span class='ocrx_word' id='word_1_51' title='bbox 1301 591 1358 622; x_wconf 88' lang='lat' dir='ltr'>per</span> 
     </span>
     <span class='ocr_line' id='line_1_9' title="bbox 282 623 1357 665; baseline 0.001 -10"><span class='ocrx_word' id='word_1_52' title='bbox 282 624 420 655; x_wconf 86' lang='lat' dir='ltr'>eandem</span> <span class='ocrx_word' id='word_1_53' title='bbox 443 625 587 665; x_wconf 87' lang='lat' dir='ltr'>speciem</span> <span class='ocrx_word' id='word_1_54' title='bbox 610 623 844 664; x_wconf 87' lang='lat' dir='ltr'>intelligibilem</span> <span class='ocrx_word' id='word_1_55' title='bbox 861 634 925 664; x_wconf 92' lang='lat' dir='ltr'>qua</span> <span class='ocrx_word' id='word_1_56' title='bbox 950 626 1118 665; x_wconf 85' lang='lat' dir='ltr'>cognoscit</span> <span class='ocrx_word' id='word_1_57' title='bbox 1140 626 1276 661; x_wconf 88' lang='lat' dir='ltr'>bonum,</span> <span class='ocrx_word' id='word_1_58' title='bbox 1302 635 1357 656; x_wconf 93' lang='lat' dir='ltr'>co-</span> 
     </span>
     <span class='ocr_line' id='line_1_10' title="bbox 281 668 1358 710; baseline 0.001 -11"><span class='ocrx_word' id='word_1_59' title='bbox 281 669 409 709; x_wconf 86' lang='lat' dir='ltr'>gnoscit</span> <span class='ocrx_word' id='word_1_60' title='bbox 422 669 573 704; x_wconf 84' lang='lat' dir='ltr'>-malum3</span> <span class='ocrx_word' id='word_1_61' title='bbox 597 669 641 699; x_wconf 91' lang='lat' dir='ltr'>ita</span> <span class='ocrx_word' id='word_1_62' title='bbox 655 678 714 709; x_wconf 91' lang='lat' dir='ltr'>per</span> <span class='ocrx_word' id='word_1_63' title='bbox 729 668 870 699; x_wconf 91' lang='lat' dir='ltr'>eundem</span> <span class='ocrx_word' id='word_1_64' title='bbox 887 675 1085 710; x_wconf 90' lang='lat' dir='ltr'>conceptum</span> <span class='ocrx_word' id='word_1_65' title='bbox 1101 679 1168 710; x_wconf 91' lang='lat' dir='ltr'>quo</span> <span class='ocrx_word' id='word_1_66' title='bbox 1190 671 1358 710; x_wconf 87' lang='lat' dir='ltr'>cognoscit</span> 
     </span>
     <span class='ocr_line' id='line_1_11' title="bbox 282 711 1356 755; baseline 0.002 -12"><span class='ocrx_word' id='word_1_67' title='bbox 282 711 496 754; x_wconf 88' lang='lat' dir='ltr'>quidditatem</span> <span class='ocrx_word' id='word_1_68' title='bbox 519 713 609 749; x_wconf 92' lang='lat' dir='ltr'>boni,</span> <span class='ocrx_word' id='word_1_69' title='bbox 634 714 802 753; x_wconf 88' lang='lat' dir='ltr'>cognoscit</span> <span class='ocrx_word' id='word_1_70' title='bbox 821 714 917 744; x_wconf 89' lang='lat' dir='ltr'>etiam</span> <span class='ocrx_word' id='word_1_71' title='bbox 940 714 1063 744; x_wconf 91' lang='lat' dir='ltr'>malum</span> <span class='ocrx_word' id='word_1_72' title='bbox 1086 714 1132 744; x_wconf 90' lang='lat' dir='ltr'>illi</span> <span class='ocrx_word' id='word_1_73' title='bbox 1156 715 1356 755; x_wconf 90' lang='lat' dir='ltr'>oppositum.</span> 
     </span>
     <span class='ocr_line' id='line_1_12' title="bbox 280 757 1358 799; baseline 0.002 -12"><span class='ocrx_word' id='word_1_74' title='bbox 280 757 358 788; x_wconf 91' lang='lat' dir='ltr'>Non</span> <span class='ocrx_word' id='word_1_75' title='bbox 374 758 462 788; x_wconf 88' lang='lat' dir='ltr'>enim</span> <span class='ocrx_word' id='word_1_76' title='bbox 479 762 609 797; x_wconf 84' lang='lat' dir='ltr'>oportet</span> <span class='ocrx_word' id='word_1_77' title='bbox 625 763 661 788; x_wconf 91' lang='lat' dir='ltr'>ut</span> <span class='ocrx_word' id='word_1_78' title='bbox 681 767 779 788; x_wconf 89' lang='lat' dir='ltr'>omne</span> <span class='ocrx_word' id='word_1_79' title='bbox 796 759 963 799; x_wconf 89' lang='lat' dir='ltr'>cognitum</span> <span class='ocrx_word' id='word_1_80' title='bbox 980 764 1194 798; x_wconf 84' lang='lat' dir='ltr'>cognoscatur</span> <span class='ocrx_word' id='word_1_81' title='bbox 1209 768 1267 799; x_wconf 90' lang='lat' dir='ltr'>per</span> <span class='ocrx_word' id='word_1_82' title='bbox 1283 768 1358 799; x_wconf 93' lang='lat' dir='ltr'>pro-</span> 
     </span>
     <span class='ocr_line' id='line_1_13' title="bbox 280 802 1357 843; baseline 0.001 -11"><span class='ocrx_word' id='word_1_83' title='bbox 280 802 384 843; x_wconf 91' lang='lat' dir='ltr'>priam</span> <span class='ocrx_word' id='word_1_84' title='bbox 408 803 550 842; x_wconf 90' lang='lat' dir='ltr'>speciem</span> <span class='ocrx_word' id='word_1_85' title='bbox 573 807 629 832; x_wconf 92' lang='lat' dir='ltr'>aut</span> <span class='ocrx_word' id='word_1_86' title='bbox 650 811 708 842; x_wconf 91' lang='lat' dir='ltr'>per</span> <span class='ocrx_word' id='word_1_87' title='bbox 723 803 893 843; x_wconf 87' lang='lat' dir='ltr'>proprium</span> <span class='ocrx_word' id='word_1_88' title='bbox 909 808 1108 843; x_wconf 87' lang='lat' dir='ltr'>conceptum</span> <span class='ocrx_word' id='word_1_89' title='bbox 1123 803 1208 833; x_wconf 89' lang='lat' dir='ltr'>illius</span> <span class='ocrx_word' id='word_1_90' title='bbox 1231 813 1357 843; x_wconf 90' lang='lat' dir='ltr'>reprae-</span> 
     </span>
     <span class='ocr_line' id='line_1_14' title="bbox 281 846 1358 888; baseline 0.001 -11"><span class='ocrx_word' id='word_1_91' title='bbox 281 847 487 883; x_wconf 85' lang='lat' dir='ltr'>sentativum,</span> <span class='ocrx_word' id='word_1_92' title='bbox 511 846 568 877; x_wconf 90' lang='lat' dir='ltr'>sed</span> <span class='ocrx_word' id='word_1_93' title='bbox 598 847 715 878; x_wconf 89' lang='lat' dir='ltr'>sufficit</span> <span class='ocrx_word' id='word_1_94' title='bbox 744 847 836 888; x_wconf 89' lang='lat' dir='ltr'>quod</span> <span class='ocrx_word' id='word_1_95' title='bbox 866 847 1000 887; x_wconf 82' lang='lat' dir='ltr'>aliquod</span> <span class='ocrx_word' id='word_1_96' title='bbox 1027 854 1085 887; x_wconf 87' lang='lat' dir='ltr'>per</span> <span class='ocrx_word' id='word_1_97' title='bbox 1115 847 1358 878; x_wconf 87' lang='lat' dir='ltr'>similitudinem</span> 
     </span>
     <span class='ocr_line' id='line_1_15' title="bbox 281 891 1359 932; baseline 0 -10"><span class='ocrx_word' id='word_1_98' title='bbox 281 891 332 923; x_wconf 90' lang='lat' dir='ltr'>sui</span> <span class='ocrx_word' id='word_1_99' title='bbox 355 892 501 932; x_wconf 90' lang='lat' dir='ltr'>oppositi</span> <span class='ocrx_word' id='word_1_100' title='bbox 524 897 749 932; x_wconf 85' lang='lat' dir='ltr'>cognoscatur.</span> <span class='ocrx_word' id='word_1_101' title='bbox 774 891 869 924; x_wconf 90' lang='lat' dir='ltr'>Unde</span> <span class='ocrx_word' id='word_1_102' title='bbox 891 892 997 927; x_wconf 74' lang='lat' dir='ltr'>Verit„</span> <span class='ocrx_word' id='word_1_103' title='bbox 1019 901 1050 931; x_wconf 92' lang='lat' dir='ltr'>q.</span> <span class='ocrx_word' id='word_1_104' title='bbox 1067 902 1100 927; x_wconf 87' lang='lat'>11,</span> <span class='ocrx_word' id='word_1_105' title='bbox 1118 901 1147 922; x_wconf 91' lang='lat' dir='ltr'>a.</span> <span class='ocrx_word' id='word_1_106' title='bbox 1168 893 1218 927; x_wconf 85' lang='lat'>15,</span> <span class='ocrx_word' id='word_1_107' title='bbox 1243 892 1359 923; x_wconf 90' lang='lat' dir='ltr'>dicitur</span> 
     </span>
     <span class='ocr_line' id='line_1_16' title="bbox 282 935 1359 979; baseline 0 -12"><span class='ocrx_word' id='word_1_108' title='bbox 282 935 374 977; x_wconf 88' lang='lat' dir='ltr'>quod</span> <span class='ocrx_word' id='word_1_109' title='bbox 386 946 428 967; x_wconf 85' lang='lat' dir='ltr'>ex</span> <span class='ocrx_word' id='word_1_110' title='bbox 439 936 502 967; x_wconf 84' lang='lat' dir='ltr'>hoc</span> <span class='ocrx_word' id='word_1_111' title='bbox 513 936 582 977; x_wconf 83' lang='lat' dir='ltr'>ipso</span> <span class='ocrx_word' id='word_1_112' title='bbox 595 936 683 977; x_wconf 85' lang='lat' dir='ltr'>quod</span> <span class='ocrx_word' id='word_1_113' title='bbox 694 936 908 979; x_wconf 81' lang='lat' dir='ltr'>cognoscitur</span> <span class='ocrx_word' id='word_1_114' title='bbox 919 936 1053 976; x_wconf 84' lang='lat' dir='ltr'>aliquid,</span> <span class='ocrx_word' id='word_1_115' title='bbox 1066 937 1278 977; x_wconf 69' lang='lat' dir='ltr'>cognoscitur</span> <span class='ocrx_word' id='word_1_116' title='bbox 1290 937 1359 968; x_wconf 83' lang='lat' dir='ltr'>eius</span> 
     </span>
     <span class='ocr_line' id='line_1_17' title="bbox 275 979 1358 1022; baseline 0 -11"><span class='ocrx_word' id='word_1_117' title='bbox 275 981 434 1022; x_wconf 81' lang='lat' dir='ltr'>privatio.</span> <span class='ocrx_word' id='word_1_118' title='bbox 458 999 481 1004; x_wconf 84' lang='lat'><em>-</em></span> <span class='ocrx_word' id='word_1_119' title='bbox 503 981 580 1011; x_wconf 92' lang='lat' dir='ltr'>Non</span> <span class='ocrx_word' id='word_1_120' title='bbox 603 982 708 1012; x_wconf 86' lang='lat' dir='ltr'>obstat</span> <span class='ocrx_word' id='word_1_121' title='bbox 731 986 841 1012; x_wconf 91' lang='lat' dir='ltr'>autem</span> <span class='ocrx_word' id='word_1_122' title='bbox 863 981 941 1011; x_wconf 89' lang='lat' dir='ltr'>huic</span> <span class='ocrx_word' id='word_1_123' title='bbox 965 979 1056 1020; x_wconf 91' lang='lat' dir='ltr'>quod</span> <span class='ocrx_word' id='word_1_124' title='bbox 1077 981 1201 1013; x_wconf 87' lang='lat' dir='ltr'>malum</span> <span class='ocrx_word' id='word_1_125' title='bbox 1224 982 1358 1022; x_wconf 86' lang='lat' dir='ltr'>proprio</span> 
     </span>
     <span class='ocr_line' id='line_1_18' title="bbox 281 1024 1359 1066; baseline 0 -10"><span class='ocrx_word' id='word_1_126' title='bbox 281 1026 417 1056; x_wconf 88' lang='lat' dir='ltr'>nomine</span> <span class='ocrx_word' id='word_1_127' title='bbox 439 1025 647 1066; x_wconf 85' lang='lat' dir='ltr'>significatur,</span> <span class='ocrx_word' id='word_1_128' title='bbox 663 1035 788 1056; x_wconf 91' lang='lat' dir='ltr'>nomen</span> <span class='ocrx_word' id='word_1_129' title='bbox 807 1030 916 1055; x_wconf 91' lang='lat' dir='ltr'>autem</span> <span class='ocrx_word' id='word_1_130' title='bbox 937 1034 1005 1055; x_wconf 92' lang='lat' dir='ltr'>non</span> <span class='ocrx_word' id='word_1_131' title='bbox 1029 1024 1187 1065; x_wconf 87' lang='lat' dir='ltr'>significat</span> <span class='ocrx_word' id='word_1_132' title='bbox 1209 1026 1270 1056; x_wconf 89' lang='lat' dir='ltr'>nisi</span> <span class='ocrx_word' id='word_1_133' title='bbox 1291 1035 1359 1056; x_wconf 82' lang='lat' dir='ltr'>me-</span> 
     </span>
     <span class='ocr_line' id='line_1_19' title="bbox 282 1068 1359 1111; baseline -0.001 -10"><span class='ocrx_word' id='word_1_134' title='bbox 282 1069 389 1101; x_wconf 87' lang='lat' dir='ltr'>diante</span> <span class='ocrx_word' id='word_1_135' title='bbox 414 1075 588 1111; x_wconf 90' lang='lat' dir='ltr'>conceptu.</span> <span class='ocrx_word' id='word_1_136' title='bbox 612 1070 723 1100; x_wconf 86' lang='lat' dir='ltr'>Potest</span> <span class='ocrx_word' id='word_1_137' title='bbox 746 1070 834 1100; x_wconf 88' lang='lat' dir='ltr'>enim</span> <span class='ocrx_word' id='word_1_138' title='bbox 858 1068 921 1099; x_wconf 83' lang='lat' dir='ltr'>dici</span> <span class='ocrx_word' id='word_1_139' title='bbox 942 1069 1032 1109; x_wconf 93' lang='lat' dir='ltr'>quod</span> <span class='ocrx_word' id='word_1_140' title='bbox 1054 1069 1110 1100; x_wconf 91' lang='lat' dir='ltr'>tali</span> <span class='ocrx_word' id='word_1_141' title='bbox 1133 1070 1267 1100; x_wconf 90' lang='lat' dir='ltr'>nomine</span> <span class='ocrx_word' id='word_1_142' title='bbox 1290 1079 1359 1101; x_wconf 86' lang='lat' dir='ltr'>non</span> 
     </span>
     <span class='ocr_line' id='line_1_20' title="bbox 281 1113 1360 1155; baseline -0.001 -9"><span class='ocrx_word' id='word_1_143' title='bbox 281 1115 476 1155; x_wconf 86' lang='lat' dir='ltr'>importatur</span> <span class='ocrx_word' id='word_1_144' title='bbox 506 1115 623 1155; x_wconf 87' lang='lat' dir='ltr'>aliquis</span> <span class='ocrx_word' id='word_1_145' title='bbox 651 1119 832 1154; x_wconf 90' lang='lat' dir='ltr'>conceptus</span> <span class='ocrx_word' id='word_1_146' title='bbox 855 1113 934 1154; x_wconf 79' lang='lat' dir='ltr'>quid</span> <span class='ocrx_word' id='word_1_147' title='bbox 957 1114 1014 1149; x_wconf 80' lang='lat' dir='ltr'>rei,</span> <span class='ocrx_word' id='word_1_148' title='bbox 1046 1113 1102 1144; x_wconf 92' lang='lat' dir='ltr'>sed</span> <span class='ocrx_word' id='word_1_149' title='bbox 1132 1118 1258 1145; x_wconf 86' lang='lat' dir='ltr'>tantum</span> <span class='ocrx_word' id='word_1_150' title='bbox 1282 1115 1360 1155; x_wconf 87' lang='lat' dir='ltr'>quid</span> 
     </span>
     <span class='ocr_line' id='line_1_21' title="bbox 283 1159 570 1191; baseline 0 -1"><span class='ocrx_word' id='word_1_151' title='bbox 283 1159 426 1191; x_wconf 80' lang='lat' dir='ltr'>nominis</span> <span class='ocrx_word' id='word_1_152' title='bbox 449 1160 570 1191; x_wconf 69' lang='lat' dir='ltr'>dicens.</span> 
     </span>
    </p>

    <p class='ocr_par' dir='ltr' id='par_1_5' title="bbox 254 1201 1363 1729">
     <span class='ocr_line' id='line_1_22' title="bbox 330 1201 1360 1243; baseline -0.001 -8"><span class='ocrx_word' id='word_1_153' title='bbox 330 1204 450 1236; x_wconf 67' lang='lat' dir='ltr'>‚Potest</span> <span class='ocrx_word' id='word_1_154' title='bbox 479 1203 626 1234; x_wconf 90' lang='lat' dir='ltr'>secundo</span> <span class='ocrx_word' id='word_1_155' title='bbox 655 1201 845 1243; x_wconf 87' lang='lat' dir='ltr'>responderi</span> <span class='ocrx_word' id='word_1_156' title='bbox 875 1202 976 1242; x_wconf 86' lang='lat' dir='ltr'>quod,</span> <span class='ocrx_word' id='word_1_157' title='bbox 1004 1203 1079 1234; x_wconf 89' lang='lat' dir='ltr'>licet</span> <span class='ocrx_word' id='word_1_158' title='bbox 1106 1203 1288 1234; x_wconf 90' lang='lat' dir='ltr'>intellectus</span> <span class='ocrx_word' id='word_1_159' title='bbox 1317 1203 1360 1234; x_wconf 89' lang='lat' dir='ltr'>de</span> 
     </span>
     <span class='ocr_line' id='line_1_23' title="bbox 281 1245 1360 1290; baseline -0.002 -10"><span class='ocrx_word' id='word_1_160' title='bbox 281 1248 370 1280; x_wconf 81' lang='lat' dir='ltr'>malo</span> <span class='ocrx_word' id='word_1_161' title='bbox 393 1248 565 1290; x_wconf 86' lang='lat' dir='ltr'>proprium</span> <span class='ocrx_word' id='word_1_162' title='bbox 589 1252 787 1288; x_wconf 89' lang='lat' dir='ltr'>conceptum</span> <span class='ocrx_word' id='word_1_163' title='bbox 811 1245 939 1283; x_wconf 86' lang='lat' dir='ltr'>formet,</span> <span class='ocrx_word' id='word_1_164' title='bbox 961 1247 1119 1288; x_wconf 91' lang='lat' dir='ltr'>illumque</span> <span class='ocrx_word' id='word_1_165' title='bbox 1142 1248 1276 1288; x_wconf 88' lang='lat' dir='ltr'>proprio</span> <span class='ocrx_word' id='word_1_166' title='bbox 1300 1258 1360 1278; x_wconf 89' lang='lat' dir='ltr'>no-</span> 
     </span>
     <span class='ocr_line' id='line_1_24' title="bbox 282 1290 1360 1334; baseline -0.002 -10"><span class='ocrx_word' id='word_1_167' title='bbox 282 1290 371 1324; x_wconf 80' lang='lat' dir='ltr'>mine</span> <span class='ocrx_word' id='word_1_168' title='bbox 388 1293 537 1334; x_wconf 86' lang='lat' dir='ltr'>explicet,</span> <span class='ocrx_word' id='word_1_169' title='bbox 553 1291 732 1333; x_wconf 17' lang='lat' dir='ltr'>illertamen</span> <span class='ocrx_word' id='word_1_170' title='bbox 750 1297 929 1332; x_wconf 89' lang='lat' dir='ltr'>conceptus</span> <span class='ocrx_word' id='word_1_171' title='bbox 945 1301 1013 1322; x_wconf 94' lang='lat' dir='ltr'>non</span> <span class='ocrx_word' id='word_1_172' title='bbox 1030 1291 1170 1322; x_wconf 90' lang='lat' dir='ltr'>excludit</span> <span class='ocrx_word' id='word_1_173' title='bbox 1186 1293 1264 1322; x_wconf 91' lang='lat' dir='ltr'>boni</span> <span class='ocrx_word' id='word_1_174' title='bbox 1281 1302 1360 1323; x_wconf 90' lang='lat' dir='ltr'>con-</span> 
     </span>
     <span class='ocr_line' id='line_1_25' title="bbox 278 1334 1361 1378; baseline -0.001 -10"><span class='ocrx_word' id='word_1_175' title='bbox 278 1342 416 1378; x_wconf 80' lang='lat' dir='ltr'>ceptum</span> <span class='ocrx_word' id='word_1_176' title='bbox 434 1334 665 1373; x_wconf 47' lang='lat' dir='ltr'>effationem.</span> <span class='ocrx_word' id='word_1_177' title='bbox 690 1336 796 1367; x_wconf 86' lang='lat' dir='ltr'>Immo</span> <span class='ocrx_word' id='word_1_178' title='bbox 819 1345 877 1376; x_wconf 89' lang='lat' dir='ltr'>per</span> <span class='ocrx_word' id='word_1_179' title='bbox 899 1337 1004 1377; x_wconf 87' lang='lat' dir='ltr'>ipsam</span> <span class='ocrx_word' id='word_1_180' title='bbox 1028 1337 1171 1377; x_wconf 89' lang='lat' dir='ltr'>speciem</span> <span class='ocrx_word' id='word_1_181' title='bbox 1195 1343 1227 1367; x_wconf 87' lang='lat' dir='ltr'>et</span> <span class='ocrx_word' id='word_1_182' title='bbox 1250 1337 1361 1367; x_wconf 89' lang='lat' dir='ltr'>simili—</span> 
     </span>
     <span class='ocr_line' id='line_1_26' title="bbox 254 1378 1361 1422; baseline -0.001 -10"><span class='ocrx_word' id='word_1_183' title='bbox 254 1378 257 1381; x_wconf 77' lang='grc'><strong>’</strong></span> <span class='ocrx_word' id='word_1_184' title='bbox 281 1381 431 1412; x_wconf 80' lang='lat' dir='ltr'>tudinem</span> <span class='ocrx_word' id='word_1_185' title='bbox 454 1382 533 1412; x_wconf 89' lang='lat' dir='ltr'>boni</span> <span class='ocrx_word' id='word_1_186' title='bbox 556 1380 675 1412; x_wconf 83' lang='lat' dir='ltr'>format</span> <span class='ocrx_word' id='word_1_187' title='bbox 699 1382 732 1411; x_wconf 88' lang='lat' dir='ltr'>in</span> <span class='ocrx_word' id='word_1_188' title='bbox 755 1390 790 1411; x_wconf 86' lang='lat' dir='ltr'>se</span> <span class='ocrx_word' id='word_1_189' title='bbox 813 1386 1011 1422; x_wconf 90' lang='lat' dir='ltr'>conceptum</span> <span class='ocrx_word' id='word_1_190' title='bbox 1034 1381 1111 1411; x_wconf 90' lang='lat' dir='ltr'>mali</span> <span class='ocrx_word' id='word_1_191' title='bbox 1139 1381 1361 1412; x_wconf 87' lang='lat' dir='ltr'>continentem</span> 
     </span>
     <span class='ocr_line' id='line_1_27' title="bbox 281 1425 1362 1466; baseline -0.001 -8"><span class='ocrx_word' id='word_1_192' title='bbox 281 1426 363 1461; x_wconf 77' lang='lat' dir='ltr'>boni</span> <span class='ocrx_word' id='word_1_193' title='bbox 375 1426 554 1457; x_wconf 81' lang='lat' dir='ltr'>rationem:</span> <span class='ocrx_word' id='word_1_194' title='bbox 570 1426 654 1457; x_wconf 89' lang='lat' dir='ltr'>sicut</span> <span class='ocrx_word' id='word_1_195' title='bbox 669 1435 746 1456; x_wconf 91' lang='lat' dir='ltr'>cum</span> <span class='ocrx_word' id='word_1_196' title='bbox 765 1425 904 1456; x_wconf 88' lang='lat' dir='ltr'>dicimus</span> <span class='ocrx_word' id='word_1_197' title='bbox 920 1426 1108 1456; x_wconf 89' lang='lat' dir='ltr'>caecitatem</span> <span class='ocrx_word' id='word_1_198' title='bbox 1124 1435 1192 1456; x_wconf 89' lang='lat' dir='ltr'>esse</span> <span class='ocrx_word' id='word_1_199' title='bbox 1209 1426 1362 1466; x_wconf 87' lang='lat' dir='ltr'>privatio-</span> 
     </span>
     <span class='ocr_line' id='line_1_28' title="bbox 281 1470 1361 1512; baseline -0.003 -8"><span class='ocrx_word' id='word_1_200' title='bbox 281 1479 360 1512; x_wconf 60' lang='lat' dir='ltr'>nem</span> <span class='ocrx_word' id='word_1_201' title='bbox 383 1471 481 1502; x_wconf 68' lang='lat' dir='ltr'>visus.</span> <span class='ocrx_word' id='word_1_202' title='bbox 510 1470 606 1502; x_wconf 89' lang='lat' dir='ltr'>Unde</span> <span class='ocrx_word' id='word_1_203' title='bbox 628 1476 764 1511; x_wconf 88' lang='lat' dir='ltr'>negatur</span> <span class='ocrx_word' id='word_1_204' title='bbox 788 1470 1032 1511; x_wconf 88' lang='lat' dir='ltr'>consequentia,</span> <span class='ocrx_word' id='word_1_205' title='bbox 1055 1471 1080 1500; x_wconf 90' lang='lat' dir='ltr'>si</span> <span class='ocrx_word' id='word_1_206' title='bbox 1104 1471 1298 1510; x_wconf 87' lang='lat' dir='ltr'>intelligatur</span> <span class='ocrx_word' id='word_1_207' title='bbox 1321 1470 1361 1501; x_wconf 91' lang='lat' dir='ltr'>de</span> 
     </span>
     <span class='ocr_line' id='line_1_29' title="bbox 283 1511 1362 1557; baseline -0.001 -11"><span class='ocrx_word' id='word_1_208' title='bbox 283 1511 448 1557; x_wconf 78' lang='lat' dir='ltr'>conceptu</span> <span class='ocrx_word' id='word_1_209' title='bbox 471 1516 617 1557; x_wconf 89' lang='lat' dir='ltr'>proprio,</span> <span class='ocrx_word' id='word_1_210' title='bbox 634 1515 716 1546; x_wconf 92' lang='lat' dir='ltr'>idest</span> <span class='ocrx_word' id='word_1_211' title='bbox 734 1515 795 1546; x_wconf 86' lang='lat' dir='ltr'>sibi</span> <span class='ocrx_word' id='word_1_212' title='bbox 814 1515 877 1546; x_wconf 84' lang='lat' dir='ltr'>soli</span> <span class='ocrx_word' id='word_1_213' title='bbox 897 1514 1111 1546; x_wconf 78' lang='lat' dir='ltr'>convenienti.</span> <span class='ocrx_word' id='word_1_214' title='bbox 1136 1514 1168 1545; x_wconf 92' lang='lat' dir='ltr'>Si</span> <span class='ocrx_word' id='word_1_215' title='bbox 1187 1520 1298 1546; x_wconf 89' lang='lat' dir='ltr'>autern</span> <span class='ocrx_word' id='word_1_216' title='bbox 1313 1515 1362 1545; x_wconf 86' lang='lat' dir='ltr'>in·</span> 
     </span>
     <span class='ocr_line' id='line_1_30' title="bbox 281 1558 1362 1601; baseline -0.003 -9"><span class='ocrx_word' id='word_1_217' title='bbox 281 1558 444 1601; x_wconf 78' lang='lat' dir='ltr'>telligatur</span> <span class='ocrx_word' id='word_1_218' title='bbox 467 1559 508 1591; x_wconf 90' lang='lat' dir='ltr'>de</span> <span class='ocrx_word' id='word_1_219' title='bbox 529 1560 665 1601; x_wconf 90' lang='lat' dir='ltr'>proprio</span> <span class='ocrx_word' id='word_1_220' title='bbox 689 1558 871 1590; x_wconf 86' lang='lat' dir='ltr'>secundum</span> <span class='ocrx_word' id='word_1_221' title='bbox 894 1559 1141 1600; x_wconf 89' lang='lat' dir='ltr'>praecisionem,</span> <span class='ocrx_word' id='word_1_222' title='bbox 1163 1559 1230 1589; x_wconf 89' lang='lat' dir='ltr'>sive</span> <span class='ocrx_word' id='word_1_223' title='bbox 1254 1559 1362 1590; x_wconf 86' lang='lat' dir='ltr'>exclu—</span> 
     </span>
     <span class='ocr_line' id='line_1_31' title="bbox 282 1601 1362 1645; baseline -0.003 -9"><span class='ocrx_word' id='word_1_224' title='bbox 282 1601 410 1636; x_wconf 60' lang='lat' dir='ltr'>dionem</span> <span class='ocrx_word' id='word_1_225' title='bbox 426 1610 606 1645; x_wconf 85' lang='lat' dir='ltr'>conceptus</span> <span class='ocrx_word' id='word_1_226' title='bbox 622 1605 711 1641; x_wconf 92' lang='lat' dir='ltr'>boni,</span> <span class='ocrx_word' id='word_1_227' title='bbox 729 1602 934 1635; x_wconf 83' lang='lat' dir='ltr'>conceditur:</span> <span class='ocrx_word' id='word_1_228' title='bbox 960 1609 992 1634; x_wconf 91' lang='lat' dir='ltr'>et</span> <span class='ocrx_word' id='word_1_229' title='bbox 1011 1609 1147 1644; x_wconf 85' lang='lat' dir='ltr'>negatur</span> <span class='ocrx_word' id='word_1_230' title='bbox 1162 1602 1289 1634; x_wconf 85' lang='lat' dir='ltr'>falsitas.</span> <span class='ocrx_word' id='word_1_231' title='bbox 1311 1603 1362 1634; x_wconf 90' lang='lat' dir='ltr'>Ad</span> 
     </span>
     <span class='ocr_line' id='line_1_32' title="bbox 283 1648 1363 1690; baseline -0.004 -9"><span class='ocrx_word' id='word_1_232' title='bbox 283 1649 376 1681; x_wconf 86' lang='lat' dir='ltr'>cuius</span> <span class='ocrx_word' id='word_1_233' title='bbox 392 1650 621 1690; x_wconf 73' lang='lat' dir='ltr'>probationem</span> <span class='ocrx_word' id='word_1_234' title='bbox 638 1649 755 1680; x_wconf 88' lang='lat' dir='ltr'>dicitur</span> <span class='ocrx_word' id='word_1_235' title='bbox 771 1648 861 1689; x_wconf 92' lang='lat' dir='ltr'>quod</span> <span class='ocrx_word' id='word_1_236' title='bbox 877 1653 1058 1688; x_wconf 89' lang='lat' dir='ltr'>conceptus</span> <span class='ocrx_word' id='word_1_237' title='bbox 1081 1648 1134 1678; x_wconf 90' lang='lat' dir='ltr'>ille</span> <span class='ocrx_word' id='word_1_238' title='bbox 1151 1653 1198 1678; x_wconf 91' lang='lat' dir='ltr'>est</span> <span class='ocrx_word' id='word_1_239' title='bbox 1214 1648 1363 1688; x_wconf 86' lang='lat' dir='ltr'>proprius</span> 
     </span>
     <span class='ocr_line' id='line_1_33' title="bbox 290 1713 325 1729; baseline 0 0"><span class='ocrx_word' id='word_1_240' title='bbox 290 1717 297 1721; x_wconf 89' lang='lat'>-</span> <span class='ocrx_word' id='word_1_241' title='bbox 310 1713 325 1729; x_wconf 78' lang='grc' dir='ltr'>ι,</span> 
     </span>
    </p>
   </div>
   <div class='ocr_carea' id='block_1_4' title="bbox 2405 296 2481 333">
    <p class='ocr_par' dir='ltr' id='par_1_6' title="bbox 2405 296 2481 333">
     <span class='ocr_line' id='line_1_34' title="bbox 2405 296 2481 333; baseline 0.013 -13"><span class='ocrx_word' id='word_1_242' title='bbox 2405 296 2481 333; x_wconf 86' lang='lat'>209</span> 
     </span>
    </p>
   </div>
   <div class='ocr_carea' id='block_1_5' title="bbox 1410 359 2484 1156">
    <p class='ocr_par' dir='ltr' id='par_1_7' title="bbox 1410 359 2482 623">
     <span class='ocr_line' id='line_1_35' title="bbox 1411 359 2480 399; baseline 0.007 -10"><span class='ocrx_word' id='word_1_243' title='bbox 1411 360 1517 399; x_wconf 87' lang='lat' dir='ltr'>primo</span> <span class='ocrx_word' id='word_1_244' title='bbox 1535 359 1648 396; x_wconf 89' lang='lat' dir='ltr'>modo,</span> <span class='ocrx_word' id='word_1_245' title='bbox 1666 370 1734 391; x_wconf 92' lang='lat' dir='ltr'>non</span> <span class='ocrx_word' id='word_1_246' title='bbox 1758 366 1866 392; x_wconf 87' lang='lat' dir='ltr'>autern</span> <span class='ocrx_word' id='word_1_247' title='bbox 1883 361 2028 392; x_wconf 88' lang='lat' dir='ltr'>secundo</span> <span class='ocrx_word' id='word_1_248' title='bbox 2042 362 2155 399; x_wconf 87' lang='lat' dir='ltr'>modo,</span> <span class='ocrx_word' id='word_1_249' title='bbox 2178 369 2215 394; x_wconf 93' lang='lat' dir='ltr'>ut</span> <span class='ocrx_word' id='word_1_250' title='bbox 2231 373 2279 395; x_wconf 74' lang='lat' dir='ltr'>exv</span> <span class='ocrx_word' id='word_1_251' title='bbox 2293 373 2327 396; x_wconf 88' lang='lat' dir='ltr'>se</span> <span class='ocrx_word' id='word_1_252' title='bbox 2344 370 2480 396; x_wconf 86' lang='lat' dir='ltr'>constat.</span> 
     </span>
     <span class='ocr_line' id='line_1_36' title="bbox 1411 403 2482 449; baseline 0.007 -16"><span class='ocrx_word' id='word_1_253' title='bbox 1411 403 1505 435; x_wconf 90' lang='lat' dir='ltr'>Unde</span> <span class='ocrx_word' id='word_1_254' title='bbox 1521 410 1554 434; x_wconf 92' lang='lat' dir='ltr'>et</span> <span class='ocrx_word' id='word_1_255' title='bbox 1569 404 1660 444; x_wconf 85' lang='lat' dir='ltr'>quod</span> <span class='ocrx_word' id='word_1_256' title='bbox 1683 405 1857 445; x_wconf 85' lang='lat' dir='ltr'>aliquando</span> <span class='ocrx_word' id='word_1_257' title='bbox 1874 405 1951 436; x_wconf 91' lang='lat' dir='ltr'>dicit</span> <span class='ocrx_word' id='word_1_258' title='bbox 1970 406 2105 438; x_wconf 88' lang='lat' dir='ltr'>Sanctus</span> <span class='ocrx_word' id='word_1_259' title='bbox 2121 407 2275 446; x_wconf 86' lang='lat' dir='ltr'>Thomas,</span> <span class='ocrx_word' id='word_1_260' title='bbox 2293 409 2384 449; x_wconf 86' lang='lat' dir='ltr'>quod</span> <span class='ocrx_word' id='word_1_261' title='bbox 2403 410 2482 446; x_wconf 79' lang='lat' dir='ltr'>mali</span> 
     </span>
     <span class='ocr_line' id='line_1_37' title="bbox 1411 449 2481 495; baseline 0.007 -17"><span class='ocrx_word' id='word_1_262' title='bbox 1411 458 1476 478; x_wconf 86' lang='lat' dir='ltr'>non</span> <span class='ocrx_word' id='word_1_263' title='bbox 1494 453 1605 488; x_wconf 84' lang='lat' dir='ltr'>potest</span> <span class='ocrx_word' id='word_1_264' title='bbox 1627 449 1753 489; x_wconf 79' lang='lat' dir='ltr'>concipi</span> <span class='ocrx_word' id='word_1_265' title='bbox 1777 450 1888 490; x_wconf 86' lang='lat' dir='ltr'>aliqua</span> <span class='ocrx_word' id='word_1_266' title='bbox 1902 451 2032 492; x_wconf 70' lang='lat' dir='ltr'>sor-ma,</span> <span class='ocrx_word' id='word_1_267' title='bbox 2054 457 2090 482; x_wconf 93' lang='lat' dir='ltr'>ut</span> <span class='ocrx_word' id='word_1_268' title='bbox 2111 452 2217 488; x_wconf 70' lang='lat' dir='ltr'>Verit„</span> <span class='ocrx_word' id='word_1_269' title='bbox 2235 462 2267 493; x_wconf 84' lang='lat' dir='ltr'>q.</span> <span class='ocrx_word' id='word_1_270' title='bbox 2284 463 2328 490; x_wconf 84' lang='lat'>111,</span> <span class='ocrx_word' id='word_1_271' title='bbox 2343 463 2376 495; x_wconf 87' lang='lat'>4,</span> <span class='ocrx_word' id='word_1_272' title='bbox 2393 454 2434 485; x_wconf 89' lang='lat' dir='ltr'>ad</span> <span class='ocrx_word' id='word_1_273' title='bbox 2450 454 2481 492; x_wconf 80' lang='lat'>6,</span> 
     </span>
     <span class='ocr_line' id='line_1_38' title="bbox 1410 492 2482 533; baseline 0.007 -11"><span class='ocrx_word' id='word_1_274' title='bbox 1410 492 1654 533; x_wconf 84' lang='lat' dir='ltr'>intelligendum</span> <span class='ocrx_word' id='word_1_275' title='bbox 1671 497 1718 523; x_wconf 91' lang='lat' dir='ltr'>est</span> <span class='ocrx_word' id='word_1_276' title='bbox 1733 493 1773 523; x_wconf 89' lang='lat' dir='ltr'>de</span> <span class='ocrx_word' id='word_1_277' title='bbox 1789 493 1893 524; x_wconf 85' lang='lat' dir='ltr'>forma</span> <span class='ocrx_word' id='word_1_278' title='bbox 1917 495 2106 526; x_wconf 86' lang='lat' dir='ltr'>excludente</span> <span class='ocrx_word' id='word_1_279' title='bbox 2126 497 2285 528; x_wconf 90' lang='lat' dir='ltr'>rationem</span> <span class='ocrx_word' id='word_1_280' title='bbox 2300 498 2393 529; x_wconf 90' lang='lat' dir='ltr'>boni:</span> <span class='ocrx_word' id='word_1_281' title='bbox 2413 508 2482 529; x_wconf 91' lang='lat' dir='ltr'>non</span> 
     </span>
     <span class='ocr_line' id='line_1_39' title="bbox 1410 537 2482 584; baseline 0.007 -17"><span class='ocrx_word' id='word_1_282' title='bbox 1410 542 1520 567; x_wconf 91' lang='lat' dir='ltr'>autem</span> <span class='ocrx_word' id='word_1_283' title='bbox 1535 537 1626 578; x_wconf 93' lang='lat' dir='ltr'>quod</span> <span class='ocrx_word' id='word_1_284' title='bbox 1649 537 1758 568; x_wconf 88' lang='lat' dir='ltr'>nullus</span> <span class='ocrx_word' id='word_1_285' title='bbox 1778 537 1817 568; x_wconf 91' lang='lat' dir='ltr'>de</span> <span class='ocrx_word' id='word_1_286' title='bbox 1838 538 1924 568; x_wconf 88' lang='lat' dir='ltr'>malo</span> <span class='ocrx_word' id='word_1_287' title='bbox 1940 538 2097 570; x_wconf 90' lang='lat' dir='ltr'>formetur</span> <span class='ocrx_word' id='word_1_288' title='bbox 2120 547 2307 581; x_wconf 91' lang='lat' dir='ltr'>conceptus.</span> <span class='ocrx_word' id='word_1_289' title='bbox 2324 542 2482 584; x_wconf 90' lang='lat' dir='ltr'>Alioquin</span> 
     </span>
     <span class='ocr_line' id='line_1_40' title="bbox 1410 582 2309 623; baseline 0.006 -12"><span class='ocrx_word' id='word_1_290' title='bbox 1410 591 1478 612; x_wconf 92' lang='lat' dir='ltr'>non</span> <span class='ocrx_word' id='word_1_291' title='bbox 1502 582 1733 621; x_wconf 87' lang='lat' dir='ltr'>intelligeretur</span> <span class='ocrx_word' id='word_1_292' title='bbox 1756 587 1792 612; x_wconf 93' lang='lat' dir='ltr'>ut</span> <span class='ocrx_word' id='word_1_293' title='bbox 1815 582 1936 623; x_wconf 91' lang='lat' dir='ltr'>aliquid</span> <span class='ocrx_word' id='word_1_294' title='bbox 1960 593 1978 613; x_wconf 87' lang='lat' dir='ltr'>a</span> <span class='ocrx_word' id='word_1_295' title='bbox 2001 584 2089 614; x_wconf 89' lang='lat' dir='ltr'>bono</span> <span class='ocrx_word' id='word_1_296' title='bbox 2114 584 2309 616; x_wconf 88' lang='lat' dir='ltr'>distinctum.</span> 
     </span>
    </p>

    <p class='ocr_par' dir='ltr' id='par_1_8' title="bbox 1411 625 2484 1022">
     <span class='ocr_line' id='line_1_41' title="bbox 1465 625 2483 667; baseline 0.006 -11"><span class='ocrx_word' id='word_1_297' title='bbox 1465 635 1497 664; x_wconf 91' lang='lat'>4.</span> <span class='ocrx_word' id='word_1_298' title='bbox 1523 625 1587 657; x_wconf 89' lang='lat' dir='ltr'>Sed</span> <span class='ocrx_word' id='word_1_299' title='bbox 1610 625 1791 657; x_wconf 89' lang='lat' dir='ltr'>secundum</span> <span class='ocrx_word' id='word_1_300' title='bbox 1814 627 1907 658; x_wconf 89' lang='lat' dir='ltr'>istam</span> <span class='ocrx_word' id='word_1_301' title='bbox 1923 629 2169 667; x_wconf 88' lang='lat' dir='ltr'>responsionem</span> <span class='ocrx_word' id='word_1_302' title='bbox 2185 626 2315 660; x_wconf 86' lang='lat' dir='ltr'>resultat</span> <span class='ocrx_word' id='word_1_303' title='bbox 2335 630 2483 662; x_wconf 89' lang='lat' dir='ltr'>dubium.-</span> 
     </span>
     <span class='ocr_line' id='line_1_42' title="bbox 1411 670 2482 712; baseline 0.004 -10"><span class='ocrx_word' id='word_1_304' title='bbox 1411 670 1564 710; x_wconf 89' lang='lat' dir='ltr'>Sequitur</span> <span class='ocrx_word' id='word_1_305' title='bbox 1588 671 1686 707; x_wconf 90' lang='lat' dir='ltr'>enim,</span> <span class='ocrx_word' id='word_1_306' title='bbox 1716 671 1895 701; x_wconf 89' lang='lat' dir='ltr'>secundum</span> <span class='ocrx_word' id='word_1_307' title='bbox 1920 672 2033 711; x_wconf 88' lang='lat' dir='ltr'>ipsam,</span> <span class='ocrx_word' id='word_1_308' title='bbox 2058 673 2149 712; x_wconf 92' lang='lat' dir='ltr'>quod</span> <span class='ocrx_word' id='word_1_309' title='bbox 2172 673 2260 704; x_wconf 90' lang='lat' dir='ltr'>Deus</span> <span class='ocrx_word' id='word_1_310' title='bbox 2288 675 2363 705; x_wconf 90' lang='lat' dir='ltr'>mali</span> <span class='ocrx_word' id='word_1_311' title='bbox 2391 676 2424 706; x_wconf 92' lang='lat' dir='ltr'>in</span> <span class='ocrx_word' id='word_1_312' title='bbox 2447 685 2482 707; x_wconf 85' lang='lat' dir='ltr'>se</span> 
     </span>
     <span class='ocr_line' id='line_1_43' title="bbox 1411 714 2482 759; baseline 0.005 -14"><span class='ocrx_word' id='word_1_313' title='bbox 1411 715 1576 755; x_wconf 88' lang='lat' dir='ltr'>propriam</span> <span class='ocrx_word' id='word_1_314' title='bbox 1599 715 1715 746; x_wconf 86' lang='lat' dir='ltr'>habeat</span> <span class='ocrx_word' id='word_1_315' title='bbox 1738 714 1853 746; x_wconf 88' lang='lat' dir='ltr'>ideam.</span> <span class='ocrx_word' id='word_1_316' title='bbox 1876 715 1979 746; x_wconf 90' lang='lat' dir='ltr'>Cuius</span> <span class='ocrx_word' id='word_1_317' title='bbox 2003 717 2202 756; x_wconf 89' lang='lat' dir='ltr'>oppositum,</span> <span class='ocrx_word' id='word_1_318' title='bbox 2220 719 2418 759; x_wconf 90' lang='lat' dir='ltr'>ubicumque</span> <span class='ocrx_word' id='word_1_319' title='bbox 2442 719 2482 750; x_wconf 94' lang='lat' dir='ltr'>de</span> 
     </span>
     <span class='ocr_line' id='line_1_44' title="bbox 1411 758 2480 804; baseline 0.005 -15"><span class='ocrx_word' id='word_1_320' title='bbox 1411 758 1490 789; x_wconf 83' lang='lat' dir='ltr'>ideis</span> <span class='ocrx_word' id='word_1_321' title='bbox 1507 759 1664 800; x_wconf 90' lang='lat' dir='ltr'>loquitur,</span> <span class='ocrx_word' id='word_1_322' title='bbox 1681 759 1817 790; x_wconf 88' lang='lat' dir='ltr'>Sanctus</span> <span class='ocrx_word' id='word_1_323' title='bbox 1834 759 1979 790; x_wconf 87' lang='lat' dir='ltr'>Thomas</span> <span class='ocrx_word' id='word_1_324' title='bbox 1995 765 2083 791; x_wconf 92' lang='lat' dir='ltr'>tenet</span> <span class='ocrx_word' id='word_1_325' title='bbox 2090 761 2116 791; x_wconf 40' lang='grc' dir='ltr'>ἃ.</span> <span class='ocrx_word' id='word_1_326' title='bbox 2133 779 2156 783; x_wconf 98' lang='grc'><strong>-</strong></span> <span class='ocrx_word' id='word_1_327' title='bbox 2171 761 2326 799; x_wconf 90' lang='lat' dir='ltr'>Probatur</span> <span class='ocrx_word' id='word_1_328' title='bbox 2341 764 2480 804; x_wconf 90' lang='lat' dir='ltr'>sequela.</span> 
     </span>
     <span class='ocr_line' id='line_1_45' title="bbox 1411 803 2483 844; baseline 0.006 -11"><span class='ocrx_word' id='word_1_329' title='bbox 1411 803 1507 841; x_wconf 87' lang='lat' dir='ltr'>Quia,</span> <span class='ocrx_word' id='word_1_330' title='bbox 1533 813 1609 834; x_wconf 92' lang='lat' dir='ltr'>cum</span> <span class='ocrx_word' id='word_1_331' title='bbox 1632 803 1714 840; x_wconf 91' lang='lat' dir='ltr'>idea,</span> <span class='ocrx_word' id='word_1_332' title='bbox 1739 803 1919 835; x_wconf 89' lang='lat' dir='ltr'>secundum</span> <span class='ocrx_word' id='word_1_333' title='bbox 1951 804 2041 844; x_wconf 92' lang='lat' dir='ltr'>quod</span> <span class='ocrx_word' id='word_1_334' title='bbox 2070 806 2217 836; x_wconf 89' lang='lat' dir='ltr'>nominat</span> <span class='ocrx_word' id='word_1_335' title='bbox 2240 807 2483 839; x_wconf 90' lang='lat' dir='ltr'>similitudinem</span> 
     </span>
     <span class='ocr_line' id='line_1_46' title="bbox 1411 848 2482 892; baseline 0.004 -14"><span class='ocrx_word' id='word_1_336' title='bbox 1411 853 1443 878; x_wconf 91' lang='lat' dir='ltr'>et</span> <span class='ocrx_word' id='word_1_337' title='bbox 1466 848 1624 878; x_wconf 89' lang='lat' dir='ltr'>rationem</span> <span class='ocrx_word' id='word_1_338' title='bbox 1641 848 1871 888; x_wconf 89' lang='lat' dir='ltr'>cognoscendi,</span> <span class='ocrx_word' id='word_1_339' title='bbox 1895 850 2070 888; x_wconf 92' lang='lat' dir='ltr'>conceptui</span> <span class='ocrx_word' id='word_1_340' title='bbox 2085 849 2265 880; x_wconf 87' lang='lat' dir='ltr'>intellectus</span> <span class='ocrx_word' id='word_1_341' title='bbox 2284 852 2384 882; x_wconf 89' lang='lat' dir='ltr'>nostri</span> <span class='ocrx_word' id='word_1_342' title='bbox 2407 861 2482 892; x_wconf 90' lang='lat' dir='ltr'>pro-</span> 
     </span>
     <span class='ocr_line' id='line_1_47' title="bbox 1411 885 2483 934; baseline 0.005 -12"><span class='ocrx_word' id='word_1_343' title='bbox 1411 893 1669 932; x_wconf 76' lang='lat' dir='ltr'>portionabiliter</span> <span class='ocrx_word' id='word_1_344' title='bbox 1695 893 1898 932; x_wconf 87' lang='lat' dir='ltr'>respondeat,</span> <span class='ocrx_word' id='word_1_345' title='bbox 1923 893 2049 924; x_wconf 90' lang='lat' dir='ltr'>videtur</span> <span class='ocrx_word' id='word_1_346' title='bbox 2077 885 2167 934; x_wconf 83' lang='lat' dir='ltr'>quod</span> <span class='ocrx_word' id='word_1_347' title='bbox 2190 894 2230 925; x_wconf 92' lang='lat' dir='ltr'>de</span> <span class='ocrx_word' id='word_1_348' title='bbox 2254 896 2405 926; x_wconf 89' lang='lat' dir='ltr'>omnibus</span> <span class='ocrx_word' id='word_1_349' title='bbox 2427 897 2483 927; x_wconf 88' lang='lat' dir='ltr'>ha-</span> 
     </span>
     <span class='ocr_line' id='line_1_48' title="bbox 1412 937 2484 979; baseline 0.004 -12"><span class='ocrx_word' id='word_1_350' title='bbox 1412 938 1485 967; x_wconf 91' lang='lat' dir='ltr'>beat</span> <span class='ocrx_word' id='word_1_351' title='bbox 1508 938 1654 978; x_wconf 87' lang='lat' dir='ltr'>proprias</span> <span class='ocrx_word' id='word_1_352' title='bbox 1682 937 1769 968; x_wconf 91' lang='lat' dir='ltr'>ideas</span> <span class='ocrx_word' id='word_1_353' title='bbox 1796 947 1879 978; x_wconf 89' lang='lat' dir='ltr'>quae</span> <span class='ocrx_word' id='word_1_354' title='bbox 1907 939 2041 978; x_wconf 90' lang='lat' dir='ltr'>proprio</span> <span class='ocrx_word' id='word_1_355' title='bbox 2073 944 2236 979; x_wconf 88' lang='lat' dir='ltr'>conceptu</span> <span class='ocrx_word' id='word_1_356' title='bbox 2266 949 2284 969; x_wconf 90' lang='lat' dir='ltr'>a</span> <span class='ocrx_word' id='word_1_357' title='bbox 2311 941 2405 971; x_wconf 89' lang='lat' dir='ltr'>nobis</span> <span class='ocrx_word' id='word_1_358' title='bbox 2429 950 2484 971; x_wconf 93' lang='lat' dir='ltr'>co-</span> 
     </span>
     <span class='ocr_line' id='line_1_49' title="bbox 1411 987 1622 1022; baseline 0.005 -11"><span class='ocrx_word' id='word_1_359' title='bbox 1411 987 1622 1022; x_wconf 88' lang='lat' dir='ltr'>gnoscuntur.</span> 
     </span>
    </p>

    <p class='ocr_par' dir='ltr' id='par_1_9' title="bbox 1412 1025 2484 1156">
     <span class='ocr_line' id='line_1_50' title="bbox 1468 1025 2484 1068; baseline 0.004 -12"><span class='ocrx_word' id='word_1_360' title='bbox 1468 1025 1519 1056; x_wconf 91' lang='lat' dir='ltr'>Ad</span> <span class='ocrx_word' id='word_1_361' title='bbox 1534 1026 1598 1057; x_wconf 88' lang='lat' dir='ltr'>hoc</span> <span class='ocrx_word' id='word_1_362' title='bbox 1610 1026 1756 1062; x_wconf 90' lang='lat' dir='ltr'>dubium,</span> <span class='ocrx_word' id='word_1_363' title='bbox 1773 1031 1907 1066; x_wconf 89' lang='lat' dir='ltr'>negatur</span> <span class='ocrx_word' id='word_1_364' title='bbox 1924 1027 2064 1067; x_wconf 85' lang='lat' dir='ltr'>sequela.</span> <span class='ocrx_word' id='word_1_365' title='bbox 2082 1027 2134 1058; x_wconf 89' lang='lat' dir='ltr'>Ad</span> <span class='ocrx_word' id='word_1_366' title='bbox 2149 1028 2242 1058; x_wconf 89' lang='lat' dir='ltr'>cuius</span> <span class='ocrx_word' id='word_1_367' title='bbox 2257 1029 2484 1068; x_wconf 88' lang='lat' dir='ltr'>probationem</span> 
     </span>
     <span class='ocr_line' id='line_1_51' title="bbox 1413 1069 2483 1114; baseline 0.004 -14"><span class='ocrx_word' id='word_1_368' title='bbox 1413 1069 1583 1110; x_wconf 91' lang='lat' dir='ltr'>dupliciter</span> <span class='ocrx_word' id='word_1_369' title='bbox 1606 1070 1669 1101; x_wconf 89' lang='lat' dir='ltr'>dici</span> <span class='ocrx_word' id='word_1_370' title='bbox 1693 1076 1809 1110; x_wconf 90' lang='lat' dir='ltr'>potest.</span> <span class='ocrx_word' id='word_1_371' title='bbox 1824 1074 1826 1076; x_wconf 80' lang='grc'><strong>“</strong></span> <span class='ocrx_word' id='word_1_372' title='bbox 1842 1071 1961 1107; x_wconf 89' lang='lat' dir='ltr'>Primo,</span> <span class='ocrx_word' id='word_1_373' title='bbox 1987 1071 2077 1112; x_wconf 92' lang='lat' dir='ltr'>quod</span> <span class='ocrx_word' id='word_1_374' title='bbox 2105 1071 2194 1103; x_wconf 91' lang='lat' dir='ltr'>Deus</span> <span class='ocrx_word' id='word_1_375' title='bbox 2216 1072 2312 1103; x_wconf 91' lang='lat' dir='ltr'>habet</span> <span class='ocrx_word' id='word_1_376' title='bbox 2339 1074 2483 1114; x_wconf 85' lang='lat' dir='ltr'>proprias</span> 
     </span>
     <span class='ocr_line' id='line_1_52' title="bbox 1412 1114 2484 1156; baseline 0.003 -11"><span class='ocrx_word' id='word_1_377' title='bbox 1412 1114 1500 1145; x_wconf 86' lang='lat' dir='ltr'>ideas</span> <span class='ocrx_word' id='word_1_378' title='bbox 1524 1116 1673 1145; x_wconf 88' lang='lat' dir='ltr'>omnium</span> <span class='ocrx_word' id='word_1_379' title='bbox 1693 1124 1776 1155; x_wconf 90' lang='lat' dir='ltr'>quae</span> <span class='ocrx_word' id='word_1_380' title='bbox 1800 1116 1932 1155; x_wconf 90' lang='lat' dir='ltr'>proprio</span> <span class='ocrx_word' id='word_1_381' title='bbox 1959 1121 2132 1156; x_wconf 90' lang='lat' dir='ltr'>conceptu,</span> <span class='ocrx_word' id='word_1_382' title='bbox 2149 1116 2231 1147; x_wconf 90' lang='lat' dir='ltr'>idest</span> <span class='ocrx_word' id='word_1_383' title='bbox 2258 1127 2387 1147; x_wconf 87' lang='lat' dir='ltr'>omnem·</span> <span class='ocrx_word' id='word_1_384' title='bbox 2407 1127 2484 1148; x_wconf 88' lang='lat' dir='ltr'>con-</span> 
     </span>
    </p>
   </div>
   <div class='ocr_carea' id='block_1_6' title="bbox 1357 1159 2485 1201">
    <p class='ocr_par' dir='ltr' id='par_1_10' title="bbox 1357 1159 2485 1201">
     <span class='ocr_line' id='line_1_53' title="bbox 1357 1159 2485 1201; baseline 0.004 -12"><span class='ocrx_word' id='word_1_385' title='bbox 1357 1169 1360 1172; x_wconf 55' lang='lat'><em>*</em></span> <span class='ocrx_word' id='word_1_386' title='bbox 1414 1164 1538 1199; x_wconf 78' lang='lat' dir='ltr'>ceptum</span> <span class='ocrx_word' id='word_1_387' title='bbox 1554 1159 1690 1190; x_wconf 81' lang='lat' dir='ltr'>alterius</span> <span class='ocrx_word' id='word_1_388' title='bbox 1706 1160 1755 1190; x_wconf 85' lang='lat' dir='ltr'>rei</span> <span class='ocrx_word' id='word_1_389' title='bbox 1770 1160 1970 1196; x_wconf 80' lang='lat' dir='ltr'>excludente,</span> <span class='ocrx_word' id='word_1_390' title='bbox 1986 1161 2218 1201; x_wconf 90' lang='lat' dir='ltr'>intelliguntur.</span> <span class='ocrx_word' id='word_1_391' title='bbox 2239 1161 2352 1198; x_wconf 91' lang='lat' dir='ltr'>Modo,</span> <span class='ocrx_word' id='word_1_392' title='bbox 2369 1162 2485 1193; x_wconf 82' lang='lat' dir='ltr'>dicitur</span> 
     </span>
    </p>
   </div>
   <div class='ocr_carea' id='block_1_7' title="bbox 1388 1203 2486 1688">
    <p class='ocr_par' dir='ltr' id='par_1_11' title="bbox 1413 1203 2484 1290">
     <span class='ocr_line' id='line_1_54' title="bbox 1414 1203 2484 1247; baseline 0.004 -13"><span class='ocrx_word' id='word_1_393' title='bbox 1414 1203 1504 1244; x_wconf 91' lang='lat' dir='ltr'>quod</span> <span class='ocrx_word' id='word_1_394' title='bbox 1519 1204 1643 1235; x_wconf 88' lang='lat' dir='ltr'>malum</span> <span class='ocrx_word' id='word_1_395' title='bbox 1658 1214 1727 1234; x_wconf 91' lang='lat' dir='ltr'>non</span> <span class='ocrx_word' id='word_1_396' title='bbox 1741 1205 1928 1244; x_wconf 89' lang='lat' dir='ltr'>intelligitur</span> <span class='ocrx_word' id='word_1_397' title='bbox 1944 1215 1962 1235; x_wconf 92' lang='lat' dir='ltr'>a</span> <span class='ocrx_word' id='word_1_398' title='bbox 1977 1205 2071 1235; x_wconf 89' lang='lat' dir='ltr'>nobis</span> <span class='ocrx_word' id='word_1_399' title='bbox 2093 1206 2226 1246; x_wconf 91' lang='lat' dir='ltr'>proprio</span> <span class='ocrx_word' id='word_1_400' title='bbox 2243 1212 2405 1247; x_wconf 89' lang='lat' dir='ltr'>conceptu</span> <span class='ocrx_word' id='word_1_401' title='bbox 2421 1207 2484 1238; x_wconf 92' lang='lat' dir='ltr'>hoc</span> 
     </span>
     <span class='ocr_line' id='line_1_55' title="bbox 1413 1247 2441 1290; baseline 0.003 -12"><span class='ocrx_word' id='word_1_402' title='bbox 1413 1247 1525 1284; x_wconf 88' lang='lat' dir='ltr'>modo,</span> <span class='ocrx_word' id='word_1_403' title='bbox 1551 1254 1586 1279; x_wconf 93' lang='lat' dir='ltr'>ut</span> <span class='ocrx_word' id='word_1_404' title='bbox 1610 1249 1722 1289; x_wconf 91' lang='lat' dir='ltr'>patuit.</span> <span class='ocrx_word' id='word_1_405' title='bbox 1747 1248 1824 1279; x_wconf 91' lang='lat' dir='ltr'>Ideo</span> <span class='ocrx_word' id='word_1_406' title='bbox 1848 1259 1916 1279; x_wconf 91' lang='lat' dir='ltr'>non</span> <span class='ocrx_word' id='word_1_407' title='bbox 1940 1250 2085 1289; x_wconf 88' lang='lat' dir='ltr'>sequitur</span> <span class='ocrx_word' id='word_1_408' title='bbox 2108 1249 2198 1290; x_wconf 90' lang='lat' dir='ltr'>quod</span> <span class='ocrx_word' id='word_1_409' title='bbox 2220 1250 2441 1282; x_wconf 85' lang='lat' dir='ltr'>inferebatur..</span> 
     </span>
    </p>

    <p class='ocr_par' dir='ltr' id='par_1_12' title="bbox 1388 1292 2486 1686">
     <span class='ocr_line' id='line_1_56' title="bbox 1470 1292 2483 1336; baseline 0.003 -13"><span class='ocrx_word' id='word_1_410' title='bbox 1470 1292 1636 1335; x_wconf 77' lang='lat' dir='ltr'>Secundo,</span> <span class='ocrx_word' id='word_1_411' title='bbox 1647 1293 1738 1334; x_wconf 92' lang='lat' dir='ltr'>quod</span> <span class='ocrx_word' id='word_1_412' title='bbox 1753 1293 1842 1323; x_wconf 91' lang='lat' dir='ltr'>Deus</span> <span class='ocrx_word' id='word_1_413' title='bbox 1856 1293 1953 1323; x_wconf 87' lang='lat' dir='ltr'>habet</span> <span class='ocrx_word' id='word_1_414' title='bbox 1968 1295 2132 1334; x_wconf 92' lang='lat' dir='ltr'>propriam</span> <span class='ocrx_word' id='word_1_415' title='bbox 2148 1294 2254 1325; x_wconf 85' lang='lat' dir='ltr'>ideam</span> <span class='ocrx_word' id='word_1_416' title='bbox 2270 1305 2384 1326; x_wconf 89' lang='lat' dir='ltr'>eorum</span> <span class='ocrx_word' id='word_1_417' title='bbox 2401 1305 2483 1336; x_wconf 89' lang='lat' dir='ltr'>quae</span> 
     </span>
     <span class='ocr_line' id='line_1_57' title="bbox 1415 1337 2482 1379; baseline 0.003 -12"><span class='ocrx_word' id='word_1_418' title='bbox 1415 1337 1547 1377; x_wconf 90' lang='lat' dir='ltr'>proprio</span> <span class='ocrx_word' id='word_1_419' title='bbox 1573 1343 1735 1377; x_wconf 91' lang='lat' dir='ltr'>conceptu</span> <span class='ocrx_word' id='word_1_420' title='bbox 1755 1337 1973 1377; x_wconf 88' lang='lat' dir='ltr'>intelligimus,</span> <span class='ocrx_word' id='word_1_421' title='bbox 1990 1339 2016 1368; x_wconf 91' lang='lat' dir='ltr'>si</span> <span class='ocrx_word' id='word_1_422' title='bbox 2035 1343 2180 1369; x_wconf 92' lang='lat' dir='ltr'>naturam</span> <span class='ocrx_word' id='word_1_423' title='bbox 2198 1339 2338 1379; x_wconf 82' lang='lat' dir='ltr'>aliquam</span> <span class='ocrx_word' id='word_1_424' title='bbox 2362 1339 2482 1370; x_wconf 90' lang='lat' dir='ltr'>dicant:</span> 
     </span>
     <span class='ocr_line' id='line_1_58' title="bbox 1415 1382 2483 1424; baseline 0.004 -13"><span class='ocrx_word' id='word_1_425' title='bbox 1415 1391 1483 1412; x_wconf 91' lang='lat' dir='ltr'>non</span> <span class='ocrx_word' id='word_1_426' title='bbox 1507 1387 1615 1412; x_wconf 86' lang='lat' dir='ltr'>autem</span> <span class='ocrx_word' id='word_1_427' title='bbox 1639 1383 1666 1412; x_wconf 89' lang='lat' dir='ltr'>si</span> <span class='ocrx_word' id='word_1_428' title='bbox 1689 1382 1797 1412; x_wconf 90' lang='lat' dir='ltr'>dicant</span> <span class='ocrx_word' id='word_1_429' title='bbox 1826 1383 2043 1422; x_wconf 88' lang='lat' dir='ltr'>negationem.</span> <span class='ocrx_word' id='word_1_430' title='bbox 2070 1382 2156 1420; x_wconf 90' lang='lat' dir='ltr'>Quia</span> <span class='ocrx_word' id='word_1_431' title='bbox 2180 1383 2251 1413; x_wconf 85' lang='lat' dir='ltr'>idea</span> <span class='ocrx_word' id='word_1_432' title='bbox 2274 1392 2357 1424; x_wconf 89' lang='lat' dir='ltr'>quae</span> <span class='ocrx_word' id='word_1_433' title='bbox 2381 1389 2428 1414; x_wconf 92' lang='lat' dir='ltr'>est</span> <span class='ocrx_word' id='word_1_434' title='bbox 2449 1384 2483 1415; x_wconf 91' lang='lat' dir='ltr'>in</span> 
     </span>
     <span class='ocr_line' id='line_1_59' title="bbox 1415 1425 2483 1468; baseline 0.002 -12"><span class='ocrx_word' id='word_1_435' title='bbox 1415 1431 1524 1456; x_wconf 89' lang='lat' dir='ltr'>mente</span> <span class='ocrx_word' id='word_1_436' title='bbox 1548 1425 1655 1457; x_wconf 82' lang='lat' dir='ltr'>divina</span> <span class='ocrx_word' id='word_1_437' title='bbox 1683 1432 1898 1466; x_wconf 90' lang='lat' dir='ltr'>repraesentat</span> <span class='ocrx_word' id='word_1_438' title='bbox 1925 1436 1982 1466; x_wconf 91' lang='lat' dir='ltr'>per</span> <span class='ocrx_word' id='word_1_439' title='bbox 2009 1436 2042 1458; x_wconf 88' lang='lat' dir='ltr'>se</span> <span class='ocrx_word' id='word_1_440' title='bbox 2070 1436 2108 1457; x_wconf 89' lang='lat' dir='ltr'>ea</span> <span class='ocrx_word' id='word_1_441' title='bbox 2137 1437 2221 1468; x_wconf 91' lang='lat' dir='ltr'>quae</span> <span class='ocrx_word' id='word_1_442' title='bbox 2249 1428 2359 1468; x_wconf 93' lang='lat' dir='ltr'>aliquo</span> <span class='ocrx_word' id='word_1_443' title='bbox 2382 1427 2483 1459; x_wconf 91' lang='lat' dir='ltr'>modo</span> 
     </span>
     <span class='ocr_line' id='line_1_60' title="bbox 1416 1470 2484 1511; baseline 0.003 -11"><span class='ocrx_word' id='word_1_444' title='bbox 1416 1470 1523 1501; x_wconf 90' lang='lat' dir='ltr'>divina</span> <span class='ocrx_word' id='word_1_445' title='bbox 1540 1471 1676 1501; x_wconf 90' lang='lat' dir='ltr'>essentia</span> <span class='ocrx_word' id='word_1_446' title='bbox 1692 1471 1892 1511; x_wconf 86' lang='lat' dir='ltr'>participant.</span> <span class='ocrx_word' id='word_1_447' title='bbox 1913 1471 2036 1502; x_wconf 86' lang='lat' dir='ltr'>Malum</span> <span class='ocrx_word' id='word_1_448' title='bbox 2059 1477 2167 1502; x_wconf 89' lang='lat' dir='ltr'>autem</span> <span class='ocrx_word' id='word_1_449' title='bbox 2182 1481 2250 1502; x_wconf 91' lang='lat' dir='ltr'>non</span> <span class='ocrx_word' id='word_1_450' title='bbox 2266 1472 2343 1503; x_wconf 90' lang='lat' dir='ltr'>dicit</span> <span class='ocrx_word' id='word_1_451' title='bbox 2359 1472 2484 1503; x_wconf 91' lang='lat' dir='ltr'>divinae</span> 
     </span>
     <span class='ocr_line' id='line_1_61' title="bbox 1416 1515 2484 1557; baseline 0.002 -12"><span class='ocrx_word' id='word_1_452' title='bbox 1416 1515 1570 1546; x_wconf 86' lang='lat' dir='ltr'>essentiae</span> <span class='ocrx_word' id='word_1_453' title='bbox 1586 1515 1880 1556; x_wconf 86' lang='lat' dir='ltr'>participationem;</span> <span class='ocrx_word' id='word_1_454' title='bbox 1905 1515 2006 1546; x_wconf 89' lang='lat' dir='ltr'>immo</span> <span class='ocrx_word' id='word_1_455' title='bbox 2030 1517 2131 1556; x_wconf 89' lang='lat' dir='ltr'>magis</span> <span class='ocrx_word' id='word_1_456' title='bbox 2154 1517 2406 1557; x_wconf 88' lang='lat' dir='ltr'>participationis</span> <span class='ocrx_word' id='word_1_457' title='bbox 2423 1517 2484 1547; x_wconf 90' lang='lat' dir='ltr'>hu-</span> 
     </span>
     <span class='ocr_line' id='line_1_62' title="bbox 1415 1558 2484 1601; baseline 0.002 -12"><span class='ocrx_word' id='word_1_458' title='bbox 1415 1558 1555 1589; x_wconf 90' lang='lat' dir='ltr'>iusmodi</span> <span class='ocrx_word' id='word_1_459' title='bbox 1583 1560 1799 1599; x_wconf 90' lang='lat' dir='ltr'>negationem.</span> <span class='ocrx_word' id='word_1_460' title='bbox 1830 1558 1907 1590; x_wconf 90' lang='lat' dir='ltr'>Ideo</span> <span class='ocrx_word' id='word_1_461' title='bbox 1934 1560 2034 1600; x_wconf 90' lang='lat' dir='ltr'>ipsius</span> <span class='ocrx_word' id='word_1_462' title='bbox 2061 1570 2130 1590; x_wconf 90' lang='lat' dir='ltr'>non</span> <span class='ocrx_word' id='word_1_463' title='bbox 2160 1566 2290 1600; x_wconf 86' lang='lat' dir='ltr'>oportet</span> <span class='ocrx_word' id='word_1_464' title='bbox 2318 1570 2386 1591; x_wconf 89' lang='lat' dir='ltr'>esse</span> <span class='ocrx_word' id='word_1_465' title='bbox 2408 1570 2484 1601; x_wconf 88' lang='lat' dir='ltr'>pro-</span> 
     </span>
     <span class='ocr_line' id='line_1_63' title="bbox 1388 1602 2486 1686; baseline 0.002 -53"><span class='ocrx_word' id='word_1_466' title='bbox 1388 1613 1391 1686; x_wconf 74' lang='grc' dir='ltr'>Ι</span> <span class='ocrx_word' id='word_1_467' title='bbox 1415 1603 1519 1644; x_wconf 88' lang='lat' dir='ltr'>priam</span> <span class='ocrx_word' id='word_1_468' title='bbox 1541 1602 1658 1639; x_wconf 89' lang='lat' dir='ltr'>ideam,</span> <span class='ocrx_word' id='word_1_469' title='bbox 1675 1604 1749 1634; x_wconf 90' lang='lat' dir='ltr'>licet</span> <span class='ocrx_word' id='word_1_470' title='bbox 1773 1614 1790 1634; x_wconf 88' lang='lat' dir='ltr'>a</span> <span class='ocrx_word' id='word_1_471' title='bbox 1813 1603 1908 1634; x_wconf 90' lang='lat' dir='ltr'>nobis</span> <span class='ocrx_word' id='word_1_472' title='bbox 1931 1604 2041 1644; x_wconf 85' lang='lat' dir='ltr'>aliquo</span> <span class='ocrx_word' id='word_1_473' title='bbox 2066 1610 2227 1644; x_wconf 91' lang='lat' dir='ltr'>conceptu</span> <span class='ocrx_word' id='word_1_474' title='bbox 2251 1605 2383 1645; x_wconf 90' lang='lat' dir='ltr'>proprio</span> <span class='ocrx_word' id='word_1_475' title='bbox 2407 1614 2486 1636; x_wconf 93' lang='lat' dir='ltr'>con-</span> 
     </span>
    </p>

    <p class='ocr_par' dir='ltr' id='par_1_13' title="bbox 1417 1648 1932 1688">
     <span class='ocr_line' id='line_1_64' title="bbox 1417 1648 1932 1688; baseline 0 -10"><span class='ocrx_word' id='word_1_476' title='bbox 1417 1648 1562 1688; x_wconf 89' lang='lat' dir='ltr'>cipiatur.</span> <span class='ocrx_word' id='word_1_477' title='bbox 1930 1664 1932 1666; x_wconf 97' lang='lat'>·</span> 
     </span>
    </p>
   </div>
   <div class='ocr_carea' id='block_1_8' title="bbox 1385 1196 1388 1303">
    <p class='ocr_par' dir='ltr' id='par_1_14' title="bbox 1385 1196 1388 1303">
     <span class='ocr_line' id='line_1_65' title="bbox 1385 1196 1388 1303; baseline 0 0"><span class='ocrx_word' id='word_1_478' title='bbox 1385 1196 1388 1303; x_wconf 95' lang='lat' dir='ltr'> </span> 
     </span>
    </p>
   </div>
   <div class='ocr_carea' id='block_1_9' title="bbox 1386 1305 1390 1422">
    <p class='ocr_par' dir='ltr' id='par_1_15' title="bbox 1386 1305 1390 1422">
     <span class='ocr_line' id='line_1_66' title="bbox 1386 1305 1390 1422; baseline 0 2712"><span class='ocrx_word' id='word_1_479' title='bbox 1386 1305 1390 1422; x_wconf 95' lang='lat' dir='ltr'> </span> 
     </span>
    </p>
   </div>
   <div class='ocr_carea' id='block_1_10' title="bbox 1387 1424 1391 1612">
    <p class='ocr_par' dir='ltr' id='par_1_16' title="bbox 1387 1424 1391 1612">
     <span class='ocr_line' id='line_1_67' title="bbox 1387 1424 1391 1612; baseline 0 2522"><span class='ocrx_word' id='word_1_480' title='bbox 1387 1424 1391 1612; x_wconf 95' lang='lat' dir='ltr'> </span> 
     </span>
    </p>
   </div>
   <div class='ocr_carea' id='block_1_11' title="bbox 1343 1771 1437 1813">
    <p class='ocr_par' dir='ltr' id='par_1_17' title="bbox 1343 1771 1437 1813">
     <span class='ocr_line' id='line_1_68' title="bbox 1343 1771 1437 1813; baseline 0 -28"><span class='ocrx_word' id='word_1_481' title='bbox 1343 1771 1437 1813; x_wconf 43' lang='grc' dir='ltr'>ἕψε</span> 
     </span>
    </p>
   </div>
   <div class='ocr_carea' id='block_1_12' title="bbox 525 1930 2247 2020">
    <p class='ocr_par' dir='ltr' id='par_1_18' title="bbox 525 1930 2247 2020">
     <span class='ocr_line' id='line_1_69' title="bbox 525 1930 2247 2020; baseline -0.003 -29"><span class='ocrx_word' id='word_1_482' title='bbox 525 1930 1014 1991; x_wconf 84' lang='lat' dir='ltr'>CAPITULUM</span> <span class='ocrx_word' id='word_1_483' title='bbox 1051 1930 1763 2020; x_wconf 83' lang='lat' dir='ltr'>SEPTUAGESIMUM</span> <span class='ocrx_word' id='word_1_484' title='bbox 1802 1931 2247 1986; x_wconf 88' lang='lat' dir='ltr'>SECUNDUM</span> 
     </span>
    </p>
   </div>
   <div class='ocr_carea' id='block_1_13' title="bbox 1171 2048 1605 2079">
    <p class='ocr_par' dir='ltr' id='par_1_19' title="bbox 1171 2048 1605 2079">
     <span class='ocr_line' id='line_1_70' title="bbox 1171 2048 1605 2079; baseline 0.002 -1"><span class='ocrx_word' id='word_1_485' title='bbox 1171 2049 1201 2079; x_wconf 89' lang='lat' dir='ltr'>A</span> <span class='ocrx_word' id='word_1_486' title='bbox 1234 2058 1303 2079; x_wconf 89' lang='lat' dir='ltr'>22r</span> <span class='ocrx_word' id='word_1_487' title='bbox 1338 2057 1378 2078; x_wconf 78' lang='lat' dir='ltr'>at</span> <span class='ocrx_word' id='word_1_488' title='bbox 1408 2049 1477 2079; x_wconf 90' lang='lat' dir='ltr'>sine</span> <span class='ocrx_word' id='word_1_489' title='bbox 1500 2048 1605 2079; x_wconf 90' lang='lat' dir='ltr'>titulo.</span> 
     </span>
    </p>
   </div>
   <div class='ocr_carea' id='block_1_14' title="bbox 910 2139 1355 2199">
    <p class='ocr_par' dir='ltr' id='par_1_20' title="bbox 910 2139 1355 2199">
     <span class='ocr_line' id='line_1_71' title="bbox 910 2139 1355 2199; baseline 0.002 -18"><span class='ocrx_word' id='word_1_490' title='bbox 910 2140 1112 2199; x_wconf 73' lang='lat' dir='ltr'>ouon</span> <span class='ocrx_word' id='word_1_491' title='bbox 1163 2139 1355 2182; x_wconf 85' lang='lat' dir='ltr'>DEUS</span> 
     </span>
    </p>
   </div>
   <div class='ocr_carea' id='block_1_15' title="bbox 287 2270 1362 2479">
    <p class='ocr_par' dir='ltr' id='par_1_21' title="bbox 287 2270 1362 2479">
     <span class='ocr_line' id='line_1_72' title="bbox 294 2270 1362 2320; baseline 0.001 -14"><span class='ocrx_word' id='word_1_492' title='bbox 294 2304 297 2306; x_wconf 82' lang='grc'>.</span> <span class='ocrx_word' id='word_1_493' title='bbox 495 2283 657 2309; x_wconf 70' lang='lat' dir='ltr'>xpmrns</span> <span class='ocrx_word' id='word_1_494' title='bbox 685 2270 745 2308; x_wconf 92' lang='lat' dir='ltr'>his</span> <span class='ocrx_word' id='word_1_495' title='bbox 777 2283 879 2320; x_wconf 91' lang='lat' dir='ltr'>quae</span> <span class='ocrx_word' id='word_1_496' title='bbox 907 2271 957 2308; x_wconf 93' lang='lat' dir='ltr'>ad</span> <span class='ocrx_word' id='word_1_497' title='bbox 992 2270 1114 2308; x_wconf 92' lang='lat' dir='ltr'>divini</span> <span class='ocrx_word' id='word_1_498' title='bbox 1150 2270 1362 2308; x_wconf 87' lang='lat' dir='ltr'>intellectus</span> 
     </span>
     <span class='ocr_line' id='line_1_73' title="bbox 512 2323 1362 2374; baseline -0.001 -12"><span class='ocrx_word' id='word_1_499' title='bbox 512 2324 774 2374; x_wconf 85' lang='lat' dir='ltr'>cognitionem</span> <span class='ocrx_word' id='word_1_500' title='bbox 793 2323 996 2374; x_wconf 89' lang='lat' dir='ltr'>pertinent,</span> <span class='ocrx_word' id='word_1_501' title='bbox 1018 2336 1123 2361; x_wconf 91' lang='lat' dir='ltr'>nunc</span> <span class='ocrx_word' id='word_1_502' title='bbox 1138 2331 1251 2361; x_wconf 88' lang='lat' dir='ltr'>restat</span> <span class='ocrx_word' id='word_1_503' title='bbox 1270 2336 1362 2361; x_wconf 91' lang='lat' dir='ltr'>con—</span> 
     </span>
     <span class='ocr_line' id='line_1_74' title="bbox 287 2276 1097 2479; baseline -0.002 -63"><span class='ocrx_word' id='word_1_504' title='bbox 287 2276 496 2479; x_wconf 54' lang='grc' dir='ltr'>Β</span> <span class='ocrx_word' id='word_1_505' title='bbox 511 2378 679 2416; x_wconf 85' lang='lat' dir='ltr'>siderare</span> <span class='ocrx_word' id='word_1_506' title='bbox 707 2378 756 2415; x_wconf 91' lang='lat' dir='ltr'>de</span> <span class='ocrx_word' id='word_1_507' title='bbox 786 2377 858 2414; x_wconf 91' lang='lat' dir='ltr'>Dei</span> <span class='ocrx_word' id='word_1_508' title='bbox 885 2378 1097 2415; x_wconf 87' lang='lat' dir='ltr'>voluntate.</span> 
     </span>
    </p>
   </div>
   <div class='ocr_carea' id='block_1_16' title="bbox 253 2430 1367 3490">
    <p class='ocr_par' dir='ltr' id='par_1_22' title="bbox 253 2430 1365 2962">
     <span class='ocr_line' id='line_1_75' title="bbox 379 2430 1363 2481; baseline -0.002 -11"><span class='ocrx_word' id='word_1_509' title='bbox 379 2472 383 2480; x_wconf 84' lang='lat'>..</span> <span class='ocrx_word' id='word_1_510' title='bbox 568 2432 627 2470; x_wconf 89' lang='lat' dir='ltr'>Ex</span> <span class='ocrx_word' id='word_1_511' title='bbox 656 2432 733 2469; x_wconf 92' lang='lat' dir='ltr'>hoc</span> <span class='ocrx_word' id='word_1_512' title='bbox 762 2431 867 2468; x_wconf 91' lang='lat' dir='ltr'>enim</span> <span class='ocrx_word' id='word_1_513' title='bbox 895 2431 1003 2481; x_wconf 92' lang='lat' dir='ltr'>quod</span> <span class='ocrx_word' id='word_1_514' title='bbox 1032 2431 1140 2468; x_wconf 91' lang='lat' dir='ltr'>Deus</span> <span class='ocrx_word' id='word_1_515' title='bbox 1168 2438 1224 2468; x_wconf 91' lang='lat' dir='ltr'>est</span> <span class='ocrx_word' id='word_1_516' title='bbox 1257 2430 1363 2468; x_wconf 90' lang='lat' dir='ltr'>intel-</span> 
     </span>
     <span class='ocr_line' id='line_1_76' title="bbox 286 2482 1364 2536; baseline -0.003 -12"><span class='ocrx_word' id='word_1_517' title='bbox 286 2482 420 2536; x_wconf 83' lang='lat' dir='ltr'>ligens,</span> <span class='ocrx_word' id='word_1_518' title='bbox 450 2483 626 2535; x_wconf 89' lang='lat' dir='ltr'>sequitur</span> <span class='ocrx_word' id='word_1_519' title='bbox 652 2485 761 2534; x_wconf 92' lang='lat' dir='ltr'>quod</span> <span class='ocrx_word' id='word_1_520' title='bbox 789 2484 836 2522; x_wconf 89' lang='lat' dir='ltr'>sit</span> <span class='ocrx_word' id='word_1_521' title='bbox 863 2486 1011 2522; x_wconf 86' lang='lat' dir='ltr'>volens.</span> <span class='ocrx_word' id='word_1_522' title='bbox 1042 2485 1146 2522; x_wconf 89' lang='lat' dir='ltr'>Cum</span> <span class='ocrx_word' id='word_1_523' title='bbox 1170 2484 1276 2522; x_wconf 90' lang='lat' dir='ltr'>enim</span> <span class='ocrx_word' id='word_1_524' title='bbox 1295 2484 1364 2522; x_wconf 94' lang='lat' dir='ltr'>bo-</span> 
     </span>
     <span class='ocr_line' id='line_1_77' title="bbox 286 2537 1365 2588; baseline -0.004 -10"><span class='ocrx_word' id='word_1_525' title='bbox 286 2551 385 2578; x_wconf 87' lang='lat' dir='ltr'>num</span> <span class='ocrx_word' id='word_1_526' title='bbox 421 2538 659 2576; x_wconf 87' lang='lat' dir='ltr'>intellectum</span> <span class='ocrx_word' id='word_1_527' title='bbox 686 2537 732 2576; x_wconf 89' lang='lat' dir='ltr'>sit</span> <span class='ocrx_word' id='word_1_528' title='bbox 760 2537 958 2575; x_wconf 87' lang='lat' dir='ltr'>obiectum</span> <span class='ocrx_word' id='word_1_529' title='bbox 993 2538 1197 2588; x_wconf 91' lang='lat' dir='ltr'>proprium</span> <span class='ocrx_word' id='word_1_530' title='bbox 1226 2539 1365 2575; x_wconf 91' lang='lat' dir='ltr'>volun-</span> 
     </span>
     <span class='ocr_line' id='line_1_78' title="bbox 286 2591 1364 2642; baseline -0.003 -12"><span class='ocrx_word' id='word_1_531' title='bbox 286 2592 384 2638; x_wconf 86' lang='lat' dir='ltr'>tatis,</span> <span class='ocrx_word' id='word_1_532' title='bbox 400 2599 554 2642; x_wconf 87' lang='lat' dir='ltr'>oportet</span> <span class='ocrx_word' id='word_1_533' title='bbox 567 2592 676 2641; x_wconf 94' lang='lat' dir='ltr'>quod</span> <span class='ocrx_word' id='word_1_534' title='bbox 691 2592 844 2629; x_wconf 92' lang='lat' dir='ltr'>bonum</span> <span class='ocrx_word' id='word_1_535' title='bbox 863 2591 1109 2638; x_wconf 88' lang='lat' dir='ltr'>intellectum,</span> <span class='ocrx_word' id='word_1_536' title='bbox 1131 2591 1364 2640; x_wconf 89' lang='lat' dir='ltr'>inquantum</span> 
     </span>
     <span class='ocr_line' id='line_1_79' title="bbox 287 2643 1365 2693; baseline -0.002 -10"><span class='ocrx_word' id='word_1_537' title='bbox 287 2645 529 2693; x_wconf 84' lang='lat' dir='ltr'>huiusmodi,</span> <span class='ocrx_word' id='word_1_538' title='bbox 550 2645 598 2682; x_wconf 91' lang='lat' dir='ltr'>sit</span> <span class='ocrx_word' id='word_1_539' title='bbox 615 2644 792 2682; x_wconf 91' lang='lat' dir='ltr'>volitum.</span> <span class='ocrx_word' id='word_1_540' title='bbox 817 2646 1056 2682; x_wconf 89' lang='lat' dir='ltr'>Intellectum</span> <span class='ocrx_word' id='word_1_541' title='bbox 1075 2651 1206 2682; x_wconf 90' lang='lat' dir='ltr'>autem</span> <span class='ocrx_word' id='word_1_542' title='bbox 1227 2643 1365 2681; x_wconf 89' lang='lat' dir='ltr'>dicitur</span> 
     </span>
     <span class='ocr_line' id='line_1_80' title="bbox 287 2696 1363 2747; baseline -0.003 -10"><span class='ocrx_word' id='word_1_543' title='bbox 287 2699 338 2738; x_wconf 91' lang='lat' dir='ltr'>ad</span> <span class='ocrx_word' id='word_1_544' title='bbox 366 2697 651 2747; x_wconf 89' lang='lat' dir='ltr'>intelligentem.</span> <span class='ocrx_word' id='word_1_545' title='bbox 681 2698 851 2736; x_wconf 92' lang='lat' dir='ltr'>Necesse</span> <span class='ocrx_word' id='word_1_546' title='bbox 879 2705 936 2735; x_wconf 89' lang='lat' dir='ltr'>est</span> <span class='ocrx_word' id='word_1_547' title='bbox 963 2697 1076 2746; x_wconf 87' lang='lat' dir='ltr'>igitur</span> <span class='ocrx_word' id='word_1_548' title='bbox 1094 2698 1203 2747; x_wconf 90' lang='lat' dir='ltr'>quod</span> <span class='ocrx_word' id='word_1_549' title='bbox 1231 2696 1363 2734; x_wconf 88' lang='lat' dir='ltr'>intelli-</span> 
     </span>
     <span class='ocr_line' id='line_1_81' title="bbox 287 2750 1363 2802; baseline -0.005 -11"><span class='ocrx_word' id='word_1_550' title='bbox 287 2765 382 2802; x_wconf 89' lang='lat' dir='ltr'>gens</span> <span class='ocrx_word' id='word_1_551' title='bbox 409 2751 582 2798; x_wconf 75' lang='lat' dir='ltr'>bonum,</span> <span class='ocrx_word' id='word_1_552' title='bbox 604 2750 839 2800; x_wconf 84' lang='lat' dir='ltr'>inquantum</span> <span class='ocrx_word' id='word_1_553' title='bbox 873 2750 1112 2797; x_wconf 91' lang='lat' dir='ltr'>huiusmodi,</span> <span class='ocrx_word' id='word_1_554' title='bbox 1142 2750 1188 2787; x_wconf 91' lang='lat' dir='ltr'>sit</span> <span class='ocrx_word' id='word_1_555' title='bbox 1216 2751 1363 2787; x_wconf 90' lang='lat' dir='ltr'>volens.</span> 
     </span>
     <span class='ocr_line' id='line_1_82' title="bbox 287 2803 1363 2852; baseline -0.006 -7"><span class='ocrx_word' id='word_1_556' title='bbox 287 2807 397 2845; x_wconf 91' lang='lat' dir='ltr'>Deus</span> <span class='ocrx_word' id='word_1_557' title='bbox 415 2813 548 2844; x_wconf 90' lang='lat' dir='ltr'>autern</span> <span class='ocrx_word' id='word_1_558' title='bbox 576 2803 746 2852; x_wconf 90' lang='lat' dir='ltr'>intelligit</span> <span class='ocrx_word' id='word_1_559' title='bbox 773 2805 941 2841; x_wconf 86' lang='lat' dir='ltr'>bonum:</span> <span class='ocrx_word' id='word_1_560' title='bbox 971 2816 1064 2841; x_wconf 91' lang='lat' dir='ltr'>cum</span> <span class='ocrx_word' id='word_1_561' title='bbox 1088 2803 1192 2840; x_wconf 92' lang='lat' dir='ltr'>enim</span> <span class='ocrx_word' id='word_1_562' title='bbox 1213 2803 1259 2840; x_wconf 91' lang='lat' dir='ltr'>sit</span> <span class='ocrx_word' id='word_1_563' title='bbox 1277 2815 1363 2852; x_wconf 89' lang='lat' dir='ltr'>per—</span> 
     </span>
     <span class='ocr_line' id='line_1_83' title="bbox 253 2855 1364 2907; baseline -0.005 -9"><span class='ocrx_word' id='word_1_564' title='bbox 253 2882 260 2889; x_wconf 94' lang='lat'><strong>·</strong></span> <span class='ocrx_word' id='word_1_565' title='bbox 287 2860 383 2898; x_wconf 84' lang='lat' dir='ltr'>fecte</span> <span class='ocrx_word' id='word_1_566' title='bbox 412 2858 637 2907; x_wconf 80' lang='lat' dir='ltr'>intelligens,</span> <span class='ocrx_word' id='word_1_567' title='bbox 657 2865 701 2894; x_wconf 94' lang='lat' dir='ltr'>ut</span> <span class='ocrx_word' id='word_1_568' title='bbox 723 2869 770 2894; x_wconf 89' lang='lat' dir='ltr'>ex</span> <span class='ocrx_word' id='word_1_569' title='bbox 799 2869 917 2907; x_wconf 89' lang='lat' dir='ltr'>supra</span> <span class='ocrx_word' id='word_1_570' title='bbox 931 2857 951 2879; x_wconf 77' lang='lat'>’¹‘</span> <span class='ocrx_word' id='word_1_571' title='bbox 977 2857 1085 2894; x_wconf 91' lang='lat' dir='ltr'>dictis</span> <span class='ocrx_word' id='word_1_572' title='bbox 1112 2864 1226 2906; x_wconf 90' lang='lat' dir='ltr'>patet,</span> <span class='ocrx_word' id='word_1_573' title='bbox 1257 2855 1364 2893; x_wconf 91' lang='lat' dir='ltr'>intel-</span> 
     </span>
     <span class='ocr_line' id='line_1_84' title="bbox 288 2909 1361 2962; baseline -0.005 -11"><span class='ocrx_word' id='word_1_574' title='bbox 288 2913 367 2962; x_wconf 84' lang='lat' dir='ltr'>ligit</span> <span class='ocrx_word' id='word_1_575' title='bbox 386 2925 455 2950; x_wconf 91' lang='lat' dir='ltr'>ens</span> <span class='ocrx_word' id='word_1_576' title='bbox 475 2912 590 2949; x_wconf 91' lang='lat' dir='ltr'>simul</span> <span class='ocrx_word' id='word_1_577' title='bbox 610 2923 702 2948; x_wconf 91' lang='lat' dir='ltr'>cum</span> <span class='ocrx_word' id='word_1_578' title='bbox 718 2910 865 2947; x_wconf 87' lang='lat' dir='ltr'>ratione</span> <span class='ocrx_word' id='word_1_579' title='bbox 884 2910 989 2947; x_wconf 92' lang='lat' dir='ltr'>boni.</span> <span class='ocrx_word' id='word_1_580' title='bbox 1006 2911 1074 2947; x_wconf 89' lang='lat' dir='ltr'>Est</span> <span class='ocrx_word' id='word_1_581' title='bbox 1088 2909 1201 2958; x_wconf 89' lang='lat' dir='ltr'>igitur</span> <span class='ocrx_word' id='word_1_582' title='bbox 1214 2910 1361 2946; x_wconf 92' lang='lat' dir='ltr'>volens.</span> 
     </span>
    </p>

    <p class='ocr_par' dir='ltr' id='par_1_23' title="bbox 288 2962 1367 3490">
     <span class='ocr_line' id='line_1_85' title="bbox 342 2962 1364 3014; baseline -0.004 -11"><span class='ocrx_word' id='word_1_583' title='bbox 342 2966 495 3003; x_wconf 90' lang='lat' dir='ltr'>Adhuc.</span> <span class='ocrx_word' id='word_1_584' title='bbox 527 2963 775 3014; x_wconf 89' lang='lat' dir='ltr'>Cuicumque</span> <span class='ocrx_word' id='word_1_585' title='bbox 803 2963 904 3000; x_wconf 91' lang='lat' dir='ltr'>inest</span> <span class='ocrx_word' id='word_1_586' title='bbox 930 2962 1057 3012; x_wconf 91' lang='lat' dir='ltr'>aliqua</span> <span class='ocrx_word' id='word_1_587' title='bbox 1085 2963 1222 3010; x_wconf 90' lang='lat' dir='ltr'>forma,</span> <span class='ocrx_word' id='word_1_588' title='bbox 1249 2962 1364 2999; x_wconf 89' lang='lat' dir='ltr'>habet</span> 
     </span>
     <span class='ocr_line' id='line_1_86' title="bbox 288 3015 1365 3070; baseline -0.005 -13"><span class='ocrx_word' id='word_1_589' title='bbox 288 3031 359 3070; x_wconf 90' lang='lat' dir='ltr'>per</span> <span class='ocrx_word' id='word_1_590' title='bbox 386 3019 493 3057; x_wconf 90' lang='lat' dir='ltr'>illam</span> <span class='ocrx_word' id='word_1_591' title='bbox 521 3018 689 3065; x_wconf 86' lang='lat' dir='ltr'>formam</span> <span class='ocrx_word' id='word_1_592' title='bbox 717 3015 987 3054; x_wconf 89' lang='lat' dir='ltr'>habitudinem</span> <span class='ocrx_word' id='word_1_593' title='bbox 1016 3016 1065 3053; x_wconf 90' lang='lat' dir='ltr'>ad</span> <span class='ocrx_word' id='word_1_594' title='bbox 1085 3028 1131 3053; x_wconf 91' lang='lat' dir='ltr'>ea</span> <span class='ocrx_word' id='word_1_595' title='bbox 1149 3028 1251 3065; x_wconf 89' lang='lat' dir='ltr'>quae</span> <span class='ocrx_word' id='word_1_596' title='bbox 1275 3023 1365 3059; x_wconf 88' lang='lat' dir='ltr'>sunt</span> 
     </span>
     <span class='ocr_line' id='line_1_87' title="bbox 289 3069 1364 3118; baseline -0.006 -7"><span class='ocrx_word' id='word_1_597' title='bbox 289 3073 329 3111; x_wconf 92' lang='lat' dir='ltr'>in</span> <span class='ocrx_word' id='word_1_598' title='bbox 358 3085 490 3111; x_wconf 85' lang='lat' dir='ltr'>rerum</span> <span class='ocrx_word' id='word_1_599' title='bbox 518 3079 674 3110; x_wconf 89' lang='lat' dir='ltr'>natura:</span> <span class='ocrx_word' id='word_1_600' title='bbox 705 3070 802 3108; x_wconf 91' lang='lat' dir='ltr'>sicut</span> <span class='ocrx_word' id='word_1_601' title='bbox 827 3069 976 3118; x_wconf 89' lang='lat' dir='ltr'>lignum</span> <span class='ocrx_word' id='word_1_602' title='bbox 1004 3069 1138 3106; x_wconf 87' lang='lat' dir='ltr'>album</span> <span class='ocrx_word' id='word_1_603' title='bbox 1162 3081 1233 3118; x_wconf 90' lang='lat' dir='ltr'>per</span> <span class='ocrx_word' id='word_1_604' title='bbox 1251 3081 1364 3106; x_wconf 91' lang='lat' dir='ltr'>suam</span> 
     </span>
     <span class='ocr_line' id='line_1_88' title="bbox 290 3122 1365 3173; baseline -0.006 -9"><span class='ocrx_word' id='word_1_605' title='bbox 290 3126 511 3164; x_wconf 89' lang='lat' dir='ltr'>albedinem</span> <span class='ocrx_word' id='word_1_606' title='bbox 539 3132 595 3162; x_wconf 89' lang='lat' dir='ltr'>est</span> <span class='ocrx_word' id='word_1_607' title='bbox 623 3123 816 3173; x_wconf 89' lang='lat' dir='ltr'>aliquibus</span> <span class='ocrx_word' id='word_1_608' title='bbox 835 3122 959 3159; x_wconf 90' lang='lat' dir='ltr'>simile</span> <span class='ocrx_word' id='word_1_609' title='bbox 978 3130 1015 3159; x_wconf 88' lang='lat' dir='ltr'>et</span> <span class='ocrx_word' id='word_1_610' title='bbox 1033 3122 1270 3171; x_wconf 89' lang='lat' dir='ltr'>quibusdam</span> <span class='ocrx_word' id='word_1_611' title='bbox 1290 3122 1365 3158; x_wconf 91' lang='lat' dir='ltr'>dis-</span> 
     </span>
     <span class='ocr_line' id='line_1_89' title="bbox 291 3175 1365 3226; baseline -0.006 -9"><span class='ocrx_word' id='word_1_612' title='bbox 291 3179 426 3217; x_wconf 88' lang='lat' dir='ltr'>simile.</span> <span class='ocrx_word' id='word_1_613' title='bbox 447 3180 490 3216; x_wconf 89' lang='lat' dir='ltr'>In</span> <span class='ocrx_word' id='word_1_614' title='bbox 509 3178 739 3226; x_wconf 88' lang='lat' dir='ltr'>intelligente</span> <span class='ocrx_word' id='word_1_615' title='bbox 758 3184 890 3214; x_wconf 91' lang='lat' dir='ltr'>autern</span> <span class='ocrx_word' id='word_1_616' title='bbox 910 3183 946 3213; x_wconf 88' lang='lat' dir='ltr'>et</span> <span class='ocrx_word' id='word_1_617' title='bbox 965 3175 1150 3212; x_wconf 91' lang='lat' dir='ltr'>sentiente</span> <span class='ocrx_word' id='word_1_618' title='bbox 1170 3182 1227 3222; x_wconf 88' lang='lat' dir='ltr'>est</span> <span class='ocrx_word' id='word_1_619' title='bbox 1240 3175 1365 3212; x_wconf 86' lang='lat' dir='ltr'>forma</span> 
     </span>
     <span class='ocr_line' id='line_1_90' title="bbox 290 3227 1364 3277; baseline -0.007 -6"><span class='ocrx_word' id='word_1_620' title='bbox 290 3232 345 3271; x_wconf 88' lang='lat' dir='ltr'>rei</span> <span class='ocrx_word' id='word_1_621' title='bbox 373 3232 584 3270; x_wconf 88' lang='lat' dir='ltr'>intellectae</span> <span class='ocrx_word' id='word_1_622' title='bbox 614 3239 650 3268; x_wconf 82' lang='lat' dir='ltr'>et</span> <span class='ocrx_word' id='word_1_623' title='bbox 678 3237 869 3268; x_wconf 88' lang='lat' dir='ltr'>sensatae:</span> <span class='ocrx_word' id='word_1_624' title='bbox 904 3241 996 3266; x_wconf 90' lang='lat' dir='ltr'>cum</span> <span class='ocrx_word' id='word_1_625' title='bbox 1018 3228 1160 3266; x_wconf 86' lang='lat' dir='ltr'>omnis</span> <span class='ocrx_word' id='word_1_626' title='bbox 1198 3227 1364 3277; x_wconf 87' lang='lat' dir='ltr'>cognitio</span> 
     </span>
     <span class='ocr_line' id='line_1_91' title="bbox 291 3280 1365 3337; baseline -0.007 -12"><span class='ocrx_word' id='word_1_627' title='bbox 291 3286 338 3326; x_wconf 89' lang='lat' dir='ltr'>sit</span> <span class='ocrx_word' id='word_1_628' title='bbox 355 3299 427 3337; x_wconf 89' lang='lat' dir='ltr'>per</span> <span class='ocrx_word' id='word_1_629' title='bbox 445 3285 617 3336; x_wconf 89' lang='lat' dir='ltr'>aliquam</span> <span class='ocrx_word' id='word_1_630' title='bbox 637 3283 939 3321; x_wconf 89' lang='lat' dir='ltr'>similitudinem.</span> <span class='ocrx_word' id='word_1_631' title='bbox 968 3281 1132 3331; x_wconf 91' lang='lat' dir='ltr'>Oportet</span> <span class='ocrx_word' id='word_1_632' title='bbox 1151 3280 1263 3329; x_wconf 87' lang='lat' dir='ltr'>igitur</span> <span class='ocrx_word' id='word_1_633' title='bbox 1282 3293 1365 3318; x_wconf 89' lang='lat' dir='ltr'>esse</span> 
     </span>
     <span class='ocr_line' id='line_1_92' title="bbox 290 3335 1366 3386; baseline -0.007 -8"><span class='ocrx_word' id='word_1_634' title='bbox 290 3339 562 3378; x_wconf 88' lang='lat' dir='ltr'>habitudinem</span> <span class='ocrx_word' id='word_1_635' title='bbox 582 3337 820 3386; x_wconf 84' lang='lat' dir='ltr'>intelligentis</span> <span class='ocrx_word' id='word_1_636' title='bbox 849 3344 885 3373; x_wconf 91' lang='lat' dir='ltr'>et</span> <span class='ocrx_word' id='word_1_637' title='bbox 913 3335 1107 3373; x_wconf 87' lang='lat' dir='ltr'>sentientis</span> <span class='ocrx_word' id='word_1_638' title='bbox 1127 3335 1176 3372; x_wconf 89' lang='lat' dir='ltr'>ad</span> <span class='ocrx_word' id='word_1_639' title='bbox 1196 3347 1242 3372; x_wconf 91' lang='lat' dir='ltr'>ea</span> <span class='ocrx_word' id='word_1_640' title='bbox 1264 3347 1366 3384; x_wconf 91' lang='lat' dir='ltr'>quae</span> 
     </span>
     <span class='ocr_line' id='line_1_93' title="bbox 291 3387 1367 3437; baseline -0.007 -6"><span class='ocrx_word' id='word_1_641' title='bbox 291 3401 382 3431; x_wconf 90' lang='lat' dir='ltr'>sunt</span> <span class='ocrx_word' id='word_1_642' title='bbox 416 3387 604 3430; x_wconf 89' lang='lat' dir='ltr'>intellecta</span> <span class='ocrx_word' id='word_1_643' title='bbox 632 3400 668 3429; x_wconf 90' lang='lat' dir='ltr'>et</span> <span class='ocrx_word' id='word_1_644' title='bbox 697 3398 847 3428; x_wconf 87' lang='lat' dir='ltr'>sensata</span> <span class='ocrx_word' id='word_1_645' title='bbox 881 3389 1099 3427; x_wconf 89' lang='lat' dir='ltr'>secundum</span> <span class='ocrx_word' id='word_1_646' title='bbox 1133 3388 1242 3437; x_wconf 86' lang='lat' dir='ltr'>quod</span> <span class='ocrx_word' id='word_1_647' title='bbox 1277 3395 1367 3424; x_wconf 88' lang='lat' dir='ltr'>sunt</span> 
     </span>
     <span class='ocr_line' id='line_1_94' title="bbox 291 3442 1366 3490; baseline -0.007 -5"><span class='ocrx_word' id='word_1_648' title='bbox 291 3446 331 3484; x_wconf 92' lang='lat' dir='ltr'>in</span> <span class='ocrx_word' id='word_1_649' title='bbox 360 3458 492 3484; x_wconf 90' lang='lat' dir='ltr'>rerum</span> <span class='ocrx_word' id='word_1_650' title='bbox 526 3453 674 3483; x_wconf 88' lang='lat' dir='ltr'>natura.</span> <span class='ocrx_word' id='word_1_651' title='bbox 710 3446 803 3482; x_wconf 92' lang='lat' dir='ltr'>Non</span> <span class='ocrx_word' id='word_1_652' title='bbox 842 3450 973 3481; x_wconf 88' lang='lat' dir='ltr'>autem</span> <span class='ocrx_word' id='word_1_653' title='bbox 1005 3443 1082 3478; x_wconf 91' lang='lat' dir='ltr'>hoc</span> <span class='ocrx_word' id='word_1_654' title='bbox 1110 3449 1166 3479; x_wconf 88' lang='lat' dir='ltr'>est</span> <span class='ocrx_word' id='word_1_655' title='bbox 1192 3453 1263 3490; x_wconf 89' lang='lat' dir='ltr'>per</span> <span class='ocrx_word' id='word_1_656' title='bbox 1291 3442 1366 3478; x_wconf 91' lang='lat' dir='ltr'>hoc</span> 
     </span>
    </p>
   </div>
   <div class='ocr_carea' id='block_1_17' title="bbox 1405 2139 1866 2181">
    <p class='ocr_par' dir='ltr' id='par_1_24' title="bbox 1405 2139 1866 2181">
     <span class='ocr_line' id='line_1_95' title="bbox 1405 2139 1866 2181; baseline 0.002 -1"><span class='ocrx_word' id='word_1_657' title='bbox 1405 2139 1537 2181; x_wconf 78' lang='lat' dir='ltr'>EST</span> <span class='ocrx_word' id='word_1_658' title='bbox 1582 2139 1866 2181; x_wconf 88' lang='lat' dir='ltr'>VOLENS</span> 
     </span>
    </p>
   </div>
   <div class='ocr_carea' id='block_1_18' title="bbox 1380 2270 2487 3490">
    <p class='ocr_par' dir='ltr' id='par_1_25' title="bbox 1380 2270 2487 3490">
     <span class='ocr_line' id='line_1_96' title="bbox 1417 2270 2486 2321; baseline 0.003 -14"><span class='ocrx_word' id='word_1_659' title='bbox 1417 2270 1525 2319; x_wconf 92' lang='lat' dir='ltr'>quod</span> <span class='ocrx_word' id='word_1_660' title='bbox 1555 2270 1766 2319; x_wconf 91' lang='lat' dir='ltr'>intelligunt</span> <span class='ocrx_word' id='word_1_661' title='bbox 1794 2279 1830 2308; x_wconf 92' lang='lat' dir='ltr'>et</span> <span class='ocrx_word' id='word_1_662' title='bbox 1858 2271 2039 2308; x_wconf 88' lang='lat' dir='ltr'>sentiunt:</span> <span class='ocrx_word' id='word_1_663' title='bbox 2069 2283 2162 2308; x_wconf 92' lang='lat' dir='ltr'>nam</span> <span class='ocrx_word' id='word_1_664' title='bbox 2181 2283 2251 2321; x_wconf 93' lang='lat' dir='ltr'>per</span> <span class='ocrx_word' id='word_1_665' title='bbox 2269 2273 2345 2309; x_wconf 89' lang='lat' dir='ltr'>hoc</span> <span class='ocrx_word' id='word_1_666' title='bbox 2364 2272 2486 2320; x_wconf 84' lang='lat' dir='ltr'>magis</span> 
     </span>
     <span class='ocr_line' id='line_1_97' title="bbox 1418 2323 2486 2373; baseline 0.002 -13"><span class='ocrx_word' id='word_1_667' title='bbox 1418 2323 1626 2361; x_wconf 88' lang='lat' dir='ltr'>attenditur</span> <span class='ocrx_word' id='word_1_668' title='bbox 1640 2323 1828 2361; x_wconf 88' lang='lat' dir='ltr'>habitudo</span> <span class='ocrx_word' id='word_1_669' title='bbox 1844 2336 1974 2361; x_wconf 90' lang='lat' dir='ltr'>rerum</span> <span class='ocrx_word' id='word_1_670' title='bbox 1990 2325 2038 2361; x_wconf 87' lang='lat' dir='ltr'>ad</span> <span class='ocrx_word' id='word_1_671' title='bbox 2058 2324 2328 2373; x_wconf 89' lang='lat' dir='ltr'>intelligentem</span> <span class='ocrx_word' id='word_1_672' title='bbox 2347 2333 2384 2362; x_wconf 90' lang='lat' dir='ltr'>et</span> <span class='ocrx_word' id='word_1_673' title='bbox 2402 2337 2486 2362; x_wconf 91' lang='lat' dir='ltr'>sen-</span> 
     </span>
     <span class='ocr_line' id='line_1_98' title="bbox 1417 2377 2485 2427; baseline 0.001 -13"><span class='ocrx_word' id='word_1_674' title='bbox 1417 2377 1595 2423; x_wconf 87' lang='lat' dir='ltr'>tientem;</span> <span class='ocrx_word' id='word_1_675' title='bbox 1626 2377 1717 2427; x_wconf 89' lang='lat' dir='ltr'>quia</span> <span class='ocrx_word' id='word_1_676' title='bbox 1742 2377 1946 2426; x_wconf 89' lang='lat' dir='ltr'>intelligere</span> <span class='ocrx_word' id='word_1_677' title='bbox 1975 2385 2011 2414; x_wconf 91' lang='lat' dir='ltr'>et</span> <span class='ocrx_word' id='word_1_678' title='bbox 2039 2377 2177 2414; x_wconf 82' lang='lat' dir='ltr'>sentire</span> <span class='ocrx_word' id='word_1_679' title='bbox 2198 2386 2252 2415; x_wconf 89' lang='lat' dir='ltr'>est</span> <span class='ocrx_word' id='word_1_680' title='bbox 2271 2379 2485 2415; x_wconf 90' lang='lat' dir='ltr'>secundum</span> 
     </span>
     <span class='ocr_line' id='line_1_99' title="bbox 1419 2430 2487 2481; baseline 0.001 -13"><span class='ocrx_word' id='word_1_681' title='bbox 1419 2431 1528 2481; x_wconf 93' lang='lat' dir='ltr'>quod</span> <span class='ocrx_word' id='word_1_682' title='bbox 1557 2443 1616 2468; x_wconf 91' lang='lat' dir='ltr'>res</span> <span class='ocrx_word' id='word_1_683' title='bbox 1645 2438 1735 2468; x_wconf 87' lang='lat' dir='ltr'>sunt</span> <span class='ocrx_word' id='word_1_684' title='bbox 1761 2430 1801 2468; x_wconf 90' lang='lat' dir='ltr'>in</span> <span class='ocrx_word' id='word_1_685' title='bbox 1830 2430 2020 2468; x_wconf 87' lang='lat' dir='ltr'>intellectu</span> <span class='ocrx_word' id='word_1_686' title='bbox 2049 2439 2085 2468; x_wconf 91' lang='lat' dir='ltr'>et</span> <span class='ocrx_word' id='word_1_687' title='bbox 2113 2431 2240 2478; x_wconf 85' lang='lat' dir='ltr'>sensu,</span> <span class='ocrx_word' id='word_1_688' title='bbox 2271 2432 2487 2469; x_wconf 90' lang='lat' dir='ltr'>secundum</span> 
     </span>
     <span class='ocr_line' id='line_1_100' title="bbox 1386 2483 2487 2533; baseline 0.001 -12"><span class='ocrx_word' id='word_1_689' title='bbox 1386 2497 1396 2517; x_wconf 73' lang='grc' dir='ltr'><strong>ς</strong></span> <span class='ocrx_word' id='word_1_690' title='bbox 1419 2484 1587 2522; x_wconf 90' lang='lat' dir='ltr'>modum</span> <span class='ocrx_word' id='word_1_691' title='bbox 1628 2483 1841 2533; x_wconf 88' lang='lat' dir='ltr'>utriusque.</span> <span class='ocrx_word' id='word_1_692' title='bbox 1885 2484 2011 2521; x_wconf 90' lang='lat' dir='ltr'>Habet</span> <span class='ocrx_word' id='word_1_693' title='bbox 2048 2492 2178 2522; x_wconf 86' lang='lat' dir='ltr'>autem</span> <span class='ocrx_word' id='word_1_694' title='bbox 2219 2484 2487 2523; x_wconf 91' lang='lat' dir='ltr'>habitudinem</span> 
     </span>
     <span class='ocr_line' id='line_1_101' title="bbox 1420 2537 2487 2586; baseline 0 -12"><span class='ocrx_word' id='word_1_695' title='bbox 1420 2537 1587 2574; x_wconf 88' lang='lat' dir='ltr'>sentiens</span> <span class='ocrx_word' id='word_1_696' title='bbox 1615 2545 1652 2574; x_wconf 91' lang='lat' dir='ltr'>et</span> <span class='ocrx_word' id='word_1_697' title='bbox 1680 2537 1890 2585; x_wconf 86' lang='lat' dir='ltr'>intelligens</span> <span class='ocrx_word' id='word_1_698' title='bbox 1909 2538 1959 2574; x_wconf 90' lang='lat' dir='ltr'>ad</span> <span class='ocrx_word' id='word_1_699' title='bbox 1978 2549 2061 2574; x_wconf 91' lang='lat' dir='ltr'>rern</span> <span class='ocrx_word' id='word_1_700' title='bbox 2080 2549 2181 2586; x_wconf 89' lang='lat' dir='ltr'>quae</span> <span class='ocrx_word' id='word_1_701' title='bbox 2201 2546 2257 2574; x_wconf 91' lang='lat' dir='ltr'>est</span> <span class='ocrx_word' id='word_1_702' title='bbox 2276 2545 2380 2575; x_wconf 85' lang='lat' dir='ltr'>extra</span> <span class='ocrx_word' id='word_1_703' title='bbox 2407 2537 2487 2574; x_wconf 84' lang='lat' dir='ltr'>ani-</span> 
     </span>
     <span class='ocr_line' id='line_1_102' title="bbox 1419 2590 2486 2640; baseline 0 -13"><span class='ocrx_word' id='word_1_704' title='bbox 1419 2603 1527 2628; x_wconf 90' lang='lat' dir='ltr'>mam</span> <span class='ocrx_word' id='word_1_705' title='bbox 1555 2602 1626 2639; x_wconf 89' lang='lat' dir='ltr'>per</span> <span class='ocrx_word' id='word_1_706' title='bbox 1653 2592 1893 2627; x_wconf 89' lang='lat' dir='ltr'>voluntatem</span> <span class='ocrx_word' id='word_1_707' title='bbox 1913 2598 1949 2626; x_wconf 94' lang='lat' dir='ltr'>et</span> <span class='ocrx_word' id='word_1_708' title='bbox 1968 2590 2192 2640; x_wconf 84' lang='lat' dir='ltr'>appetitum.</span> <span class='ocrx_word' id='word_1_709' title='bbox 2223 2591 2336 2627; x_wconf 91' lang='lat' dir='ltr'>Unde</span> <span class='ocrx_word' id='word_1_710' title='bbox 2355 2590 2486 2627; x_wconf 89' lang='lat' dir='ltr'>omnia</span> 
     </span>
     <span class='ocr_line' id='line_1_103' title="bbox 1420 2642 2485 2692; baseline -0.001 -12"><span class='ocrx_word' id='word_1_711' title='bbox 1420 2643 1618 2680; x_wconf 89' lang='lat' dir='ltr'>sentientia</span> <span class='ocrx_word' id='word_1_712' title='bbox 1638 2650 1674 2679; x_wconf 91' lang='lat' dir='ltr'>et</span> <span class='ocrx_word' id='word_1_713' title='bbox 1693 2642 1935 2691; x_wconf 89' lang='lat' dir='ltr'>intelligentia</span> <span class='ocrx_word' id='word_1_714' title='bbox 1959 2650 2144 2692; x_wconf 88' lang='lat' dir='ltr'>appetunt</span> <span class='ocrx_word' id='word_1_715' title='bbox 2172 2650 2208 2679; x_wconf 90' lang='lat' dir='ltr'>et</span> <span class='ocrx_word' id='word_1_716' title='bbox 2235 2644 2387 2680; x_wconf 88' lang='lat' dir='ltr'>volunt:</span> <span class='ocrx_word' id='word_1_717' title='bbox 2416 2655 2485 2679; x_wconf 94' lang='lat' dir='ltr'>vo-</span> 
     </span>
     <span class='ocr_line' id='line_1_104' title="bbox 1419 2695 2487 2746; baseline -0.001 -13"><span class='ocrx_word' id='word_1_718' title='bbox 1419 2698 1545 2733; x_wconf 89' lang='lat' dir='ltr'>luntas</span> <span class='ocrx_word' id='word_1_719' title='bbox 1573 2704 1704 2733; x_wconf 89' lang='lat' dir='ltr'>tamen</span> <span class='ocrx_word' id='word_1_720' title='bbox 1722 2695 1877 2746; x_wconf 90' lang='lat' dir='ltr'>proprie</span> <span class='ocrx_word' id='word_1_721' title='bbox 1896 2695 1936 2732; x_wconf 92' lang='lat' dir='ltr'>in</span> <span class='ocrx_word' id='word_1_722' title='bbox 1955 2695 2145 2734; x_wconf 89' lang='lat' dir='ltr'>intellectu</span> <span class='ocrx_word' id='word_1_723' title='bbox 2166 2703 2230 2732; x_wconf 92' lang='lat' dir='ltr'>est.</span> <span class='ocrx_word' id='word_1_724' title='bbox 2253 2696 2355 2733; x_wconf 90' lang='lat' dir='ltr'>Cum</span> <span class='ocrx_word' id='word_1_725' title='bbox 2374 2695 2487 2744; x_wconf 80' lang='lat' dir='ltr'>igitur</span> 
     </span>
     <span class='ocr_line' id='line_1_105' title="bbox 1380 2748 2413 2798; baseline -0.001 -12"><span class='ocrx_word' id='word_1_726' title='bbox 1380 2762 1405 2777; x_wconf 84' lang='lat'>¹0</span> <span class='ocrx_word' id='word_1_727' title='bbox 1419 2750 1526 2786; x_wconf 89' lang='lat' dir='ltr'>Deus</span> <span class='ocrx_word' id='word_1_728' title='bbox 1555 2748 1601 2794; x_wconf 87' lang='lat' dir='ltr'>sit</span> <span class='ocrx_word' id='word_1_729' title='bbox 1629 2748 1850 2797; x_wconf 86' lang='lat' dir='ltr'>intelligens,</span> <span class='ocrx_word' id='word_1_730' title='bbox 1880 2756 2031 2798; x_wconf 86' lang='lat' dir='ltr'>oportet</span> <span class='ocrx_word' id='word_1_731' title='bbox 2059 2749 2167 2798; x_wconf 93' lang='lat' dir='ltr'>quod</span> <span class='ocrx_word' id='word_1_732' title='bbox 2195 2748 2240 2786; x_wconf 92' lang='lat' dir='ltr'>sit</span> <span class='ocrx_word' id='word_1_733' title='bbox 2267 2750 2413 2786; x_wconf 90' lang='lat' dir='ltr'>volens.</span> 
     </span>
     <span class='ocr_line' id='line_1_106' title="bbox 1472 2801 2484 2851; baseline -0.001 -12"><span class='ocrx_word' id='word_1_734' title='bbox 1472 2802 1662 2851; x_wconf 80' lang='lat' dir='ltr'>Amplius,</span> <span class='ocrx_word' id='word_1_735' title='bbox 1702 2802 1798 2839; x_wconf 92' lang='lat' dir='ltr'>Illud</span> <span class='ocrx_word' id='word_1_736' title='bbox 1826 2802 1934 2851; x_wconf 95' lang='lat' dir='ltr'>quod</span> <span class='ocrx_word' id='word_1_737' title='bbox 1967 2801 2216 2850; x_wconf 90' lang='lat' dir='ltr'>consequitur</span> <span class='ocrx_word' id='word_1_738' title='bbox 2251 2814 2369 2838; x_wconf 91' lang='lat' dir='ltr'>omne</span> <span class='ocrx_word' id='word_1_739' title='bbox 2405 2813 2484 2848; x_wconf 93' lang='lat' dir='ltr'>ens,</span> 
     </span>
     <span class='ocr_line' id='line_1_107' title="bbox 1419 2855 2485 2904; baseline -0.001 -12"><span class='ocrx_word' id='word_1_740' title='bbox 1419 2855 1601 2892; x_wconf 92' lang='lat' dir='ltr'>convenit</span> <span class='ocrx_word' id='word_1_741' title='bbox 1633 2855 1709 2892; x_wconf 91' lang='lat' dir='ltr'>enti</span> <span class='ocrx_word' id='word_1_742' title='bbox 1745 2855 1976 2904; x_wconf 91' lang='lat' dir='ltr'>inquantum</span> <span class='ocrx_word' id='word_1_743' title='bbox 2005 2863 2061 2891; x_wconf 89' lang='lat' dir='ltr'>est</span> <span class='ocrx_word' id='word_1_744' title='bbox 2089 2867 2168 2891; x_wconf 89' lang='lat' dir='ltr'>ens.</span> <span class='ocrx_word' id='word_1_745' title='bbox 2208 2855 2327 2902; x_wconf 92' lang='lat' dir='ltr'>Quod</span> <span class='ocrx_word' id='word_1_746' title='bbox 2356 2861 2485 2891; x_wconf 90' lang='lat' dir='ltr'>autem</span> 
     </span>
     <span class='ocr_line' id='line_1_108' title="bbox 1419 2907 2485 2958; baseline -0.001 -13"><span class='ocrx_word' id='word_1_747' title='bbox 1419 2916 1475 2945; x_wconf 93' lang='lat' dir='ltr'>est</span> <span class='ocrx_word' id='word_1_748' title='bbox 1503 2907 1741 2954; x_wconf 88' lang='lat' dir='ltr'>huiusmodi,</span> <span class='ocrx_word' id='word_1_749' title='bbox 1772 2907 1923 2958; x_wconf 83' lang='lat' dir='ltr'>Oportet</span> <span class='ocrx_word' id='word_1_750' title='bbox 1950 2908 2058 2957; x_wconf 91' lang='lat' dir='ltr'>quod</span> <span class='ocrx_word' id='word_1_751' title='bbox 2086 2907 2126 2945; x_wconf 90' lang='lat' dir='ltr'>in</span> <span class='ocrx_word' id='word_1_752' title='bbox 2154 2921 2201 2945; x_wconf 92' lang='lat' dir='ltr'>eo</span> <span class='ocrx_word' id='word_1_753' title='bbox 2234 2907 2401 2945; x_wconf 86' lang='lat' dir='ltr'>maxime</span> <span class='ocrx_word' id='word_1_754' title='bbox 2430 2907 2485 2944; x_wconf 93' lang='lat' dir='ltr'>in-</span> 
     </span>
     <span class='ocr_line' id='line_1_109' title="bbox 1419 2960 2486 3011; baseline -0.002 -12"><span class='ocrx_word' id='word_1_755' title='bbox 1419 2961 1597 2999; x_wconf 89' lang='lat' dir='ltr'>veniatur</span> <span class='ocrx_word' id='word_1_756' title='bbox 1624 2961 1733 3011; x_wconf 91' lang='lat' dir='ltr'>quod</span> <span class='ocrx_word' id='word_1_757' title='bbox 1762 2969 1816 2998; x_wconf 90' lang='lat' dir='ltr'>est</span> <span class='ocrx_word' id='word_1_758' title='bbox 1843 2961 2017 3011; x_wconf 90' lang='lat' dir='ltr'>primum</span> <span class='ocrx_word' id='word_1_759' title='bbox 2045 2973 2124 2998; x_wconf 86' lang='lat' dir='ltr'>ens.</span> <span class='ocrx_word' id='word_1_760' title='bbox 2165 2960 2328 2998; x_wconf 88' lang='lat' dir='ltr'>Cuilibet</span> <span class='ocrx_word' id='word_1_761' title='bbox 2355 2968 2486 2998; x_wconf 90' lang='lat' dir='ltr'>autem</span> 
     </span>
     <span class='ocr_line' id='line_1_110' title="bbox 1380 3013 2486 3064; baseline -0.002 -12"><span class='ocrx_word' id='word_1_762' title='bbox 1380 3027 1402 3047; x_wconf 80' lang='lat'>¹⁵</span> <span class='ocrx_word' id='word_1_763' title='bbox 1419 3014 1497 3052; x_wconf 89' lang='lat' dir='ltr'>enti</span> <span class='ocrx_word' id='word_1_764' title='bbox 1515 3014 1700 3064; x_wconf 87' lang='lat' dir='ltr'>competit</span> <span class='ocrx_word' id='word_1_765' title='bbox 1718 3023 1898 3064; x_wconf 91' lang='lat' dir='ltr'>appetere</span> <span class='ocrx_word' id='word_1_766' title='bbox 1918 3027 2030 3051; x_wconf 89' lang='lat' dir='ltr'>suam</span> <span class='ocrx_word' id='word_1_767' title='bbox 2049 3013 2322 3063; x_wconf 90' lang='lat' dir='ltr'>perfectionem</span> <span class='ocrx_word' id='word_1_768' title='bbox 2341 3021 2376 3050; x_wconf 90' lang='lat' dir='ltr'>et</span> <span class='ocrx_word' id='word_1_769' title='bbox 2395 3025 2486 3050; x_wconf 95' lang='lat' dir='ltr'>con-</span> 
     </span>
     <span class='ocr_line' id='line_1_111' title="bbox 1419 3066 2484 3117; baseline -0.003 -12"><span class='ocrx_word' id='word_1_770' title='bbox 1419 3068 1679 3105; x_wconf 89' lang='lat' dir='ltr'>servationem</span> <span class='ocrx_word' id='word_1_771' title='bbox 1698 3067 1758 3105; x_wconf 90' lang='lat' dir='ltr'>sui</span> <span class='ocrx_word' id='word_1_772' title='bbox 1777 3080 1875 3105; x_wconf 90' lang='lat' dir='ltr'>esse:</span> <span class='ocrx_word' id='word_1_773' title='bbox 1897 3067 2106 3117; x_wconf 87' lang='lat' dir='ltr'>unicuique</span> <span class='ocrx_word' id='word_1_774' title='bbox 2125 3075 2254 3104; x_wconf 88' lang='lat' dir='ltr'>tamen</span> <span class='ocrx_word' id='word_1_775' title='bbox 2270 3066 2484 3103; x_wconf 92' lang='lat' dir='ltr'>secundum</span> 
     </span>
     <span class='ocr_line' id='line_1_112' title="bbox 1420 3120 2485 3169; baseline -0.003 -11"><span class='ocrx_word' id='word_1_776' title='bbox 1420 3133 1538 3158; x_wconf 88' lang='lat' dir='ltr'>suurn</span> <span class='ocrx_word' id='word_1_777' title='bbox 1573 3122 1751 3167; x_wconf 85' lang='lat' dir='ltr'>modum,</span> <span class='ocrx_word' id='word_1_778' title='bbox 1781 3120 2096 3158; x_wconf 87' lang='lat' dir='ltr'>intellectualibus</span> <span class='ocrx_word' id='word_1_779' title='bbox 2124 3120 2283 3169; x_wconf 91' lang='lat' dir='ltr'>quidem</span> <span class='ocrx_word' id='word_1_780' title='bbox 2319 3131 2390 3168; x_wconf 91' lang='lat' dir='ltr'>per</span> <span class='ocrx_word' id='word_1_781' title='bbox 2415 3131 2485 3156; x_wconf 93' lang='lat' dir='ltr'>vo-</span> 
     </span>
     <span class='ocr_line' id='line_1_113' title="bbox 1420 3171 2484 3223; baseline -0.002 -11"><span class='ocrx_word' id='word_1_782' title='bbox 1420 3175 1618 3222; x_wconf 86' lang='lat' dir='ltr'>luntatem,</span> <span class='ocrx_word' id='word_1_783' title='bbox 1648 3174 1880 3212; x_wconf 87' lang='lat' dir='ltr'>animalibus</span> <span class='ocrx_word' id='word_1_784' title='bbox 1907 3186 1977 3223; x_wconf 88' lang='lat' dir='ltr'>per</span> <span class='ocrx_word' id='word_1_785' title='bbox 2004 3173 2222 3210; x_wconf 90' lang='lat' dir='ltr'>sensibilem</span> <span class='ocrx_word' id='word_1_786' title='bbox 2260 3171 2484 3222; x_wconf 85' lang='lat' dir='ltr'>appetitum,</span> 
     </span>
     <span class='ocr_line' id='line_1_114' title="bbox 1420 3225 2484 3277; baseline -0.004 -12"><span class='ocrx_word' id='word_1_787' title='bbox 1420 3227 1638 3266; x_wconf 85' lang='lat' dir='ltr'>carentibus</span> <span class='ocrx_word' id='word_1_788' title='bbox 1657 3240 1751 3265; x_wconf 90' lang='lat' dir='ltr'>vero</span> <span class='ocrx_word' id='word_1_789' title='bbox 1780 3240 1896 3264; x_wconf 88' lang='lat' dir='ltr'>sensu</span> <span class='ocrx_word' id='word_1_790' title='bbox 1923 3239 1993 3277; x_wconf 91' lang='lat' dir='ltr'>per</span> <span class='ocrx_word' id='word_1_791' title='bbox 2020 3225 2231 3276; x_wconf 90' lang='lat' dir='ltr'>appetitum</span> <span class='ocrx_word' id='word_1_792' title='bbox 2258 3226 2484 3265; x_wconf 86' lang='lat' dir='ltr'>naturalem.</span> 
     </span>
     <span class='ocr_line' id='line_1_115' title="bbox 1380 3278 2484 3330; baseline -0.005 -11"><span class='ocrx_word' id='word_1_793' title='bbox 1380 3297 1406 3311; x_wconf 86' lang='lat'>20</span> <span class='ocrx_word' id='word_1_794' title='bbox 1421 3280 1539 3318; x_wconf 91' lang='lat' dir='ltr'>Aliter</span> <span class='ocrx_word' id='word_1_795' title='bbox 1566 3289 1697 3318; x_wconf 87' lang='lat' dir='ltr'>tamen</span> <span class='ocrx_word' id='word_1_796' title='bbox 1725 3293 1826 3330; x_wconf 90' lang='lat' dir='ltr'>quae</span> <span class='ocrx_word' id='word_1_797' title='bbox 1855 3280 2009 3326; x_wconf 83' lang='lat' dir='ltr'>habent,</span> <span class='ocrx_word' id='word_1_798' title='bbox 2039 3287 2074 3316; x_wconf 88' lang='lat' dir='ltr'>et</span> <span class='ocrx_word' id='word_1_799' title='bbox 2101 3291 2201 3328; x_wconf 89' lang='lat' dir='ltr'>quae</span> <span class='ocrx_word' id='word_1_800' title='bbox 2220 3290 2301 3315; x_wconf 92' lang='lat' dir='ltr'>non</span> <span class='ocrx_word' id='word_1_801' title='bbox 2324 3278 2484 3315; x_wconf 88' lang='lat' dir='ltr'>habent:</span> 
     </span>
     <span class='ocr_line' id='line_1_116' title="bbox 1421 3330 2485 3383; baseline -0.006 -11"><span class='ocrx_word' id='word_1_802' title='bbox 1421 3347 1514 3371; x_wconf 90' lang='lat' dir='ltr'>nam</span> <span class='ocrx_word' id='word_1_803' title='bbox 1542 3346 1588 3371; x_wconf 89' lang='lat' dir='ltr'>ea</span> <span class='ocrx_word' id='word_1_804' title='bbox 1616 3346 1718 3383; x_wconf 91' lang='lat' dir='ltr'>quae</span> <span class='ocrx_word' id='word_1_805' title='bbox 1745 3346 1826 3370; x_wconf 92' lang='lat' dir='ltr'>non</span> <span class='ocrx_word' id='word_1_806' title='bbox 1855 3333 2008 3376; x_wconf 86' lang='lat' dir='ltr'>habent,</span> <span class='ocrx_word' id='word_1_807' title='bbox 2038 3331 2243 3382; x_wconf 88' lang='lat' dir='ltr'>appetitiva</span> <span class='ocrx_word' id='word_1_808' title='bbox 2270 3330 2408 3367; x_wconf 89' lang='lat' dir='ltr'>virtute</span> <span class='ocrx_word' id='word_1_809' title='bbox 2427 3330 2485 3367; x_wconf 89' lang='lat' dir='ltr'>sui</span> 
     </span>
     <span class='ocr_line' id='line_1_117' title="bbox 1421 3383 2486 3435; baseline -0.006 -10"><span class='ocrx_word' id='word_1_810' title='bbox 1421 3387 1570 3435; x_wconf 89' lang='lat' dir='ltr'>generis</span> <span class='ocrx_word' id='word_1_811' title='bbox 1594 3387 1784 3424; x_wconf 86' lang='lat' dir='ltr'>desiderio</span> <span class='ocrx_word' id='word_1_812' title='bbox 1812 3386 1975 3423; x_wconf 89' lang='lat' dir='ltr'>tendunt</span> <span class='ocrx_word' id='word_1_813' title='bbox 2003 3385 2050 3422; x_wconf 93' lang='lat' dir='ltr'>ad</span> <span class='ocrx_word' id='word_1_814' title='bbox 2079 3384 2359 3434; x_wconf 89' lang='lat' dir='ltr'>acquirendum</span> <span class='ocrx_word' id='word_1_815' title='bbox 2379 3383 2486 3432; x_wconf 91' lang='lat' dir='ltr'>quod</span> 
     </span>
     <span class='ocr_line' id='line_1_118' title="bbox 1422 3436 2485 3490; baseline -0.004 -13"><span class='ocrx_word' id='word_1_816' title='bbox 1422 3440 1456 3477; x_wconf 91' lang='lat' dir='ltr'>ei</span> <span class='ocrx_word' id='word_1_817' title='bbox 1483 3441 1607 3487; x_wconf 89' lang='lat' dir='ltr'>deest;</span> <span class='ocrx_word' id='word_1_818' title='bbox 1636 3452 1736 3490; x_wconf 89' lang='lat' dir='ltr'>quae</span> <span class='ocrx_word' id='word_1_819' title='bbox 1761 3447 1890 3477; x_wconf 90' lang='lat' dir='ltr'>autern</span> <span class='ocrx_word' id='word_1_820' title='bbox 1917 3437 2311 3489; x_wconf 70' lang='lat' dir='ltr'>habent,‘quietantur</span> <span class='ocrx_word' id='word_1_821' title='bbox 2329 3437 2367 3473; x_wconf 91' lang='lat' dir='ltr'>in</span> <span class='ocrx_word' id='word_1_822' title='bbox 2388 3436 2485 3486; x_wconf 87' lang='lat' dir='ltr'>ipso.</span> 
     </span>
    </p>
   </div>
   <div class='ocr_carea' id='block_1_19' title="bbox 1260 3521 1762 3524">
    <p class='ocr_par' dir='ltr' id='par_1_26' title="bbox 1260 3521 1762 3524">
     <span class='ocr_line' id='line_1_119' title="bbox 1260 3521 1762 3524; baseline 0 0"><span class='ocrx_word' id='word_1_823' title='bbox 1260 3521 1762 3524; x_wconf 95' lang='lat' dir='ltr'> </span> 
     </span>
    </p>
   </div>
   <div class='ocr_carea' id='block_1_20' title="bbox 291 3556 1373 3702">
    <p class='ocr_par' dir='ltr' id='par_1_27' title="bbox 346 3556 1319 3593">
     <span class='ocr_line' id='line_1_120' title="bbox 346 3556 1319 3593; baseline -0.006 -7"><span class='ocrx_word' id='word_1_824' title='bbox 346 3560 363 3586; x_wconf 88' lang='lat'><strong>6</strong></span> <span class='ocrx_word' id='word_1_825' title='bbox 381 3561 513 3586; x_wconf 86' lang='lat' dir='ltr'>obiectum</span> <span class='ocrx_word' id='word_1_826' title='bbox 528 3564 594 3593; x_wconf 79' lang='lat' dir='ltr'>post</span> <span class='ocrx_word' id='word_1_827' title='bbox 611 3559 748 3593; x_wconf 88' lang='lat' dir='ltr'>proprium</span> <span class='ocrx_word' id='word_1_828' title='bbox 767 3559 853 3584; x_wconf 77' lang='lat' dir='ltr'>aDPc.</span> <span class='ocrx_word' id='word_1_829' title='bbox 945 3565 978 3590; x_wconf 88' lang='lat'>14</span> <span class='ocrx_word' id='word_1_830' title='bbox 995 3556 1088 3589; x_wconf 84' lang='lat' dir='ltr'>forma]</span> <span class='ocrx_word' id='word_1_831' title='bbox 1107 3556 1251 3581; x_wconf 86' lang='lat' dir='ltr'>formarum</span> <span class='ocrx_word' id='word_1_832' title='bbox 1271 3556 1319 3581; x_wconf 84' lang='lat' dir='ltr'>Pd.</span> 
     </span>
    </p>

    <p class='ocr_par' dir='ltr' id='par_1_28' title="bbox 291 3591 1373 3702">
     <span class='ocr_line' id='line_1_121' title="bbox 347 3591 1373 3627; baseline -0.007 -5"><span class='ocrx_word' id='word_1_833' title='bbox 347 3604 361 3621; x_wconf 86' lang='lat'><em>2</em></span> <span class='ocrx_word' id='word_1_834' title='bbox 382 3597 523 3622; x_wconf 79' lang='lat' dir='ltr'>attenditur</span> <span class='ocrx_word' id='word_1_835' title='bbox 541 3596 599 3627; x_wconf 90' lang='lat' dir='ltr'>CD;</span> <span class='ocrx_word' id='word_1_836' title='bbox 619 3595 766 3620; x_wconf 82' lang='lat' dir='ltr'>attendetur</span> <span class='ocrx_word' id='word_1_837' title='bbox 778 3594 850 3626; x_wconf 80' lang='lat' dir='ltr'>otGZ,</span> <span class='ocrx_word' id='word_1_838' title='bbox 865 3594 1007 3619; x_wconf 83' lang='lat' dir='ltr'>attenderet</span> <span class='ocrx_word' id='word_1_839' title='bbox 1018 3592 1051 3624; x_wconf 84' lang='lat' dir='ltr'>Y,</span> <span class='ocrx_word' id='word_1_840' title='bbox 1067 3592 1242 3617; x_wconf 80' lang='lat' dir='ltr'>attenderetur</span> <span class='ocrx_word' id='word_1_841' title='bbox 1254 3591 1373 3616; x_wconf 81' lang='lat' dir='ltr'>EWch.</span> 
     </span>
     <span class='ocr_line' id='line_1_122' title="bbox 291 3628 1118 3665; baseline -0.007 -7"><span class='ocrx_word' id='word_1_842' title='bbox 291 3632 410 3665; x_wconf 79' lang='lat' dir='ltr'>plius...</span> <span class='ocrx_word' id='word_1_843' title='bbox 427 3637 468 3657; x_wconf 76' lang='lat' dir='ltr'>est</span> <span class='ocrx_word' id='word_1_844' title='bbox 482 3631 539 3665; x_wconf 83' lang='lat' dir='ltr'>ens]</span> <span class='ocrx_word' id='word_1_845' title='bbox 559 3631 579 3656; x_wconf 94' lang='lat' dir='ltr'>Z</span> <span class='ocrx_word' id='word_1_846' title='bbox 598 3631 660 3656; x_wconf 78' lang='lat' dir='ltr'>vide</span> <span class='ocrx_word' id='word_1_847' title='bbox 676 3631 728 3663; x_wconf 79' lang='lat' dir='ltr'>pA.</span> <span class='ocrx_word' id='word_1_848' title='bbox 812 3629 844 3655; x_wconf 82' lang='lat'>13</span> <span class='ocrx_word' id='word_1_849' title='bbox 864 3628 1018 3662; x_wconf 82' lang='lat' dir='ltr'>inveniatur]</span> <span class='ocrx_word' id='word_1_850' title='bbox 1038 3629 1071 3652; x_wconf 87' lang='lat' dir='ltr'>sit</span> <span class='ocrx_word' id='word_1_851' title='bbox 1089 3628 1118 3653; x_wconf 89' lang='lat' dir='ltr'>Z.</span> 
     </span>
     <span class='ocr_line' id='line_1_123' title="bbox 292 3664 1128 3702; baseline -0.006 -9"><span class='ocrx_word' id='word_1_852' title='bbox 292 3667 352 3702; x_wconf 85' lang='lat' dir='ltr'>(per</span> <span class='ocrx_word' id='word_1_853' title='bbox 370 3667 402 3702; x_wconf 85' lang='lat' dir='ltr'>P)</span> <span class='ocrx_word' id='word_1_854' title='bbox 421 3668 589 3701; x_wconf 83' lang='lat' dir='ltr'>appetitivam</span> <span class='ocrx_word' id='word_1_855' title='bbox 608 3667 730 3691; x_wconf 82' lang='lat' dir='ltr'>virtutem</span> <span class='ocrx_word' id='word_1_856' title='bbox 748 3666 840 3691; x_wconf 81' lang='lat' dir='ltr'>ceteri.</span> <span class='ocrx_word' id='word_1_857' title='bbox 931 3664 964 3689; x_wconf 83' lang='lat'>23</span> <span class='ocrx_word' id='word_1_858' title='bbox 983 3665 1006 3689; x_wconf 89' lang='lat' dir='ltr'>ei</span> <span class='ocrx_word' id='word_1_859' title='bbox 1025 3664 1062 3694; x_wconf 86' lang='lat' dir='ltr'>G;</span> <span class='ocrx_word' id='word_1_860' title='bbox 1081 3664 1128 3688; x_wconf 88' lang='lat' dir='ltr'>eis.</span> 
     </span>
    </p>
   </div>
   <div class='ocr_carea' id='block_1_21' title="bbox 437 3716 1124 3745">
    <p class='ocr_par' dir='ltr' id='par_1_29' title="bbox 437 3716 1124 3745">
     <span class='ocr_line' id='line_1_124' title="bbox 437 3716 1124 3745; baseline -0.007 0"><span class='ocrx_word' id='word_1_861' title='bbox 437 3720 531 3745; x_wconf 73' lang='lat' dir='ltr'>Sum</span> <span class='ocrx_word' id='word_1_862' title='bbox 551 3719 662 3744; x_wconf 68' lang='lat' dir='ltr'>Com-nn</span> <span class='ocrx_word' id='word_1_863' title='bbox 682 3719 815 3744; x_wconf 65' lang='lat' dir='ltr'>Gan-mats</span> <span class='ocrx_word' id='word_1_864' title='bbox 835 3718 866 3743; x_wconf 89' lang='lat' dir='ltr'>D.</span> <span class='ocrx_word' id='word_1_865' title='bbox 885 3718 1000 3742; x_wconf 64' lang='lat' dir='ltr'>Tnoman</span> <span class='ocrx_word' id='word_1_866' title='bbox 1018 3717 1086 3741; x_wconf 64' lang='lat' dir='ltr'>Tou.</span> <span class='ocrx_word' id='word_1_867' title='bbox 1106 3716 1124 3740; x_wconf 86' lang='lat'>1.</span> 
     </span>
    </p>
   </div>
   <div class='ocr_carea' id='block_1_22' title="bbox 1203 3626 1644 3651">
    <p class='ocr_par' dir='ltr' id='par_1_30' title="bbox 1203 3626 1644 3651">
     <span class='ocr_line' id='line_1_125' title="bbox 1203 3626 1644 3651; baseline 0 0"><span class='ocrx_word' id='word_1_868' title='bbox 1203 3634 1236 3651; x_wconf 69' lang='grc' dir='ltr'>πο</span> <span class='ocrx_word' id='word_1_869' title='bbox 1254 3626 1336 3651; x_wconf 88' lang='lat' dir='ltr'>Aliter</span> <span class='ocrx_word' id='word_1_870' title='bbox 1358 3631 1446 3651; x_wconf 84' lang='lat' dir='ltr'>tamen</span> <span class='ocrx_word' id='word_1_871' title='bbox 1464 3629 1491 3651; x_wconf 81' lang='lat' dir='ltr'>et</span> <span class='ocrx_word' id='word_1_872' title='bbox 1510 3631 1535 3651; x_wconf 87' lang='lat' dir='ltr'>et</span> <span class='ocrx_word' id='word_1_873' title='bbox 1553 3633 1595 3651; x_wconf 87' lang='lat' dir='ltr'>om</span> <span class='ocrx_word' id='word_1_874' title='bbox 1615 3626 1644 3651; x_wconf 92' lang='lat' dir='ltr'>Z.</span> 
     </span>
    </p>
   </div>
   <div class='ocr_carea' id='block_1_23' title="bbox 1412 3554 2489 3660">
    <p class='ocr_par' dir='ltr' id='par_1_31' title="bbox 1412 3554 2489 3660">
     <span class='ocr_line' id='line_1_126' title="bbox 1412 3554 2373 3588; baseline -0.003 -8"><span class='ocrx_word' id='word_1_875' title='bbox 1412 3554 1445 3580; x_wconf 85' lang='lat'>16</span> <span class='ocrx_word' id='word_1_876' title='bbox 1464 3555 1564 3588; x_wconf 86' lang='lat' dir='ltr'>natura]</span> <span class='ocrx_word' id='word_1_877' title='bbox 1585 3560 1703 3580; x_wconf 82' lang='lat' dir='ltr'>naturam</span> <span class='ocrx_word' id='word_1_878' title='bbox 1723 3563 1748 3579; x_wconf 83' lang='grc' dir='ltr'>α.</span> <span class='ocrx_word' id='word_1_879' title='bbox 2368 3582 2373 3584; x_wconf 25' lang='lat' dir='ltr'><strong><em>s</em></strong></span> 
     </span>
     <span class='ocr_line' id='line_1_127' title="bbox 1456 3587 2489 3622; baseline -0.005 -6"><span class='ocrx_word' id='word_1_880' title='bbox 1456 3590 1472 3616; x_wconf 90' lang='lat'><strong>6</strong></span> <span class='ocrx_word' id='word_1_881' title='bbox 1491 3591 1606 3616; x_wconf 89' lang='lat' dir='ltr'>sentiens</span> <span class='ocrx_word' id='word_1_882' title='bbox 1621 3596 1647 3615; x_wconf 90' lang='lat' dir='ltr'>et</span> <span class='ocrx_word' id='word_1_883' title='bbox 1661 3588 1816 3622; x_wconf 79' lang='lat' dir='ltr'>intelligens]</span> <span class='ocrx_word' id='word_1_884' title='bbox 1830 3588 1975 3613; x_wconf 86' lang='lat' dir='ltr'>intellectus</span> <span class='ocrx_word' id='word_1_885' title='bbox 1989 3595 2068 3620; x_wconf 86' lang='lat' dir='ltr'>agens</span> <span class='ocrx_word' id='word_1_886' title='bbox 2083 3592 2109 3611; x_wconf 90' lang='lat' dir='ltr'>et</span> <span class='ocrx_word' id='word_1_887' title='bbox 2120 3587 2235 3612; x_wconf 88' lang='lat' dir='ltr'>sentiens</span> <span class='ocrx_word' id='word_1_888' title='bbox 2249 3587 2278 3612; x_wconf 92' lang='lat' dir='ltr'>Z.</span> <span class='ocrx_word' id='word_1_889' title='bbox 2373 3593 2402 3612; x_wconf 80' lang='grc' dir='ltr'>ιι</span> <span class='ocrx_word' id='word_1_890' title='bbox 2424 3588 2489 3612; x_wconf 86' lang='lat' dir='ltr'>Am-</span> 
     </span>
     <span class='ocr_line' id='line_1_128' title="bbox 1731 3622 2489 3660; baseline -0.004 -10"><span class='ocrx_word' id='word_1_891' title='bbox 1731 3632 1759 3650; x_wconf 79' lang='lat'>21</span> <span class='ocrx_word' id='word_1_892' title='bbox 1783 3624 1918 3657; x_wconf 86' lang='lat' dir='ltr'>appetitiva</span> <span class='ocrx_word' id='word_1_893' title='bbox 1936 3624 2030 3648; x_wconf 87' lang='lat' dir='ltr'>virtute</span> <span class='ocrx_word' id='word_1_894' title='bbox 2049 3623 2071 3647; x_wconf 83' lang='lat' dir='ltr'>A</span> <span class='ocrx_word' id='word_1_895' title='bbox 2084 3623 2168 3653; x_wconf 82' lang='lat' dir='ltr'>solus;</span> <span class='ocrx_word' id='word_1_896' title='bbox 2188 3623 2329 3656; x_wconf 81' lang='lat' dir='ltr'>appetitum</span> <span class='ocrx_word' id='word_1_897' title='bbox 2348 3622 2441 3660; x_wconf 72' lang='lat' dir='ltr'>virtute</span> <span class='ocrx_word' id='word_1_898' title='bbox 2459 3623 2489 3654; x_wconf 80' lang='grc' dir='ltr'>Ζ,</span> 
     </span>
    </p>
   </div>
   <div class='ocr_carea' id='block_1_24' title="bbox 2313 3718 2344 3743">
    <p class='ocr_par' dir='ltr' id='par_1_32' title="bbox 2313 3718 2344 3743">
     <span class='ocr_line' id='line_1_129' title="bbox 2313 3718 2344 3743; baseline 0 0"><span class='ocrx_word' id='word_1_899' title='bbox 2313 3718 2344 3743; x_wconf 83' lang='lat'>27</span> 
     </span>
    </p>
   </div>
   <div class='ocr_carea' id='block_1_25' title="bbox 2509 765 2722 793">
    <p class='ocr_par' dir='ltr' id='par_1_33' title="bbox 2509 765 2722 793">
     <span class='ocr_line' id='line_1_130' title="bbox 2509 765 2722 793; baseline 0 -7"><span class='ocrx_word' id='word_1_900' title='bbox 2509 766 2519 775; x_wconf 83' lang='lat'><strong>‘</strong></span> <span class='ocrx_word' id='word_1_901' title='bbox 2534 765 2569 787; x_wconf 83' lang='lat' dir='ltr'>Cf.</span> <span class='ocrx_word' id='word_1_902' title='bbox 2583 765 2594 786; x_wconf 93' lang='lat'>1</span> <span class='ocrx_word' id='word_1_903' title='bbox 2609 765 2633 787; x_wconf 83' lang='lat' dir='ltr'>P.</span> <span class='ocrx_word' id='word_1_904' title='bbox 2653 771 2691 792; x_wconf 76' lang='lat' dir='ltr'>xv,</span> <span class='ocrx_word' id='word_1_905' title='bbox 2701 771 2722 793; x_wconf 80' lang='lat'>3,</span> 
     </span>
    </p>
   </div>
   <div class='ocr_carea' id='block_1_26' title="bbox 2509 781 2713 820">
    <p class='ocr_par' dir='ltr' id='par_1_34' title="bbox 2509 781 2713 820">
     <span class='ocr_line' id='line_1_131' title="bbox 2509 781 2713 820; baseline 0.005 -8"><span class='ocrx_word' id='word_1_906' title='bbox 2509 791 2537 812; x_wconf 91' lang='lat' dir='ltr'>ad</span> <span class='ocrx_word' id='word_1_907' title='bbox 2550 799 2567 815; x_wconf 77' lang='lat'>¹:</span> <span class='ocrx_word' id='word_1_908' title='bbox 2583 791 2612 813; x_wconf 87' lang='lat' dir='ltr'>de</span> <span class='ocrx_word' id='word_1_909' title='bbox 2625 781 2684 818; x_wconf 60' lang='lat' dir='ltr'>Ver„</span> <span class='ocrx_word' id='word_1_910' title='bbox 2699 798 2713 820; x_wconf 85' lang='lat' dir='ltr'>q</span> 
     </span>
    </p>
   </div>
   <div class='ocr_carea' id='block_1_27' title="bbox 2510 818 2711 865">
    <p class='ocr_par' dir='ltr' id='par_1_35' title="bbox 2510 818 2711 865">
     <span class='ocr_line' id='line_1_132' title="bbox 2510 818 2711 865; baseline 0 -26"><span class='ocrx_word' id='word_1_911' title='bbox 2510 824 2545 865; x_wconf 47' lang='grc' dir='ltr'>ξπ,</span> <span class='ocrx_word' id='word_1_912' title='bbox 2557 824 2577 840; x_wconf 88' lang='lat' dir='ltr'>a.</span> <span class='ocrx_word' id='word_1_913' title='bbox 2587 825 2614 845; x_wconf 85' lang='lat'>4;</span> <span class='ocrx_word' id='word_1_914' title='bbox 2630 818 2711 840; x_wconf 78' lang='lat' dir='ltr'>lSent.</span> 
     </span>
    </p>
   </div>
   <div class='ocr_carea' id='block_1_28' title="bbox 2511 871 2644 898">
    <p class='ocr_par' dir='ltr' id='par_1_36' title="bbox 2511 871 2644 898">
     <span class='ocr_line' id='line_1_133' title="bbox 2511 871 2644 898; baseline 0 -6"><span class='ocrx_word' id='word_1_915' title='bbox 2511 876 2531 892; x_wconf 80' lang='lat' dir='ltr'>a.</span> <span class='ocrx_word' id='word_1_916' title='bbox 2546 877 2566 898; x_wconf 78' lang='lat'>3.</span> <span class='ocrx_word' id='word_1_917' title='bbox 2582 871 2610 892; x_wconf 88' lang='lat' dir='ltr'>ad</span> <span class='ocrx_word' id='word_1_918' title='bbox 2626 878 2644 893; x_wconf 74' lang='grc' dir='ltr'>ι.</span> 
     </span>
    </p>
   </div>
   <div class='ocr_carea' id='block_1_29' title="bbox 2713 834 2721 844">
    <p class='ocr_par' dir='ltr' id='par_1_37' title="bbox 2713 834 2721 844">
     <span class='ocr_line' id='line_1_134' title="bbox 2713 834 2721 844; baseline 0 0"><span class='ocrx_word' id='word_1_919' title='bbox 2713 834 2721 844; x_wconf 69' lang='lat'><em>5</em></span> 
     </span>
    </p>
   </div>
   <div class='ocr_carea' id='block_1_30' title="bbox 2552 850 2721 872">
    <p class='ocr_par' dir='ltr' id='par_1_38' title="bbox 2552 850 2721 872">
     <span class='ocr_line' id='line_1_135' title="bbox 2552 850 2721 872; baseline 0.006 -7"><span class='ocrx_word' id='word_1_920' title='bbox 2552 850 2631 870; x_wconf 82' lang='lat' dir='ltr'>xxxvi,</span> <span class='ocrx_word' id='word_1_921' title='bbox 2654 851 2676 872; x_wconf 90' lang='lat' dir='ltr'>q.</span> <span class='ocrx_word' id='word_1_922' title='bbox 2695 851 2721 870; x_wconf 84' lang='grc' dir='ltr'>ιι,</span> 
     </span>
    </p>
   </div>
  </div>
 </body>
</html>
