2768 4134
336 299 411 346 304

334 381 495 420 probatur.
527 377 612 414 Quia
637 375 727 416 quod
758 381 804 404 est
835 375 866 404 in
898 374 1025 403 entibus
1055 373 1208 412 primum,
1233 378 1279 402 est
1311 381 1405 401 causa

334 432 447 453 eorum
472 431 554 461 quae
579 427 669 450 sunt:
700 419 846 469 alioquin
877 418 959 448 inter
989 427 1022 448 se
1049 427 1116 447 non
1142 422 1247 447 essent
1271 416 1310 446 ab
1333 416 1405 455 ipso

768 295 955 332 SUMMA
985 293 1207 330 CONTRA
1237 292 2099 339 GENTILES,L1B.II,CAP.XV1‚XV11.

1459 371 1630 401 stimabant
1646 371 1726 401 nihil
1743 371 1812 401 fieri
1827 373 1889 402 nisi
1906 382 1943 402 ex
1959 373 2155 412 praeiacenti
2171 376 2302 406 materia
2317 385 2423 416 posse.
2444 377 2532 414 Ideo,

1459 416 1484 445 si
1509 414 1688 445 ostenditur
1718 424 1787 445 non
1817 425 1886 446 esse
1914 425 1998 456 opus
2025 418 2158 448 materia
2185 420 2387 458 praeiacente
2413 423 2533 452 actioni

1459 459 1596 495 divinae,
1613 460 1687 489 satis
1711 466 1846 496 constat,
1866 469 1943 491 cum
1962 462 2073 491 omnia
2096 471 2114 491 a
2137 462 2209 492 Deo
2233 463 2391 503 producta
2410 475 2478 496 esse
2495 467 2534 496 sit

1458 504 1631 544 probatum
1647 505 1674 539 ¹¹³,
1699 504 1752 534 illa
1776 514 1814 534 ex
1838 505 1927 535 nulla
1950 506 2082 536 materia
2105 506 2264 546 producta
2287 517 2365 538 esse.
2562 514 2570 522 ·
2586 512 2643 539 Cap.
2660 518 2699 533 xv·

1513 547 1735 579 Confirmatur
1763 548 1904 589 denique
1932 550 2101 580 conclusio
2128 552 2318 582 auctoritate
2347 552 2426 583 Gen.
2447 563 2468 589 1,
2494 554 2532 583 In

1431 617 1433 632 ,
1431 592 1620 632 principio
1645 593 1769 623 creavit
1790 593 1881 624 Deus
1905 600 1965 624 etc.

1431 636 1432 646 ¹
1514 637 1695 673 Postremo,
1719 647 1758 667 ex
1782 638 1846 668 hoc
1869 638 1996 669 excludi
2021 639 2201 670 ostenditur
2224 641 2434 681 antiquorum
2462 642 2535 681 phi-

1458 681 1675 721 losophorum
1694 682 1819 722 opinio,
1837 683 1904 722 qui,
1920 683 1990 713 sola
2012 684 2215 724 particularia
2237 686 2364 726 agentia
2387 685 2535 716 conside-

1458 731 1573 762 rantes,
1597 735 1740 766 quorum
1763 727 1946 758 actionibus
1967 728 2120 759 videbant
2142 738 2271 770 semper
2293 730 2415 770 aliquid
2443 739 2535 770 prae·

1457 771 1571 806 iacere,
1585 771 1846 802 existimaverunt
1857 773 2011 803 materiae
2022 773 2145 804 nullam
2158 775 2295 805 omnino
2312 783 2442 805 causam
2455 784 2534 811 esse,

1457 821 1489 845 et
1505 824 1562 855 per
1578 825 1783 856 consequens
1798 826 1841 846 ex
1857 816 1959 847 nihilo
1976 817 2058 847 nihil
2066 818 2158 858 fieri.
2182 818 2283 856 Quod
2306 820 2340 850 in
2363 820 2535 850 universali

1458 869 1554 890 causa
1579 860 1703 890 essendi
1727 870 1795 890 non
1821 867 1868 891 est
1890 870 2031 892 necesse.

333 467 487 502 ordinata,
513 471 548 495 ut
572 470 738 494 ostensum
763 469 810 493 est
832 463 865 492 in
889 463 998 492 Primo
1015 463 1041 492 ᾗ.

389 510 574 540 Undecimo.
599 509 687 539 Deus
712 513 758 538 est
782 517 877 538 causa
901 507 1049 537 omniurn
1067 515 1150 546 quae
1171 511 1254 536 sunt.
1273 505 1433 534 Materia

332 555 435 595 prima
451 554 560 604 aliquo
585 553 686 584 modo
710 558 773 582 est.
799 552 875 591 quia
890 557 937 582 est
954 561 1010 581 ens
1026 551 1058 582 in
1075 551 1230 590 potentia.
1255 549 1341 588 Ergo
1358 554 1405 579 est

333 609 427 629 causa
450 598 602 628 materiae
625 598 756 637 primae.
782 597 868 636 Ergo
893 596 1000 626 divina
1024 596 1108 625 actio
1132 594 1297 624 materiam
1314 602 1404 632 prae-

333 643 521 673 existentem
545 651 613 672 non
638 641 676 672 de
700 642 888 671 necessitate
911 640 1053 680 requirit.

388 687 441 717 XI.
466 686 655 717 Notandum
680 686 770 726 quod
794 685 929 716 Sanctus
952 685 1107 719 Thomas,
1132 683 1244 713 volens
1268 682 1405 721 probare

332 731 422 772 quod
446 732 535 762 Deus
566 740 616 761 res
646 740 685 761 ex
711 730 800 761 nulla
826 730 1058 770 praeexistente
1086 728 1218 757 materia
1241 725 1403 766 produxit,

332 775 497 807 concludit
519 777 553 806 in
577 776 730 806 omnibus
754 774 819 805 fere
842 774 1019 804 rationibus
1047 772 1137 812 quod
1167 780 1224 801 sua
1254 771 1339 801 actio
1364 770 1404 800 de

331 821 519 851 necessitate
538 820 703 850 materiam
720 820 954 870 praeiacentem
979 827 1045 847 non
1070 816 1218 856 requirit:
1245 816 1321 855 quia
1337 821 1404 845 tota

332 866 412 896 ratio
429 864 623 895 difficultatis
647 864 732 904 apud
757 864 909 903 antiquos
933 861 1147 902 philosophos
1166 866 1230 890 erat
1247 860 1322 900 quia
1340 860 1404 889 exi-

92 473 101 481 ·
118 471 174 497 Cap.
190 476 240 494 xm.
256 470 295 490 (in.

1163 964 1701 1000 ,ψ

744 1114 1232 1170 CAPITULUM
1269 1114 1654 1171 DECIMUM
1691 1116 2128 1172 SEPTIMUM

1142 1231 1372 1271 Fragmentum
1398 1241 1435 1261 ex
1468 1231 1497 1261 A
1538 1231 1608 1262 311·
1646 1241 1707 1271 a4.

599 1331 774 1384 QUOD
820 1331 1089 1372 CREATIO
1133 1331 1263 1372 NON
1310 1331 1425 1372 EST
1469 1331 1682 1373 MOTUS
1727 1331 1942 1384 NEQUE
1985 1332 2268 1374 MUTATIO

397 1495 477 1523 22³*
510 1482 526 1516 ⁴.
543 1476 591 1501 oc
610 1471 741 1500 autem
762 1470 929 1508 ostenso,
950 1462 1198 1499 manifestum
1219 1470 1274 1499 est
1297 1462 1404 1511 quod

348 1507 450 1577 ξς.

1462 1474 1544 1499 esse
1573 1462 1717 1512 aliquid
1742 1463 1850 1499 aliter
1877 1475 1916 1500 se
1943 1464 2083 1500 habens
2112 1476 2212 1500 nunc
2245 1469 2279 1501 et
2307 1466 2437 1514 prius:
2465 1466 2537 1503 hoc

1461 1518 1561 1553 enim
1590 1518 1710 1566 ipsum
1740 1527 1876 1554 nomen
1905 1518 2120 1554 mutationis
2138 1517 2295 1555 ostendit
2307 1517 2338 1554 *.
2370 1518 2445 1556 Ubi
2468 1531 2536 1556 au-

418 1615 424 1623 .
449 1584 458 1588 ⁷
518 1576 525 1593 ·’
556 1570 702 1608 iacente
717 1578 753 1606 et
767 1571 907 1607 creatio
922 1578 1094 1615 vocatur,
1109 1582 1190 1607 non
1211 1570 1257 1607 sit
1274 1579 1407 1608 motus
1461 1578 1540 1607 tem
1573 1577 1652 1607 tota
1684 1569 1898 1607 substantia
1925 1569 1979 1607 rei
2007 1570 2047 1607 in
2075 1582 2160 1608 esse
2187 1571 2426 1620 producitur,
2454 1583 2536 1610 non

355 1657 357 1659 ,
405 1619 411 1627 ’
434 1622 437 1630 ⁸
510 1630 512 1633 “
557 1636 685 1673 neque
706 1623 880 1669 mutatio,
900 1623 1056 1673 proprie
1076 1624 1287 1672 loquendo.
1461 1631 1587 1673 potest
1605 1635 1688 1660 esse
1709 1622 1867 1673 aliquod
1887 1623 1993 1661 idem
2008 1624 2116 1661 aliter
2134 1632 2172 1661 et
2185 1623 2293 1662 aliter
2307 1637 2348 1662 se
2368 1625 2534 1664 habens:

387 1652 520 1716 Motus
549 1677 654 1715 enim
683 1677 811 1715 omnis
839 1678 901 1714 vel
930 1677 1093 1714 mutatio
1122 1685 1178 1714 est
1206 1683 1308 1714 actus
1327 1690 1405 1715 ext·
1429 1692 1437 1712 s
1462 1676 1554 1727 quia
1572 1676 1666 1715 illud
1695 1685 1793 1714 esset
1822 1689 1902 1715 non
1930 1678 2180 1727 productum,
2201 1678 2268 1716 sed
2287 1679 2536 1741 productioni

2565 1520 2707 1548 ·vman.‚
2722 1527 2765 1548 17

412 1554 455 1562 Η
462 1525 478 1562 J
506 1517 520 1549 T?
555 1516 627 1554 Dei
643 1516 753 1562 actio,
769 1528 870 1565 quae
886 1523 941 1553 est
955 1516 1102 1565 absque
1118 1515 1279 1553 materia
1296 1528 1405 1566 prae·
2564 1555 2584 1570 ⁸
2595 1547 2640 1570 Th

508 1553 525 1572 A

92 1736 239 1785 ¹411f'1sgy
233 1735 301 1761 1·²¹⁶
333 1735 455 1770 stentis
483 1734 520 1770 in
544 1733 711 1782 potentia
729 1731 933 1769 secundum
963 1731 1063 1781 quod
1088 1732 1300 1768 huiusmodi
1311 1731 1342 1768 ²¹².
1364 1732 1405 1768 In
1460 1730 1814 1781 praesuppositum.
1851 1732 1944 1768 Non
1974 1739 2030 1768 est
2057 1743 2148 1780 ergo
2185 1732 2327 1770 creatio
2361 1733 2535 1772 mutatio.

334 1787 408 1823 hac
428 1794 558 1823 autem
589 1785 738 1822 actione
767 1797 847 1822 non
876 1784 1093 1834 praeexistit
1112 1784 1257 1834 aliquid
1277 1785 1316 1822 in
1335 1797 1406 1834 po·
1514 1782 1545 1836 †
1560 1785 1713 1822 Adhuc.
1735 1785 1900 1834 Oportet
1918 1785 2027 1834 quod
2047 1793 2178 1823 motus
2198 1787 2260 1824 vel
2278 1787 2442 1825 mutatio
2464 1787 2535 1825 du·
2565 1794 2586 1821 -1-
2562 1794 2700 1849 3ηψιὶοο
2718 1792 2768 1815 Vn

333 1839 450 1877 tentia
474 1839 581 1889 quod
611 1838 792 1888 suscipiat
820 1837 1025 1883 actionem,
1045 1846 1087 1876 ut
1106 1838 1184 1876 iam
1205 1847 1406 1876 ostensum
1462 1838 1609 1875 ratione
1628 1837 1834 1888 praecedat
1853 1837 1892 1876 id
1911 1839 2019 1888 quod
2039 1838 2082 1875 fit
2101 1851 2172 1888 per
2196 1839 2455 1879 mutationem
2473 1842 2536 1878 vel

91 1898 101 1906 '
116 1896 231 1922 Cap-ffl-
334 1901 389 1930 est
408 1893 438 1930 ²¹⁶.
470 1893 585 1942 Igitur
612 1904 692 1929 non
722 1900 778 1928 est
805 1899 936 1929 motus
963 1903 1092 1940 neque
1121 1892 1295 1929 mutatio.
1460 1899 1631 1928 motum:
1662 1892 1754 1941 quia
1782 1891 1928 1929 factum
1953 1903 2036 1929 esse
2061 1900 2118 1929 est
2142 1892 2378 1942 principium
2397 1894 2536 1944 quietis

386 1947 491 1983 Item.
523 1947 705 1983 Extrema
725 1952 855 1982 motus
875 1947 935 1982 vel
956 1945 1180 1982 mutationis
1199 1945 1342 1982 cadunt
1366 1945 1406 1982 in
1422 1961 1447 1975 ιο

333 2000 503 2036 eundem
524 1998 719 2036 ordinem:
751 2000 810 2035 vel
831 1997 923 2048 quia
943 2006 1031 2035 sunt
1051 1999 1124 2035 sub
1149 2010 1230 2035 uno
1252 2010 1404 2046 genere,

332 2053 429 2090 sicut
449 2052 650 2098 contraria,
671 2060 713 2089 ut
738 2060 842 2101 patet
867 2051 906 2088 in
931 2060 1044 2089 motu
1070 2051 1267 2100 augmenti
1296 2061 1333 2089 et
1353 2053 1405 2089 al-

331 2106 527 2145 terationis
555 2115 591 2143 et
620 2106 838 2143 secundum
867 2107 998 2142 locum
1028 2104 1195 2150 lationis;
1226 2107 1286 2142 vel
1314 2105 1405 2155 quia
1460 2105 1563 2155 quia,
1584 2105 1760 2154 quandiu
1780 2105 1893 2143 durat
1912 2114 2054 2152 motus,
2075 2106 2220 2156 aliquid
2240 2106 2284 2144 fit
2302 2115 2339 2145 et
2357 2119 2440 2146 non
2462 2116 2535 2152 est;

330 2159 622 2197 communicant
650 2159 689 2196 in
719 2171 797 2197 una
830 2158 1000 2208 potentia
1036 2159 1230 2205 materiae,
1260 2167 1301 2196 ut
1329 2159 1405 2209 pri-
1460 2158 1500 2196 in
1515 2159 1601 2209 ipso
1617 2167 1749 2197 autem
1769 2159 1938 2197 termino
1953 2167 2096 2206 motus,
2112 2159 2151 2197 in
2167 2172 2248 2210 quo
2268 2160 2400 2211 incipit
2413 2160 2535 2212 quies,

332 2214 434 2251 vatio
450 2221 486 2251 et
500 2213 625 2250 forma
645 2213 683 2250 in
698 2212 945 2262 generatione
965 2220 1001 2250 et
1015 2212 1275 2262 corruptione.
1297 2214 1404 2250 Neu·
1421 2229 1442 2248 ις
1460 2212 1538 2250 iam
1558 2225 1638 2250 non
1659 2212 1703 2250 fit
1727 2212 1885 2263 aliquid,
1905 2213 1973 2251 sed
2003 2213 2146 2251 factum
2175 2222 2242 2251 est.
2272 2215 2314 2252 In
2343 2214 2536 2254 creatione

330 2275 434 2304 trum
449 2275 580 2304 autem
595 2275 719 2316 potest
734 2266 808 2304 dici
828 2266 867 2303 in
883 2266 1091 2304 creatione:
1113 2266 1284 2318 potentia¹
1298 2266 1404 2304 enim
1459 2274 1591 2304 autem
1619 2279 1700 2305 non
1730 2274 1856 2316 potest
1884 2267 1961 2305 hoc
1989 2279 2088 2305 esse:
2118 2267 2222 2317 quia,
2242 2267 2274 2306 si
2292 2267 2377 2318 ipsa
2395 2268 2537 2308 creatio

331 2319 383 2357 ibi
412 2333 492 2357 non
521 2328 587 2366 est,
618 2332 689 2357 nec
724 2319 870 2370 aliquid
905 2319 1081 2357 eiusdem
1116 2319 1267 2368 generis
1295 2320 1404 2370 quod
1459 2321 1707 2369 praecederet
1735 2329 1778 2358 ut
1806 2328 1938 2358 motus
1966 2322 2027 2358 vel
2055 2321 2231 2368 mutatio,
2251 2329 2446 2371 oporteret
2465 2321 2536 2361 sibi

331 2381 669 2423 praesupponatur
696 2372 891 2418 creationi,
911 2381 953 2410 ut
972 2373 1181 2422 probatum
1201 2381 1268 2410 est.
1289 2373 1405 2422 Igitur
1459 2373 1656 2423 praestitui
1675 2374 1836 2434 aliquod
1855 2374 2092 2421 subiectum;
2121 2375 2229 2424 quod
2249 2383 2305 2412 est
2323 2384 2459 2414 contra
2477 2388 2535 2414 ra-

331 2439 411 2465 non
441 2435 496 2464 est
524 2426 576 2464 ibi
605 2439 733 2476 neque
762 2435 892 2464 motus
921 2438 1049 2487 neque
1078 2426 1252 2464 mutatio.
1458 2427 1605 2464 tionem
1634 2427 1848 2465 creationis
1880 2428 2034 2466 Creatio
2063 2427 2178 2477 igitur
2205 2440 2285 2466 non
2314 2437 2370 2466 est
2405 2436 2536 2467 motus

386 2481 596 2518 Praeterea.
619 2482 660 2517 In
681 2480 789 2518 omni
810 2480 1023 2517 mutatione
1038 2481 1100 2517 vel
1120 2488 1230 2517 motu
1251 2488 1404 2530 oportet
1418 2498 1445 2513 20
1459 2492 1587 2530 neque
1617 2481 1791 2518 mutatio.

1461 1952 1498 1981 et
1521 1945 1709 1982 terminus
1729 1953 1871 1982 motus.
1902 1945 2015 1982 Unde
2045 1953 2198 1995 oportet
2225 1957 2387 1984 omnem
2410 1954 2535 1986 muta-

1461 1997 1608 2035 tionem
1628 2009 1711 2036 esse
1732 2005 1886 2036 motum
1906 1999 1969 2036 vel
1987 1998 2200 2036 terminum
2229 2007 2372 2046 motus,
2392 1999 2461 2050 qui
2480 2009 2536 2039 est

1461 2051 1714 2090 successivus.
1751 2052 1801 2089 Et
1835 2060 1994 2102 propter
2028 2053 2116 2099 hoc,
2145 2053 2255 2102 quod
2282 2052 2326 2091 fit
2353 2065 2435 2092 non
2462 2062 2534 2093 est:

784 2594 796 2618 5
817 2599 887 2619 esset
902 2597 966 2626 post
986 2602 1037 2618 non
1058 2594 1126 2619 GPc.
1219 2602 1233 2627 7
1253 2594 1346 2620 Adhuc
1366 2594 1502 2627 Reincipit
1521 2596 1542 2620 Α
1563 2602 1645 2627 usque
1662 2595 1700 2620 ad
1723 2594 1772 2627 343
1794 2595 1849 2620 2118
1868 2603 1920 2621 res.

402 2595 418 2619 b
431 2602 440 2620 1
465 2595 499 2627 et]
519 2602 598 2627 quam
618 2594 690 2619 YPd.
2007 2596 2039 2621 18
2058 2596 2185 2622 rationem
2201 2600 2265 2629 post
2283 2597 2420 2623 creationis
2438 2597 2500 2624 «Pe.

1091 2683 1428 2717 commentaria
1451 2683 1764 2716 Fen-ariensis

403 2793 516 2813 srnnso
550 2782 639 2823 quod
669 2783 755 2813 actio
779 2782 886 2813 divina
917 2788 963 2813 est
994 2783 1116 2823 absque
1148 2783 1280 2814 materia
1310 2791 1402 2823 prae-

331 2792 537 2863 Oiacente‚
568 2833 599 2858 et
630 2836 668 2857 ex
698 2827 913 2867 consequenti
944 2827 1034 2867 quod
1065 2833 1112 2858 est
1142 2828 1277 2864 creatio,
1306 2833 1403 2858 restat

328 2871 498 2902 ostendere
528 2871 699 2912 quomodo
729 2872 798 2911 ipsa
830 2872 950 2902 creatio
983 2873 1022 2902 ab
1056 2872 1184 2903 actione
1216 2878 1402 2903 transeunte

328 2923 491 2948 creaturae
507 2916 720 2957 distinguatur
731 2917 757 2946 ἢ
776 2916 816 2946 Et
832 2922 1000 2956 ponuntur
1015 2916 1099 2947 duae
1116 2917 1345 2948 conclusiones
1356 2918 1401 2947 W.

384 2961 479 2992 Circa
503 2962 641 3001 primam
667 2966 775 2991 autem
801 2961 1047 2992 conclusionem
1071 2961 1138 2992 duo
1163 2961 1239 2992 facit
1266 2961 1403 2993 Sanctus

328 3006 488 3036 Thomas:
513 3006 630 3046 primo,
656 3005 749 3046 ponit
772 3006 1019 3037 conclusionem
1043 3016 1118 3037 cum
1143 3007 1209 3037 suis
1239 3007 1402 3047 probatio-

328 3051 436 3087 nibus;
461 3049 615 3086 secund0‚
645 3050 774 3081 deducit
799 3051 958 3091 quaedam
982 3051 1161 3087 corollaria,
1189 3052 1222 3082 in
1254 3052 1404 3092 sequenti

329 3095 483 3135 capitulo.

385 3139 408 3170 1.
432 3139 537 3170 Prima
562 3148 638 3179 ergo
664 3140 831 3170 conclusio
849 3146 911 3171 est:
931 3140 1063 3170 Creatio
1082 3150 1146 3171 non
1164 3146 1211 3172 est
1226 3146 1332 3172 motus
1349 3151 1404 3172 ne-

328 3194 390 3224 que
421 3184 567 3219 mutatio,
595 3185 733 3224 proprie
765 3185 937 3226 loquendo.
971 3184 1109 3216 Additur
1139 3191 1247 3217 autem
1265 3186 1404 3227 proprie

330 3228 502 3269 loquendo,
530 3234 565 3259 ut
598 3229 784 3260 ostendatur
817 3229 907 3270 quod
939 3230 1126 3270 improprie,
1159 3236 1190 3261 et
1222 3230 1403 3262 secundum

329 3273 465 3304 modum
488 3272 698 3314 significandi,
722 3283 789 3304 non
818 3274 1006 3305 inconvenit
1030 3275 1226 3305 creationem
1251 3276 1403 3306 mutatio-

329 3326 404 3347 nem
429 3317 502 3348 dici.

385 3362 541 3392 Probatur
565 3363 743 3393 conclusio.
769 3363 856 3394 Tum
886 3364 962 3404 quia
992 3369 1102 3394 motus
1134 3370 1165 3394 et
1195 3365 1332 3395 mutatio
1357 3371 1404 3395 est

330 3411 421 3436 actus
437 3407 603 3438 existentis
619 3407 651 3437 in
671 3409 829 3448 potentia.
855 3408 890 3438 In
914 3409 1077 3439 creatione
1093 3413 1202 3439 autem
1218 3409 1296 3439 nihil
1314 3418 1404 3449 prae-

331 3451 434 3481 existit
457 3452 489 3481 in
515 3453 668 3491 potentia,
692 3453 725 3482 in
750 3461 817 3493 quo
841 3453 1033 3493 suscipiatur
1056 3453 1186 3483 creatio.

387 3494 473 3525 Tum
497 3497 573 3536 quia
597 3502 737 3527 extrema
761 3503 870 3528 motus
887 3503 918 3528 et
933 3497 1122 3528 mutationis
1139 3497 1258 3528 cadunt
1274 3498 1307 3528 in
1324 3508 1403 3529 eun-

333 3537 405 3569 dem
423 3539 585 3571 ordinem:
611 3541 686 3580 quia
703 3547 758 3572 aut
775 3547 849 3572 sunt
866 3541 1011 3573 eiusdem
1026 3542 1162 3582 generis,
1179 3547 1215 3572 ut
1231 3543 1403 3579 contraria;

334 3588 387 3612 aut
411 3586 653 3615 communicant
683 3586 714 3615 in
746 3596 811 3617 una
835 3587 990 3626 potentia,
1015 3592 1051 3617 ut
1074 3587 1210 3627 privatio
1235 3592 1266 3617 et
1289 3585 1402 3618 forma.

334 3625 369 3656 ln
393 3628 553 3659 creatione
578 3635 685 3660 autem
709 3640 775 3661 non
801 3637 847 3662 est
871 3631 1016 3671 potentia
1047 3631 1272 3671 praeexistens,
1296 3641 1403 3683 neque

335 3669 454 3710 aliquid
478 3672 620 3703 eiusdem
648 3675 782 3713 generis,
808 3675 897 3715 quod
929 3681 1209 3716 praesupponatur
1239 3676 1403 3707 creationi.

1513 2783 1601 2814 Tum
1626 2783 1702 2823 quia
1726 2783 1758 2813 in
1784 2783 1957 2819 creatione,
1982 2783 2038 2813 ubi
2062 2789 2130 2814 tota
2152 2784 2198 2814 rei
2221 2785 2398 2815 substantia
2413 2784 2534 2825 produ-

1456 2828 1549 2864 citur,
1566 2837 1634 2858 non
1651 2834 1698 2858 est
1713 2827 1836 2868 aliquid
1857 2827 1944 2859 idem
1968 2828 2059 2859 aliter
2082 2838 2116 2859 se
2139 2828 2261 2860 habens
2277 2838 2365 2860 nunc
2382 2835 2414 2860 et
2428 2830 2534 2870 prius:

1456 2873 1533 2913 quia
1561 2872 1642 2903 illud
1672 2878 1755 2903 esset
1785 2873 2070 2914 praesuppositum
2100 2878 2132 2904 et
2161 2882 2229 2904 non
2259 2873 2468 2914 productum.
2498 2874 2533 2905 In

1456 2923 1550 2948 motu
1574 2923 1683 2948 autem
1707 2923 1838 2958 oportet
1869 2927 1938 2948 esse
1968 2917 2091 2958 aliquid
2114 2917 2206 2959 quod
2237 2918 2327 2949 aliter
2356 2928 2390 2949 se
2419 2919 2535 2950 habeat

1456 2972 1544 2994 nunc
1567 2971 1667 3003 quam
1692 2962 1796 3002 prius:
1822 2968 1858 2993 ut
1883 2963 1991 3003 ipsum
2023 2972 2146 2994 nomen
2169 2963 2360 2994 mutationis
2382 2963 2534 2995 ostendit.

1513 3007 1600 3038 Tum
1625 3007 1702 3047 quia
1732 3012 1844 3038 motus
1865 3007 1916 3038 vel
1947 3007 2085 3038 mutatio
2116 3007 2286 3039 duratione
2316 3007 2480 3049 praecedit
2501 3008 2535 3039 id

1457 3052 1547 3092 quod
1571 3051 1622 3083 fit:
1648 3052 1724 3092 quia
1748 3051 1870 3083 factum
1895 3061 1963 3083 esse
1986 3053 2143 3083 terminus
2166 3058 2276 3083 motus
2291 3059 2339 3084 est
2361 3058 2394 3084 et
2416 3053 2534 3094 princi-

1457 3097 1549 3137 pium
1565 3097 1693 3137 quietis,
1715 3096 1802 3128 unde
1825 3097 1922 3128 etiam
1938 3097 2154 3128 mutationem
2169 3106 2304 3128 omnem
2320 3103 2451 3138 oportet
2465 3106 2534 3128 este

1456 3148 1585 3172 motum
1610 3147 1665 3172 aut
1687 3142 1863 3173 terminum
1886 3147 2007 3179 motus,
2023 3142 2080 3183 qui
2096 3147 2144 3173 est
2159 3142 2376 3178 successivus;
2393 3147 2425 3173 et
2443 3141 2533 3182 quod

1458 3186 1493 3217 fit
1508 3196 1576 3218 non
1593 3192 1651 3223 est,
1668 3186 1758 3227 quod
1782 3187 1936 3217 convenit
1950 3187 1996 3217 rei
2012 3186 2157 3227 quandiu
2181 3192 2229 3217 est
2249 3192 2369 3218 motus.
2394 3185 2431 3217 In
2446 3195 2533 3217 crea-

1457 3232 1547 3262 tione
1570 3237 1680 3262 autem
1703 3231 1767 3262 hoc
1791 3241 1860 3262 non
1883 3236 1947 3262 est:
1973 3231 2060 3272 quia,
2084 3231 2110 3262 si
2133 3230 2349 3272 praecederet,
2369 3236 2534 3271 oporteret

1458 3276 1516 3306 sibi
1541 3276 1707 3316 praestitui
1730 3275 1865 3316 aliquod
1888 3276 2082 3307 subiectum.

1514 3321 1550 3352 11.
1576 3320 1671 3352 Circa
1698 3320 1732 3351 id
1759 3320 1850 3361 quod
1881 3319 1997 3352 dicitur
2026 3321 2059 3351 in
2089 3319 2231 3351 secunda
2254 3320 2388 3356 ratione,
2412 3319 2534 3351 scilicet

1459 3365 1549 3406 quod
1573 3370 1718 3396 extrema
1743 3370 1850 3396 motus
1873 3365 1996 3396 cadunt
2017 3365 2051 3395 in
2075 3363 2212 3395 eundem
2236 3363 2397 3400 ordinem,
2422 3363 2533 3395 adver-

1457 3409 1594 3441 tendum
1618 3410 1709 3451 quod
1739 3411 1785 3441 sic
1815 3409 2003 3450 intelligitur
2026 3418 2063 3440 ea
2085 3409 2119 3439 in
2143 3407 2285 3439 eundem
2308 3408 2458 3440 ordinem
2481 3418 2532 3440 ca-

1458 3454 1544 3491 dere,
1561 3455 1637 3495 quia
1652 3455 1685 3486 in
1703 3464 1771 3486 uno
1787 3453 1931 3495 quodam
1946 3453 1987 3484 ad
2003 3452 2094 3494 quod
2109 3452 2258 3484 ordinem
2278 3453 2398 3484 habent
2413 3453 2533 3484 uniun-

1458 3505 1525 3530 tur:
1551 3499 1671 3530 scilicet
1695 3506 1750 3530 aut
1773 3500 1806 3530 in
1830 3508 1899 3530 uno
1921 3507 2049 3539 genere,
2073 3498 2157 3528 sicut
2179 3498 2212 3528 in
2235 3503 2331 3529 motu
2354 3498 2531 3534 contraria;

1458 3550 1513 3575 aut
1529 3544 1561 3574 in
1578 3554 1644 3575 una
1659 3544 1814 3584 potentia,
1838 3549 1875 3574 ut
1897 3543 1930 3574 in
1953 3542 2135 3573 mutatione
2157 3542 2294 3583 privatio
2318 3548 2350 3573 et
2372 3541 2486 3574 forma.

1516 3598 1544 3619 2.
1563 3588 1657 3620 Circa
1677 3589 1803 3619 tertiam
1826 3588 1995 3623 rationem,
2012 3596 2088 3617 cum
2104 3586 2269 3618 dicebatur
2284 3586 2375 3627 quod
2391 3586 2424 3617 in
2441 3596 2532 3618 crea-

1458 3633 1546 3664 tione
1574 3642 1639 3664 non
1670 3638 1717 3664 est
1747 3631 1872 3673 aliquid
1900 3631 1988 3672 quod
2010 3641 2044 3662 se
2066 3631 2183 3662 habeat
2205 3641 2292 3662 nunc
2315 3631 2412 3662 aliter
2434 3641 2531 3672 quam

1454 3678 1559 3717 prius,
1587 3678 1758 3708 dubitatur.
1783 3676 1879 3714 Quia,
1901 3685 1977 3707 cum
2001 3676 2123 3716 aliquid
2153 3675 2193 3707 de
2221 3685 2309 3707 novo
2341 3682 2475 3713 creatur,
2498 3677 2531 3707 id

88 2919 97 2927 ·
112 2917 148 2939 Cf.
167 2917 300 2939 Comment.

88 2950 140 2992 care
166 2950 234 2971 raec.,
249 2944 299 2967 init.

152 2960 300 2994 commem.

90 3003 139 3025 cap
151 3004 198 3024 xix,
214 2999 264 3019 init.
