<?xml version="1.0" encoding="UTF-8"?>
<!DOCTYPE html PUBLIC "-//W3C//DTD XHTML 1.0 Transitional//EN"
    "http://www.w3.org/TR/xhtml1/DTD/xhtml1-transitional.dtd">
<html xmlns="http://www.w3.org/1999/xhtml" xml:lang="en" lang="en">
 <head>
  <title>
</title>
<meta http-equiv="Content-Type" content="text/html;charset=utf-8" />
  <meta name='ocr-system' content='tesseract 3.04.00' />
  <meta name='ocr-capabilities' content='ocr_page ocr_carea ocr_par ocr_line ocrx_word'/>
</head>
<body>
  <div class='ocr_page' id='page_1' title='image "./operaomniaiussui13thom/operaomniaiussui13thom_0240.png"; bbox 0 0 2768 4134; ppageno 0'>
   <div class='ocr_carea' id='block_1_1' title="bbox 60 1691 271 1746">
    <p class='ocr_par' dir='ltr' id='par_1_1' title="bbox 60 1691 271 1746">
     <span class='ocr_line' id='line_1_1' title="bbox 60 1691 271 1723; baseline -0.014 -9"><span class='ocrx_word' id='word_1_1' title='bbox 60 1693 68 1701; x_wconf 90' lang='grc'>·</span> <span class='ocrx_word' id='word_1_2' title='bbox 84 1691 120 1714; x_wconf 79' lang='lat' dir='ltr'>Cf.</span> <span class='ocrx_word' id='word_1_3' title='bbox 138 1692 271 1723; x_wconf 23' lang='lat' dir='ltr'>Cotmment.</span> 
     </span>
     <span class='ocr_line' id='line_1_2' title="bbox 61 1722 195 1746; baseline 0.007 -7"><span class='ocrx_word' id='word_1_4' title='bbox 61 1724 79 1739; x_wconf 88' lang='lat' dir='ltr'>c.</span> <span class='ocrx_word' id='word_1_5' title='bbox 92 1725 129 1746; x_wconf 78' lang='grc' dir='ltr'>ιν,</span> <span class='ocrx_word' id='word_1_6' title='bbox 146 1722 195 1740; x_wconf 75' lang='lat' dir='ltr'>init.</span> 
     </span>
    </p>
   </div>
   <div class='ocr_carea' id='block_1_2' title="bbox 64 3438 173 3511">
    <p class='ocr_par' dir='ltr' id='par_1_2' title="bbox 64 3438 173 3511">
     <span class='ocr_line' id='line_1_3' title="bbox 64 3438 169 3465; baseline 0 -7"><span class='ocrx_word' id='word_1_7' title='bbox 64 3438 72 3446; x_wconf 88' lang='grc'><em>·</em></span> <span class='ocrx_word' id='word_1_8' title='bbox 88 3438 139 3459; x_wconf 54' lang='lat' dir='ltr'>Art⁴</span> <span class='ocrx_word' id='word_1_9' title='bbox 149 3443 169 3465; x_wconf 80' lang='lat'>5.</span> 
     </span>
     <span class='ocr_line' id='line_1_4' title="bbox 66 3485 173 3511; baseline 0.028 -6"><span class='ocrx_word' id='word_1_10' title='bbox 66 3486 72 3493; x_wconf 86' lang='lat'>¹</span> <span class='ocrx_word' id='word_1_11' title='bbox 90 3485 140 3506; x_wconf 80' lang='lat' dir='ltr'>Art.</span> <span class='ocrx_word' id='word_1_12' title='bbox 151 3493 173 3511; x_wconf 73' lang='lat'>⁴·</span> 
     </span>
    </p>
   </div>
   <div class='ocr_carea' id='block_1_3' title="bbox 311 267 1926 315">
    <p class='ocr_par' dir='ltr' id='par_1_3' title="bbox 311 267 1926 315">
     <span class='ocr_line' id='line_1_5' title="bbox 311 267 1926 315; baseline -0.001 -8"><span class='ocrx_word' id='word_1_13' title='bbox 311 279 383 315; x_wconf 73' lang='lat'>155</span> <span class='ocrx_word' id='word_1_14' title='bbox 886 269 1075 307; x_wconf 87' lang='lat' dir='ltr'>SUMMA</span> <span class='ocrx_word' id='word_1_15' title='bbox 1105 268 1327 306; x_wconf 79' lang='lat' dir='ltr'>CONTRA</span> <span class='ocrx_word' id='word_1_16' title='bbox 1357 267 1635 315; x_wconf 80' lang='lat' dir='ltr'>GENTILES,</span> <span class='ocrx_word' id='word_1_17' title='bbox 1666 267 1926 306; x_wconf 59' lang='lat' dir='ltr'>CAPgLvm.</span> 
     </span>
    </p>
   </div>
   <div class='ocr_carea' id='block_1_4' title="bbox 302 346 2513 1153">
    <p class='ocr_par' dir='ltr' id='par_1_4' title="bbox 304 346 2511 666">
     <span class='ocr_line' id='line_1_6' title="bbox 306 346 2509 406; baseline -0.004 -13"><span class='ocrx_word' id='word_1_18' title='bbox 306 357 390 406; x_wconf 89' lang='lat' dir='ltr'>ipso</span> <span class='ocrx_word' id='word_1_19' title='bbox 424 354 615 391; x_wconf 90' lang='lat' dir='ltr'>intellectu</span> <span class='ocrx_word' id='word_1_20' title='bbox 644 350 777 397; x_wconf 88' lang='lat' dir='ltr'>existit,</span> <span class='ocrx_word' id='word_1_21' title='bbox 808 360 889 386; x_wconf 92' lang='lat' dir='ltr'>non</span> <span class='ocrx_word' id='word_1_22' title='bbox 918 347 957 385; x_wconf 93' lang='lat' dir='ltr'>in</span> <span class='ocrx_word' id='word_1_23' title='bbox 986 359 1027 385; x_wconf 88' lang='lat' dir='ltr'>re</span> <span class='ocrx_word' id='word_1_24' title='bbox 1060 359 1162 398; x_wconf 88' lang='lat' dir='ltr'>quae</span> <span class='ocrx_word' id='word_1_25' title='bbox 1191 355 1246 384; x_wconf 91' lang='lat' dir='ltr'>est</span> <span class='ocrx_word' id='word_1_26' title='bbox 1274 354 1380 384; x_wconf 87' lang='lat' dir='ltr'>extra</span> <span class='ocrx_word' id='word_1_27' title='bbox 1489 346 1584 383; x_wconf 92' lang='lat' dir='ltr'>Non</span> <span class='ocrx_word' id='word_1_28' title='bbox 1616 354 1749 384; x_wconf 85' lang='lat' dir='ltr'>autern</span> <span class='ocrx_word' id='word_1_29' title='bbox 1782 355 1942 398; x_wconf 90' lang='lat' dir='ltr'>propter</span> <span class='ocrx_word' id='word_1_30' title='bbox 1976 348 2053 385; x_wconf 92' lang='lat' dir='ltr'>hoc</span> <span class='ocrx_word' id='word_1_31' title='bbox 2088 353 2241 396; x_wconf 88' lang='lat' dir='ltr'>oportet</span> <span class='ocrx_word' id='word_1_32' title='bbox 2276 358 2350 384; x_wconf 91' lang='lat' dir='ltr'>nos</span> <span class='ocrx_word' id='word_1_33' title='bbox 2382 347 2509 385; x_wconf 88' lang='lat' dir='ltr'><strong>dicere</strong></span> 
     </span>
     <span class='ocr_line' id='line_1_7' title="bbox 305 399 2510 453; baseline -0.003 -7"><span class='ocrx_word' id='word_1_34' title='bbox 305 408 488 446; x_wconf 86' lang='lat' dir='ltr'>animam.</span> <span class='ocrx_word' id='word_1_35' title='bbox 519 404 560 443; x_wconf 92' lang='lat' dir='ltr'>Si</span> <span class='ocrx_word' id='word_1_36' title='bbox 597 403 710 453; x_wconf 87' lang='lat' dir='ltr'>igitur</span> <span class='ocrx_word' id='word_1_37' title='bbox 742 403 954 440; x_wconf 90' lang='lat' dir='ltr'>intellectus</span> <span class='ocrx_word' id='word_1_38' title='bbox 990 401 1146 439; x_wconf 87' lang='lat' dir='ltr'>divinus</span> <span class='ocrx_word' id='word_1_39' title='bbox 1181 400 1230 437; x_wconf 93' lang='lat' dir='ltr'>de</span> <span class='ocrx_word' id='word_1_40' title='bbox 1264 399 1380 437; x_wconf 90' lang='lat' dir='ltr'>rebus</span> <span class='ocrx_word' id='word_1_41' title='bbox 1435 400 1544 449; x_wconf 92' lang='lat' dir='ltr'>quod</span> <span class='ocrx_word' id='word_1_42' title='bbox 1564 399 1815 438; x_wconf 82' lang='lat' dir='ltr'>enuntiabilia</span> <span class='ocrx_word' id='word_1_43' title='bbox 1833 401 1994 450; x_wconf 88' lang='lat' dir='ltr'>ignorat.</span> <span class='ocrx_word' id='word_1_44' title='bbox 2010 400 2117 438; x_wconf 89' lang='lat' dir='ltr'>Nam</span> <span class='ocrx_word' id='word_1_45' title='bbox 2132 399 2296 437; x_wconf 89' lang='lat' dir='ltr'>essentia</span> <span class='ocrx_word' id='word_1_46' title='bbox 2315 412 2397 448; x_wconf 90' lang='lat' dir='ltr'>sua,</span> <span class='ocrx_word' id='word_1_47' title='bbox 2417 413 2510 443; x_wconf 90' lang='lat' dir='ltr'>cum</span> 
     </span>
     <span class='ocr_line' id='line_1_8' title="bbox 305 453 2510 509; baseline -0.003 -11"><span class='ocrx_word' id='word_1_48' title='bbox 305 461 446 499; x_wconf 91' lang='lat' dir='ltr'>iudicet</span> <span class='ocrx_word' id='word_1_49' title='bbox 478 470 548 509; x_wconf 89' lang='lat' dir='ltr'>per</span> <span class='ocrx_word' id='word_1_50' title='bbox 584 457 751 495; x_wconf 91' lang='lat' dir='ltr'>modum</span> <span class='ocrx_word' id='word_1_51' title='bbox 790 456 1004 493; x_wconf 91' lang='lat' dir='ltr'>intellectus</span> <span class='ocrx_word' id='word_1_52' title='bbox 1041 453 1315 504; x_wconf 90' lang='lat' dir='ltr'>componentis</span> <span class='ocrx_word' id='word_1_53' title='bbox 1343 460 1380 490; x_wconf 94' lang='lat' dir='ltr'>et</span> <span class='ocrx_word' id='word_1_54' title='bbox 1437 453 1483 490; x_wconf 91' lang='lat' dir='ltr'>sit</span> <span class='ocrx_word' id='word_1_55' title='bbox 1511 465 1591 490; x_wconf 91' lang='lat' dir='ltr'>una</span> <span class='ocrx_word' id='word_1_56' title='bbox 1620 461 1656 490; x_wconf 93' lang='lat' dir='ltr'>et</span> <span class='ocrx_word' id='word_1_57' title='bbox 1684 453 1860 503; x_wconf 87' lang='lat' dir='ltr'>simplex,</span> <span class='ocrx_word' id='word_1_58' title='bbox 1884 456 2083 506; x_wconf 87' lang='lat' dir='ltr'>exemplar</span> <span class='ocrx_word' id='word_1_59' title='bbox 2103 462 2159 491; x_wconf 92' lang='lat' dir='ltr'>est</span> <span class='ocrx_word' id='word_1_60' title='bbox 2178 453 2360 492; x_wconf 90' lang='lat' dir='ltr'>omnium</span> <span class='ocrx_word' id='word_1_61' title='bbox 2381 453 2510 492; x_wconf 89' lang='lat' dir='ltr'>multi-</span> 
     </span>
     <span class='ocr_line' id='line_1_9' title="bbox 304 506 2511 559; baseline -0.003 -8"><span class='ocrx_word' id='word_1_62' title='bbox 304 512 521 559; x_wconf 89' lang='lat' dir='ltr'>dividentis,</span> <span class='ocrx_word' id='word_1_63' title='bbox 542 511 612 549; x_wconf 83' lang='lat' dir='ltr'>erit</span> <span class='ocrx_word' id='word_1_64' title='bbox 631 511 843 548; x_wconf 88' lang='lat' dir='ltr'>intellectus</span> <span class='ocrx_word' id='word_1_65' title='bbox 871 509 954 559; x_wconf 92' lang='lat' dir='ltr'>ipse</span> <span class='ocrx_word' id='word_1_66' title='bbox 983 507 1236 558; x_wconf 78' lang='lat' dir='ltr'>compositus,</span> <span class='ocrx_word' id='word_1_67' title='bbox 1258 507 1379 554; x_wconf 92' lang='lat' dir='ltr'>Quod</span> <span class='ocrx_word' id='word_1_68' title='bbox 1435 506 1596 556; x_wconf 90' lang='lat' dir='ltr'>plicium</span> <span class='ocrx_word' id='word_1_69' title='bbox 1617 515 1653 545; x_wconf 92' lang='lat' dir='ltr'>et</span> <span class='ocrx_word' id='word_1_70' title='bbox 1672 508 1996 557; x_wconf 90' lang='lat' dir='ltr'>compositorum.</span> <span class='ocrx_word' id='word_1_71' title='bbox 2019 509 2069 546; x_wconf 89' lang='lat' dir='ltr'>Et</span> <span class='ocrx_word' id='word_1_72' title='bbox 2093 507 2146 545; x_wconf 87' lang='lat' dir='ltr'>sic</span> <span class='ocrx_word' id='word_1_73' title='bbox 2165 519 2236 558; x_wconf 90' lang='lat' dir='ltr'>per</span> <span class='ocrx_word' id='word_1_74' title='bbox 2257 507 2383 557; x_wconf 85' lang='lat' dir='ltr'>ipsam</span> <span class='ocrx_word' id='word_1_75' title='bbox 2402 508 2511 546; x_wconf 90' lang='lat' dir='ltr'>Deus</span> 
     </span>
     <span class='ocr_line' id='line_1_10' title="bbox 304 560 2511 616; baseline -0.002 -12"><span class='ocrx_word' id='word_1_76' title='bbox 304 576 360 604; x_wconf 88' lang='lat' dir='ltr'>est</span> <span class='ocrx_word' id='word_1_77' title='bbox 387 565 637 616; x_wconf 90' lang='lat' dir='ltr'>impossibile,</span> <span class='ocrx_word' id='word_1_78' title='bbox 667 572 710 602; x_wconf 93' lang='lat' dir='ltr'>ut</span> <span class='ocrx_word' id='word_1_79' title='bbox 737 576 784 601; x_wconf 91' lang='lat' dir='ltr'>ex</span> <span class='ocrx_word' id='word_1_80' title='bbox 813 575 931 613; x_wconf 89' lang='lat' dir='ltr'>supra</span> <span class='ocrx_word' id='word_1_81' title='bbox 945 562 966 584; x_wconf 73' lang='lat'>&#39;¹‘</span> <span class='ocrx_word' id='word_1_82' title='bbox 993 561 1102 600; x_wconf 90' lang='lat' dir='ltr'>dictis</span> <span class='ocrx_word' id='word_1_83' title='bbox 1130 569 1244 611; x_wconf 89' lang='lat' dir='ltr'>patet.</span> <span class='ocrx_word' id='word_1_84' title='bbox 1403 573 1411 593; x_wconf 74' lang='grc' dir='ltr'>ς</span> <span class='ocrx_word' id='word_1_85' title='bbox 1435 572 1597 598; x_wconf 91' lang='lat' dir='ltr'>omnem</span> <span class='ocrx_word' id='word_1_86' title='bbox 1622 560 1912 600; x_wconf 88' lang='lat' dir='ltr'>multitudinem</span> <span class='ocrx_word' id='word_1_87' title='bbox 1931 570 1968 600; x_wconf 89' lang='lat' dir='ltr'>et</span> <span class='ocrx_word' id='word_1_88' title='bbox 1987 561 2315 612; x_wconf 90' lang='lat' dir='ltr'>compositionem</span> <span class='ocrx_word' id='word_1_89' title='bbox 2338 569 2420 599; x_wconf 87' lang='lat' dir='ltr'>tam</span> <span class='ocrx_word' id='word_1_90' title='bbox 2443 573 2511 599; x_wconf 89' lang='lat' dir='ltr'>na—</span> 
     </span>
     <span class='ocr_line' id='line_1_11' title="bbox 357 611 2121 666; baseline -0.002 -9"><span class='ocrx_word' id='word_1_91' title='bbox 357 621 462 657; x_wconf 89' lang='lat' dir='ltr'>Item.</span> <span class='ocrx_word' id='word_1_92' title='bbox 506 620 721 656; x_wconf 90' lang='lat' dir='ltr'>Intellectus</span> <span class='ocrx_word' id='word_1_93' title='bbox 758 627 1003 666; x_wconf 90' lang='lat' dir='ltr'>componens</span> <span class='ocrx_word' id='word_1_94' title='bbox 1040 623 1076 652; x_wconf 92' lang='lat' dir='ltr'>et</span> <span class='ocrx_word' id='word_1_95' title='bbox 1109 614 1287 651; x_wconf 91' lang='lat' dir='ltr'>dividens</span> <span class='ocrx_word' id='word_1_96' title='bbox 1324 611 1379 650; x_wconf 90' lang='lat' dir='ltr'>di·</span> <span class='ocrx_word' id='word_1_97' title='bbox 1437 622 1547 651; x_wconf 89' lang='lat' dir='ltr'>turae</span> <span class='ocrx_word' id='word_1_98' title='bbox 1576 626 1698 664; x_wconf 91' lang='lat' dir='ltr'>quam</span> <span class='ocrx_word' id='word_1_99' title='bbox 1727 613 1885 652; x_wconf 88' lang='lat' dir='ltr'>rationis</span> <span class='ocrx_word' id='word_1_100' title='bbox 1912 615 2121 665; x_wconf 87' lang='lat' dir='ltr'>cognoscit.</span> 
     </span>
    </p>

    <p class='ocr_par' dir='ltr' id='par_1_5' title="bbox 302 667 2512 992">
     <span class='ocr_line' id='line_1_12' title="bbox 304 667 2510 723; baseline -0.002 -12"><span class='ocrx_word' id='word_1_101' title='bbox 304 673 423 711; x_wconf 88' lang='lat' dir='ltr'>versis</span> <span class='ocrx_word' id='word_1_102' title='bbox 445 671 795 723; x_wconf 89' lang='lat' dir='ltr'>compositionibus</span> <span class='ocrx_word' id='word_1_103' title='bbox 817 670 970 708; x_wconf 88' lang='lat' dir='ltr'>diversa</span> <span class='ocrx_word' id='word_1_104' title='bbox 988 668 1186 706; x_wconf 88' lang='lat' dir='ltr'>diiudicat:</span> <span class='ocrx_word' id='word_1_105' title='bbox 1217 679 1379 716; x_wconf 91' lang='lat' dir='ltr'>compo·</span> <span class='ocrx_word' id='word_1_106' title='bbox 1489 667 1560 705; x_wconf 91' lang='lat' dir='ltr'>His</span> <span class='ocrx_word' id='word_1_107' title='bbox 1589 675 1720 706; x_wconf 90' lang='lat' dir='ltr'>autem</span> <span class='ocrx_word' id='word_1_108' title='bbox 1751 668 1891 706; x_wconf 90' lang='lat' dir='ltr'>Sacrae</span> <span class='ocrx_word' id='word_1_109' title='bbox 1926 669 2147 720; x_wconf 89' lang='lat' dir='ltr'>Scripturae</span> <span class='ocrx_word' id='word_1_110' title='bbox 2183 668 2390 707; x_wconf 86' lang='lat' dir='ltr'>auctoritas</span> <span class='ocrx_word' id='word_1_111' title='bbox 2417 679 2510 706; x_wconf 93' lang='lat' dir='ltr'>con-</span> 
     </span>
     <span class='ocr_line' id='line_1_13' title="bbox 304 720 2511 774; baseline -0.002 -9"><span class='ocrx_word' id='word_1_112' title='bbox 304 727 388 765; x_wconf 91' lang='lat' dir='ltr'>sitio</span> <span class='ocrx_word' id='word_1_113' title='bbox 409 726 515 764; x_wconf 90' lang='lat' dir='ltr'>enim</span> <span class='ocrx_word' id='word_1_114' title='bbox 534 725 747 763; x_wconf 89' lang='lat' dir='ltr'>intellectus</span> <span class='ocrx_word' id='word_1_115' title='bbox 770 722 1064 773; x_wconf 87' lang='lat' dir='ltr'>compositionis</span> <span class='ocrx_word' id='word_1_116' title='bbox 1091 721 1278 759; x_wconf 91' lang='lat' dir='ltr'>terminos</span> <span class='ocrx_word' id='word_1_117' title='bbox 1297 732 1379 758; x_wconf 92' lang='lat' dir='ltr'>non</span> <span class='ocrx_word' id='word_1_118' title='bbox 1435 729 1556 759; x_wconf 90' lang='lat' dir='ltr'>sonat.</span> <span class='ocrx_word' id='word_1_119' title='bbox 1586 721 1737 759; x_wconf 88' lang='lat' dir='ltr'>Dicitur</span> <span class='ocrx_word' id='word_1_120' title='bbox 1764 721 1872 760; x_wconf 90' lang='lat' dir='ltr'>enim</span> <span class='ocrx_word' id='word_1_121' title='bbox 1898 723 2025 761; x_wconf 85' lang='lat' dir='ltr'>Isaiae</span> <span class='ocrx_word' id='word_1_122' title='bbox 2049 720 2139 761; x_wconf 76' lang='lat' dir='ltr'><strong>Lv⁸:</strong></span> <span class='ocrx_word' id='word_1_123' title='bbox 2160 724 2252 761; x_wconf 90' lang='lat' dir='ltr'>Non</span> <span class='ocrx_word' id='word_1_124' title='bbox 2278 724 2378 760; x_wconf 88' lang='lat' dir='ltr'>enim</span> <span class='ocrx_word' id='word_1_125' title='bbox 2407 725 2511 774; x_wconf 81' lang='lat' dir='ltr'>cogi-</span> 
     </span>
     <span class='ocr_line' id='line_1_14' title="bbox 303 773 2512 829; baseline -0.003 -10"><span class='ocrx_word' id='word_1_126' title='bbox 303 781 468 826; x_wconf 88' lang='lat' dir='ltr'>excedit;</span> <span class='ocrx_word' id='word_1_127' title='bbox 498 780 604 817; x_wconf 91' lang='lat' dir='ltr'>unde</span> <span class='ocrx_word' id='word_1_128' title='bbox 624 777 907 829; x_wconf 90' lang='lat' dir='ltr'>compositione</span> <span class='ocrx_word' id='word_1_129' title='bbox 936 789 1015 826; x_wconf 91' lang='lat' dir='ltr'>qua</span> <span class='ocrx_word' id='word_1_130' title='bbox 1038 776 1252 814; x_wconf 89' lang='lat' dir='ltr'>intellectus</span> <span class='ocrx_word' id='word_1_131' title='bbox 1279 773 1378 811; x_wconf 88' lang='lat' dir='ltr'>diiu—</span> <span class='ocrx_word' id='word_1_132' title='bbox 1433 777 1589 814; x_wconf 87' lang='lat' dir='ltr'>tationes</span> <span class='ocrx_word' id='word_1_133' title='bbox 1623 787 1730 813; x_wconf 89' lang='lat' dir='ltr'>meae</span> <span class='ocrx_word' id='word_1_134' title='bbox 1762 777 2006 827; x_wconf 82' lang='lat' dir='ltr'>cogitationes</span> <span class='ocrx_word' id='word_1_135' title='bbox 2042 783 2196 814; x_wconf 82' lang='lat' dir='ltr'>vestrae.</span> <span class='ocrx_word' id='word_1_136' title='bbox 2230 778 2279 815; x_wconf 94' lang='lat' dir='ltr'>Et</span> <span class='ocrx_word' id='word_1_137' title='bbox 2310 786 2443 818; x_wconf 87' lang='lat' dir='ltr'>tamen</span> <span class='ocrx_word' id='word_1_138' title='bbox 2471 776 2512 814; x_wconf 92' lang='lat' dir='ltr'>in</span> 
     </span>
     <span class='ocr_line' id='line_1_15' title="bbox 303 828 2512 881; baseline -0.001 -9"><span class='ocrx_word' id='word_1_139' title='bbox 303 834 403 872; x_wconf 90' lang='lat' dir='ltr'>dicat</span> <span class='ocrx_word' id='word_1_140' title='bbox 429 834 633 871; x_wconf 90' lang='lat' dir='ltr'>hominem</span> <span class='ocrx_word' id='word_1_141' title='bbox 660 844 743 870; x_wconf 91' lang='lat' dir='ltr'>esse</span> <span class='ocrx_word' id='word_1_142' title='bbox 770 831 925 878; x_wconf 86' lang='lat' dir='ltr'>animal,</span> <span class='ocrx_word' id='word_1_143' title='bbox 950 842 1031 867; x_wconf 91' lang='lat' dir='ltr'>non</span> <span class='ocrx_word' id='word_1_144' title='bbox 1051 828 1235 867; x_wconf 91' lang='lat' dir='ltr'>diiudicat</span> <span class='ocrx_word' id='word_1_145' title='bbox 1262 828 1378 866; x_wconf 85' lang='lat' dir='ltr'>trian-</span> <span class='ocrx_word' id='word_1_146' title='bbox 1394 846 1420 861; x_wconf 84' lang='grc' dir='ltr'>ιο</span> <span class='ocrx_word' id='word_1_147' title='bbox 1433 830 1591 867; x_wconf 81' lang='lat' dir='ltr'>Psalmo</span> <span class='ocrx_word' id='word_1_148' title='bbox 1605 829 1626 851; x_wconf 86' lang='grc'>*</span> <span class='ocrx_word' id='word_1_149' title='bbox 1653 829 1812 867; x_wconf 89' lang='lat' dir='ltr'>dicitur:</span> <span class='ocrx_word' id='word_1_150' title='bbox 1834 831 2020 867; x_wconf 88' lang='lat' dir='ltr'>Dominus</span> <span class='ocrx_word' id='word_1_151' title='bbox 2037 831 2105 867; x_wconf 82' lang='lat' dir='ltr'>scit</span> <span class='ocrx_word' id='word_1_152' title='bbox 2121 832 2366 881; x_wconf 83' lang='lat' dir='ltr'>cogitationes</span> <span class='ocrx_word' id='word_1_153' title='bbox 2393 832 2512 869; x_wconf 89' lang='lat' dir='ltr'>homi-</span> 
     </span>
     <span class='ocr_line' id='line_1_16' title="bbox 302 881 2512 937; baseline -0.002 -11"><span class='ocrx_word' id='word_1_154' title='bbox 302 891 439 937; x_wconf 87' lang='lat' dir='ltr'>gulum</span> <span class='ocrx_word' id='word_1_155' title='bbox 459 900 542 925; x_wconf 87' lang='lat' dir='ltr'>esse</span> <span class='ocrx_word' id='word_1_156' title='bbox 556 887 735 936; x_wconf 87' lang='lat' dir='ltr'>figuram.</span> <span class='ocrx_word' id='word_1_157' title='bbox 753 884 997 934; x_wconf 89' lang='lat' dir='ltr'>Compositio</span> <span class='ocrx_word' id='word_1_158' title='bbox 1013 891 1144 921; x_wconf 89' lang='lat' dir='ltr'>autem</span> <span class='ocrx_word' id='word_1_159' title='bbox 1160 884 1223 920; x_wconf 92' lang='lat' dir='ltr'>vel</span> <span class='ocrx_word' id='word_1_160' title='bbox 1237 881 1378 920; x_wconf 90' lang='lat' dir='ltr'>divisio</span> <span class='ocrx_word' id='word_1_161' title='bbox 1435 896 1538 930; x_wconf 86' lang='lat' dir='ltr'>num,</span> <span class='ocrx_word' id='word_1_162' title='bbox 1569 895 1668 934; x_wconf 88' lang='lat' dir='ltr'>quas</span> <span class='ocrx_word' id='word_1_163' title='bbox 1703 891 1853 921; x_wconf 90' lang='lat' dir='ltr'>constat</span> <span class='ocrx_word' id='word_1_164' title='bbox 1887 895 1959 934; x_wconf 89' lang='lat' dir='ltr'>per</span> <span class='ocrx_word' id='word_1_165' title='bbox 1992 883 2322 933; x_wconf 89' lang='lat' dir='ltr'>compositionem</span> <span class='ocrx_word' id='word_1_166' title='bbox 2350 892 2387 923; x_wconf 94' lang='lat' dir='ltr'>et</span> <span class='ocrx_word' id='word_1_167' title='bbox 2414 884 2512 923; x_wconf 93' lang='lat' dir='ltr'>divi-</span> 
     </span>
     <span class='ocr_line' id='line_1_17' title="bbox 303 936 2079 992; baseline -0.003 -12"><span class='ocrx_word' id='word_1_168' title='bbox 303 942 476 992; x_wconf 90' lang='lat' dir='ltr'>operatio</span> <span class='ocrx_word' id='word_1_169' title='bbox 502 941 698 991; x_wconf 89' lang='lat' dir='ltr'>quaedam</span> <span class='ocrx_word' id='word_1_170' title='bbox 727 939 938 977; x_wconf 89' lang='lat' dir='ltr'>intellectus</span> <span class='ocrx_word' id='word_1_171' title='bbox 962 945 1028 975; x_wconf 89' lang='lat' dir='ltr'>est.</span> <span class='ocrx_word' id='word_1_172' title='bbox 1060 936 1099 975; x_wconf 90' lang='lat' dir='ltr'>Si</span> <span class='ocrx_word' id='word_1_173' title='bbox 1128 937 1242 986; x_wconf 91' lang='lat' dir='ltr'>igitur</span> <span class='ocrx_word' id='word_1_174' title='bbox 1269 937 1378 974; x_wconf 91' lang='lat' dir='ltr'>Deus</span> <span class='ocrx_word' id='word_1_175' title='bbox 1434 937 1586 975; x_wconf 89' lang='lat' dir='ltr'>sionem</span> <span class='ocrx_word' id='word_1_176' title='bbox 1616 937 1829 975; x_wconf 91' lang='lat' dir='ltr'>intellectus</span> <span class='ocrx_word' id='word_1_177' title='bbox 1854 937 2079 987; x_wconf 88' lang='lat' dir='ltr'>procedere.</span> 
     </span>
    </p>

    <p class='ocr_par' dir='ltr' id='par_1_6' title="bbox 303 990 2513 1153">
     <span class='ocr_line' id='line_1_18' title="bbox 304 990 2510 1044; baseline -0.002 -10"><span class='ocrx_word' id='word_1_178' title='bbox 304 1008 363 1034; x_wconf 88' lang='lat' dir='ltr'>res</span> <span class='ocrx_word' id='word_1_179' title='bbox 378 995 595 1034; x_wconf 89' lang='lat' dir='ltr'>considerat</span> <span class='ocrx_word' id='word_1_180' title='bbox 608 992 886 1044; x_wconf 91' lang='lat' dir='ltr'>componendo</span> <span class='ocrx_word' id='word_1_181' title='bbox 902 1000 938 1029; x_wconf 90' lang='lat' dir='ltr'>et</span> <span class='ocrx_word' id='word_1_182' title='bbox 952 991 1177 1038; x_wconf 92' lang='lat' dir='ltr'>dividendo,</span> <span class='ocrx_word' id='word_1_183' title='bbox 1193 998 1379 1041; x_wconf 87' lang='lat' dir='ltr'>sequetur</span> <span class='ocrx_word' id='word_1_184' title='bbox 1487 990 1701 1042; x_wconf 90' lang='lat' dir='ltr'>Dionysius</span> <span class='ocrx_word' id='word_1_185' title='bbox 1722 991 1838 1030; x_wconf 82' lang='lat' dir='ltr'>etiam</span> <span class='ocrx_word' id='word_1_186' title='bbox 1857 991 1960 1039; x_wconf 89' lang='lat' dir='ltr'>dicit,</span> <span class='ocrx_word' id='word_1_187' title='bbox 1980 1003 2027 1029; x_wconf 88' lang='lat' dir='ltr'>v11</span> <span class='ocrx_word' id='word_1_188' title='bbox 2046 1003 2130 1041; x_wconf 91' lang='lat' dir='ltr'>cap.</span> <span class='ocrx_word' id='word_1_189' title='bbox 2161 991 2207 1029; x_wconf 81' lang='lat' dir='ltr'>de</span> <span class='ocrx_word' id='word_1_190' title='bbox 2234 992 2320 1029; x_wconf 85' lang='lat' dir='ltr'>Div.</span> <span class='ocrx_word' id='word_1_191' title='bbox 2341 992 2458 1030; x_wconf 89' lang='lat' dir='ltr'>Nom.</span> <span class='ocrx_word' id='word_1_192' title='bbox 2473 992 2510 1030; x_wconf 76' lang='lat' dir='ltr'>*x</span> 
     </span>
     <span class='ocr_line' id='line_1_19' title="bbox 303 1045 2512 1099; baseline -0.002 -12"><span class='ocrx_word' id='word_1_193' title='bbox 303 1050 410 1099; x_wconf 93' lang='lat' dir='ltr'>quod</span> <span class='ocrx_word' id='word_1_194' title='bbox 431 1061 548 1087; x_wconf 89' lang='lat' dir='ltr'>suum</span> <span class='ocrx_word' id='word_1_195' title='bbox 568 1048 775 1097; x_wconf 88' lang='lat' dir='ltr'>intelligere</span> <span class='ocrx_word' id='word_1_196' title='bbox 802 1059 882 1084; x_wconf 89' lang='lat' dir='ltr'>non</span> <span class='ocrx_word' id='word_1_197' title='bbox 909 1046 956 1084; x_wconf 89' lang='lat' dir='ltr'>sit</span> <span class='ocrx_word' id='word_1_198' title='bbox 980 1058 1107 1083; x_wconf 91' lang='lat' dir='ltr'>unum</span> <span class='ocrx_word' id='word_1_199' title='bbox 1131 1053 1285 1083; x_wconf 90' lang='lat' dir='ltr'>tantum</span> <span class='ocrx_word' id='word_1_200' title='bbox 1309 1045 1377 1083; x_wconf 88' lang='lat' dir='ltr'>sed</span> <span class='ocrx_word' id='word_1_201' title='bbox 1433 1047 1559 1096; x_wconf 84' lang='lat' dir='ltr'>Igitur</span> <span class='ocrx_word' id='word_1_202' title='bbox 1572 1046 1699 1083; x_wconf 83' lang='lat' dir='ltr'>divina</span> <span class='ocrx_word' id='word_1_203' title='bbox 1717 1047 1912 1096; x_wconf 79' lang='lat' dir='ltr'>sapientia,</span> <span class='ocrx_word' id='word_1_204' title='bbox 1926 1047 2088 1096; x_wconf 85' lang='lat' dir='ltr'>seipsam</span> <span class='ocrx_word' id='word_1_205' title='bbox 2107 1057 2351 1096; x_wconf 74' lang='lat' dir='ltr'>cognoscem,</span> <span class='ocrx_word' id='word_1_206' title='bbox 2371 1057 2512 1096; x_wconf 83' lang='lat' dir='ltr'>cogno-</span> 
     </span>
     <span class='ocr_line' id='line_1_20' title="bbox 303 1099 2513 1153; baseline -0.002 -12"><span class='ocrx_word' id='word_1_207' title='bbox 303 1103 514 1153; x_wconf 86' lang='lat' dir='ltr'>multiplex.</span> <span class='ocrx_word' id='word_1_208' title='bbox 537 1103 585 1140; x_wconf 90' lang='lat' dir='ltr'>Et</span> <span class='ocrx_word' id='word_1_209' title='bbox 605 1103 658 1140; x_wconf 90' lang='lat' dir='ltr'>sic</span> <span class='ocrx_word' id='word_1_210' title='bbox 684 1101 799 1139; x_wconf 87' lang='lat' dir='ltr'>etiarn</span> <span class='ocrx_word' id='word_1_211' title='bbox 827 1112 897 1137; x_wconf 88' lang='lat' dir='ltr'>sua</span> <span class='ocrx_word' id='word_1_212' title='bbox 922 1099 1087 1137; x_wconf 86' lang='lat' dir='ltr'>essentia</span> <span class='ocrx_word' id='word_1_213' title='bbox 1106 1111 1187 1137; x_wconf 92' lang='lat' dir='ltr'>non</span> <span class='ocrx_word' id='word_1_214' title='bbox 1208 1099 1279 1137; x_wconf 90' lang='lat' dir='ltr'>erit</span> <span class='ocrx_word' id='word_1_215' title='bbox 1297 1111 1378 1137; x_wconf 90' lang='lat' dir='ltr'>una</span> <span class='ocrx_word' id='word_1_216' title='bbox 1393 1116 1416 1137; x_wconf 80' lang='grc' dir='ltr'>ις</span> <span class='ocrx_word' id='word_1_217' title='bbox 1431 1101 1499 1136; x_wconf 85' lang='lat' dir='ltr'>scit</span> <span class='ocrx_word' id='word_1_218' title='bbox 1517 1101 1658 1145; x_wconf 88' lang='lat' dir='ltr'>omnia,</span> <span class='ocrx_word' id='word_1_219' title='bbox 1686 1106 1720 1137; x_wconf 86' lang='lat' dir='ltr'>et</span> <span class='ocrx_word' id='word_1_220' title='bbox 1742 1100 1955 1137; x_wconf 82' lang='lat' dir='ltr'>materialia</span> <span class='ocrx_word' id='word_1_221' title='bbox 1981 1100 2290 1146; x_wconf 84' lang='lat' dir='ltr'>immaterialiter,</span> <span class='ocrx_word' id='word_1_222' title='bbox 2320 1105 2354 1136; x_wconf 86' lang='lat' dir='ltr'>et</span> <span class='ocrx_word' id='word_1_223' title='bbox 2382 1099 2513 1137; x_wconf 81' lang='lat' dir='ltr'>indivi-</span> 
     </span>
    </p>
   </div>
   <div class='ocr_carea' id='block_1_5' title="bbox 302 1153 1376 1260">
    <p class='ocr_par' dir='ltr' id='par_1_7' title="bbox 302 1153 1376 1260">
     <span class='ocr_line' id='line_1_21' title="bbox 302 1153 1376 1205; baseline -0.003 -11"><span class='ocrx_word' id='word_1_224' title='bbox 302 1165 471 1194; x_wconf 88' lang='lat' dir='ltr'>tantum:</span> <span class='ocrx_word' id='word_1_225' title='bbox 502 1168 594 1194; x_wconf 91' lang='lat' dir='ltr'>cum</span> <span class='ocrx_word' id='word_1_226' title='bbox 623 1168 693 1193; x_wconf 85' lang='lat' dir='ltr'>sua</span> <span class='ocrx_word' id='word_1_227' title='bbox 716 1153 903 1205; x_wconf 67' lang='lat' dir='ltr'>,operatio</span> <span class='ocrx_word' id='word_1_228' title='bbox 939 1153 1202 1192; x_wconf 90' lang='lat' dir='ltr'>intellectualis</span> <span class='ocrx_word' id='word_1_229' title='bbox 1230 1153 1277 1191; x_wconf 91' lang='lat' dir='ltr'>sit</span> <span class='ocrx_word' id='word_1_230' title='bbox 1305 1165 1376 1191; x_wconf 92' lang='lat' dir='ltr'>sua</span> 
     </span>
     <span class='ocr_line' id='line_1_22' title="bbox 302 1209 1051 1260; baseline -0.004 -12"><span class='ocrx_word' id='word_1_231' title='bbox 302 1210 474 1258; x_wconf 88' lang='lat' dir='ltr'>essentia,</span> <span class='ocrx_word' id='word_1_232' title='bbox 504 1219 547 1247; x_wconf 92' lang='lat' dir='ltr'>ut</span> <span class='ocrx_word' id='word_1_233' title='bbox 575 1209 726 1260; x_wconf 66' lang='lat' dir='ltr'>supra²³e</span> <span class='ocrx_word' id='word_1_234' title='bbox 754 1217 955 1247; x_wconf 88' lang='lat' dir='ltr'>ostensum</span> <span class='ocrx_word' id='word_1_235' title='bbox 985 1216 1051 1245; x_wconf 89' lang='lat' dir='ltr'>est.</span> 
     </span>
    </p>
   </div>
   <div class='ocr_carea' id='block_1_6' title="bbox 303 1321 1233 1428">
    <p class='ocr_par' dir='ltr' id='par_1_8' title="bbox 303 1321 1233 1428">
     <span class='ocr_line' id='line_1_23' title="bbox 356 1321 1121 1356; baseline -0.003 -8"><span class='ocrx_word' id='word_1_236' title='bbox 356 1330 365 1348; x_wconf 86' lang='grc' dir='ltr'>ι</span> <span class='ocrx_word' id='word_1_237' title='bbox 389 1329 430 1348; x_wconf 87' lang='lat' dir='ltr'>est</span> <span class='ocrx_word' id='word_1_238' title='bbox 444 1327 510 1356; x_wconf 79' lang='lat' dir='ltr'>post</span> <span class='ocrx_word' id='word_1_239' title='bbox 527 1322 642 1348; x_wconf 76' lang='lat' dir='ltr'>animam</span> <span class='ocrx_word' id='word_1_240' title='bbox 661 1322 724 1347; x_wconf 79' lang='lat' dir='ltr'>nPc.</span> <span class='ocrx_word' id='word_1_241' title='bbox 816 1321 830 1347; x_wconf 90' lang='grc'>3</span> <span class='ocrx_word' id='word_1_242' title='bbox 850 1321 946 1347; x_wconf 87' lang='lat' dir='ltr'>iudicet</span> <span class='ocrx_word' id='word_1_243' title='bbox 963 1322 996 1352; x_wconf 85' lang='grc' dir='ltr'>Ζ;</span> <span class='ocrx_word' id='word_1_244' title='bbox 1016 1321 1121 1347; x_wconf 83' lang='lat' dir='ltr'>iudicat.</span> 
     </span>
     <span class='ocr_line' id='line_1_24' title="bbox 303 1357 1117 1393; baseline 0.001 -10"><span class='ocrx_word' id='word_1_245' title='bbox 303 1358 492 1393; x_wconf 82' lang='lat' dir='ltr'>compositione</span> <span class='ocrx_word' id='word_1_246' title='bbox 511 1359 540 1385; x_wconf 87' lang='lat' dir='ltr'>Z.</span> <span class='ocrx_word' id='word_1_247' title='bbox 632 1365 664 1384; x_wconf 83' lang='lat'>¹2</span> <span class='ocrx_word' id='word_1_248' title='bbox 686 1358 833 1384; x_wconf 87' lang='lat' dir='ltr'>intellectus</span> <span class='ocrx_word' id='word_1_249' title='bbox 851 1358 894 1384; x_wconf 85' lang='lat' dir='ltr'>hic</span> <span class='ocrx_word' id='word_1_250' title='bbox 913 1357 970 1388; x_wconf 90' lang='lat' dir='ltr'>DZ;</span> <span class='ocrx_word' id='word_1_251' title='bbox 984 1361 1050 1391; x_wconf 79' lang='lat' dir='ltr'>post</span> <span class='ocrx_word' id='word_1_252' title='bbox 1069 1363 1117 1384; x_wconf 87' lang='lat' dir='ltr'>est.</span> 
     </span>
     <span class='ocr_line' id='line_1_25' title="bbox 358 1393 1233 1428; baseline -0.003 -7"><span class='ocrx_word' id='word_1_253' title='bbox 358 1395 371 1421; x_wconf 88' lang='grc'>5</span> <span class='ocrx_word' id='word_1_254' title='bbox 390 1395 509 1428; x_wconf 89' lang='lat' dir='ltr'>omnem]</span> <span class='ocrx_word' id='word_1_255' title='bbox 529 1395 636 1428; x_wconf 85' lang='lat' dir='ltr'>quando</span> <span class='ocrx_word' id='word_1_256' title='bbox 654 1394 687 1426; x_wconf 81' lang='lat' dir='ltr'>Y,</span> <span class='ocrx_word' id='word_1_257' title='bbox 706 1394 826 1420; x_wconf 88' lang='lat' dir='ltr'>omnium</span> <span class='ocrx_word' id='word_1_258' title='bbox 844 1394 873 1419; x_wconf 88' lang='lat' dir='ltr'>P.</span> <span class='ocrx_word' id='word_1_259' title='bbox 964 1393 981 1419; x_wconf 90' lang='lat'>8</span> <span class='ocrx_word' id='word_1_260' title='bbox 1000 1393 1079 1427; x_wconf 88' lang='lat' dir='ltr'>enim]</span> <span class='ocrx_word' id='word_1_261' title='bbox 1100 1399 1187 1419; x_wconf 86' lang='lat' dir='ltr'>autem</span> <span class='ocrx_word' id='word_1_262' title='bbox 1207 1401 1233 1419; x_wconf 79' lang='grc' dir='ltr'>α.</span> 
     </span>
    </p>
   </div>
   <div class='ocr_carea' id='block_1_7' title="bbox 1432 1154 2208 1200">
    <p class='ocr_par' dir='ltr' id='par_1_9' title="bbox 1432 1154 2208 1200">
     <span class='ocr_line' id='line_1_26' title="bbox 1432 1154 2208 1200; baseline 0.001 -10"><span class='ocrx_word' id='word_1_263' title='bbox 1432 1154 1585 1191; x_wconf 83' lang='lat' dir='ltr'>sibiliter</span> <span class='ocrx_word' id='word_1_264' title='bbox 1611 1154 1820 1200; x_wconf 84' lang='lat' dir='ltr'>divisibilia,</span> <span class='ocrx_word' id='word_1_265' title='bbox 1850 1159 1884 1191; x_wconf 83' lang='lat' dir='ltr'>et</span> <span class='ocrx_word' id='word_1_266' title='bbox 1912 1154 2030 1191; x_wconf 83' lang='lat' dir='ltr'>multa</span> <span class='ocrx_word' id='word_1_267' title='bbox 2059 1155 2208 1192; x_wconf 82' lang='lat' dir='ltr'>unitive.</span> 
     </span>
    </p>
   </div>
   <div class='ocr_carea' id='block_1_8' title="bbox 1210 1320 2516 1426">
    <p class='ocr_par' dir='ltr' id='par_1_10' title="bbox 1210 1320 2516 1426">
     <span class='ocr_line' id='line_1_27' title="bbox 1211 1320 2516 1357; baseline 0.002 -11"><span class='ocrx_word' id='word_1_268' title='bbox 1211 1329 1229 1356; x_wconf 86' lang='lat'><em>9</em></span> <span class='ocrx_word' id='word_1_269' title='bbox 1249 1322 1318 1347; x_wconf 82' lang='lat' dir='ltr'>unde</span> <span class='ocrx_word' id='word_1_270' title='bbox 1338 1321 1529 1354; x_wconf 69' lang='lat' dir='ltr'>compositione</span> <span class='ocrx_word' id='word_1_271' title='bbox 1548 1320 1632 1355; x_wconf 83' lang='lat' dir='ltr'>(inter</span> <span class='ocrx_word' id='word_1_272' title='bbox 1643 1321 1715 1347; x_wconf 84' lang='lat' dir='ltr'>unde</span> <span class='ocrx_word' id='word_1_273' title='bbox 1725 1324 1753 1347; x_wconf 74' lang='lat' dir='ltr'>cr</span> <span class='ocrx_word' id='word_1_274' title='bbox 1765 1322 1957 1355; x_wconf 70' lang='lat' dir='ltr'>compositione</span> <span class='ocrx_word' id='word_1_275' title='bbox 1969 1322 2075 1348; x_wconf 76' lang='lat' dir='ltr'>deletur</span> <span class='ocrx_word' id='word_1_276' title='bbox 2086 1329 2140 1347; x_wconf 88' lang='lat' dir='ltr'>non</span> <span class='ocrx_word' id='word_1_277' title='bbox 2153 1320 2268 1357; x_wconf 65' lang='lat' dir='ltr'>eaden-in</span> <span class='ocrx_word' id='word_1_278' title='bbox 2289 1322 2359 1347; x_wconf 85' lang='lat' dir='ltr'>unde</span> <span class='ocrx_word' id='word_1_279' title='bbox 2377 1322 2404 1347; x_wconf 88' lang='lat' dir='ltr'>in</span> <span class='ocrx_word' id='word_1_280' title='bbox 2421 1322 2516 1348; x_wconf 65' lang='lat' dir='ltr'>adem</span> 
     </span>
     <span class='ocr_line' id='line_1_28' title="bbox 1210 1357 1681 1390; baseline 0.002 -7"><span class='ocrx_word' id='word_1_281' title='bbox 1210 1357 1242 1383; x_wconf 81' lang='lat'>13</span> <span class='ocrx_word' id='word_1_282' title='bbox 1262 1365 1305 1383; x_wconf 88' lang='lat' dir='ltr'>res</span> <span class='ocrx_word' id='word_1_283' title='bbox 1322 1359 1386 1390; x_wconf 80' lang='lat' dir='ltr'>post</span> <span class='ocrx_word' id='word_1_284' title='bbox 1403 1357 1551 1383; x_wconf 74' lang='lat' dir='ltr'>considerat</span> <span class='ocrx_word' id='word_1_285' title='bbox 1570 1357 1681 1384; x_wconf 72' lang='lat' dir='ltr'>nDEPc.</span> 
     </span>
     <span class='ocr_line' id='line_1_29' title="bbox 1326 1392 2030 1426; baseline 0 -7"><span class='ocrx_word' id='word_1_286' title='bbox 1326 1392 1358 1419; x_wconf 76' lang='lat'>15</span> <span class='ocrx_word' id='word_1_287' title='bbox 1378 1398 1404 1418; x_wconf 87' lang='lat' dir='ltr'>et</span> <span class='ocrx_word' id='word_1_288' title='bbox 1422 1397 1486 1419; x_wconf 77' lang='lat' dir='ltr'>ante</span> <span class='ocrx_word' id='word_1_289' title='bbox 1504 1397 1531 1419; x_wconf 81' lang='lat' dir='ltr'>et</span> <span class='ocrx_word' id='word_1_290' title='bbox 1544 1397 1610 1426; x_wconf 77' lang='lat' dir='ltr'>post</span> <span class='ocrx_word' id='word_1_291' title='bbox 1629 1393 1771 1419; x_wconf 78' lang='lat' dir='ltr'>materialia</span> <span class='ocrx_word' id='word_1_292' title='bbox 1790 1393 1930 1425; x_wconf 84' lang='lat' dir='ltr'>EGNWY,</span> <span class='ocrx_word' id='word_1_293' title='bbox 1943 1401 1986 1419; x_wconf 80' lang='lat' dir='ltr'>om</span> <span class='ocrx_word' id='word_1_294' title='bbox 2000 1393 2030 1419; x_wconf 93' lang='lat' dir='ltr'>Z.</span> 
     </span>
    </p>
   </div>
   <div class='ocr_carea' id='block_1_9' title="bbox 2124 1391 2517 1427">
    <p class='ocr_par' dir='ltr' id='par_1_11' title="bbox 2124 1391 2517 1427">
     <span class='ocr_line' id='line_1_30' title="bbox 2124 1391 2517 1427; baseline 0.003 -8"><span class='ocrx_word' id='word_1_295' title='bbox 2124 1391 2157 1419; x_wconf 82' lang='lat'>16</span> <span class='ocrx_word' id='word_1_296' title='bbox 2176 1399 2202 1419; x_wconf 85' lang='lat' dir='ltr'>et</span> <span class='ocrx_word' id='word_1_297' title='bbox 2219 1393 2303 1419; x_wconf 78' lang='lat' dir='ltr'>mults</span> <span class='ocrx_word' id='word_1_298' title='bbox 2321 1393 2420 1420; x_wconf 79' lang='lat' dir='ltr'>unitive</span> <span class='ocrx_word' id='word_1_299' title='bbox 2437 1393 2517 1427; x_wconf 69' lang='lat' dir='ltr'>(haec</span> 
     </span>
    </p>
   </div>
   <div class='ocr_carea' id='block_1_10' title="bbox 298 1429 1434 1466">
    <p class='ocr_par' dir='ltr' id='par_1_12' title="bbox 298 1429 1434 1466">
     <span class='ocr_line' id='line_1_31' title="bbox 298 1429 1434 1466; baseline -0.004 -8"><span class='ocrx_word' id='word_1_300' title='bbox 298 1435 393 1466; x_wconf 79' lang='lat' dir='ltr'>postea</span> <span class='ocrx_word' id='word_1_301' title='bbox 411 1431 509 1457; x_wconf 70' lang='lat' dir='ltr'>addita</span> <span class='ocrx_word' id='word_1_302' title='bbox 519 1431 611 1464; x_wconf 79' lang='lat' dir='ltr'>fuisse</span> <span class='ocrx_word' id='word_1_303' title='bbox 633 1438 671 1456; x_wconf 82' lang='lat' dir='ltr'>ex</span> <span class='ocrx_word' id='word_1_304' title='bbox 689 1430 828 1463; x_wconf 75' lang='lat' dir='ltr'>scriptura</span> <span class='ocrx_word' id='word_1_305' title='bbox 843 1429 948 1463; x_wconf 62' lang='lat' dir='ltr'>pateo]</span> <span class='ocrx_word' id='word_1_306' title='bbox 968 1435 994 1455; x_wconf 87' lang='lat' dir='ltr'>et</span> <span class='ocrx_word' id='word_1_307' title='bbox 1012 1430 1095 1455; x_wconf 81' lang='lat' dir='ltr'>multa</span> <span class='ocrx_word' id='word_1_308' title='bbox 1113 1429 1184 1455; x_wconf 89' lang='lat' dir='ltr'>unite</span> <span class='ocrx_word' id='word_1_309' title='bbox 1202 1429 1231 1462; x_wconf 86' lang='lat' dir='ltr'>Z,</span> <span class='ocrx_word' id='word_1_310' title='bbox 1250 1437 1293 1455; x_wconf 84' lang='lat' dir='ltr'>om</span> <span class='ocrx_word' id='word_1_311' title='bbox 1314 1429 1434 1455; x_wconf 81' lang='lat' dir='ltr'>GNWY.</span> 
     </span>
    </p>
   </div>
   <div class='ocr_carea' id='block_1_11' title="bbox 1065 1545 1747 1580">
    <p class='ocr_par' dir='ltr' id='par_1_13' title="bbox 1065 1545 1747 1580">
     <span class='ocr_line' id='line_1_32' title="bbox 1065 1545 1747 1580; baseline 0 -1"><span class='ocrx_word' id='word_1_312' title='bbox 1065 1545 1404 1580; x_wconf 65' lang='lat' dir='ltr'>Commentario</span> <span class='ocrx_word' id='word_1_313' title='bbox 1433 1545 1747 1580; x_wconf 73' lang='lat' dir='ltr'>Fen-ariensis</span> 
     </span>
    </p>
   </div>
   <div class='ocr_carea' id='block_1_12' title="bbox 380 1644 1381 1733">
    <p class='ocr_par' dir='ltr' id='par_1_14' title="bbox 380 1644 1381 1733">
     <span class='ocr_line' id='line_1_33' title="bbox 380 1644 1381 1686; baseline -0.003 -8"><span class='ocrx_word' id='word_1_314' title='bbox 380 1656 482 1678; x_wconf 69' lang='grc' dir='ltr'><strong>υΛιιτο</strong></span> <span class='ocrx_word' id='word_1_315' title='bbox 507 1645 647 1677; x_wconf 86' lang='lat' dir='ltr'>ostendit</span> <span class='ocrx_word' id='word_1_316' title='bbox 668 1645 759 1686; x_wconf 92' lang='lat' dir='ltr'>quod</span> <span class='ocrx_word' id='word_1_317' title='bbox 783 1646 964 1676; x_wconf 85' lang='lat' dir='ltr'>intellectus</span> <span class='ocrx_word' id='word_1_318' title='bbox 986 1644 1116 1675; x_wconf 82' lang='lat' dir='ltr'>divinus</span> <span class='ocrx_word' id='word_1_319' title='bbox 1135 1654 1200 1675; x_wconf 86' lang='lat' dir='ltr'>non</span> <span class='ocrx_word' id='word_1_320' title='bbox 1225 1645 1381 1686; x_wconf 80' lang='lat' dir='ltr'>intelligit</span> 
     </span>
     <span class='ocr_line' id='line_1_34' title="bbox 384 1689 1139 1733; baseline -0.003 -11"><span class='ocrx_word' id='word_1_321' title='bbox 384 1701 445 1733; x_wconf 80' lang='lat' dir='ltr'>per</span> <span class='ocrx_word' id='word_1_322' title='bbox 468 1690 599 1721; x_wconf 85' lang='lat' dir='ltr'>modum</span> <span class='ocrx_word' id='word_1_323' title='bbox 623 1690 847 1731; x_wconf 74' lang='lat' dir='ltr'>componentis</span> <span class='ocrx_word' id='word_1_324' title='bbox 870 1695 902 1720; x_wconf 86' lang='lat' dir='ltr'>et</span> <span class='ocrx_word' id='word_1_325' title='bbox 924 1689 1098 1720; x_wconf 81' lang='lat' dir='ltr'>dividentis</span> <span class='ocrx_word' id='word_1_326' title='bbox 1111 1690 1139 1720; x_wconf 69' lang='grc'>“.</span> 
     </span>
    </p>
   </div>
   <div class='ocr_carea' id='block_1_13' title="bbox 1433 1645 2515 1732">
    <p class='ocr_par' dir='ltr' id='par_1_15' title="bbox 1433 1645 2515 1732">
     <span class='ocr_line' id='line_1_35' title="bbox 1433 1645 2515 1686; baseline 0.002 -10"><span class='ocrx_word' id='word_1_327' title='bbox 1433 1645 1557 1685; x_wconf 85' lang='lat' dir='ltr'>gnovit,</span> <span class='ocrx_word' id='word_1_328' title='bbox 1581 1645 1672 1676; x_wconf 85' lang='lat' dir='ltr'>uniat</span> <span class='ocrx_word' id='word_1_329' title='bbox 1695 1645 1930 1686; x_wconf 89' lang='lat' dir='ltr'>componendo</span> <span class='ocrx_word' id='word_1_330' title='bbox 1962 1651 2018 1676; x_wconf 84' lang='lat' dir='ltr'>aut</span> <span class='ocrx_word' id='word_1_331' title='bbox 2048 1645 2236 1682; x_wconf 88' lang='lat' dir='ltr'>dividendo,</span> <span class='ocrx_word' id='word_1_332' title='bbox 2259 1645 2301 1677; x_wconf 77' lang='lat' dir='ltr'>ad</span> <span class='ocrx_word' id='word_1_333' title='bbox 2330 1645 2515 1678; x_wconf 73' lang='lat' dir='ltr'>habendam</span> 
     </span>
     <span class='ocr_line' id='line_1_36' title="bbox 1434 1689 2514 1732; baseline 0.002 -11"><span class='ocrx_word' id='word_1_334' title='bbox 1434 1689 1612 1730; x_wconf 82' lang='lat' dir='ltr'>perfectam</span> <span class='ocrx_word' id='word_1_335' title='bbox 1627 1690 1778 1721; x_wconf 84' lang='lat' dir='ltr'>notitiam</span> <span class='ocrx_word' id='word_1_336' title='bbox 1793 1689 1834 1722; x_wconf 93' lang='lat' dir='ltr'>de</span> <span class='ocrx_word' id='word_1_337' title='bbox 1850 1699 1894 1721; x_wconf 89' lang='lat' dir='ltr'>re.</span> <span class='ocrx_word' id='word_1_338' title='bbox 1912 1689 1946 1722; x_wconf 90' lang='lat' dir='ltr'>Si</span> <span class='ocrx_word' id='word_1_339' title='bbox 1962 1696 2083 1727; x_wconf 90' lang='lat' dir='ltr'>autem,</span> <span class='ocrx_word' id='word_1_340' title='bbox 2100 1691 2303 1732; x_wconf 84' lang='lat' dir='ltr'>apprehensa</span> <span class='ocrx_word' id='word_1_341' title='bbox 2322 1690 2514 1732; x_wconf 69' lang='lat' dir='ltr'>quiddinte,</span> 
     </span>
    </p>
   </div>
   <div class='ocr_carea' id='block_1_14' title="bbox 303 1734 2515 1822">
    <p class='ocr_par' dir='ltr' id='par_1_16' title="bbox 303 1734 2515 1822">
     <span class='ocr_line' id='line_1_37' title="bbox 356 1734 2515 1778; baseline 0 -11"><span class='ocrx_word' id='word_1_342' title='bbox 356 1738 381 1768; x_wconf 87' lang='grc' dir='ltr'>Ι.</span> <span class='ocrx_word' id='word_1_343' title='bbox 401 1736 444 1767; x_wconf 84' lang='lat' dir='ltr'>Et</span> <span class='ocrx_word' id='word_1_344' title='bbox 459 1736 574 1778; x_wconf 80' lang='lat' dir='ltr'>arguit</span> <span class='ocrx_word' id='word_1_345' title='bbox 593 1736 702 1776; x_wconf 75' lang='lat' dir='ltr'>primo</span> <span class='ocrx_word' id='word_1_346' title='bbox 725 1735 782 1766; x_wconf 83' lang='lat' dir='ltr'>sic.</span> <span class='ocrx_word' id='word_1_347' title='bbox 807 1734 928 1766; x_wconf 89' lang='lat' dir='ltr'>Omnia</span> <span class='ocrx_word' id='word_1_348' title='bbox 951 1735 1123 1775; x_wconf 83' lang='lat' dir='ltr'>cognoscit</span> <span class='ocrx_word' id='word_1_349' title='bbox 1146 1734 1380 1775; x_wconf 84' lang='lat' dir='ltr'>cognoscendo</span> <span class='ocrx_word' id='word_1_350' title='bbox 1434 1735 1530 1766; x_wconf 90' lang='lat' dir='ltr'>simul</span> <span class='ocrx_word' id='word_1_351' title='bbox 1546 1735 1579 1766; x_wconf 93' lang='lat' dir='ltr'>in</span> <span class='ocrx_word' id='word_1_352' title='bbox 1604 1735 1673 1776; x_wconf 92' lang='lat' dir='ltr'>ipsa</span> <span class='ocrx_word' id='word_1_353' title='bbox 1689 1735 1813 1766; x_wconf 92' lang='lat' dir='ltr'>videret</span> <span class='ocrx_word' id='word_1_354' title='bbox 1827 1744 1912 1776; x_wconf 85' lang='lat' dir='ltr'>quae</span> <span class='ocrx_word' id='word_1_355' title='bbox 1928 1735 1974 1766; x_wconf 90' lang='lat' dir='ltr'>illi</span> <span class='ocrx_word' id='word_1_356' title='bbox 1996 1735 2108 1766; x_wconf 90' lang='lat' dir='ltr'>insunt</span> <span class='ocrx_word' id='word_1_357' title='bbox 2131 1741 2187 1766; x_wconf 85' lang='lat' dir='ltr'>aut</span> <span class='ocrx_word' id='word_1_358' title='bbox 2208 1745 2277 1767; x_wconf 88' lang='lat' dir='ltr'>non</span> <span class='ocrx_word' id='word_1_359' title='bbox 2301 1736 2422 1773; x_wconf 85' lang='lat' dir='ltr'>insunt,</span> <span class='ocrx_word' id='word_1_360' title='bbox 2444 1745 2515 1767; x_wconf 79' lang='lat' dir='ltr'>non</span> 
     </span>
     <span class='ocr_line' id='line_1_38' title="bbox 303 1779 2514 1822; baseline 0 -10"><span class='ocrx_word' id='word_1_361' title='bbox 303 1782 473 1813; x_wconf 86' lang='lat' dir='ltr'>essentiam</span> <span class='ocrx_word' id='word_1_362' title='bbox 497 1790 600 1811; x_wconf 89' lang='lat' dir='ltr'>suam.</span> <span class='ocrx_word' id='word_1_363' title='bbox 618 1780 724 1821; x_wconf 81' lang='lat' dir='ltr'>ipsam</span> <span class='ocrx_word' id='word_1_364' title='bbox 741 1786 850 1810; x_wconf 87' lang='lat' dir='ltr'>autem</span> <span class='ocrx_word' id='word_1_365' title='bbox 865 1789 934 1810; x_wconf 92' lang='lat' dir='ltr'>non</span> <span class='ocrx_word' id='word_1_366' title='bbox 951 1780 1121 1820; x_wconf 85' lang='lat' dir='ltr'>cognoscit</span> <span class='ocrx_word' id='word_1_367' title='bbox 1144 1779 1379 1820; x_wconf 90' lang='lat' dir='ltr'>componendo</span> <span class='ocrx_word' id='word_1_368' title='bbox 1433 1779 1593 1820; x_wconf 88' lang='lat' dir='ltr'>indigeret</span> <span class='ocrx_word' id='word_1_369' title='bbox 1616 1781 1872 1821; x_wconf 88' lang='lat' dir='ltr'>compositione:</span> <span class='ocrx_word' id='word_1_370' title='bbox 1897 1780 1975 1822; x_wconf 87' lang='lat' dir='ltr'>quia</span> <span class='ocrx_word' id='word_1_371' title='bbox 1997 1781 2106 1812; x_wconf 82' lang='lat' dir='ltr'>statim</span> <span class='ocrx_word' id='word_1_372' title='bbox 2129 1780 2170 1812; x_wconf 88' lang='lat' dir='ltr'>de</span> <span class='ocrx_word' id='word_1_373' title='bbox 2192 1789 2228 1812; x_wconf 86' lang='lat' dir='ltr'>re</span> <span class='ocrx_word' id='word_1_374' title='bbox 2250 1779 2429 1822; x_wconf 76' lang='lat' dir='ltr'>perfectam</span> <span class='ocrx_word' id='word_1_375' title='bbox 2450 1789 2514 1812; x_wconf 87' lang='lat' dir='ltr'>no-</span> 
     </span>
    </p>
   </div>
   <div class='ocr_carea' id='block_1_15' title="bbox 301 1824 1380 2225">
    <p class='ocr_par' dir='ltr' id='par_1_17' title="bbox 303 1824 1378 1866">
     <span class='ocr_line' id='line_1_39' title="bbox 303 1824 1378 1866; baseline -0.002 -9"><span class='ocrx_word' id='word_1_376' title='bbox 303 1833 334 1857; x_wconf 92' lang='lat' dir='ltr'>et</span> <span class='ocrx_word' id='word_1_377' title='bbox 358 1825 549 1857; x_wconf 88' lang='lat' dir='ltr'>dividendo:</span> <span class='ocrx_word' id='word_1_378' title='bbox 567 1834 645 1856; x_wconf 90' lang='lat' dir='ltr'>cum</span> <span class='ocrx_word' id='word_1_379' title='bbox 659 1825 693 1856; x_wconf 92' lang='lat' dir='ltr'>in</span> <span class='ocrx_word' id='word_1_380' title='bbox 717 1825 787 1866; x_wconf 91' lang='lat' dir='ltr'>ipsa</span> <span class='ocrx_word' id='word_1_381' title='bbox 809 1824 899 1855; x_wconf 89' lang='lat' dir='ltr'>nulla</span> <span class='ocrx_word' id='word_1_382' title='bbox 922 1824 962 1855; x_wconf 91' lang='lat' dir='ltr'>sit</span> <span class='ocrx_word' id='word_1_383' title='bbox 978 1825 1188 1865; x_wconf 88' lang='lat' dir='ltr'>compositio.</span> <span class='ocrx_word' id='word_1_384' title='bbox 1213 1824 1301 1864; x_wconf 81' lang='lat' dir='ltr'>Ergo</span> <span class='ocrx_word' id='word_1_385' title='bbox 1317 1830 1378 1855; x_wconf 91' lang='lat' dir='ltr'>etc.</span> 
     </span>
    </p>

    <p class='ocr_par' dir='ltr' id='par_1_18' title="bbox 301 1869 1380 2225">
     <span class='ocr_line' id='line_1_40' title="bbox 357 1869 1379 1907; baseline -0.003 -5"><span class='ocrx_word' id='word_1_386' title='bbox 357 1871 513 1907; x_wconf 82' lang='lat' dir='ltr'>Adverte,</span> <span class='ocrx_word' id='word_1_387' title='bbox 549 1879 588 1901; x_wconf 90' lang='lat' dir='ltr'>ex</span> <span class='ocrx_word' id='word_1_388' title='bbox 623 1869 770 1901; x_wconf 89' lang='lat' dir='ltr'>doctrina</span> <span class='ocrx_word' id='word_1_389' title='bbox 805 1869 914 1900; x_wconf 82' lang='lat' dir='ltr'>Sancti</span> <span class='ocrx_word' id='word_1_390' title='bbox 949 1869 1099 1900; x_wconf 84' lang='lat' dir='ltr'>Thomae</span> <span class='ocrx_word' id='word_1_391' title='bbox 1133 1869 1241 1900; x_wconf 90' lang='lat' dir='ltr'>Prima</span> <span class='ocrx_word' id='word_1_392' title='bbox 1275 1869 1379 1906; x_wconf 81' lang='lat' dir='ltr'>Parte,</span> 
     </span>
     <span class='ocr_line' id='line_1_41' title="bbox 302 1913 1380 1957; baseline -0.003 -10"><span class='ocrx_word' id='word_1_393' title='bbox 302 1926 333 1957; x_wconf 90' lang='lat' dir='ltr'>q.</span> <span class='ocrx_word' id='word_1_394' title='bbox 359 1926 471 1953; x_wconf 76' lang='lat' dir='ltr'>Lxxxv,</span> <span class='ocrx_word' id='word_1_395' title='bbox 498 1916 527 1952; x_wconf 88' lang='lat'>5,</span> <span class='ocrx_word' id='word_1_396' title='bbox 551 1915 592 1946; x_wconf 90' lang='lat' dir='ltr'>ad</span> <span class='ocrx_word' id='word_1_397' title='bbox 616 1915 647 1952; x_wconf 89' lang='lat'>3,</span> <span class='ocrx_word' id='word_1_398' title='bbox 672 1914 764 1955; x_wconf 92' lang='lat' dir='ltr'>quod</span> <span class='ocrx_word' id='word_1_399' title='bbox 788 1914 1022 1954; x_wconf 86' lang='lat' dir='ltr'>compositioni</span> <span class='ocrx_word' id='word_1_400' title='bbox 1049 1919 1081 1944; x_wconf 90' lang='lat' dir='ltr'>et</span> <span class='ocrx_word' id='word_1_401' title='bbox 1105 1913 1256 1944; x_wconf 89' lang='lat' dir='ltr'>divisioni</span> <span class='ocrx_word' id='word_1_402' title='bbox 1285 1914 1380 1944; x_wconf 87' lang='lat' dir='ltr'>intel-</span> 
     </span>
     <span class='ocr_line' id='line_1_42' title="bbox 302 1958 1380 2001; baseline -0.002 -10"><span class='ocrx_word' id='word_1_403' title='bbox 302 1962 404 1992; x_wconf 89' lang='lat' dir='ltr'>lectus</span> <span class='ocrx_word' id='word_1_404' title='bbox 427 1966 557 2001; x_wconf 88' lang='lat' dir='ltr'>oportet</span> <span class='ocrx_word' id='word_1_405' title='bbox 584 1958 838 2000; x_wconf 86' lang='lat' dir='ltr'>correspondere</span> <span class='ocrx_word' id='word_1_406' title='bbox 868 1959 1144 1999; x_wconf 87' lang='lat' dir='ltr'>compositionem</span> <span class='ocrx_word' id='word_1_407' title='bbox 1173 1958 1317 1999; x_wconf 84' lang='lat' dir='ltr'>aliquam</span> <span class='ocrx_word' id='word_1_408' title='bbox 1341 1967 1380 1989; x_wconf 84' lang='lat' dir='ltr'>ex</span> 
     </span>
     <span class='ocr_line' id='line_1_43' title="bbox 301 2003 1379 2046; baseline -0.003 -10"><span class='ocrx_word' id='word_1_409' title='bbox 301 2011 390 2046; x_wconf 88' lang='lat' dir='ltr'>parte</span> <span class='ocrx_word' id='word_1_410' title='bbox 413 2006 475 2036; x_wconf 91' lang='lat' dir='ltr'>rei:</span> <span class='ocrx_word' id='word_1_411' title='bbox 501 2005 567 2035; x_wconf 90' lang='lat' dir='ltr'>sive</span> <span class='ocrx_word' id='word_1_412' title='bbox 590 2004 629 2035; x_wconf 88' lang='lat' dir='ltr'>sit</span> <span class='ocrx_word' id='word_1_413' title='bbox 649 2013 687 2035; x_wconf 89' lang='lat' dir='ltr'>ex</span> <span class='ocrx_word' id='word_1_414' title='bbox 707 2003 839 2034; x_wconf 88' lang='lat' dir='ltr'>materia</span> <span class='ocrx_word' id='word_1_415' title='bbox 859 2009 891 2034; x_wconf 89' lang='lat' dir='ltr'>et</span> <span class='ocrx_word' id='word_1_416' title='bbox 909 2003 1024 2038; x_wconf 84' lang='lat' dir='ltr'>forma,</span> <span class='ocrx_word' id='word_1_417' title='bbox 1045 2003 1111 2033; x_wconf 89' lang='lat' dir='ltr'>sive</span> <span class='ocrx_word' id='word_1_418' title='bbox 1140 2012 1178 2034; x_wconf 88' lang='lat' dir='ltr'>ex</span> <span class='ocrx_word' id='word_1_419' title='bbox 1202 2003 1379 2034; x_wconf 86' lang='lat' dir='ltr'>substantia</span> 
     </span>
     <span class='ocr_line' id='line_1_44' title="bbox 301 2047 1378 2089; baseline -0.001 -9"><span class='ocrx_word' id='word_1_420' title='bbox 301 2057 332 2081; x_wconf 91' lang='lat' dir='ltr'>et</span> <span class='ocrx_word' id='word_1_421' title='bbox 356 2050 532 2086; x_wconf 89' lang='lat' dir='ltr'>accidente,</span> <span class='ocrx_word' id='word_1_422' title='bbox 563 2050 629 2080; x_wconf 90' lang='lat' dir='ltr'>sive</span> <span class='ocrx_word' id='word_1_423' title='bbox 659 2057 874 2089; x_wconf 88' lang='lat' dir='ltr'>quocumque</span> <span class='ocrx_word' id='word_1_424' title='bbox 905 2048 969 2079; x_wconf 89' lang='lat' dir='ltr'>alio</span> <span class='ocrx_word' id='word_1_425' title='bbox 998 2047 1110 2079; x_wconf 89' lang='lat' dir='ltr'>modo.</span> <span class='ocrx_word' id='word_1_426' title='bbox 1136 2048 1200 2079; x_wconf 89' lang='lat' dir='ltr'>Sed</span> <span class='ocrx_word' id='word_1_427' title='bbox 1227 2048 1292 2078; x_wconf 90' lang='lat' dir='ltr'>hoc</span> <span class='ocrx_word' id='word_1_428' title='bbox 1316 2057 1378 2089; x_wconf 83' lang='lat' dir='ltr'>ego</span> 
     </span>
     <span class='ocr_line' id='line_1_45' title="bbox 301 2092 1379 2136; baseline -0.002 -11"><span class='ocrx_word' id='word_1_429' title='bbox 301 2095 444 2136; x_wconf 88' lang='lat' dir='ltr'>intelligo</span> <span class='ocrx_word' id='word_1_430' title='bbox 462 2094 553 2135; x_wconf 90' lang='lat' dir='ltr'>quod</span> <span class='ocrx_word' id='word_1_431' title='bbox 569 2095 742 2125; x_wconf 88' lang='lat' dir='ltr'>conveniat</span> <span class='ocrx_word' id='word_1_432' title='bbox 765 2094 811 2124; x_wconf 91' lang='lat' dir='ltr'>rei</span> <span class='ocrx_word' id='word_1_433' title='bbox 831 2098 886 2123; x_wconf 91' lang='lat' dir='ltr'>aut</span> <span class='ocrx_word' id='word_1_434' title='bbox 905 2092 1087 2124; x_wconf 90' lang='lat' dir='ltr'>secundum</span> <span class='ocrx_word' id='word_1_435' title='bbox 1103 2102 1137 2124; x_wconf 86' lang='lat' dir='ltr'>se</span> <span class='ocrx_word' id='word_1_436' title='bbox 1154 2099 1185 2124; x_wconf 90' lang='lat' dir='ltr'>et</span> <span class='ocrx_word' id='word_1_437' title='bbox 1202 2102 1240 2124; x_wconf 87' lang='lat' dir='ltr'>ex</span> <span class='ocrx_word' id='word_1_438' title='bbox 1265 2098 1379 2123; x_wconf 87' lang='lat' dir='ltr'>natura</span> 
     </span>
     <span class='ocr_line' id='line_1_46' title="bbox 301 2137 1378 2179; baseline -0.002 -9"><span class='ocrx_word' id='word_1_439' title='bbox 301 2150 374 2171; x_wconf 90' lang='lat' dir='ltr'>sua:</span> <span class='ocrx_word' id='word_1_440' title='bbox 400 2146 455 2171; x_wconf 89' lang='lat' dir='ltr'>aut</span> <span class='ocrx_word' id='word_1_441' title='bbox 486 2139 667 2171; x_wconf 88' lang='lat' dir='ltr'>secundum</span> <span class='ocrx_word' id='word_1_442' title='bbox 700 2138 790 2179; x_wconf 92' lang='lat' dir='ltr'>quod</span> <span class='ocrx_word' id='word_1_443' title='bbox 823 2144 870 2169; x_wconf 91' lang='lat' dir='ltr'>est</span> <span class='ocrx_word' id='word_1_444' title='bbox 894 2138 927 2169; x_wconf 90' lang='lat' dir='ltr'>in</span> <span class='ocrx_word' id='word_1_445' title='bbox 957 2144 1121 2179; x_wconf 85' lang='lat' dir='ltr'>conceptu</span> <span class='ocrx_word' id='word_1_446' title='bbox 1151 2143 1275 2169; x_wconf 87' lang='lat' dir='ltr'>nostro.</span> <span class='ocrx_word' id='word_1_447' title='bbox 1302 2137 1378 2168; x_wconf 92' lang='lat' dir='ltr'>Non</span> 
     </span>
     <span class='ocr_line' id='line_1_47' title="bbox 301 2181 1378 2225; baseline -0.002 -10"><span class='ocrx_word' id='word_1_448' title='bbox 301 2185 388 2216; x_wconf 92' lang='lat' dir='ltr'>enim</span> <span class='ocrx_word' id='word_1_449' title='bbox 412 2185 585 2225; x_wconf 87' lang='lat' dir='ltr'>requiritur</span> <span class='ocrx_word' id='word_1_450' title='bbox 608 2189 644 2215; x_wconf 91' lang='lat' dir='ltr'>ut</span> <span class='ocrx_word' id='word_1_451' title='bbox 668 2184 736 2225; x_wconf 91' lang='lat' dir='ltr'>ipsa</span> <span class='ocrx_word' id='word_1_452' title='bbox 760 2192 810 2214; x_wconf 89' lang='lat' dir='ltr'>res</span> <span class='ocrx_word' id='word_1_453' title='bbox 837 2183 877 2214; x_wconf 90' lang='lat' dir='ltr'>de</span> <span class='ocrx_word' id='word_1_454' title='bbox 901 2193 966 2224; x_wconf 88' lang='lat' dir='ltr'>qua</span> <span class='ocrx_word' id='word_1_455' title='bbox 996 2181 1155 2214; x_wconf 86' lang='lat' dir='ltr'>formatur</span> <span class='ocrx_word' id='word_1_456' title='bbox 1178 2183 1378 2224; x_wconf 90' lang='lat' dir='ltr'>compositio</span> 
     </span>
    </p>
   </div>
   <div class='ocr_carea' id='block_1_16' title="bbox 301 2227 1397 2270">
    <p class='ocr_par' dir='ltr' id='par_1_19' title="bbox 301 2227 1397 2270">
     <span class='ocr_line' id='line_1_48' title="bbox 301 2227 1397 2270; baseline -0.002 -10"><span class='ocrx_word' id='word_1_457' title='bbox 301 2236 331 2260; x_wconf 90' lang='lat' dir='ltr'>et</span> <span class='ocrx_word' id='word_1_458' title='bbox 356 2229 482 2266; x_wconf 88' lang='lat' dir='ltr'>divisio,</span> <span class='ocrx_word' id='word_1_459' title='bbox 503 2230 537 2260; x_wconf 92' lang='lat' dir='ltr'>in</span> <span class='ocrx_word' id='word_1_460' title='bbox 561 2229 666 2270; x_wconf 83' lang='lat' dir='ltr'>seipsa</span> <span class='ocrx_word' id='word_1_461' title='bbox 689 2228 833 2269; x_wconf 82' lang='lat' dir='ltr'>aliquam</span> <span class='ocrx_word' id='word_1_462' title='bbox 851 2228 967 2259; x_wconf 83' lang='lat' dir='ltr'>habeat</span> <span class='ocrx_word' id='word_1_463' title='bbox 984 2228 1274 2269; x_wconf 86' lang='lat' dir='ltr'>compositionem,</span> <span class='ocrx_word' id='word_1_464' title='bbox 1298 2227 1397 2259; x_wconf 85' lang='lat' dir='ltr'>alio-—</span> 
     </span>
    </p>
   </div>
   <div class='ocr_carea' id='block_1_17' title="bbox 300 2270 1379 3703">
    <p class='ocr_par' dir='ltr' id='par_1_20' title="bbox 300 2270 1379 3167">
     <span class='ocr_line' id='line_1_49' title="bbox 301 2270 1378 2315; baseline -0.002 -10"><span class='ocrx_word' id='word_1_465' title='bbox 301 2275 381 2315; x_wconf 92' lang='lat' dir='ltr'>quin</span> <span class='ocrx_word' id='word_1_466' title='bbox 405 2284 520 2305; x_wconf 89' lang='lat' dir='ltr'>omnes</span> <span class='ocrx_word' id='word_1_467' title='bbox 543 2274 787 2315; x_wconf 88' lang='lat' dir='ltr'>propositiones</span> <span class='ocrx_word' id='word_1_468' title='bbox 811 2282 891 2313; x_wconf 88' lang='lat' dir='ltr'>quas</span> <span class='ocrx_word' id='word_1_469' title='bbox 915 2273 956 2304; x_wconf 91' lang='lat' dir='ltr'>de</span> <span class='ocrx_word' id='word_1_470' title='bbox 980 2273 1052 2304; x_wconf 90' lang='lat' dir='ltr'>Deo</span> <span class='ocrx_word' id='word_1_471' title='bbox 1077 2272 1257 2303; x_wconf 85' lang='lat' dir='ltr'>formamus</span> <span class='ocrx_word' id='word_1_472' title='bbox 1281 2270 1378 2303; x_wconf 82' lang='lat' dir='ltr'>falsae</span> 
     </span>
     <span class='ocr_line' id='line_1_50' title="bbox 302 2317 1379 2359; baseline -0.002 -9"><span class='ocrx_word' id='word_1_473' title='bbox 302 2325 417 2356; x_wconf 85' lang='lat' dir='ltr'>essent,</span> <span class='ocrx_word' id='word_1_474' title='bbox 442 2328 518 2350; x_wconf 91' lang='lat' dir='ltr'>cum</span> <span class='ocrx_word' id='word_1_475' title='bbox 541 2319 575 2349; x_wconf 91' lang='lat' dir='ltr'>in</span> <span class='ocrx_word' id='word_1_476' title='bbox 598 2319 670 2359; x_wconf 87' lang='lat' dir='ltr'>ipso</span> <span class='ocrx_word' id='word_1_477' title='bbox 701 2318 791 2349; x_wconf 92' lang='lat' dir='ltr'>nulla</span> <span class='ocrx_word' id='word_1_478' title='bbox 815 2318 854 2348; x_wconf 88' lang='lat' dir='ltr'>sit</span> <span class='ocrx_word' id='word_1_479' title='bbox 883 2318 1098 2358; x_wconf 89' lang='lat' dir='ltr'>compositio:</span> <span class='ocrx_word' id='word_1_480' title='bbox 1124 2317 1181 2348; x_wconf 89' lang='lat' dir='ltr'>sed</span> <span class='ocrx_word' id='word_1_481' title='bbox 1204 2317 1379 2357; x_wconf 88' lang='lat' dir='ltr'>requiritur</span> 
     </span>
     <span class='ocr_line' id='line_1_51' title="bbox 302 2362 1377 2404; baseline -0.003 -9"><span class='ocrx_word' id='word_1_482' title='bbox 302 2363 392 2404; x_wconf 86' lang='lat' dir='ltr'>quod</span> <span class='ocrx_word' id='word_1_483' title='bbox 415 2364 527 2395; x_wconf 89' lang='lat' dir='ltr'>saltem</span> <span class='ocrx_word' id='word_1_484' title='bbox 551 2364 585 2394; x_wconf 92' lang='lat' dir='ltr'>in</span> <span class='ocrx_word' id='word_1_485' title='bbox 601 2363 767 2394; x_wconf 89' lang='lat' dir='ltr'>intellectu</span> <span class='ocrx_word' id='word_1_486' title='bbox 782 2362 1055 2404; x_wconf 87' lang='lat' dir='ltr'>multiplicitatem</span> <span class='ocrx_word' id='word_1_487' title='bbox 1072 2362 1236 2403; x_wconf 90' lang='lat' dir='ltr'>quandam</span> <span class='ocrx_word' id='word_1_488' title='bbox 1252 2362 1377 2392; x_wconf 87' lang='lat' dir='ltr'>habeat.</span> 
     </span>
     <span class='ocr_line' id='line_1_52' title="bbox 302 2407 1378 2448; baseline -0.003 -8"><span class='ocrx_word' id='word_1_489' title='bbox 302 2409 343 2440; x_wconf 89' lang='lat' dir='ltr'>Et</span> <span class='ocrx_word' id='word_1_490' title='bbox 366 2409 410 2440; x_wconf 92' lang='lat' dir='ltr'>sic</span> <span class='ocrx_word' id='word_1_491' title='bbox 435 2407 543 2440; x_wconf 91' lang='lat' dir='ltr'>divina</span> <span class='ocrx_word' id='word_1_492' title='bbox 566 2408 703 2439; x_wconf 85' lang='lat' dir='ltr'>essentia</span> <span class='ocrx_word' id='word_1_493' title='bbox 734 2407 1011 2448; x_wconf 88' lang='lat' dir='ltr'>compositionem</span> <span class='ocrx_word' id='word_1_494' title='bbox 1042 2413 1075 2438; x_wconf 87' lang='lat' dir='ltr'>et</span> <span class='ocrx_word' id='word_1_495' title='bbox 1103 2407 1378 2447; x_wconf 85' lang='lat' dir='ltr'>multiplicitatem</span> 
     </span>
     <span class='ocr_line' id='line_1_53' title="bbox 301 2450 1378 2493; baseline -0.002 -9"><span class='ocrx_word' id='word_1_496' title='bbox 301 2454 407 2490; x_wconf 89' lang='lat' dir='ltr'>habet,</span> <span class='ocrx_word' id='word_1_497' title='bbox 432 2452 613 2484; x_wconf 87' lang='lat' dir='ltr'>secundum</span> <span class='ocrx_word' id='word_1_498' title='bbox 637 2451 728 2493; x_wconf 93' lang='lat' dir='ltr'>quod</span> <span class='ocrx_word' id='word_1_499' title='bbox 752 2451 792 2483; x_wconf 90' lang='lat' dir='ltr'>de</span> <span class='ocrx_word' id='word_1_500' title='bbox 815 2453 885 2493; x_wconf 87' lang='lat' dir='ltr'>ipsa</span> <span class='ocrx_word' id='word_1_501' title='bbox 908 2453 1031 2483; x_wconf 86' lang='lat' dir='ltr'>multos</span> <span class='ocrx_word' id='word_1_502' title='bbox 1054 2457 1235 2493; x_wconf 90' lang='lat' dir='ltr'>conceptus</span> <span class='ocrx_word' id='word_1_503' title='bbox 1258 2450 1378 2482; x_wconf 84' lang='lat' dir='ltr'>forma-</span> 
     </span>
     <span class='ocr_line' id='line_1_54' title="bbox 302 2496 1378 2539; baseline -0.002 -10"><span class='ocrx_word' id='word_1_504' title='bbox 302 2508 383 2529; x_wconf 80' lang='lat' dir='ltr'>muS.</span> <span class='ocrx_word' id='word_1_505' title='bbox 409 2497 474 2529; x_wconf 89' lang='lat' dir='ltr'>Sed</span> <span class='ocrx_word' id='word_1_506' title='bbox 502 2498 578 2539; x_wconf 90' lang='lat' dir='ltr'>quia</span> <span class='ocrx_word' id='word_1_507' title='bbox 606 2498 671 2528; x_wconf 92' lang='lat' dir='ltr'>hoc</span> <span class='ocrx_word' id='word_1_508' title='bbox 702 2497 817 2528; x_wconf 88' lang='lat' dir='ltr'>accidit</span> <span class='ocrx_word' id='word_1_509' title='bbox 848 2506 886 2527; x_wconf 86' lang='lat' dir='ltr'>ex</span> <span class='ocrx_word' id='word_1_510' title='bbox 917 2496 1166 2538; x_wconf 84' lang='lat' dir='ltr'>imperfectione</span> <span class='ocrx_word' id='word_1_511' title='bbox 1194 2496 1378 2528; x_wconf 87' lang='lat' dir='ltr'>intellectus</span> 
     </span>
     <span class='ocr_line' id='line_1_55' title="bbox 302 2541 1377 2583; baseline -0.002 -9"><span class='ocrx_word' id='word_1_512' title='bbox 302 2543 403 2574; x_wconf 87' lang='lat' dir='ltr'>nostri</span> <span class='ocrx_word' id='word_1_513' title='bbox 425 2551 493 2574; x_wconf 93' lang='lat' dir='ltr'>non</span> <span class='ocrx_word' id='word_1_514' title='bbox 508 2542 644 2573; x_wconf 86' lang='lat' dir='ltr'>valentis</span> <span class='ocrx_word' id='word_1_515' title='bbox 666 2542 770 2583; x_wconf 83' lang='lat' dir='ltr'>ipsam</span> <span class='ocrx_word' id='word_1_516' title='bbox 787 2541 969 2573; x_wconf 85' lang='lat' dir='ltr'>secundum</span> <span class='ocrx_word' id='word_1_517' title='bbox 993 2541 1083 2583; x_wconf 91' lang='lat' dir='ltr'>quod</span> <span class='ocrx_word' id='word_1_518' title='bbox 1107 2542 1140 2572; x_wconf 89' lang='lat' dir='ltr'>in</span> <span class='ocrx_word' id='word_1_519' title='bbox 1164 2550 1198 2572; x_wconf 88' lang='lat' dir='ltr'>se</span> <span class='ocrx_word' id='word_1_520' title='bbox 1223 2546 1270 2573; x_wconf 88' lang='lat' dir='ltr'>est</span> <span class='ocrx_word' id='word_1_521' title='bbox 1286 2550 1377 2572; x_wconf 90' lang='lat' dir='ltr'>com-</span> 
     </span>
     <span class='ocr_line' id='line_1_56' title="bbox 302 2586 1378 2629; baseline -0.002 -10"><span class='ocrx_word' id='word_1_522' title='bbox 302 2587 510 2629; x_wconf 87' lang='lat' dir='ltr'>prehendere,</span> <span class='ocrx_word' id='word_1_523' title='bbox 534 2587 621 2624; x_wconf 87' lang='lat' dir='ltr'>ideo,</span> <span class='ocrx_word' id='word_1_524' title='bbox 638 2587 694 2618; x_wconf 92' lang='lat' dir='ltr'>ubi</span> <span class='ocrx_word' id='word_1_525' title='bbox 715 2586 897 2618; x_wconf 91' lang='lat' dir='ltr'>intellectus</span> <span class='ocrx_word' id='word_1_526' title='bbox 913 2592 961 2618; x_wconf 89' lang='lat' dir='ltr'>est</span> <span class='ocrx_word' id='word_1_527' title='bbox 976 2586 1022 2618; x_wconf 92' lang='lat' dir='ltr'>illi</span> <span class='ocrx_word' id='word_1_528' title='bbox 1038 2586 1247 2627; x_wconf 76' lang='lat' dir='ltr'>adaequatus,</span> <span class='ocrx_word' id='word_1_529' title='bbox 1269 2586 1378 2617; x_wconf 83' lang='lat' dir='ltr'>cuius-</span> 
     </span>
     <span class='ocr_line' id='line_1_57' title="bbox 302 2631 1376 2673; baseline -0.001 -10"><span class='ocrx_word' id='word_1_530' title='bbox 302 2632 391 2664; x_wconf 91' lang='lat' dir='ltr'>modi</span> <span class='ocrx_word' id='word_1_531' title='bbox 415 2638 463 2663; x_wconf 90' lang='lat' dir='ltr'>est</span> <span class='ocrx_word' id='word_1_532' title='bbox 485 2632 668 2664; x_wconf 88' lang='lat' dir='ltr'>intellectus</span> <span class='ocrx_word' id='word_1_533' title='bbox 691 2631 830 2668; x_wconf 89' lang='lat' dir='ltr'>divinus,</span> <span class='ocrx_word' id='word_1_534' title='bbox 854 2632 889 2662; x_wconf 90' lang='lat' dir='ltr'>in</span> <span class='ocrx_word' id='word_1_535' title='bbox 916 2632 987 2673; x_wconf 89' lang='lat' dir='ltr'>ipsa</span> <span class='ocrx_word' id='word_1_536' title='bbox 1009 2641 1078 2663; x_wconf 90' lang='lat' dir='ltr'>non</span> <span class='ocrx_word' id='word_1_537' title='bbox 1103 2637 1151 2662; x_wconf 93' lang='lat' dir='ltr'>est</span> <span class='ocrx_word' id='word_1_538' title='bbox 1177 2631 1376 2672; x_wconf 82' lang='lat' dir='ltr'>compositio</span> 
     </span>
     <span class='ocr_line' id='line_1_58' title="bbox 302 2676 1378 2718; baseline -0.002 -9"><span class='ocrx_word' id='word_1_539' title='bbox 302 2678 397 2709; x_wconf 88' lang='lat' dir='ltr'>etiam</span> <span class='ocrx_word' id='word_1_540' title='bbox 419 2676 600 2708; x_wconf 85' lang='lat' dir='ltr'>secundum</span> <span class='ocrx_word' id='word_1_541' title='bbox 620 2676 712 2718; x_wconf 94' lang='lat' dir='ltr'>quod</span> <span class='ocrx_word' id='word_1_542' title='bbox 730 2676 936 2717; x_wconf 82' lang='lat' dir='ltr'>intelligitur:</span> <span class='ocrx_word' id='word_1_543' title='bbox 957 2686 1034 2708; x_wconf 90' lang='lat' dir='ltr'>cum</span> <span class='ocrx_word' id='word_1_544' title='bbox 1057 2686 1126 2708; x_wconf 90' lang='lat' dir='ltr'>non</span> <span class='ocrx_word' id='word_1_545' title='bbox 1150 2676 1210 2707; x_wconf 88' lang='lat' dir='ltr'>sub</span> <span class='ocrx_word' id='word_1_546' title='bbox 1230 2676 1378 2717; x_wconf 89' lang='lat' dir='ltr'>pluribus</span> 
     </span>
     <span class='ocr_line' id='line_1_59' title="bbox 302 2720 1378 2763; baseline -0.002 -9"><span class='ocrx_word' id='word_1_547' title='bbox 302 2722 515 2763; x_wconf 88' lang='lat' dir='ltr'>conceptibus</span> <span class='ocrx_word' id='word_1_548' title='bbox 529 2722 741 2763; x_wconf 88' lang='lat' dir='ltr'>concipiatur.</span> <span class='ocrx_word' id='word_1_549' title='bbox 755 2720 832 2753; x_wconf 86' lang='lat' dir='ltr'>ldeo</span> <span class='ocrx_word' id='word_1_550' title='bbox 845 2731 864 2752; x_wconf 86' lang='lat' dir='ltr'>a</span> <span class='ocrx_word' id='word_1_551' title='bbox 879 2720 934 2752; x_wconf 88' lang='lat' dir='ltr'>tali</span> <span class='ocrx_word' id='word_1_552' title='bbox 949 2721 1117 2753; x_wconf 90' lang='lat' dir='ltr'>intellectu</span> <span class='ocrx_word' id='word_1_553' title='bbox 1129 2721 1198 2752; x_wconf 87' lang='lat' dir='ltr'>sine</span> <span class='ocrx_word' id='word_1_554' title='bbox 1211 2721 1378 2763; x_wconf 85' lang='lat' dir='ltr'>composi-</span> 
     </span>
     <span class='ocr_line' id='line_1_60' title="bbox 301 2765 1378 2808; baseline -0.001 -10"><span class='ocrx_word' id='word_1_555' title='bbox 301 2768 389 2798; x_wconf 90' lang='lat' dir='ltr'>tione</span> <span class='ocrx_word' id='word_1_556' title='bbox 413 2767 631 2808; x_wconf 84' lang='lat' dir='ltr'>cognoscitur.</span> <span class='ocrx_word' id='word_1_557' title='bbox 647 2766 785 2808; x_wconf 83' lang='lat' dir='ltr'>Propter</span> <span class='ocrx_word' id='word_1_558' title='bbox 799 2766 864 2797; x_wconf 91' lang='lat' dir='ltr'>hoc</span> <span class='ocrx_word' id='word_1_559' title='bbox 881 2775 959 2807; x_wconf 88' lang='lat' dir='ltr'>ergo</span> <span class='ocrx_word' id='word_1_560' title='bbox 975 2765 1054 2797; x_wconf 83' lang='lat' dir='ltr'>dixit</span> <span class='ocrx_word' id='word_1_561' title='bbox 1077 2765 1215 2798; x_wconf 89' lang='lat' dir='ltr'>Sanctus</span> <span class='ocrx_word' id='word_1_562' title='bbox 1231 2765 1378 2797; x_wconf 88' lang='lat' dir='ltr'>Thomas</span> 
     </span>
     <span class='ocr_line' id='line_1_61' title="bbox 302 2811 1377 2853; baseline -0.001 -10"><span class='ocrx_word' id='word_1_563' title='bbox 302 2812 408 2844; x_wconf 86' lang='lat' dir='ltr'>Deum</span> <span class='ocrx_word' id='word_1_564' title='bbox 431 2811 507 2844; x_wconf 86' lang='lat' dir='ltr'>ideo</span> <span class='ocrx_word' id='word_1_565' title='bbox 531 2820 599 2843; x_wconf 90' lang='lat' dir='ltr'>non</span> <span class='ocrx_word' id='word_1_566' title='bbox 617 2820 818 2853; x_wconf 86' lang='lat' dir='ltr'>componere</span> <span class='ocrx_word' id='word_1_567' title='bbox 834 2812 1006 2842; x_wconf 87' lang='lat' dir='ltr'>essentiam</span> <span class='ocrx_word' id='word_1_568' title='bbox 1023 2820 1115 2842; x_wconf 86' lang='lat' dir='ltr'>suam</span> <span class='ocrx_word' id='word_1_569' title='bbox 1132 2811 1377 2852; x_wconf 84' lang='lat' dir='ltr'>cognoscendo,</span> 
     </span>
     <span class='ocr_line' id='line_1_62' title="bbox 301 2855 1378 2898; baseline -0.001 -10"><span class='ocrx_word' id='word_1_570' title='bbox 301 2858 376 2898; x_wconf 92' lang='lat' dir='ltr'>quia</span> <span class='ocrx_word' id='word_1_571' title='bbox 399 2857 469 2898; x_wconf 88' lang='lat' dir='ltr'>ipsa</span> <span class='ocrx_word' id='word_1_572' title='bbox 496 2857 679 2898; x_wconf 77' lang='lat' dir='ltr'>composita</span> <span class='ocrx_word' id='word_1_573' title='bbox 709 2866 778 2888; x_wconf 89' lang='lat' dir='ltr'>non</span> <span class='ocrx_word' id='word_1_574' title='bbox 808 2861 866 2893; x_wconf 87' lang='lat' dir='ltr'>est,</span> <span class='ocrx_word' id='word_1_575' title='bbox 895 2855 1018 2888; x_wconf 88' lang='lat' dir='ltr'>scilicet</span> <span class='ocrx_word' id='word_1_576' title='bbox 1047 2857 1082 2887; x_wconf 91' lang='lat' dir='ltr'>in</span> <span class='ocrx_word' id='word_1_577' title='bbox 1110 2865 1159 2893; x_wconf 88' lang='lat' dir='ltr'>se;</span> <span class='ocrx_word' id='word_1_578' title='bbox 1191 2862 1224 2887; x_wconf 89' lang='lat' dir='ltr'>et</span> <span class='ocrx_word' id='word_1_579' title='bbox 1255 2855 1378 2888; x_wconf 81' lang='lat' dir='ltr'>addidit</span> 
     </span>
     <span class='ocr_line' id='line_1_63' title="bbox 301 2901 1376 2944; baseline -0.002 -10"><span class='ocrx_word' id='word_1_580' title='bbox 301 2903 398 2934; x_wconf 86' lang='lat' dir='ltr'>etiam</span> <span class='ocrx_word' id='word_1_581' title='bbox 418 2901 509 2943; x_wconf 88' lang='lat' dir='ltr'>quod</span> <span class='ocrx_word' id='word_1_582' title='bbox 528 2902 699 2944; x_wconf 75' lang='lat' dir='ltr'>cognoscit</span> <span class='ocrx_word' id='word_1_583' title='bbox 718 2901 859 2943; x_wconf 75' lang='lat' dir='ltr'>seipsum</span> <span class='ocrx_word' id='word_1_584' title='bbox 874 2901 959 2932; x_wconf 79' lang='lat' dir='ltr'>sicut</span> <span class='ocrx_word' id='word_1_585' title='bbox 979 2906 1035 2938; x_wconf 85' lang='lat' dir='ltr'>est,</span> <span class='ocrx_word' id='word_1_586' title='bbox 1061 2906 1097 2932; x_wconf 89' lang='lat' dir='ltr'>ut</span> <span class='ocrx_word' id='word_1_587' title='bbox 1117 2901 1265 2933; x_wconf 86' lang='lat' dir='ltr'>ostendat</span> <span class='ocrx_word' id='word_1_588' title='bbox 1285 2901 1376 2943; x_wconf 92' lang='lat' dir='ltr'>quod</span> 
     </span>
     <span class='ocr_line' id='line_1_64' title="bbox 300 2945 1376 2988; baseline -0.001 -10"><span class='ocrx_word' id='word_1_589' title='bbox 300 2957 362 2978; x_wconf 90' lang='lat' dir='ltr'>nec</span> <span class='ocrx_word' id='word_1_590' title='bbox 384 2947 482 2978; x_wconf 87' lang='lat' dir='ltr'>etiam</span> <span class='ocrx_word' id='word_1_591' title='bbox 511 2946 693 2978; x_wconf 87' lang='lat' dir='ltr'>secundum</span> <span class='ocrx_word' id='word_1_592' title='bbox 721 2945 812 2988; x_wconf 87' lang='lat' dir='ltr'>quod</span> <span class='ocrx_word' id='word_1_593' title='bbox 836 2956 853 2977; x_wconf 90' lang='lat' dir='ltr'>a</span> <span class='ocrx_word' id='word_1_594' title='bbox 877 2947 985 2987; x_wconf 90' lang='lat' dir='ltr'>seipso</span> <span class='ocrx_word' id='word_1_595' title='bbox 1015 2945 1213 2987; x_wconf 81' lang='lat' dir='ltr'>intelligitur,</span> <span class='ocrx_word' id='word_1_596' title='bbox 1239 2955 1376 2987; x_wconf 88' lang='lat' dir='ltr'>compo-</span> 
     </span>
     <span class='ocr_line' id='line_1_65' title="bbox 300 2989 1376 3032; baseline -0.001 -9"><span class='ocrx_word' id='word_1_597' title='bbox 300 2991 451 3023; x_wconf 89' lang='lat' dir='ltr'>sitionem</span> <span class='ocrx_word' id='word_1_598' title='bbox 474 2991 580 3023; x_wconf 88' lang='lat' dir='ltr'>habet.</span> <span class='ocrx_word' id='word_1_599' title='bbox 611 2990 653 3023; x_wconf 88' lang='lat' dir='ltr'>Et</span> <span class='ocrx_word' id='word_1_600' title='bbox 676 2991 721 3022; x_wconf 85' lang='lat' dir='ltr'>sic</span> <span class='ocrx_word' id='word_1_601' title='bbox 749 3001 787 3022; x_wconf 88' lang='lat' dir='ltr'>ex</span> <span class='ocrx_word' id='word_1_602' title='bbox 811 2989 900 3022; x_wconf 86' lang='lat' dir='ltr'>nulla</span> <span class='ocrx_word' id='word_1_603' title='bbox 923 2996 1012 3032; x_wconf 88' lang='lat' dir='ltr'>parte</span> <span class='ocrx_word' id='word_1_604' title='bbox 1035 2991 1139 3032; x_wconf 83' lang='lat' dir='ltr'>ipsam</span> <span class='ocrx_word' id='word_1_605' title='bbox 1165 2990 1376 3032; x_wconf 89' lang='lat' dir='ltr'>intelligendo</span> 
     </span>
     <span class='ocr_line' id='line_1_66' title="bbox 301 3034 1376 3078; baseline 0 -11"><span class='ocrx_word' id='word_1_606' title='bbox 301 3037 487 3078; x_wconf 86' lang='lat' dir='ltr'>componit:</span> <span class='ocrx_word' id='word_1_607' title='bbox 511 3045 588 3068; x_wconf 89' lang='lat' dir='ltr'>cum</span> <span class='ocrx_word' id='word_1_608' title='bbox 608 3041 758 3077; x_wconf 88' lang='lat' dir='ltr'>oporteat</span> <span class='ocrx_word' id='word_1_609' title='bbox 779 3036 1012 3076; x_wconf 85' lang='lat' dir='ltr'>compositioni</span> <span class='ocrx_word' id='word_1_610' title='bbox 1032 3034 1214 3067; x_wconf 87' lang='lat' dir='ltr'>intellectus</span> <span class='ocrx_word' id='word_1_611' title='bbox 1234 3036 1376 3077; x_wconf 88' lang='lat' dir='ltr'>aliquam</span> 
     </span>
     <span class='ocr_line' id='line_1_67' title="bbox 301 3080 1377 3122; baseline 0 -10"><span class='ocrx_word' id='word_1_612' title='bbox 301 3081 575 3122; x_wconf 87' lang='lat' dir='ltr'>compositionem</span> <span class='ocrx_word' id='word_1_613' title='bbox 599 3090 637 3112; x_wconf 87' lang='lat' dir='ltr'>ex</span> <span class='ocrx_word' id='word_1_614' title='bbox 660 3086 750 3122; x_wconf 87' lang='lat' dir='ltr'>parte</span> <span class='ocrx_word' id='word_1_615' title='bbox 774 3081 818 3111; x_wconf 87' lang='lat' dir='ltr'>rei</span> <span class='ocrx_word' id='word_1_616' title='bbox 843 3080 944 3111; x_wconf 89' lang='lat' dir='ltr'>altero</span> <span class='ocrx_word' id='word_1_617' title='bbox 963 3080 1095 3111; x_wconf 88' lang='lat' dir='ltr'>illorum</span> <span class='ocrx_word' id='word_1_618' title='bbox 1112 3080 1287 3113; x_wconf 89' lang='lat' dir='ltr'>modorum</span> <span class='ocrx_word' id='word_1_619' title='bbox 1305 3091 1377 3112; x_wconf 91' lang='lat' dir='ltr'>cor-</span> 
     </span>
     <span class='ocr_line' id='line_1_68' title="bbox 301 3125 506 3167; baseline 0 -10"><span class='ocrx_word' id='word_1_620' title='bbox 301 3125 506 3167; x_wconf 88' lang='lat' dir='ltr'>respondere.</span> 
     </span>
    </p>

    <p class='ocr_par' dir='ltr' id='par_1_21' title="bbox 301 3170 1377 3435">
     <span class='ocr_line' id='line_1_69' title="bbox 356 3170 1377 3212; baseline 0.001 -11"><span class='ocrx_word' id='word_1_621' title='bbox 356 3171 392 3201; x_wconf 90' lang='lat'>11.</span> <span class='ocrx_word' id='word_1_622' title='bbox 418 3170 578 3202; x_wconf 81' lang='lat' dir='ltr'>Secundo.</span> <span class='ocrx_word' id='word_1_623' title='bbox 603 3170 637 3202; x_wconf 89' lang='lat' dir='ltr'>Si</span> <span class='ocrx_word' id='word_1_624' title='bbox 660 3176 875 3212; x_wconf 87' lang='lat' dir='ltr'>componeret</span> <span class='ocrx_word' id='word_1_625' title='bbox 898 3176 930 3201; x_wconf 90' lang='lat' dir='ltr'>et</span> <span class='ocrx_word' id='word_1_626' title='bbox 953 3170 1119 3207; x_wconf 87' lang='lat' dir='ltr'>divideret,</span> <span class='ocrx_word' id='word_1_627' title='bbox 1143 3179 1212 3201; x_wconf 91' lang='lat' dir='ltr'>non</span> <span class='ocrx_word' id='word_1_628' title='bbox 1235 3180 1304 3202; x_wconf 90' lang='lat' dir='ltr'>uno</span> <span class='ocrx_word' id='word_1_629' title='bbox 1328 3171 1377 3202; x_wconf 91' lang='lat' dir='ltr'>in-</span> 
     </span>
     <span class='ocr_line' id='line_1_70' title="bbox 301 3215 1377 3252; baseline 0.002 -7"><span class='ocrx_word' id='word_1_630' title='bbox 301 3216 384 3246; x_wconf 90' lang='lat' dir='ltr'>tuitu</span> <span class='ocrx_word' id='word_1_631' title='bbox 409 3216 520 3247; x_wconf 91' lang='lat' dir='ltr'>omnia</span> <span class='ocrx_word' id='word_1_632' title='bbox 543 3215 771 3252; x_wconf 85' lang='lat' dir='ltr'>consideraret,</span> <span class='ocrx_word' id='word_1_633' title='bbox 788 3215 844 3246; x_wconf 90' lang='lat' dir='ltr'>sed</span> <span class='ocrx_word' id='word_1_634' title='bbox 867 3224 1026 3246; x_wconf 88' lang='lat' dir='ltr'>seorsum.</span> <span class='ocrx_word' id='word_1_635' title='bbox 1042 3233 1064 3238; x_wconf 94' lang='lat'>—</span> <span class='ocrx_word' id='word_1_636' title='bbox 1080 3215 1239 3246; x_wconf 82' lang='lat' dir='ltr'>Probatur</span> <span class='ocrx_word' id='word_1_637' title='bbox 1262 3225 1377 3247; x_wconf 87' lang='lat' dir='ltr'>conse-</span> 
     </span>
     <span class='ocr_line' id='line_1_71' title="bbox 303 3258 1377 3302; baseline 0 -11"><span class='ocrx_word' id='word_1_638' title='bbox 303 3261 444 3300; x_wconf 87' lang='lat' dir='ltr'>quentia.</span> <span class='ocrx_word' id='word_1_639' title='bbox 469 3259 555 3299; x_wconf 88' lang='lat' dir='ltr'>Quia</span> <span class='ocrx_word' id='word_1_640' title='bbox 579 3269 663 3301; x_wconf 92' lang='lat' dir='ltr'>quae</span> <span class='ocrx_word' id='word_1_641' title='bbox 683 3265 929 3302; x_wconf 89' lang='lat' dir='ltr'>componuntur</span> <span class='ocrx_word' id='word_1_642' title='bbox 947 3265 977 3290; x_wconf 90' lang='lat' dir='ltr'>et</span> <span class='ocrx_word' id='word_1_643' title='bbox 998 3258 1185 3291; x_wconf 81' lang='lat' dir='ltr'>dividuntur</span> <span class='ocrx_word' id='word_1_644' title='bbox 1203 3265 1277 3290; x_wconf 86' lang='lat' dir='ltr'>nata</span> <span class='ocrx_word' id='word_1_645' title='bbox 1301 3266 1377 3291; x_wconf 91' lang='lat' dir='ltr'>sunt</span> 
     </span>
     <span class='ocr_line' id='line_1_72' title="bbox 302 3304 1376 3345; baseline 0 -10"><span class='ocrx_word' id='word_1_646' title='bbox 302 3314 445 3335; x_wconf 89' lang='lat' dir='ltr'>seorsum</span> <span class='ocrx_word' id='word_1_647' title='bbox 470 3305 509 3336; x_wconf 85' lang='lat' dir='ltr'>ab</span> <span class='ocrx_word' id='word_1_648' title='bbox 529 3305 669 3336; x_wconf 87' lang='lat' dir='ltr'>invicem</span> <span class='ocrx_word' id='word_1_649' title='bbox 686 3304 892 3336; x_wconf 85' lang='lat' dir='ltr'>considerari.</span> <span class='ocrx_word' id='word_1_650' title='bbox 915 3304 999 3335; x_wconf 87' lang='lat' dir='ltr'>Nam</span> <span class='ocrx_word' id='word_1_651' title='bbox 1025 3304 1061 3341; x_wconf 85' lang='lat' dir='ltr'>si,</span> <span class='ocrx_word' id='word_1_652' title='bbox 1079 3305 1212 3345; x_wconf 89' lang='lat' dir='ltr'>cognito</span> <span class='ocrx_word' id='word_1_653' title='bbox 1229 3304 1308 3345; x_wconf 89' lang='lat' dir='ltr'>quid</span> <span class='ocrx_word' id='word_1_654' title='bbox 1329 3310 1376 3336; x_wconf 89' lang='lat' dir='ltr'>est</span> 
     </span>
     <span class='ocr_line' id='line_1_73' title="bbox 303 3349 1375 3391; baseline 0.001 -12"><span class='ocrx_word' id='word_1_655' title='bbox 303 3359 360 3385; x_wconf 86' lang='lat' dir='ltr'>res,</span> <span class='ocrx_word' id='word_1_656' title='bbox 385 3350 490 3380; x_wconf 87' lang='lat' dir='ltr'>statim</span> <span class='ocrx_word' id='word_1_657' title='bbox 515 3355 767 3391; x_wconf 80' lang='lat' dir='ltr'>cognosceretur</span> <span class='ocrx_word' id='word_1_658' title='bbox 782 3349 862 3391; x_wconf 90' lang='lat' dir='ltr'>quid</span> <span class='ocrx_word' id='word_1_659' title='bbox 879 3349 909 3380; x_wconf 92' lang='lat' dir='ltr'>ei</span> <span class='ocrx_word' id='word_1_660' title='bbox 931 3349 1014 3380; x_wconf 88' lang='lat' dir='ltr'>inest</span> <span class='ocrx_word' id='word_1_661' title='bbox 1033 3349 1084 3380; x_wconf 90' lang='lat' dir='ltr'>vel</span> <span class='ocrx_word' id='word_1_662' title='bbox 1108 3359 1175 3380; x_wconf 92' lang='lat' dir='ltr'>non</span> <span class='ocrx_word' id='word_1_663' title='bbox 1198 3349 1290 3385; x_wconf 86' lang='lat' dir='ltr'>inest,</span> <span class='ocrx_word' id='word_1_664' title='bbox 1308 3359 1375 3380; x_wconf 92' lang='lat' dir='ltr'>non</span> 
     </span>
     <span class='ocr_line' id='line_1_74' title="bbox 303 3394 1006 3435; baseline 0.001 -11"><span class='ocrx_word' id='word_1_665' title='bbox 303 3400 384 3425; x_wconf 81' lang='lat' dir='ltr'>esset</span> <span class='ocrx_word' id='word_1_666' title='bbox 408 3404 492 3435; x_wconf 90' lang='lat' dir='ltr'>opus</span> <span class='ocrx_word' id='word_1_667' title='bbox 516 3395 758 3435; x_wconf 84' lang='lat' dir='ltr'>compositione</span> <span class='ocrx_word' id='word_1_668' title='bbox 781 3400 814 3426; x_wconf 89' lang='lat' dir='ltr'>et</span> <span class='ocrx_word' id='word_1_669' title='bbox 836 3394 1006 3426; x_wconf 81' lang='lat' dir='ltr'>divisione.</span> 
     </span>
    </p>

    <p class='ocr_par' dir='ltr' id='par_1_22' title="bbox 305 3437 1377 3703">
     <span class='ocr_line' id='line_1_75' title="bbox 359 3437 1376 3479; baseline 0.001 -10"><span class='ocrx_word' id='word_1_670' title='bbox 359 3438 612 3476; x_wconf 83' lang='lat' dir='ltr'>Advertendum‚</span> <span class='ocrx_word' id='word_1_671' title='bbox 643 3445 680 3471; x_wconf 92' lang='lat' dir='ltr'>ut</span> <span class='ocrx_word' id='word_1_672' title='bbox 708 3440 844 3471; x_wconf 85' lang='lat' dir='ltr'>habetur</span> <span class='ocrx_word' id='word_1_673' title='bbox 872 3439 979 3470; x_wconf 87' lang='lat' dir='ltr'>Prima</span> <span class='ocrx_word' id='word_1_674' title='bbox 1008 3437 1112 3475; x_wconf 78' lang='lat' dir='ltr'>Parte,</span> <span class='ocrx_word' id='word_1_675' title='bbox 1136 3448 1168 3479; x_wconf 93' lang='lat' dir='ltr'>q.</span> <span class='ocrx_word' id='word_1_676' title='bbox 1190 3440 1321 3470; x_wconf 67' lang='lat' dir='ltr'>Lxxxv*</span> <span class='ocrx_word' id='word_1_677' title='bbox 1345 3445 1376 3470; x_wconf 92' lang='lat' dir='ltr'>et</span> 
     </span>
     <span class='ocr_line' id='line_1_76' title="bbox 305 3483 1375 3525; baseline 0.003 -14"><span class='ocrx_word' id='word_1_678' title='bbox 305 3492 377 3512; x_wconf 66' lang='lat' dir='ltr'>tvm</span> <span class='ocrx_word' id='word_1_679' title='bbox 393 3484 419 3519; x_wconf 71' lang='lat'>⁴⁶,</span> <span class='ocrx_word' id='word_1_680' title='bbox 437 3483 527 3524; x_wconf 93' lang='lat' dir='ltr'>quod</span> <span class='ocrx_word' id='word_1_681' title='bbox 542 3483 617 3515; x_wconf 92' lang='lat' dir='ltr'>ideo</span> <span class='ocrx_word' id='word_1_682' title='bbox 634 3484 816 3515; x_wconf 87' lang='lat' dir='ltr'>intellectus</span> <span class='ocrx_word' id='word_1_683' title='bbox 831 3489 942 3515; x_wconf 90' lang='lat' dir='ltr'>noster</span> <span class='ocrx_word' id='word_1_684' title='bbox 958 3484 1127 3524; x_wconf 87' lang='lat' dir='ltr'>cognoscit</span> <span class='ocrx_word' id='word_1_685' title='bbox 1143 3484 1375 3525; x_wconf 89' lang='lat' dir='ltr'>componendo</span> 
     </span>
     <span class='ocr_line' id='line_1_77' title="bbox 306 3526 1375 3570; baseline 0.003 -14"><span class='ocrx_word' id='word_1_686' title='bbox 306 3533 336 3557; x_wconf 86' lang='lat' dir='ltr'>et</span> <span class='ocrx_word' id='word_1_687' title='bbox 359 3526 531 3559; x_wconf 89' lang='lat' dir='ltr'>dividendo</span> <span class='ocrx_word' id='word_1_688' title='bbox 557 3530 642 3569; x_wconf 77' lang='lat' dir='ltr'>quia,</span> <span class='ocrx_word' id='word_1_689' title='bbox 667 3539 743 3560; x_wconf 90' lang='lat' dir='ltr'>cum</span> <span class='ocrx_word' id='word_1_690' title='bbox 773 3528 928 3570; x_wconf 88' lang='lat' dir='ltr'>procedat</span> <span class='ocrx_word' id='word_1_691' title='bbox 956 3528 996 3559; x_wconf 91' lang='lat' dir='ltr'>de</span> <span class='ocrx_word' id='word_1_692' title='bbox 1019 3528 1165 3569; x_wconf 85' lang='lat' dir='ltr'>potentia</span> <span class='ocrx_word' id='word_1_693' title='bbox 1189 3528 1228 3559; x_wconf 91' lang='lat' dir='ltr'>ad</span> <span class='ocrx_word' id='word_1_694' title='bbox 1256 3534 1375 3566; x_wconf 86' lang='lat' dir='ltr'>actum,</span> 
     </span>
     <span class='ocr_line' id='line_1_78' title="bbox 305 3571 1376 3614; baseline 0.004 -14"><span class='ocrx_word' id='word_1_695' title='bbox 305 3580 372 3601; x_wconf 89' lang='lat' dir='ltr'>non</span> <span class='ocrx_word' id='word_1_696' title='bbox 396 3573 501 3602; x_wconf 86' lang='lat' dir='ltr'>statim</span> <span class='ocrx_word' id='word_1_697' title='bbox 524 3573 620 3604; x_wconf 87' lang='lat' dir='ltr'>habet</span> <span class='ocrx_word' id='word_1_698' title='bbox 649 3573 825 3614; x_wconf 84' lang='lat' dir='ltr'>perfectam</span> <span class='ocrx_word' id='word_1_699' title='bbox 855 3574 898 3604; x_wconf 91' lang='lat' dir='ltr'>rei</span> <span class='ocrx_word' id='word_1_700' title='bbox 928 3573 1162 3614; x_wconf 86' lang='lat' dir='ltr'>cognitionem,</span> <span class='ocrx_word' id='word_1_701' title='bbox 1186 3571 1242 3604; x_wconf 87' lang='lat' dir='ltr'>sed</span> <span class='ocrx_word' id='word_1_702' title='bbox 1269 3573 1376 3614; x_wconf 89' lang='lat' dir='ltr'>primo</span> 
     </span>
     <span class='ocr_line' id='line_1_79' title="bbox 306 3615 1377 3659; baseline 0.004 -15"><span class='ocrx_word' id='word_1_703' title='bbox 306 3615 350 3645; x_wconf 88' lang='lat' dir='ltr'>rei</span> <span class='ocrx_word' id='word_1_704' title='bbox 374 3615 585 3655; x_wconf 86' lang='lat' dir='ltr'>quidditatem</span> <span class='ocrx_word' id='word_1_705' title='bbox 602 3619 780 3658; x_wconf 85' lang='lat' dir='ltr'>cognoscit.</span> <span class='ocrx_word' id='word_1_706' title='bbox 797 3617 915 3650; x_wconf 87' lang='lat' dir='ltr'>deinde</span> <span class='ocrx_word' id='word_1_707' title='bbox 935 3618 1102 3659; x_wconf 83' lang='lat' dir='ltr'>passiones</span> <span class='ocrx_word' id='word_1_708' title='bbox 1121 3623 1152 3649; x_wconf 89' lang='lat' dir='ltr'>et</span> <span class='ocrx_word' id='word_1_709' title='bbox 1173 3618 1377 3649; x_wconf 84' lang='lat' dir='ltr'>habitudines</span> 
     </span>
     <span class='ocr_line' id='line_1_80' title="bbox 307 3660 1376 3703; baseline 0.004 -14"><span class='ocrx_word' id='word_1_710' title='bbox 307 3660 562 3697; x_wconf 88' lang='lat' dir='ltr'>circumstantes;</span> <span class='ocrx_word' id='word_1_711' title='bbox 587 3662 673 3692; x_wconf 89' lang='lat' dir='ltr'>unde</span> <span class='ocrx_word' id='word_1_712' title='bbox 697 3672 830 3694; x_wconf 86' lang='lat' dir='ltr'>necesse</span> <span class='ocrx_word' id='word_1_713' title='bbox 861 3668 908 3693; x_wconf 90' lang='lat' dir='ltr'>est</span> <span class='ocrx_word' id='word_1_714' title='bbox 935 3668 972 3694; x_wconf 91' lang='lat' dir='ltr'>ut</span> <span class='ocrx_word' id='word_1_715' title='bbox 1000 3672 1037 3693; x_wconf 91' lang='lat' dir='ltr'>ea</span> <span class='ocrx_word' id='word_1_716' title='bbox 1061 3671 1145 3703; x_wconf 87' lang='lat' dir='ltr'>quae</span> <span class='ocrx_word' id='word_1_717' title='bbox 1169 3662 1295 3693; x_wconf 82' lang='lat' dir='ltr'>divisim</span> <span class='ocrx_word' id='word_1_718' title='bbox 1321 3672 1376 3693; x_wconf 91' lang='lat' dir='ltr'>co-</span> 
     </span>
    </p>
   </div>
   <div class='ocr_carea' id='block_1_18' title="bbox 1429 1824 2516 3703">
    <p class='ocr_par' dir='ltr' id='par_1_23' title="bbox 1433 1824 2514 1955">
     <span class='ocr_line' id='line_1_81' title="bbox 1433 1824 2514 1867; baseline 0.001 -11"><span class='ocrx_word' id='word_1_719' title='bbox 1433 1825 1536 1856; x_wconf 87' lang='lat' dir='ltr'>titiam</span> <span class='ocrx_word' id='word_1_720' title='bbox 1559 1826 1702 1856; x_wconf 87' lang='lat' dir='ltr'>haberet.</span> <span class='ocrx_word' id='word_1_721' title='bbox 1718 1824 1821 1864; x_wconf 89' lang='lat' dir='ltr'>Quod</span> <span class='ocrx_word' id='word_1_722' title='bbox 1844 1834 1922 1856; x_wconf 82' lang='lat' dir='ltr'>sane</span> <span class='ocrx_word' id='word_1_723' title='bbox 1936 1825 2116 1856; x_wconf 88' lang='lat' dir='ltr'>intellectui</span> <span class='ocrx_word' id='word_1_724' title='bbox 2139 1825 2252 1856; x_wconf 90' lang='lat' dir='ltr'>divino</span> <span class='ocrx_word' id='word_1_725' title='bbox 2268 1826 2439 1867; x_wconf 86' lang='lat' dir='ltr'>contingit,</span> <span class='ocrx_word' id='word_1_726' title='bbox 2454 1826 2514 1867; x_wconf 83' lang='lat' dir='ltr'>qui</span> 
     </span>
     <span class='ocr_line' id='line_1_82' title="bbox 1433 1870 2513 1912; baseline 0.002 -12"><span class='ocrx_word' id='word_1_727' title='bbox 1433 1870 1534 1901; x_wconf 92' lang='lat' dir='ltr'>unico</span> <span class='ocrx_word' id='word_1_728' title='bbox 1557 1875 1632 1901; x_wconf 86' lang='lat' dir='ltr'>actu</span> <span class='ocrx_word' id='word_1_729' title='bbox 1656 1870 1768 1901; x_wconf 87' lang='lat' dir='ltr'>omnia</span> <span class='ocrx_word' id='word_1_730' title='bbox 1788 1879 1873 1911; x_wconf 79' lang='lat' dir='ltr'>quae</span> <span class='ocrx_word' id='word_1_731' title='bbox 1895 1870 1929 1901; x_wconf 90' lang='lat' dir='ltr'>in</span> <span class='ocrx_word' id='word_1_732' title='bbox 1949 1879 1983 1901; x_wconf 91' lang='lat' dir='ltr'>re</span> <span class='ocrx_word' id='word_1_733' title='bbox 2007 1879 2077 1901; x_wconf 89' lang='lat' dir='ltr'>esse</span> <span class='ocrx_word' id='word_1_734' title='bbox 2097 1875 2153 1900; x_wconf 83' lang='lat' dir='ltr'>aut</span> <span class='ocrx_word' id='word_1_735' title='bbox 2175 1878 2244 1901; x_wconf 88' lang='lat' dir='ltr'>non</span> <span class='ocrx_word' id='word_1_736' title='bbox 2268 1879 2339 1901; x_wconf 86' lang='lat' dir='ltr'>esse</span> <span class='ocrx_word' id='word_1_737' title='bbox 2362 1875 2513 1912; x_wconf 77' lang='lat' dir='ltr'>possunt,</span> 
     </span>
     <span class='ocr_line' id='line_1_83' title="bbox 1433 1914 1657 1955; baseline 0 -10"><span class='ocrx_word' id='word_1_738' title='bbox 1433 1914 1657 1955; x_wconf 87' lang='lat' dir='ltr'>apprehendit.</span> 
     </span>
    </p>

    <p class='ocr_par' dir='ltr' id='par_1_24' title="bbox 1431 1957 2516 2135">
     <span class='ocr_line' id='line_1_84' title="bbox 1493 1957 2516 2001; baseline 0 -11"><span class='ocrx_word' id='word_1_739' title='bbox 1493 1959 1615 1990; x_wconf 80' lang='lat' dir='ltr'>Tertio.</span> <span class='ocrx_word' id='word_1_740' title='bbox 1633 1959 1669 1990; x_wconf 91' lang='lat' dir='ltr'>ln</span> <span class='ocrx_word' id='word_1_741' title='bbox 1693 1959 1765 1990; x_wconf 91' lang='lat' dir='ltr'>Deo</span> <span class='ocrx_word' id='word_1_742' title='bbox 1789 1968 1859 1990; x_wconf 89' lang='lat' dir='ltr'>non</span> <span class='ocrx_word' id='word_1_743' title='bbox 1874 1964 1983 2000; x_wconf 75' lang='lat' dir='ltr'>potest</span> <span class='ocrx_word' id='word_1_744' title='bbox 1998 1968 2068 1990; x_wconf 85' lang='lat' dir='ltr'>esse</span> <span class='ocrx_word' id='word_1_745' title='bbox 2084 1959 2174 2000; x_wconf 81' lang='lat' dir='ltr'>prius</span> <span class='ocrx_word' id='word_1_746' title='bbox 2189 1957 2222 1990; x_wconf 89' lang='lat' dir='ltr'>et</span> <span class='ocrx_word' id='word_1_747' title='bbox 2236 1959 2409 2000; x_wconf 86' lang='lat' dir='ltr'>posterius.</span> <span class='ocrx_word' id='word_1_748' title='bbox 2426 1958 2516 2001; x_wconf 76' lang='lat' dir='ltr'>Ergo</span> 
     </span>
     <span class='ocr_line' id='line_1_85' title="bbox 1432 2003 2516 2045; baseline 0.002 -11"><span class='ocrx_word' id='word_1_749' title='bbox 1432 2013 1501 2034; x_wconf 92' lang='lat' dir='ltr'>non</span> <span class='ocrx_word' id='word_1_750' title='bbox 1518 2009 1566 2034; x_wconf 90' lang='lat' dir='ltr'>est</span> <span class='ocrx_word' id='word_1_751' title='bbox 1588 2004 1622 2034; x_wconf 91' lang='lat' dir='ltr'>in</span> <span class='ocrx_word' id='word_1_752' title='bbox 1638 2004 1712 2045; x_wconf 89' lang='lat' dir='ltr'>ipso</span> <span class='ocrx_word' id='word_1_753' title='bbox 1729 2004 1937 2045; x_wconf 88' lang='lat' dir='ltr'>compositio.</span> <span class='ocrx_word' id='word_1_754' title='bbox 1953 2021 1977 2026; x_wconf 98' lang='lat'>—</span> <span class='ocrx_word' id='word_1_755' title='bbox 1992 2003 2151 2035; x_wconf 79' lang='lat' dir='ltr'>Probatur</span> <span class='ocrx_word' id='word_1_756' title='bbox 2166 2004 2411 2045; x_wconf 85' lang='lat' dir='ltr'>consequentia.</span> <span class='ocrx_word' id='word_1_757' title='bbox 2427 2003 2516 2044; x_wconf 80' lang='lat' dir='ltr'>Quia</span> 
     </span>
     <span class='ocr_line' id='line_1_86' title="bbox 1433 2047 2516 2092; baseline 0.001 -12"><span class='ocrx_word' id='word_1_758' title='bbox 1433 2049 1632 2089; x_wconf 89' lang='lat' dir='ltr'>compositio</span> <span class='ocrx_word' id='word_1_759' title='bbox 1661 2055 1693 2080; x_wconf 89' lang='lat' dir='ltr'>et</span> <span class='ocrx_word' id='word_1_760' title='bbox 1721 2048 1837 2080; x_wconf 87' lang='lat' dir='ltr'>divisio</span> <span class='ocrx_word' id='word_1_761' title='bbox 1866 2054 1914 2080; x_wconf 90' lang='lat' dir='ltr'>est</span> <span class='ocrx_word' id='word_1_762' title='bbox 1944 2049 2107 2090; x_wconf 89' lang='lat' dir='ltr'>posterior</span> <span class='ocrx_word' id='word_1_763' title='bbox 2135 2047 2396 2080; x_wconf 88' lang='lat' dir='ltr'>consideratione</span> <span class='ocrx_word' id='word_1_764' title='bbox 2426 2049 2516 2092; x_wconf 80' lang='lat' dir='ltr'>quod</span> 
     </span>
     <span class='ocr_line' id='line_1_87' title="bbox 1431 2093 1591 2135; baseline 0 -11"><span class='ocrx_word' id='word_1_765' title='bbox 1431 2093 1512 2135; x_wconf 83' lang='lat' dir='ltr'>quid</span> <span class='ocrx_word' id='word_1_766' title='bbox 1535 2098 1591 2124; x_wconf 85' lang='lat' dir='ltr'>est.</span> 
     </span>
    </p>

    <p class='ocr_par' dir='ltr' id='par_1_25' title="bbox 1432 2138 2515 2314">
     <span class='ocr_line' id='line_1_88' title="bbox 1489 2138 2515 2180; baseline 0.001 -11"><span class='ocrx_word' id='word_1_767' title='bbox 1489 2138 1631 2169; x_wconf 87' lang='lat' dir='ltr'>Adverte</span> <span class='ocrx_word' id='word_1_768' title='bbox 1650 2138 1742 2180; x_wconf 92' lang='lat' dir='ltr'>quod</span> <span class='ocrx_word' id='word_1_769' title='bbox 1759 2139 1818 2169; x_wconf 90' lang='lat' dir='ltr'>ista</span> <span class='ocrx_word' id='word_1_770' title='bbox 1839 2139 1922 2170; x_wconf 86' lang='lat' dir='ltr'>ratio</span> <span class='ocrx_word' id='word_1_771' title='bbox 1941 2138 2047 2170; x_wconf 80' lang='lat' dir='ltr'>differt</span> <span class='ocrx_word' id='word_1_772' title='bbox 2068 2148 2086 2169; x_wconf 91' lang='lat' dir='ltr'>a</span> <span class='ocrx_word' id='word_1_773' title='bbox 2109 2138 2338 2180; x_wconf 88' lang='lat' dir='ltr'>praecedente:</span> <span class='ocrx_word' id='word_1_774' title='bbox 2363 2138 2440 2180; x_wconf 83' lang='lat' dir='ltr'>quis</span> <span class='ocrx_word' id='word_1_775' title='bbox 2460 2138 2515 2171; x_wconf 87' lang='lat' dir='ltr'>illa</span> 
     </span>
     <span class='ocr_line' id='line_1_89' title="bbox 1432 2183 2514 2226; baseline 0.001 -12"><span class='ocrx_word' id='word_1_776' title='bbox 1432 2183 1631 2224; x_wconf 89' lang='lat' dir='ltr'>procedebat</span> <span class='ocrx_word' id='word_1_777' title='bbox 1647 2193 1685 2214; x_wconf 89' lang='lat' dir='ltr'>ex</span> <span class='ocrx_word' id='word_1_778' title='bbox 1710 2183 1825 2215; x_wconf 92' lang='lat' dir='ltr'>ordine</span> <span class='ocrx_word' id='word_1_779' title='bbox 1841 2184 2050 2226; x_wconf 87' lang='lat' dir='ltr'>cognitorum</span> <span class='ocrx_word' id='word_1_780' title='bbox 2073 2183 2286 2225; x_wconf 88' lang='lat' dir='ltr'>simplicium;</span> <span class='ocrx_word' id='word_1_781' title='bbox 2303 2184 2383 2215; x_wconf 87' lang='lat' dir='ltr'>haec</span> <span class='ocrx_word' id='word_1_782' title='bbox 2404 2189 2514 2215; x_wconf 85' lang='lat' dir='ltr'>autem</span> 
     </span>
     <span class='ocr_line' id='line_1_90' title="bbox 1433 2227 2514 2270; baseline 0.001 -10"><span class='ocrx_word' id='word_1_783' title='bbox 1433 2236 1473 2260; x_wconf 86' lang='lat' dir='ltr'>ex</span> <span class='ocrx_word' id='word_1_784' title='bbox 1491 2227 1606 2260; x_wconf 84' lang='lat' dir='ltr'>ordine</span> <span class='ocrx_word' id='word_1_785' title='bbox 1621 2229 1765 2270; x_wconf 88' lang='lat' dir='ltr'>ipsarum</span> <span class='ocrx_word' id='word_1_786' title='bbox 1780 2229 2020 2270; x_wconf 87' lang='lat' dir='ltr'>cognitionum,</span> <span class='ocrx_word' id='word_1_787' title='bbox 2040 2227 2197 2269; x_wconf 86' lang='lat' dir='ltr'>simplicis</span> <span class='ocrx_word' id='word_1_788' title='bbox 2211 2228 2347 2270; x_wconf 80' lang='lat' dir='ltr'>inquam</span> <span class='ocrx_word' id='word_1_789' title='bbox 2371 2234 2404 2260; x_wconf 90' lang='lat' dir='ltr'>et</span> <span class='ocrx_word' id='word_1_790' title='bbox 2423 2237 2514 2261; x_wconf 91' lang='lat' dir='ltr'>com-</span> 
     </span>
     <span class='ocr_line' id='line_1_91' title="bbox 1433 2273 1568 2314; baseline 0.007 -11"><span class='ocrx_word' id='word_1_791' title='bbox 1433 2273 1568 2314; x_wconf 85' lang='lat' dir='ltr'>positae.</span> 
     </span>
    </p>

    <p class='ocr_par' dir='ltr' id='par_1_26' title="bbox 1431 2317 2514 2579">
     <span class='ocr_line' id='line_1_92' title="bbox 1492 2317 2514 2359; baseline 0.001 -11"><span class='ocrx_word' id='word_1_792' title='bbox 1492 2317 1631 2355; x_wconf 85' lang='lat' dir='ltr'>Quarto.</span> <span class='ocrx_word' id='word_1_793' title='bbox 1657 2317 1692 2349; x_wconf 92' lang='lat' dir='ltr'>In</span> <span class='ocrx_word' id='word_1_794' title='bbox 1717 2317 1828 2349; x_wconf 90' lang='lat' dir='ltr'>divino</span> <span class='ocrx_word' id='word_1_795' title='bbox 1852 2317 2019 2349; x_wconf 91' lang='lat' dir='ltr'>intellectu</span> <span class='ocrx_word' id='word_1_796' title='bbox 2042 2327 2112 2349; x_wconf 89' lang='lat' dir='ltr'>non</span> <span class='ocrx_word' id='word_1_797' title='bbox 2135 2323 2183 2349; x_wconf 87' lang='lat' dir='ltr'>est</span> <span class='ocrx_word' id='word_1_798' title='bbox 2201 2317 2325 2359; x_wconf 80' lang='lat' dir='ltr'>aliquid</span> <span class='ocrx_word' id='word_1_799' title='bbox 2348 2327 2407 2359; x_wconf 88' lang='lat' dir='ltr'>per</span> <span class='ocrx_word' id='word_1_800' title='bbox 2429 2318 2514 2350; x_wconf 83' lang='lat' dir='ltr'>scci-</span> 
     </span>
     <span class='ocr_line' id='line_1_93' title="bbox 1433 2362 2513 2404; baseline 0.001 -11"><span class='ocrx_word' id='word_1_801' title='bbox 1433 2362 1523 2393; x_wconf 90' lang='lat' dir='ltr'>dens.</span> <span class='ocrx_word' id='word_1_802' title='bbox 1549 2363 1636 2403; x_wconf 84' lang='lat' dir='ltr'>Ergo</span> <span class='ocrx_word' id='word_1_803' title='bbox 1660 2363 1693 2393; x_wconf 91' lang='lat' dir='ltr'>in</span> <span class='ocrx_word' id='word_1_804' title='bbox 1718 2363 1790 2404; x_wconf 92' lang='lat' dir='ltr'>ipso</span> <span class='ocrx_word' id='word_1_805' title='bbox 1814 2372 1882 2394; x_wconf 90' lang='lat' dir='ltr'>non</span> <span class='ocrx_word' id='word_1_806' title='bbox 1907 2368 1956 2394; x_wconf 89' lang='lat' dir='ltr'>est</span> <span class='ocrx_word' id='word_1_807' title='bbox 1974 2362 2173 2404; x_wconf 90' lang='lat' dir='ltr'>compositio</span> <span class='ocrx_word' id='word_1_808' title='bbox 2198 2367 2230 2393; x_wconf 88' lang='lat' dir='ltr'>et</span> <span class='ocrx_word' id='word_1_809' title='bbox 2253 2362 2380 2394; x_wconf 89' lang='lat' dir='ltr'>divisio.</span> <span class='ocrx_word' id='word_1_810' title='bbox 2396 2380 2419 2385; x_wconf 94' lang='lat'><em>—</em></span> <span class='ocrx_word' id='word_1_811' title='bbox 2434 2362 2513 2394; x_wconf 90' lang='lat' dir='ltr'>Pro-</span> 
     </span>
     <span class='ocr_line' id='line_1_94' title="bbox 1431 2407 2512 2449; baseline 0.001 -11"><span class='ocrx_word' id='word_1_812' title='bbox 1431 2407 1525 2439; x_wconf 87' lang='lat' dir='ltr'>batur</span> <span class='ocrx_word' id='word_1_813' title='bbox 1549 2408 1795 2448; x_wconf 86' lang='lat' dir='ltr'>consequentia.</span> <span class='ocrx_word' id='word_1_814' title='bbox 1812 2407 1900 2446; x_wconf 82' lang='lat' dir='ltr'>Quia</span> <span class='ocrx_word' id='word_1_815' title='bbox 1916 2408 1950 2439; x_wconf 91' lang='lat' dir='ltr'>in</span> <span class='ocrx_word' id='word_1_816' title='bbox 1966 2408 2157 2448; x_wconf 87' lang='lat' dir='ltr'>cognitione</span> <span class='ocrx_word' id='word_1_817' title='bbox 2172 2407 2262 2448; x_wconf 79' lang='lat' dir='ltr'>quod</span> <span class='ocrx_word' id='word_1_818' title='bbox 2276 2407 2356 2449; x_wconf 78' lang='lat' dir='ltr'>quid</span> <span class='ocrx_word' id='word_1_819' title='bbox 2377 2412 2427 2439; x_wconf 82' lang='lat' dir='ltr'>est</span> <span class='ocrx_word' id='word_1_820' title='bbox 2443 2417 2512 2439; x_wconf 91' lang='lat' dir='ltr'>non</span> 
     </span>
     <span class='ocr_line' id='line_1_95' title="bbox 1432 2451 2513 2494; baseline 0.001 -11"><span class='ocrx_word' id='word_1_821' title='bbox 1432 2451 1593 2493; x_wconf 89' lang='lat' dir='ltr'>decipitur</span> <span class='ocrx_word' id='word_1_822' title='bbox 1609 2452 1792 2484; x_wconf 90' lang='lat' dir='ltr'>intellectus</span> <span class='ocrx_word' id='word_1_823' title='bbox 1807 2453 1869 2484; x_wconf 90' lang='lat' dir='ltr'>nisi</span> <span class='ocrx_word' id='word_1_824' title='bbox 1885 2461 1944 2494; x_wconf 87' lang='lat' dir='ltr'>per</span> <span class='ocrx_word' id='word_1_825' title='bbox 1959 2452 2119 2489; x_wconf 86' lang='lat' dir='ltr'>accidens,</span> <span class='ocrx_word' id='word_1_826' title='bbox 2137 2452 2221 2483; x_wconf 84' lang='lat' dir='ltr'>circa</span> <span class='ocrx_word' id='word_1_827' title='bbox 2237 2452 2513 2493; x_wconf 86' lang='lat' dir='ltr'>compositionem</span> 
     </span>
     <span class='ocr_line' id='line_1_96' title="bbox 1433 2496 2514 2538; baseline 0 -10"><span class='ocrx_word' id='word_1_828' title='bbox 1433 2502 1541 2528; x_wconf 89' lang='lat' dir='ltr'>autem</span> <span class='ocrx_word' id='word_1_829' title='bbox 1563 2502 1595 2528; x_wconf 88' lang='lat' dir='ltr'>et</span> <span class='ocrx_word' id='word_1_830' title='bbox 1611 2496 1805 2528; x_wconf 89' lang='lat' dir='ltr'>divisionem</span> <span class='ocrx_word' id='word_1_831' title='bbox 1822 2497 1999 2538; x_wconf 88' lang='lat' dir='ltr'>decipitur:</span> <span class='ocrx_word' id='word_1_832' title='bbox 2017 2498 2100 2528; x_wconf 88' lang='lat' dir='ltr'>sicut</span> <span class='ocrx_word' id='word_1_833' title='bbox 2120 2502 2152 2528; x_wconf 91' lang='lat' dir='ltr'>et</span> <span class='ocrx_word' id='word_1_834' title='bbox 2171 2506 2284 2528; x_wconf 89' lang='lat' dir='ltr'>sensus</span> <span class='ocrx_word' id='word_1_835' title='bbox 2302 2497 2514 2538; x_wconf 86' lang='lat' dir='ltr'>propriorum</span> 
     </span>
     <span class='ocr_line' id='line_1_97' title="bbox 1431 2540 2226 2579; baseline 0 -6"><span class='ocrx_word' id='word_1_836' title='bbox 1431 2542 1632 2573; x_wconf 87' lang='lat' dir='ltr'>sensibilium</span> <span class='ocrx_word' id='word_1_837' title='bbox 1655 2551 1724 2573; x_wconf 90' lang='lat' dir='ltr'>non</span> <span class='ocrx_word' id='word_1_838' title='bbox 1747 2540 1877 2579; x_wconf 77' lang='lat' dir='ltr'>fallitur,</span> <span class='ocrx_word' id='word_1_839' title='bbox 1902 2541 1958 2573; x_wconf 87' lang='lat' dir='ltr'>sed</span> <span class='ocrx_word' id='word_1_840' title='bbox 1981 2542 2065 2573; x_wconf 89' lang='lat' dir='ltr'>bene</span> <span class='ocrx_word' id='word_1_841' title='bbox 2087 2542 2121 2573; x_wconf 90' lang='lat' dir='ltr'>in</span> <span class='ocrx_word' id='word_1_842' title='bbox 2145 2542 2226 2573; x_wconf 78' lang='lat' dir='ltr'>aliis.</span> 
     </span>
    </p>

    <p class='ocr_par' dir='ltr' id='par_1_27' title="bbox 1430 2585 2515 3033">
     <span class='ocr_line' id='line_1_98' title="bbox 1487 2585 2513 2627; baseline 0.001 -9"><span class='ocrx_word' id='word_1_843' title='bbox 1487 2587 1629 2618; x_wconf 82' lang='lat' dir='ltr'>Adverte</span> <span class='ocrx_word' id='word_1_844' title='bbox 1644 2586 1896 2618; x_wconf 82' lang='lat' dir='ltr'>fundamentum</span> <span class='ocrx_word' id='word_1_845' title='bbox 1912 2587 2010 2618; x_wconf 89' lang='lat' dir='ltr'>huius</span> <span class='ocrx_word' id='word_1_846' title='bbox 2024 2587 2159 2618; x_wconf 83' lang='lat' dir='ltr'>rationis</span> <span class='ocrx_word' id='word_1_847' title='bbox 2175 2595 2245 2618; x_wconf 87' lang='lat' dir='ltr'>esse</span> <span class='ocrx_word' id='word_1_848' title='bbox 2261 2585 2353 2627; x_wconf 88' lang='lat' dir='ltr'>quod</span> <span class='ocrx_word' id='word_1_849' title='bbox 2368 2586 2513 2620; x_wconf 69' lang='lat' dir='ltr'>innitet-</span> 
     </span>
     <span class='ocr_line' id='line_1_99' title="bbox 1430 2630 2512 2673; baseline 0.001 -10"><span class='ocrx_word' id='word_1_850' title='bbox 1430 2632 1518 2663; x_wconf 90' lang='lat' dir='ltr'>lectu</span> <span class='ocrx_word' id='word_1_851' title='bbox 1534 2632 1646 2663; x_wconf 92' lang='lat' dir='ltr'>divino</span> <span class='ocrx_word' id='word_1_852' title='bbox 1661 2641 1731 2664; x_wconf 89' lang='lat' dir='ltr'>non</span> <span class='ocrx_word' id='word_1_853' title='bbox 1746 2637 1855 2673; x_wconf 88' lang='lat' dir='ltr'>potest</span> <span class='ocrx_word' id='word_1_854' title='bbox 1870 2631 2005 2672; x_wconf 86' lang='lat' dir='ltr'>intelligi</span> <span class='ocrx_word' id='word_1_855' title='bbox 2029 2641 2099 2663; x_wconf 84' lang='lat' dir='ltr'>esse</span> <span class='ocrx_word' id='word_1_856' title='bbox 2123 2631 2321 2673; x_wconf 88' lang='lat' dir='ltr'>compositio</span> <span class='ocrx_word' id='word_1_857' title='bbox 2343 2630 2512 2664; x_wconf 65' lang='lat' dir='ltr'>oet-divido</span> 
     </span>
     <span class='ocr_line' id='line_1_100' title="bbox 1430 2675 2515 2719; baseline 0.003 -12"><span class='ocrx_word' id='word_1_858' title='bbox 1430 2677 1493 2708; x_wconf 87' lang='lat' dir='ltr'>nisi</span> <span class='ocrx_word' id='word_1_859' title='bbox 1509 2686 1550 2708; x_wconf 84' lang='lat' dir='ltr'>eo</span> <span class='ocrx_word' id='word_1_860' title='bbox 1567 2676 1668 2708; x_wconf 91' lang='lat' dir='ltr'>modo</span> <span class='ocrx_word' id='word_1_861' title='bbox 1686 2686 1754 2717; x_wconf 92' lang='lat' dir='ltr'>quo</span> <span class='ocrx_word' id='word_1_862' title='bbox 1778 2677 1810 2707; x_wconf 91' lang='lat' dir='ltr'>in</span> <span class='ocrx_word' id='word_1_863' title='bbox 1828 2676 1995 2707; x_wconf 90' lang='lat' dir='ltr'>intellectu</span> <span class='ocrx_word' id='word_1_864' title='bbox 2012 2682 2234 2718; x_wconf 86' lang='lat' dir='ltr'>cognoscente</span> <span class='ocrx_word' id='word_1_865' title='bbox 2257 2676 2346 2719; x_wconf 79' lang='lat' dir='ltr'>quod</span> <span class='ocrx_word' id='word_1_866' title='bbox 2365 2675 2447 2719; x_wconf 71' lang='lat' dir='ltr'>quid</span> <span class='ocrx_word' id='word_1_867' title='bbox 2465 2681 2515 2711; x_wconf 70' lang='lat'>088</span> 
     </span>
     <span class='ocr_line' id='line_1_101' title="bbox 1430 2721 2512 2764; baseline 0.002 -12"><span class='ocrx_word' id='word_1_868' title='bbox 1430 2727 1539 2763; x_wconf 88' lang='lat' dir='ltr'>potest</span> <span class='ocrx_word' id='word_1_869' title='bbox 1563 2722 1708 2763; x_wconf 85' lang='lat' dir='ltr'>reperiri:</span> <span class='ocrx_word' id='word_1_870' title='bbox 1733 2722 1810 2762; x_wconf 86' lang='lat' dir='ltr'>quia</span> <span class='ocrx_word' id='word_1_871' title='bbox 1830 2721 2013 2753; x_wconf 86' lang='lat' dir='ltr'>intellectus</span> <span class='ocrx_word' id='word_1_872' title='bbox 2032 2721 2162 2753; x_wconf 82' lang='lat' dir='ltr'>divinus</span> <span class='ocrx_word' id='word_1_873' title='bbox 2185 2725 2233 2753; x_wconf 87' lang='lat' dir='ltr'>est</span> <span class='ocrx_word' id='word_1_874' title='bbox 2251 2721 2440 2764; x_wconf 79' lang='lat' dir='ltr'>simpliciter</span> <span class='ocrx_word' id='word_1_875' title='bbox 2461 2721 2512 2755; x_wconf 83' lang='lat' dir='ltr'>in-</span> 
     </span>
     <span class='ocr_line' id='line_1_102' title="bbox 1430 2765 2511 2808; baseline 0.001 -11"><span class='ocrx_word' id='word_1_876' title='bbox 1430 2765 1589 2803; x_wconf 86' lang='lat' dir='ltr'>tellectus,</span> <span class='ocrx_word' id='word_1_877' title='bbox 1614 2771 1646 2798; x_wconf 88' lang='lat' dir='ltr'>et</span> <span class='ocrx_word' id='word_1_878' title='bbox 1669 2766 1781 2798; x_wconf 86' lang='lat' dir='ltr'>omnia</span> <span class='ocrx_word' id='word_1_879' title='bbox 1804 2766 1975 2807; x_wconf 85' lang='lat' dir='ltr'>cognoscit</span> <span class='ocrx_word' id='word_1_880' title='bbox 1997 2775 2038 2798; x_wconf 90' lang='lat' dir='ltr'>eo</span> <span class='ocrx_word' id='word_1_881' title='bbox 2062 2765 2164 2798; x_wconf 89' lang='lat' dir='ltr'>modo</span> <span class='ocrx_word' id='word_1_882' title='bbox 2189 2774 2258 2808; x_wconf 89' lang='lat' dir='ltr'>quo</span> <span class='ocrx_word' id='word_1_883' title='bbox 2283 2770 2396 2798; x_wconf 87' lang='lat' dir='ltr'>noster</span> <span class='ocrx_word' id='word_1_884' title='bbox 2417 2765 2511 2798; x_wconf 81' lang='lat' dir='ltr'>intel-</span> 
     </span>
     <span class='ocr_line' id='line_1_103' title="bbox 1431 2810 2510 2853; baseline 0.001 -11"><span class='ocrx_word' id='word_1_885' title='bbox 1431 2811 1534 2843; x_wconf 84' lang='lat' dir='ltr'>lectus</span> <span class='ocrx_word' id='word_1_886' title='bbox 1557 2812 1729 2852; x_wconf 87' lang='lat' dir='ltr'>cognoscit</span> <span class='ocrx_word' id='word_1_887' title='bbox 1751 2811 1840 2853; x_wconf 80' lang='lat' dir='ltr'>quod</span> <span class='ocrx_word' id='word_1_888' title='bbox 1861 2811 1942 2852; x_wconf 84' lang='lat' dir='ltr'>quid</span> <span class='ocrx_word' id='word_1_889' title='bbox 1963 2816 2020 2848; x_wconf 81' lang='lat' dir='ltr'>est,</span> <span class='ocrx_word' id='word_1_890' title='bbox 2044 2817 2082 2843; x_wconf 89' lang='lat' dir='ltr'>ut</span> <span class='ocrx_word' id='word_1_891' title='bbox 2105 2811 2230 2843; x_wconf 86' lang='lat' dir='ltr'>dictum</span> <span class='ocrx_word' id='word_1_892' title='bbox 2250 2815 2300 2843; x_wconf 85' lang='lat' dir='ltr'>est</span> <span class='ocrx_word' id='word_1_893' title='bbox 2322 2810 2471 2853; x_wconf 67' lang='lat' dir='ltr'>superius</span> <span class='ocrx_word' id='word_1_894' title='bbox 2482 2811 2510 2843; x_wconf 72' lang='lat'>⁶.</span> 
     </span>
     <span class='ocr_line' id='line_1_104' title="bbox 1431 2855 2511 2898; baseline 0.001 -11"><span class='ocrx_word' id='word_1_895' title='bbox 1431 2856 1473 2887; x_wconf 94' lang='lat' dir='ltr'>Et</span> <span class='ocrx_word' id='word_1_896' title='bbox 1496 2857 1572 2898; x_wconf 83' lang='lat' dir='ltr'>quia</span> <span class='ocrx_word' id='word_1_897' title='bbox 1594 2857 1629 2888; x_wconf 87' lang='lat' dir='ltr'>in</span> <span class='ocrx_word' id='word_1_898' title='bbox 1653 2857 1843 2898; x_wconf 89' lang='lat' dir='ltr'>cognitione</span> <span class='ocrx_word' id='word_1_899' title='bbox 1873 2856 1962 2897; x_wconf 79' lang='lat' dir='ltr'>quod</span> <span class='ocrx_word' id='word_1_900' title='bbox 1984 2856 2063 2898; x_wconf 80' lang='lat' dir='ltr'>quid</span> <span class='ocrx_word' id='word_1_901' title='bbox 2085 2861 2142 2894; x_wconf 80' lang='lat' dir='ltr'>est,</span> <span class='ocrx_word' id='word_1_902' title='bbox 2166 2861 2204 2888; x_wconf 89' lang='lat' dir='ltr'>ut</span> <span class='ocrx_word' id='word_1_903' title='bbox 2235 2856 2292 2893; x_wconf 79' lang='lat' dir='ltr'>sic.</span> <span class='ocrx_word' id='word_1_904' title='bbox 2315 2865 2385 2888; x_wconf 88' lang='lat' dir='ltr'>non</span> <span class='ocrx_word' id='word_1_905' title='bbox 2408 2855 2511 2888; x_wconf 71' lang='lat' dir='ltr'>admi·</span> 
     </span>
     <span class='ocr_line' id='line_1_105' title="bbox 1431 2901 2510 2943; baseline -0.001 -10"><span class='ocrx_word' id='word_1_906' title='bbox 1431 2906 1538 2933; x_wconf 87' lang='lat' dir='ltr'>scetur</span> <span class='ocrx_word' id='word_1_907' title='bbox 1554 2902 1752 2943; x_wconf 87' lang='lat' dir='ltr'>compositio</span> <span class='ocrx_word' id='word_1_908' title='bbox 1769 2901 1830 2933; x_wconf 88' lang='lat' dir='ltr'>nisi</span> <span class='ocrx_word' id='word_1_909' title='bbox 1846 2910 1904 2942; x_wconf 88' lang='lat' dir='ltr'>per</span> <span class='ocrx_word' id='word_1_910' title='bbox 1919 2901 2080 2938; x_wconf 80' lang='lat' dir='ltr'>accidens,</span> <span class='ocrx_word' id='word_1_911' title='bbox 2093 2901 2219 2932; x_wconf 79' lang='lat' dir='ltr'>ratione</span> <span class='ocrx_word' id='word_1_912' title='bbox 2234 2901 2328 2933; x_wconf 86' lang='lat' dir='ltr'>cuius</span> <span class='ocrx_word' id='word_1_913' title='bbox 2343 2906 2376 2933; x_wconf 89' lang='lat' dir='ltr'>et</span> <span class='ocrx_word' id='word_1_914' title='bbox 2389 2901 2510 2943; x_wconf 84' lang='lat' dir='ltr'>inipso</span> 
     </span>
     <span class='ocr_line' id='line_1_106' title="bbox 1431 2945 2510 2988; baseline 0 -10"><span class='ocrx_word' id='word_1_915' title='bbox 1431 2945 1550 2978; x_wconf 86' lang='lat' dir='ltr'>falsitas</span> <span class='ocrx_word' id='word_1_916' title='bbox 1573 2956 1643 2978; x_wconf 85' lang='lat' dir='ltr'>esse</span> <span class='ocrx_word' id='word_1_917' title='bbox 1666 2952 1789 2988; x_wconf 66' lang='lat' dir='ltr'>potem</span> <span class='ocrx_word' id='word_1_918' title='bbox 1813 2945 1889 2978; x_wconf 89' lang='lat' dir='ltr'>ideo</span> <span class='ocrx_word' id='word_1_919' title='bbox 1909 2955 1972 2978; x_wconf 88' lang='lat' dir='ltr'>nec</span> <span class='ocrx_word' id='word_1_920' title='bbox 1986 2947 2050 2978; x_wconf 90' lang='lat' dir='ltr'>isto</span> <span class='ocrx_word' id='word_1_921' title='bbox 2066 2945 2169 2978; x_wconf 88' lang='lat' dir='ltr'>modo</span> <span class='ocrx_word' id='word_1_922' title='bbox 2187 2951 2296 2988; x_wconf 87' lang='lat' dir='ltr'>potest</span> <span class='ocrx_word' id='word_1_923' title='bbox 2311 2946 2510 2988; x_wconf 58' lang='lat' dir='ltr'>componun</span> 
     </span>
     <span class='ocr_line' id='line_1_107' title="bbox 1431 2990 2464 3033; baseline 0 -11"><span class='ocrx_word' id='word_1_924' title='bbox 1431 3000 1500 3023; x_wconf 91' lang='lat' dir='ltr'>esse</span> <span class='ocrx_word' id='word_1_925' title='bbox 1523 2991 1557 3022; x_wconf 92' lang='lat' dir='ltr'>in</span> <span class='ocrx_word' id='word_1_926' title='bbox 1573 2990 1741 3023; x_wconf 89' lang='lat' dir='ltr'>intellectu</span> <span class='ocrx_word' id='word_1_927' title='bbox 1760 2990 1882 3028; x_wconf 90' lang='lat' dir='ltr'>divino,</span> <span class='ocrx_word' id='word_1_928' title='bbox 1901 2991 1935 3023; x_wconf 90' lang='lat' dir='ltr'>in</span> <span class='ocrx_word' id='word_1_929' title='bbox 1955 3001 2023 3033; x_wconf 90' lang='lat' dir='ltr'>quo</span> <span class='ocrx_word' id='word_1_930' title='bbox 2047 2990 2129 3022; x_wconf 86' lang='lat' dir='ltr'>nihil</span> <span class='ocrx_word' id='word_1_931' title='bbox 2151 2995 2201 3022; x_wconf 89' lang='lat' dir='ltr'>est</span> <span class='ocrx_word' id='word_1_932' title='bbox 2222 2999 2282 3032; x_wconf 91' lang='lat' dir='ltr'>per</span> <span class='ocrx_word' id='word_1_933' title='bbox 2304 2990 2464 3022; x_wconf 86' lang='lat' dir='ltr'>accidens.</span> 
     </span>
    </p>

    <p class='ocr_par' dir='ltr' id='par_1_28' title="bbox 1429 3035 2510 3346">
     <span class='ocr_line' id='line_1_108' title="bbox 1489 3035 2510 3078; baseline 0.001 -12"><span class='ocrx_word' id='word_1_934' title='bbox 1489 3035 1624 3073; x_wconf 84' lang='lat' dir='ltr'>Quinto.</span> <span class='ocrx_word' id='word_1_935' title='bbox 1641 3036 1840 3078; x_wconf 88' lang='lat' dir='ltr'>Sequeretur</span> <span class='ocrx_word' id='word_1_936' title='bbox 1855 3035 1947 3077; x_wconf 88' lang='lat' dir='ltr'>quod</span> <span class='ocrx_word' id='word_1_937' title='bbox 1961 3035 2145 3067; x_wconf 87' lang='lat' dir='ltr'>intellectus</span> <span class='ocrx_word' id='word_1_938' title='bbox 2160 3035 2290 3067; x_wconf 85' lang='lat' dir='ltr'>divinus</span> <span class='ocrx_word' id='word_1_939' title='bbox 2305 3035 2510 3078; x_wconf 77' lang='lat' dir='ltr'>compositus</span> 
     </span>
     <span class='ocr_line' id='line_1_109' title="bbox 1430 3079 2510 3122; baseline 0 -11"><span class='ocrx_word' id='word_1_940' title='bbox 1430 3081 1480 3111; x_wconf 87' lang='lat' dir='ltr'>sit.</span> <span class='ocrx_word' id='word_1_941' title='bbox 1498 3098 1520 3103; x_wconf 92' lang='lat'>-</span> <span class='ocrx_word' id='word_1_942' title='bbox 1535 3081 1695 3113; x_wconf 86' lang='lat' dir='ltr'>Probatur</span> <span class='ocrx_word' id='word_1_943' title='bbox 1710 3081 1956 3122; x_wconf 85' lang='lat' dir='ltr'>consequentia.</span> <span class='ocrx_word' id='word_1_944' title='bbox 1973 3080 2060 3120; x_wconf 82' lang='lat' dir='ltr'>Quia</span> <span class='ocrx_word' id='word_1_945' title='bbox 2076 3081 2275 3122; x_wconf 86' lang='lat' dir='ltr'>compositio</span> <span class='ocrx_word' id='word_1_946' title='bbox 2296 3079 2434 3112; x_wconf 70' lang='lat' dir='ltr'>forman</span> <span class='ocrx_word' id='word_1_947' title='bbox 2451 3088 2510 3121; x_wconf 90' lang='lat' dir='ltr'>per</span> 
     </span>
     <span class='ocr_line' id='line_1_110' title="bbox 1430 3126 2509 3166; baseline 0 -10"><span class='ocrx_word' id='word_1_948' title='bbox 1430 3126 1632 3158; x_wconf 89' lang='lat' dir='ltr'>intellectum</span> <span class='ocrx_word' id='word_1_949' title='bbox 1656 3127 1761 3158; x_wconf 76' lang='lat' dir='ltr'>existit</span> <span class='ocrx_word' id='word_1_950' title='bbox 1783 3127 1816 3157; x_wconf 91' lang='lat' dir='ltr'>in</span> <span class='ocrx_word' id='word_1_951' title='bbox 1839 3126 2018 3163; x_wconf 89' lang='lat' dir='ltr'>intellectu,</span> <span class='ocrx_word' id='word_1_952' title='bbox 2038 3135 2108 3157; x_wconf 90' lang='lat' dir='ltr'>non</span> <span class='ocrx_word' id='word_1_953' title='bbox 2126 3126 2160 3157; x_wconf 89' lang='lat' dir='ltr'>in</span> <span class='ocrx_word' id='word_1_954' title='bbox 2184 3134 2219 3157; x_wconf 92' lang='lat' dir='ltr'>re</span> <span class='ocrx_word' id='word_1_955' title='bbox 2242 3134 2327 3166; x_wconf 84' lang='lat' dir='ltr'>quae</span> <span class='ocrx_word' id='word_1_956' title='bbox 2350 3130 2399 3156; x_wconf 65' lang='lat' dir='ltr'>en</span> <span class='ocrx_word' id='word_1_957' title='bbox 2421 3129 2509 3156; x_wconf 75' lang='lat' dir='ltr'>extra</span> 
     </span>
     <span class='ocr_line' id='line_1_111' title="bbox 1429 3169 2508 3212; baseline -0.002 -11"><span class='ocrx_word' id='word_1_958' title='bbox 1429 3170 1645 3203; x_wconf 87' lang='lat' dir='ltr'>intellectum:</span> <span class='ocrx_word' id='word_1_959' title='bbox 1659 3171 1735 3204; x_wconf 87' lang='lat' dir='ltr'>licet</span> <span class='ocrx_word' id='word_1_960' title='bbox 1750 3170 1874 3212; x_wconf 84' lang='lat' dir='ltr'>aliquid</span> <span class='ocrx_word' id='word_1_961' title='bbox 1889 3171 1950 3203; x_wconf 88' lang='lat' dir='ltr'>sibi</span> <span class='ocrx_word' id='word_1_962' title='bbox 1962 3170 2216 3212; x_wconf 86' lang='lat' dir='ltr'>correspondeat</span> <span class='ocrx_word' id='word_1_963' title='bbox 2226 3171 2260 3201; x_wconf 88' lang='lat' dir='ltr'>in</span> <span class='ocrx_word' id='word_1_964' title='bbox 2272 3178 2317 3206; x_wconf 85' lang='lat' dir='ltr'>re,</span> <span class='ocrx_word' id='word_1_965' title='bbox 2330 3174 2367 3200; x_wconf 88' lang='lat' dir='ltr'>ut</span> <span class='ocrx_word' id='word_1_966' title='bbox 2381 3177 2479 3210; x_wconf 82' lang='lat' dir='ltr'>supra</span> <span class='ocrx_word' id='word_1_967' title='bbox 2491 3169 2508 3187; x_wconf 81' lang='lat'><em>⁰</em></span> 
     </span>
     <span class='ocr_line' id='line_1_112' title="bbox 1430 3213 2508 3258; baseline -0.002 -12"><span class='ocrx_word' id='word_1_968' title='bbox 1430 3215 1580 3247; x_wconf 86' lang='lat' dir='ltr'>diximus.</span> <span class='ocrx_word' id='word_1_969' title='bbox 1598 3215 1631 3248; x_wconf 91' lang='lat' dir='ltr'>Si</span> <span class='ocrx_word' id='word_1_970' title='bbox 1648 3225 1726 3258; x_wconf 85' lang='lat' dir='ltr'>ergo</span> <span class='ocrx_word' id='word_1_971' title='bbox 1750 3215 1932 3248; x_wconf 88' lang='lat' dir='ltr'>intellectus</span> <span class='ocrx_word' id='word_1_972' title='bbox 1948 3215 2077 3247; x_wconf 89' lang='lat' dir='ltr'>divinus</span> <span class='ocrx_word' id='word_1_973' title='bbox 2094 3219 2282 3256; x_wconf 81' lang='lat' dir='ltr'>componat,</span> <span class='ocrx_word' id='word_1_974' title='bbox 2299 3213 2359 3244; x_wconf 83' lang='lat' dir='ltr'>erit</span> <span class='ocrx_word' id='word_1_975' title='bbox 2381 3213 2415 3244; x_wconf 92' lang='lat' dir='ltr'>in</span> <span class='ocrx_word' id='word_1_976' title='bbox 2434 3213 2508 3255; x_wconf 90' lang='lat' dir='ltr'>ipso</span> 
     </span>
     <span class='ocr_line' id='line_1_113' title="bbox 1430 3257 2508 3302; baseline -0.002 -11"><span class='ocrx_word' id='word_1_977' title='bbox 1430 3259 1535 3291; x_wconf 89' lang='lat' dir='ltr'>forma</span> <span class='ocrx_word' id='word_1_978' title='bbox 1559 3261 1598 3292; x_wconf 87' lang='lat' dir='ltr'>ab</span> <span class='ocrx_word' id='word_1_979' title='bbox 1622 3261 1695 3302; x_wconf 90' lang='lat' dir='ltr'>ipso</span> <span class='ocrx_word' id='word_1_980' title='bbox 1719 3259 1880 3292; x_wconf 89' lang='lat' dir='ltr'>distincta.</span> <span class='ocrx_word' id='word_1_981' title='bbox 1910 3260 1952 3292; x_wconf 87' lang='lat' dir='ltr'>Et</span> <span class='ocrx_word' id='word_1_982' title='bbox 1975 3261 2021 3292; x_wconf 89' lang='lat' dir='ltr'>sic</span> <span class='ocrx_word' id='word_1_983' title='bbox 2045 3260 2104 3291; x_wconf 88' lang='lat' dir='ltr'>erit</span> <span class='ocrx_word' id='word_1_984' title='bbox 2127 3259 2161 3291; x_wconf 91' lang='lat' dir='ltr'>in</span> <span class='ocrx_word' id='word_1_985' title='bbox 2183 3259 2256 3301; x_wconf 85' lang='lat' dir='ltr'>ipso</span> <span class='ocrx_word' id='word_1_986' title='bbox 2284 3257 2393 3299; x_wconf 85' lang='lat' dir='ltr'>aliqua</span> <span class='ocrx_word' id='word_1_987' title='bbox 2417 3267 2508 3290; x_wconf 91' lang='lat' dir='ltr'>com-</span> 
     </span>
     <span class='ocr_line' id='line_1_114' title="bbox 1430 3305 1562 3346; baseline 0 -10"><span class='ocrx_word' id='word_1_988' title='bbox 1430 3305 1562 3346; x_wconf 88' lang='lat' dir='ltr'>positio.</span> 
     </span>
    </p>

    <p class='ocr_par' dir='ltr' id='par_1_29' title="bbox 1429 3346 2510 3703">
     <span class='ocr_line' id='line_1_115' title="bbox 1487 3346 2508 3390; baseline -0.002 -10"><span class='ocrx_word' id='word_1_989' title='bbox 1487 3349 1597 3381; x_wconf 79' lang='lat' dir='ltr'>Sexto.</span> <span class='ocrx_word' id='word_1_990' title='bbox 1623 3349 1656 3381; x_wconf 91' lang='lat' dir='ltr'>Si</span> <span class='ocrx_word' id='word_1_991' title='bbox 1680 3350 1726 3381; x_wconf 90' lang='lat' dir='ltr'>sic</span> <span class='ocrx_word' id='word_1_992' title='bbox 1750 3355 1808 3385; x_wconf 79' lang='lat' dir='ltr'>est.</span> <span class='ocrx_word' id='word_1_993' title='bbox 1837 3358 1916 3390; x_wconf 82' lang='lat' dir='ltr'>ergo</span> <span class='ocrx_word' id='word_1_994' title='bbox 1946 3348 2125 3389; x_wconf 81' lang='lat' dir='ltr'>intelligere</span> <span class='ocrx_word' id='word_1_995' title='bbox 2154 3346 2216 3378; x_wconf 87' lang='lat' dir='ltr'>Dei</span> <span class='ocrx_word' id='word_1_996' title='bbox 2238 3355 2307 3378; x_wconf 90' lang='lat' dir='ltr'>non</span> <span class='ocrx_word' id='word_1_997' title='bbox 2332 3352 2380 3378; x_wconf 87' lang='lat' dir='ltr'>est</span> <span class='ocrx_word' id='word_1_998' title='bbox 2402 3355 2508 3379; x_wconf 85' lang='lat' dir='ltr'>unum</span> 
     </span>
     <span class='ocr_line' id='line_1_116' title="bbox 1429 3393 2510 3436; baseline -0.002 -10"><span class='ocrx_word' id='word_1_999' title='bbox 1429 3400 1566 3426; x_wconf 86' lang='lat' dir='ltr'>tantum.</span> <span class='ocrx_word' id='word_1_1000' title='bbox 1587 3395 1674 3436; x_wconf 87' lang='lat' dir='ltr'>Ergo</span> <span class='ocrx_word' id='word_1_1001' title='bbox 1691 3404 1749 3426; x_wconf 82' lang='lat' dir='ltr'>sua</span> <span class='ocrx_word' id='word_1_1002' title='bbox 1764 3395 1903 3427; x_wconf 78' lang='lat' dir='ltr'>essentia</span> <span class='ocrx_word' id='word_1_1003' title='bbox 1921 3403 1990 3426; x_wconf 89' lang='lat' dir='ltr'>non</span> <span class='ocrx_word' id='word_1_1004' title='bbox 2011 3397 2060 3424; x_wconf 82' lang='lat' dir='ltr'>est</span> <span class='ocrx_word' id='word_1_1005' title='bbox 2081 3401 2148 3424; x_wconf 86' lang='lat' dir='ltr'>una</span> <span class='ocrx_word' id='word_1_1006' title='bbox 2170 3397 2312 3423; x_wconf 87' lang='lat' dir='ltr'>tantum:</span> <span class='ocrx_word' id='word_1_1007' title='bbox 2338 3401 2415 3424; x_wconf 90' lang='lat' dir='ltr'>cum</span> <span class='ocrx_word' id='word_1_1008' title='bbox 2438 3393 2510 3424; x_wconf 83' lang='lat' dir='ltr'>eius</span> 
     </span>
     <span class='ocr_line' id='line_1_117' title="bbox 1429 3436 2507 3480; baseline -0.002 -10"><span class='ocrx_word' id='word_1_1009' title='bbox 1429 3440 1577 3480; x_wconf 86' lang='lat' dir='ltr'>operatio</span> <span class='ocrx_word' id='word_1_1010' title='bbox 1600 3440 1640 3470; x_wconf 90' lang='lat' dir='ltr'>sit</span> <span class='ocrx_word' id='word_1_1011' title='bbox 1669 3449 1727 3471; x_wconf 88' lang='lat' dir='ltr'>sua</span> <span class='ocrx_word' id='word_1_1012' title='bbox 1750 3439 1898 3471; x_wconf 82' lang='lat' dir='ltr'>essentia.</span> <span class='ocrx_word' id='word_1_1013' title='bbox 1914 3455 1937 3461; x_wconf 94' lang='lat'>-</span> <span class='ocrx_word' id='word_1_1014' title='bbox 1953 3437 2112 3469; x_wconf 83' lang='lat' dir='ltr'>Probatur</span> <span class='ocrx_word' id='word_1_1015' title='bbox 2134 3436 2238 3478; x_wconf 82' lang='lat' dir='ltr'>prima</span> <span class='ocrx_word' id='word_1_1016' title='bbox 2261 3437 2507 3479; x_wconf 74' lang='lat' dir='ltr'>consequentia.</span> 
     </span>
     <span class='ocr_line' id='line_1_118' title="bbox 1429 3481 2508 3525; baseline -0.003 -10"><span class='ocrx_word' id='word_1_1017' title='bbox 1429 3484 1515 3523; x_wconf 85' lang='lat' dir='ltr'>Quia</span> <span class='ocrx_word' id='word_1_1018' title='bbox 1539 3484 1722 3515; x_wconf 87' lang='lat' dir='ltr'>intellectus</span> <span class='ocrx_word' id='word_1_1019' title='bbox 1746 3492 1950 3525; x_wconf 70' lang='lat' dir='ltr'>componens</span> <span class='ocrx_word' id='word_1_1020' title='bbox 1972 3487 2003 3513; x_wconf 90' lang='lat' dir='ltr'>et</span> <span class='ocrx_word' id='word_1_1021' title='bbox 2022 3481 2169 3512; x_wconf 86' lang='lat' dir='ltr'>dividens</span> <span class='ocrx_word' id='word_1_1022' title='bbox 2191 3481 2323 3513; x_wconf 87' lang='lat' dir='ltr'>diversis</span> <span class='ocrx_word' id='word_1_1023' title='bbox 2342 3482 2508 3523; x_wconf 88' lang='lat' dir='ltr'>composi-</span> 
     </span>
     <span class='ocr_line' id='line_1_119' title="bbox 1429 3526 2507 3568; baseline -0.002 -9"><span class='ocrx_word' id='word_1_1024' title='bbox 1429 3529 1573 3560; x_wconf 88' lang='lat' dir='ltr'>tionibus</span> <span class='ocrx_word' id='word_1_1025' title='bbox 1589 3528 1712 3560; x_wconf 82' lang='lat' dir='ltr'>diversa</span> <span class='ocrx_word' id='word_1_1026' title='bbox 1735 3527 1865 3560; x_wconf 88' lang='lat' dir='ltr'>iudicat.</span> <span class='ocrx_word' id='word_1_1027' title='bbox 1882 3526 2092 3568; x_wconf 90' lang='lat' dir='ltr'>Compositio</span> <span class='ocrx_word' id='word_1_1028' title='bbox 2110 3527 2198 3557; x_wconf 89' lang='lat' dir='ltr'>enim</span> <span class='ocrx_word' id='word_1_1029' title='bbox 2218 3526 2400 3558; x_wconf 90' lang='lat' dir='ltr'>intellectus</span> <span class='ocrx_word' id='word_1_1030' title='bbox 2416 3535 2507 3557; x_wconf 89' lang='lat' dir='ltr'>com-</span> 
     </span>
     <span class='ocr_line' id='line_1_120' title="bbox 1429 3570 2508 3614; baseline -0.002 -9"><span class='ocrx_word' id='word_1_1031' title='bbox 1429 3574 1601 3614; x_wconf 88' lang='lat' dir='ltr'>positionis</span> <span class='ocrx_word' id='word_1_1032' title='bbox 1627 3573 1784 3605; x_wconf 88' lang='lat' dir='ltr'>terrninos</span> <span class='ocrx_word' id='word_1_1033' title='bbox 1809 3581 1877 3604; x_wconf 88' lang='lat' dir='ltr'>non</span> <span class='ocrx_word' id='word_1_1034' title='bbox 1905 3570 2044 3602; x_wconf 86' lang='lat' dir='ltr'>excedit:</span> <span class='ocrx_word' id='word_1_1035' title='bbox 2069 3580 2146 3602; x_wconf 88' lang='lat' dir='ltr'>nam</span> <span class='ocrx_word' id='word_1_1036' title='bbox 2174 3570 2415 3612; x_wconf 85' lang='lat' dir='ltr'>compositione</span> <span class='ocrx_word' id='word_1_1037' title='bbox 2442 3579 2508 3612; x_wconf 84' lang='lat' dir='ltr'>qua</span> 
     </span>
     <span class='ocr_line' id='line_1_121' title="bbox 1429 3614 2507 3653; baseline -0.001 -5"><span class='ocrx_word' id='word_1_1038' title='bbox 1429 3618 1612 3650; x_wconf 87' lang='lat' dir='ltr'>intellectus</span> <span class='ocrx_word' id='word_1_1039' title='bbox 1628 3618 1749 3650; x_wconf 77' lang='lat' dir='ltr'>iudicat</span> <span class='ocrx_word' id='word_1_1040' title='bbox 1763 3617 1932 3648; x_wconf 86' lang='lat' dir='ltr'>hominem</span> <span class='ocrx_word' id='word_1_1041' title='bbox 1950 3625 2018 3647; x_wconf 87' lang='lat' dir='ltr'>esse</span> <span class='ocrx_word' id='word_1_1042' title='bbox 2036 3616 2166 3653; x_wconf 85' lang='lat' dir='ltr'>animal,</span> <span class='ocrx_word' id='word_1_1043' title='bbox 2183 3625 2252 3647; x_wconf 91' lang='lat' dir='ltr'>non</span> <span class='ocrx_word' id='word_1_1044' title='bbox 2268 3614 2390 3648; x_wconf 84' lang='lat' dir='ltr'>iudicat</span> <span class='ocrx_word' id='word_1_1045' title='bbox 2409 3615 2507 3647; x_wconf 83' lang='lat' dir='ltr'>trian-</span> 
     </span>
     <span class='ocr_line' id='line_1_122' title="bbox 1429 3662 1806 3703; baseline -0.003 -10"><span class='ocrx_word' id='word_1_1046' title='bbox 1429 3663 1543 3703; x_wconf 88' lang='lat' dir='ltr'>gulum</span> <span class='ocrx_word' id='word_1_1047' title='bbox 1567 3670 1636 3694; x_wconf 88' lang='lat' dir='ltr'>esse</span> <span class='ocrx_word' id='word_1_1048' title='bbox 1659 3662 1806 3703; x_wconf 79' lang='lat' dir='ltr'>figuram.</span> 
     </span>
    </p>
   </div>
   <div class='ocr_carea' id='block_1_19' title="bbox 2540 830 2727 857">
    <p class='ocr_par' dir='ltr' id='par_1_30' title="bbox 2540 830 2727 857">
     <span class='ocr_line' id='line_1_123' title="bbox 2540 830 2727 857; baseline 0 -5"><span class='ocrx_word' id='word_1_1049' title='bbox 2540 832 2549 840; x_wconf 89' lang='lat'>·</span> <span class='ocrx_word' id='word_1_1050' title='bbox 2565 830 2603 852; x_wconf 82' lang='lat' dir='ltr'>Ps.</span> <span class='ocrx_word' id='word_1_1051' title='bbox 2613 835 2680 857; x_wconf 71' lang='lat' dir='ltr'>xuni,</span> <span class='ocrx_word' id='word_1_1052' title='bbox 2695 836 2727 852; x_wconf 84' lang='lat' dir='ltr'>n.</span> 
     </span>
    </p>
   </div>
   <div class='ocr_carea' id='block_1_20' title="bbox 2541 990 2721 1019">
    <p class='ocr_par' dir='ltr' id='par_1_31' title="bbox 2541 990 2721 1019">
     <span class='ocr_line' id='line_1_124' title="bbox 2541 990 2721 1019; baseline -0.006 -6"><span class='ocrx_word' id='word_1_1053' title='bbox 2541 993 2549 1001; x_wconf 95' lang='grc'>·</span> <span class='ocrx_word' id='word_1_1054' title='bbox 2566 990 2592 1013; x_wconf 87' lang='lat' dir='ltr'>S.</span> <span class='ocrx_word' id='word_1_1055' title='bbox 2607 990 2721 1019; x_wconf 74' lang='lat' dir='ltr'>Th.1.3.</span> 
     </span>
    </p>
   </div>
   <div class='ocr_carea' id='block_1_21' title="bbox 2538 2811 2689 2841">
    <p class='ocr_par' dir='ltr' id='par_1_32' title="bbox 2538 2811 2689 2841">
     <span class='ocr_line' id='line_1_125' title="bbox 2538 2811 2689 2841; baseline -0.007 -6"><span class='ocrx_word' id='word_1_1056' title='bbox 2538 2813 2547 2823; x_wconf 94' lang='grc'>·</span> <span class='ocrx_word' id='word_1_1057' title='bbox 2563 2811 2624 2841; x_wconf 76' lang='lat' dir='ltr'>esp.</span> <span class='ocrx_word' id='word_1_1058' title='bbox 2631 2817 2689 2835; x_wconf 73' lang='lat' dir='ltr'>un.</span> 
     </span>
    </p>
   </div>
   <div class='ocr_carea' id='block_1_22' title="bbox 2537 3169 2663 3193">
    <p class='ocr_par' dir='ltr' id='par_1_33' title="bbox 2537 3169 2663 3193">
     <span class='ocr_line' id='line_1_126' title="bbox 2537 3169 2663 3193; baseline 0.008 -1"><span class='ocrx_word' id='word_1_1059' title='bbox 2537 3172 2545 3181; x_wconf 91' lang='lat'>·</span> <span class='ocrx_word' id='word_1_1060' title='bbox 2561 3169 2632 3193; x_wconf 83' lang='lat' dir='ltr'>Num.</span> <span class='ocrx_word' id='word_1_1061' title='bbox 2643 3176 2663 3193; x_wconf 86' lang='lat' dir='ltr'>t.</span> 
     </span>
    </p>
   </div>
  </div>
 </body>
</html>
