2768 4134
729 297 917 335 SUMMA
947 298 1169 336 CONTRA
1197 298 1471 344 GENTILES,
1500 299 1594 335 LIB.
1616 299 1656 344 ΙΙ,
1687 298 1798 335 CAP.
1820 298 1933 343 XVII,
1954 298 2083 334 XVIII.

310 377 401 418 quod
425 383 550 408 creatur
572 386 660 408 nunc
685 383 731 407 est
754 378 787 407 in
811 387 918 408 rerum
942 384 1064 415 natura,
1082 384 1113 409 et
1128 379 1216 419 prius
1232 388 1300 409 non
1317 384 1383 409 erat

309 423 342 453 in
370 431 479 453 rerum
501 428 624 452 natura.
654 421 741 462 Ergo
770 428 817 452 est
846 422 967 463 aliquid
991 423 1024 453 in
1049 423 1211 454 creatione
1235 422 1325 463 quod
1348 432 1382 453 se

310 467 405 497 habet
428 476 517 498 nunc
540 467 630 498 aliter
653 475 753 506 quam
776 467 875 507 prius.

365 511 594 552 Respondetur
616 510 706 551 quod
730 511 763 541 in
788 512 949 542 creatione
967 521 1035 542 esse
1051 511 1172 552 aliquid
1189 512 1279 552 quod
1294 512 1383 542 aliter

309 565 344 586 se
367 556 483 587 habeat
505 565 594 586 nunc
625 561 657 586 et
686 557 785 596 prim,
810 556 980 596 dupliciter
1002 562 1109 597 potest
1138 556 1282 597 intelligi.
1308 556 1383 587 Uno

309 600 421 637 modo,
446 601 586 642 proprie,
615 605 770 640 tanquam
801 601 983 631 subiectum
1013 601 1138 632 realiter
1168 601 1383 641 praeexistens

309 646 342 676 in
366 651 489 682 natura,
514 644 605 685 quod
628 645 668 675 ab
692 654 760 676 uno
783 646 922 676 termino
946 645 986 676 ad
1009 646 1109 676 alium
1136 650 1381 676 transmutetur:

310 690 402 726 sicut,
420 698 496 720 cum
511 695 683 730 generatur
698 690 810 726 homo,
831 691 1014 730 praeexistit
1035 691 1178 727 materia,
1195 699 1279 731 quae
1294 690 1383 730 prius

310 739 358 764 est
380 734 440 764 sub
463 744 528 765 una
550 733 656 765 forma
677 744 752 765 cum
776 735 955 775 privatione
979 734 1102 765 formae
1125 735 1277 770 hominis,
1294 739 1384 775 post-

309 778 447 809 modum
471 779 588 819 accipit
618 779 759 809 hominis
790 779 928 810 formam
960 785 992 810 et
1022 789 1102 810 esse.
1126 797 1147 802 -
1171 779 1246 809 Alio
1270 778 1382 815 modo,

309 823 497 864 improprie,
514 828 669 864 tanquam
684 824 840 854 terminus
856 834 913 864 per
927 825 1031 864 ipsam
1047 824 1244 854 creationem
1259 823 1385 854 realiter

308 867 498 908 productus,
523 868 579 908 qui
603 869 691 908 prius
714 878 783 899 non
807 874 873 899 erat
895 874 969 899 actu
994 874 1025 899 et
1047 867 1259 908 postmodum
1283 873 1331 898 est
1350 868 1384 897 in

309 917 393 943 actu.
418 913 492 943 Hoc
516 912 628 949 modo,
652 913 726 944 licet
749 914 905 944 terminus
928 922 996 943 non
1020 913 1060 943 sit
1086 913 1269 943 subiectum
1293 912 1384 952 quod

309 962 541 988 transmutetur
563 957 603 988 de
626 967 694 988 non
719 967 788 988 esse
812 958 844 988 in
869 967 947 994 esse,
972 958 1048 997 quia
1071 957 1160 997 prius
1183 966 1251 987 non
1268 963 1334 987 erat
1350 958 1383 987 in

309 1007 423 1032 natura
446 1002 514 1042 ipse
538 1003 704 1038 terminus,
729 1008 807 1043 puta
830 1003 943 1038 homo,
968 1006 1004 1032 u‘t
1027 1007 1137 1042 posset
1153 1001 1216 1032 dici
1233 1011 1301 1032 esse
1317 1011 1384 1032 rea-

309 1046 381 1076 liter
396 1047 455 1077 sub
471 1056 539 1077 non
557 1056 642 1083 esse;
666 1052 775 1077 tamen
798 1047 991 1082 intellectus,
1007 1045 1214 1076 considerans
1231 1056 1297 1076 non
1315 1055 1384 1076 esse

271 1090 275 1094 ”
311 1091 379 1121 eius
403 1092 436 1121 in
459 1101 525 1121 una
547 1097 636 1132 parte
660 1092 816 1132 temporis
839 1092 905 1122 veri
929 1096 984 1122 aut
1007 1091 1195 1131 imaginarii,
1212 1097 1244 1121 et
1267 1100 1335 1121 esse
1351 1091 1384 1121 in

310 1135 407 1166 altera
430 1137 586 1176 temporis
609 1142 710 1176 parte,
734 1136 851 1176 accipit
877 1136 969 1166 illum
1000 1145 1058 1176 per
1084 1135 1221 1166 modurn
1249 1136 1385 1166 subiecti

310 1179 412 1211 modo
427 1181 487 1211 sub
511 1189 579 1211 non
603 1189 672 1211 esse
688 1180 790 1211 modo
814 1181 874 1211 sub
898 1189 966 1210 esse
991 1180 1163 1210 existentis.
1188 1180 1230 1210 Et
1253 1181 1307 1216 sic,
1335 1189 1384 1210 se-

311 1224 456 1255 cundum
480 1225 690 1261 intellectum,
712 1226 780 1266 ipse
800 1225 957 1255 terminus
980 1230 1028 1255 est
1051 1224 1161 1264 aliquo
1185 1224 1286 1255 modo
1310 1225 1385 1254 sub-

310 1269 432 1300 iectum
456 1269 546 1300 aliter
576 1279 609 1300 se
633 1270 770 1300 habens:
795 1269 885 1306 dum,
909 1269 1030 1299 habens
1061 1278 1129 1299 esse
1151 1270 1185 1299 in
1209 1270 1384 1306 intellectu,

310 1314 400 1354 prius
415 1313 638 1346 consideratur
652 1314 712 1344 sub
728 1323 796 1344 non
813 1323 882 1344 esse
897 1314 983 1350 reali,
999 1313 1213 1354 postmodum
1230 1314 1288 1344 sub
1305 1323 1384 1344 esse.

320 1358 512 1388 ‘Sanctus‘
525 1358 670 1388 Thomas
694 1367 771 1398 ergo
802 1358 952 1398 intelligit
978 1359 1086 1398 primo
1110 1358 1222 1394 modo,
1246 1368 1314 1389 non
1337 1368 1386 1389 se-

311 1401 431 1432 cundo.
456 1402 492 1432 ln
516 1403 679 1433 creatione
707 1404 795 1434 enim
825 1403 952 1433 nullum
983 1403 1257 1443 praesupponitur
1280 1404 1386 1433 subie-

310 1451 400 1476 ctum
416 1446 508 1486 quod
524 1446 614 1477 aliter
629 1457 663 1477 se
679 1447 795 1478 habeat
818 1457 906 1477 nunc
922 1453 954 1477 et
977 1447 1082 1487 prius:
1108 1457 1184 1477 cum
1204 1449 1323 1478 creatio
1347 1448 1386 1478 sit

311 1499 350 1521 ex
373 1490 463 1520 nulla
486 1492 734 1531 praesupposita
764 1492 905 1522 materia.
931 1491 995 1522 Sed
1021 1492 1105 1522 bene
1130 1493 1286 1522 terminus
1310 1501 1386 1532 pro-

310 1533 440 1565 ducitur
454 1535 488 1565 in
505 1540 579 1565 actu
595 1536 653 1575 qui
668 1536 757 1575 prius
773 1545 841 1566 non
857 1541 924 1566 erat
938 1537 972 1566 in
990 1541 1080 1566 actu:
1106 1541 1138 1566 et
1161 1537 1205 1566 sic
1221 1545 1279 1576 per
1294 1536 1387 1566 intel-

309 1579 432 1610 lectum
455 1579 678 1610 consideratur
700 1585 855 1620 tanquam
879 1580 1063 1610 subiectum
1087 1581 1243 1610 transiens
1263 1581 1303 1610 ab
1318 1590 1387 1611 uno

309 1623 451 1655 termino
473 1624 507 1654 in
530 1623 677 1654 alterum.
701 1642 724 1646 -
747 1624 905 1662 Quamvis
927 1625 1030 1664 magis
1053 1633 1113 1664 pro
1137 1624 1284 1655 subiecto
1307 1626 1387 1655 ima-

310 1668 460 1709 ginemur
489 1669 598 1709 ipsum
629 1674 769 1709 tempus,
795 1674 851 1699 aut
873 1677 986 1699 verum
1010 1675 1065 1699 aut
1095 1669 1330 1708 imaginarium,
1354 1670 1386 1699 in

311 1713 405 1744 cuius
426 1721 493 1744 una
515 1718 606 1753 parte
636 1719 684 1744 est
714 1722 783 1744 non
815 1723 884 1744 esse
915 1713 970 1749 rei,
995 1714 1028 1743 in
1055 1713 1116 1743 alia
1140 1722 1216 1743 vero
1241 1723 1326 1744 esse:
1352 1719 1388 1744 ut

311 1757 429 1789 dicitur
450 1758 611 1794 Potentia,
637 1767 668 1798 q.
685 1767 729 1794 m,
755 1768 783 1788 a.
803 1767 832 1788 2.

366 1801 419 1833 Ad
441 1808 670 1843 argumentum
701 1803 812 1843 itaque
841 1802 959 1833 dicitur
989 1801 1081 1842 quod
1109 1801 1256 1842 procedit
1278 1802 1318 1833 de
1346 1811 1387 1833 eo

311 1846 403 1888 quod
429 1847 520 1878 aliter
545 1857 580 1878 se
607 1848 704 1878 habet
729 1856 818 1878 nunc
846 1852 878 1878 et
904 1848 993 1887 prius
1016 1856 1075 1887 per
1098 1846 1235 1877 modurn
1259 1848 1387 1878 termini

311 1891 492 1923 secundum
508 1901 578 1922 rem
601 1898 632 1923 et
652 1892 789 1923 subiecti
812 1891 993 1922 secundum
1016 1891 1153 1922 modum
1177 1891 1386 1932 intelligendi,

312 1936 403 1977 quod
433 1946 501 1967 non
530 1942 627 1977 negat
649 1936 785 1968 Sanctus
809 1936 956 1967 Thomas
983 1937 1016 1966 in
1046 1937 1208 1966 creatione
1232 1937 1386 1967 inveniri:

310 1990 380 2012 non
395 1986 505 2012 autem
522 1981 562 2012 de
578 1991 620 2012 eo
636 1981 728 2022 quod
743 1981 834 2012 aliter
853 1991 886 2012 se
908 1982 1003 2011 habet
1026 1987 1180 2021 tanquam
1205 1981 1387 2012 subiectum

311 2027 530 2067 praeexistens
552 2027 586 2057 in
609 2032 732 2058 natura.

2434 298 2506 334 305

1495 378 1525 408 3.
1543 377 1637 408 Circa
1661 378 1807 408 ultimam
1831 378 2000 414 rationem,
2018 377 2249 408 attendendum
2267 377 2356 418 quod
2372 379 2509 409 mutatio

1438 432 1521 462 quae
1545 428 1592 452 est
1614 422 1771 452 terminus
1794 428 1914 458 motus,
1938 428 1974 452 ut
1996 422 2160 462 generatio
2190 428 2221 453 et
2250 423 2427 473 corruptio,
2452 423 2511 454 du-

1437 467 1563 507 pliciter
1586 472 1693 506 potest
1717 467 1836 513 accipi:
1862 476 1929 497 uno
1953 466 2065 503 modo,
2089 476 2146 507 per
2169 477 2203 497 se
2226 468 2379 507 praecise,
2404 474 2440 498 ut
2463 467 2510 498 di-

1438 512 1609 551 stinguitur
1633 521 1651 541 a
1673 516 1766 541 motu
1791 517 1826 540 ut
1849 511 2005 541 terminus
2029 512 2115 547 eius;
2140 511 2203 542 alio
2227 511 2339 549 modo,
2357 517 2393 542 ut
2413 513 2509 544 simul

1438 555 1516 586 dicit
1538 556 1646 596 ipsum
1669 560 1808 591 motum,
1826 554 1865 585 ad
1885 565 1983 595 quem
2006 556 2161 596 sequitur,
2178 562 2210 586 et
2232 557 2334 596 ipsam
2357 558 2511 588 mutatio-

1438 609 1524 636 nem,
1542 609 1626 640 quae
1642 605 1689 630 est
1705 600 1871 630 terminus.
1886 599 1972 629 Cum
1988 600 2084 640 igitur
2099 601 2205 640 inquit
2221 600 2356 632 Sanctus
2364 602 2510 633 Thomas

1439 650 1590 685 oportere
1614 649 1649 674 ut
1672 649 1778 674 motus
1801 649 1832 674 et
1855 644 1990 674 mutatio
2008 645 2187 685 praecedat
2210 650 2352 686 tempore
2376 646 2409 677 id
2423 647 2511 687 quod

1428 690 1475 731 fit
1494 699 1558 730 per
1580 689 1801 724 mutationem,
1826 698 1894 719 non
1918 689 2074 728 accipitur
2096 690 2232 719 mutatio
2257 691 2362 730 primo
2390 691 2507 722 modo:

1439 734 1525 774 quia,
1543 743 1619 764 curn
1642 734 1682 763 sit
1705 733 1862 764 terminus
1885 739 1995 763 motus
2019 739 2050 763 et
2074 734 2112 763 sit
2135 734 2167 763 in
2191 735 2331 771 instanti,
2347 735 2443 766 simul
2464 742 2511 767 est

1439 788 1515 809 cum
1530 788 1564 808 re
1581 777 1749 818 producta.
1770 777 1864 808 Unde
1880 778 1976 808 simul
1991 787 2041 808 res
2057 783 2226 817 generatur
2242 784 2274 808 et
2287 786 2436 819 generata
2452 786 2509 817 est,

1440 822 1628 863 accipiendo
1644 823 1885 863 generationem
1903 822 1959 853 illo
1975 822 2091 853 modo:
2109 823 2192 853 sicut
2204 823 2300 854 etiam
2314 824 2420 864 inquit
2431 824 2510 855 San-

1440 873 1510 898 ctus
1527 867 1682 904 Thomas,
1699 867 1815 903 Prima,
1833 876 1863 907 q.
1881 877 1951 903 xrv,
1968 877 1995 897 a.
2015 876 2044 903 2,
2061 866 2100 897 ad
2118 867 2148 902 3,
2166 867 2255 907 quod
2277 868 2400 908 aliquid
2414 869 2511 900 simul

1441 912 1647 942 illuminatur
1670 917 1701 942 et
1724 912 1941 942 illuminatum
1966 917 2020 942 est.
2049 929 2071 934 —
2098 911 2160 942 Sed
2184 912 2339 952 accipitur
2366 914 2510 944 secundo

1440 956 1540 987 modo
1558 957 1705 987 mutatio.
1730 956 1783 987 Sic
1807 956 1894 986 enim
1910 956 2058 992 mutatio,
2074 957 2198 986 ratione
2215 962 2334 994 motus,
2350 958 2512 997 praecedit

1439 1001 1472 1032 id
1496 1001 1586 1042 quod
1611 1001 1810 1041 producitur.
1835 1001 1991 1039 Quandiu
2015 1001 2102 1031 enim
2126 1007 2235 1032 motus
2251 1007 2299 1032 est
2320 1002 2456 1033 tendens
2472 1003 2511 1033 ad

1440 1047 1673 1076 instantaneam
1697 1045 1973 1076 introductionem
1993 1045 2116 1076 formae
2138 1046 2172 1076 in
2195 1046 2338 1083 materia,
2355 1053 2386 1077 et
2402 1047 2510 1087 dispo-

1440 1100 1519 1121 nens
1543 1091 1709 1121 materiam
1733 1090 1773 1120 ad
1797 1090 1920 1120 formae
1944 1090 2196 1130 susceptionem,
2220 1100 2269 1121 res
2293 1091 2441 1122 nondum
2465 1098 2512 1123 est

1439 1145 1547 1176 neque
1571 1141 1619 1165 est
1640 1135 1757 1175 genita,
1782 1134 1837 1165 sed
1860 1134 1896 1165 fit
1920 1141 1951 1165 et
1973 1135 2151 1175 generatur.
2178 1135 2212 1165 In
2235 1136 2375 1166 termino
2402 1142 2511 1167 autem

1440 1185 1549 1210 motus
1565 1185 1613 1210 est
1627 1180 1744 1220 genita.
1770 1179 1810 1210 Et
1833 1179 1907 1209 ideo
1931 1184 2040 1210 motus
2057 1185 2088 1210 et
2104 1180 2241 1210 mutatio
2257 1185 2404 1221 tempore
2420 1191 2511 1222 prae-

1441 1224 1526 1255 cedit
1554 1224 1587 1254 id
1617 1224 1707 1264 quod
1738 1223 1928 1264 producitur
1957 1234 2015 1265 per
2044 1224 2140 1254 talem
2171 1225 2399 1256 mutationem:
2428 1226 2511 1256 sicut

1440 1275 1550 1300 motus
1574 1268 1735 1309 praecedit
1758 1269 1931 1299 terminum
1955 1273 2064 1299 motus
2088 1274 2118 1299 et
2142 1269 2295 1309 quietem.

1496 1313 1547 1344 111.
1572 1313 1635 1344 Sed
1660 1319 1770 1343 contra
1795 1313 1991 1353 praedictam
2015 1313 2261 1344 conclusionem
2284 1323 2352 1345 esse
2374 1314 2509 1351 videtur,

1442 1359 1517 1398 quia
1540 1358 1738 1394 Aristoteles,
1756 1358 1784 1387 V
1801 1358 1897 1399 Plgrs.
1911 1359 1937 1394 ἦ
1955 1359 2071 1398 probat
2093 1359 2335 1398 generationem
2355 1368 2423 1389 esse
2438 1369 2511 1390 mu-

1441 1403 1608 1439 tationem,
1633 1403 1709 1442 quia
1736 1412 1794 1442 per
1821 1403 1922 1442 ipsam
1954 1402 1990 1433 fit
2019 1403 2109 1442 quod
2139 1413 2206 1433 non
2238 1409 2295 1433 est.
2321 1403 2383 1433 Sed
2406 1404 2510 1434 multo

1442 1448 1542 1487 magis
1565 1456 1623 1487 per
1642 1448 1838 1477 creationem
1855 1447 1891 1477 fit
1906 1447 1996 1487 quod
2015 1456 2082 1477 non
2108 1453 2154 1477 est
2178 1457 2276 1487 quam
2300 1457 2357 1487 per
2379 1457 2511 1487 genera-

1442 1493 1576 1522 tionem.
1601 1492 1688 1531 Ergo
1712 1492 1831 1522 creatio
1855 1498 1902 1522 est
1925 1492 2073 1522 mutatio.

1497 1536 1633 1566 Videtur
1660 1537 1755 1566 etiam
1783 1545 1852 1566 esse
1878 1542 1989 1566 contra
2019 1536 2121 1576 ipsam
2150 1537 2226 1576 quia
2254 1536 2510 1573 Commentator‚

1443 1581 1499 1610 Vll
1517 1581 1625 1621 Pnys„
1643 1586 1819 1610 comment.
1842 1590 1893 1616 20,
1917 1585 2004 1610 tenet
2023 1580 2140 1611 realem
2160 1581 2349 1611 relationem
2367 1591 2435 1611 non
2457 1581 2511 1612 ad-

1443 1625 1552 1655 venire
1568 1625 1664 1655 alicui
1680 1625 1739 1655 nisi
1757 1633 1814 1664 per
1829 1625 2054 1655 mutationem.
2076 1624 2211 1655 Constat
2235 1630 2342 1655 autem
2359 1625 2448 1665 quod
2463 1635 2511 1656 re-

1443 1669 1520 1699 latio
1533 1674 1696 1699 creaturae
1712 1668 1752 1699 ad
1764 1669 1871 1708 Deum
1885 1669 2013 1699 advenit
2025 1670 2054 1699 ei
2066 1677 2123 1709 per
2135 1669 2340 1700 creationem.
2351 1670 2438 1710 Ergo
2451 1675 2510 1701 etc.

1501 1723 1530 1743 2.
1554 1713 1607 1743 Ad
1629 1714 1771 1754 primum
1795 1714 1913 1743 horum
1938 1714 2053 1744 dicitur
2076 1719 2219 1744 mentem
2242 1714 2422 1744 Aristotelis
2445 1723 2513 1745 esse

1444 1757 1534 1798 quod
1554 1767 1611 1798 per
1626 1758 1868 1798 generationem
1884 1757 1920 1788 fit
1936 1758 2026 1798 quod
2049 1767 2117 1788 non
2133 1764 2181 1788 est
2201 1768 2239 1788 ex
2255 1759 2361 1798 aliqua
2382 1759 2513 1790 materia

1443 1803 1699 1842 praesupposita.
1724 1802 1798 1833 Hoc
1823 1808 1941 1838 autem,
1962 1808 1998 1833 ut
2021 1808 2187 1834 ostensum
2204 1808 2260 1839 est,
2277 1803 2431 1833 creationi
2445 1812 2513 1834 non

1444 1847 1606 1877 convenit.

1499 1891 1550 1922 Ad
1569 1891 1750 1922 secundum
1767 1901 1844 1921 vero
1861 1891 1978 1922 dicitur
1995 1891 2084 1931 quod
2101 1891 2223 1922 dictum
2240 1892 2513 1923 Commentatoris

1443 1936 1630 1976 intelligitur
1653 1935 1693 1967 de
1716 1936 1871 1967 relatione
1895 1945 1978 1976 quae
2002 1936 2130 1967 advenit
2152 1937 2197 1967 rei
2221 1937 2443 1977 praeexistenti
2459 1942 2513 1967 aut

1443 1982 1477 2011 in
1501 1986 1585 2016 actu,
1610 1986 1665 2011 aut
1694 1981 1727 2011 in
1758 1981 1903 2021 potentia
1933 1981 2093 2011 materiae.
2119 1981 2206 2012 Talis
2236 1988 2344 2012 autem
2374 1991 2440 2012 non
2465 1987 2513 2012 est

1443 2025 1555 2056 relatio
1580 2030 1743 2055 creaturae
1767 2025 1805 2055 ad
1830 2025 1948 2056 Deum.

1146 2130 1681 2172 Wlffl—

745 2298 1229 2356 CAPITULUM
1265 2297 1645 2354 DECIMUM
1683 2296 2083 2353 OCTAVUM

1300 2418 1330 2447 A
1355 2417 1418 2448 31r
1449 2417 1531 2447 ³16.

313 2519 628 2572 QUOMODO
663 2518 1044 2560 SOLVANTUR
1075 2518 1157 2558 EA
1186 2517 1358 2570 QUAE
1392 2516 1644 2556 CONTRA
1680 2514 2083 2555 CREATIONEM
2117 2515 2510 2556 OBIICIUNTUR

434 2692 454 2704 fl,
500 2687 502 2689 .
521 2673 546 2698 x
565 2661 642 2698 hoc
661 2668 794 2698 autem
813 2667 973 2709 apparet
987 2658 1136 2696 vanitas
1155 2658 1386 2707 impugnan-

345 2745 347 2747 .
383 2704 447 2757 3⁴3
456 2696 509 2753 'J
535 2714 635 2751 tium
654 2713 891 2751 creationem
918 2725 990 2762 per
1017 2712 1183 2749 rationes
1211 2719 1386 2759 sumptas

383 2772 428 2818 ,ᾆξ’
440 2775 499 2817 ⁴‘
536 2780 584 2804 ex
603 2775 740 2804 natura
759 2774 890 2804 motus
909 2767 971 2802 vel
990 2763 1229 2802 mutationis:
1252 2771 1384 2813 utpote

536 2819 646 2869 quod
674 2827 825 2879 oportet
853 2818 1101 2863 creationem,
1121 2817 1218 2854 sicut
1238 2825 1385 2854 ceteros

313 2881 444 2910 motus
471 2874 533 2910 vel
561 2872 807 2917 mutationes,
837 2883 919 2908 esse
950 2871 988 2907 in
1024 2871 1155 2920 aliquo
1192 2870 1383 2916 subiecto;

313 2934 350 2963 et
377 2926 486 2976 quod
515 2933 666 2976 oportet
700 2937 780 2962 non
816 2937 898 2962 esse
937 2923 1183 2961 transmutari
1218 2923 1257 2960 in
1291 2935 1385 2969 esse,

313 2979 410 3017 sicut
437 2979 534 3028 ignis
561 2986 840 3017 transmutatur
867 2978 907 3014 in
935 2977 1077 3015 aerem.

366 3033 461 3071 Non
481 3032 587 3070 enim
607 3040 663 3069 est
681 3031 823 3069 creatio
852 3031 1027 3076 mutatio,
1047 3030 1114 3067 sed
1135 3029 1218 3079 ipsa
1242 3030 1386 3079 depen-

313 3086 442 3124 dentia
467 3099 550 3124 esse
578 3085 693 3123 creati
722 3085 771 3122 ad
799 3084 1034 3134 principium
1054 3096 1076 3121 a
1095 3096 1176 3133 quo
1196 3083 1385 3121 statuitur.

314 3141 362 3177 Et
390 3140 444 3177 sic
471 3148 528 3177 est
555 3140 604 3177 de
631 3151 772 3188 genere
801 3137 1005 3175 relationis.
1036 3137 1149 3174 Unde
1178 3136 1273 3174 nihil
1296 3149 1385 3186 pro-

314 3194 420 3231 hibet
448 3206 536 3231 eam
565 3193 603 3230 in
633 3200 760 3230 creato
790 3204 872 3228 esse
901 3191 998 3228 sicut
1026 3190 1065 3227 in
1094 3190 1278 3228 subiecto.

366 3247 530 3285 Videtur
544 3255 674 3284 tamen
689 3245 830 3283 ereatio
846 3257 928 3282 esse
944 3243 1107 3281 mutatio
1118 3244 1313 3303 quaedam
1328 3256 1385 3281 se-

314 3301 490 3338 cundum
509 3300 676 3338 modum
696 3298 928 3348 intelligendi
956 3306 1122 3335 tanturn:
1154 3297 1386 3346 inquantum

314 3354 454 3392 scilicet
481 3354 692 3392 intellectus
721 3361 851 3390 noster
869 3351 1004 3400 accipit
1023 3363 1145 3388 unam
1164 3359 1200 3387 et
1220 3351 1386 3387 eandem

1443 2656 1549 2705 quod
1584 2668 1643 2692 res
1677 2655 1870 2704 quaedam
1904 2662 1975 2691 est:
2010 2662 2046 2690 et
2079 2665 2206 2703 neque
2236 2654 2402 2690 increata
2434 2662 2507 2700 est;

1442 2721 1569 2758 neque
1599 2708 1671 2746 alia
1700 2708 1882 2745 relatione
1910 2715 2046 2745 creata.
2082 2707 2184 2744 Cum
2213 2707 2318 2744 enim
2350 2707 2508 2744 effectus

1442 2770 1591 2799 creatus
1611 2761 1759 2799 realiter
1787 2761 2003 2811 dependeat
2031 2773 2054 2797 a
2081 2768 2245 2806 creante,
2266 2768 2416 2809 oportet
2436 2761 2507 2797 hu-

1442 2815 1611 2853 iusmodi
1640 2814 1866 2852 relationem
1885 2825 1967 2851 esse
1988 2825 2071 2850 rem
2090 2814 2300 2863 quandam.
2322 2836 2347 2840 —
2368 2813 2508 2851 Omnis

1410 2877 1573 2906 >autem
1593 2880 1652 2905 res
1671 2881 1695 2906 a
1713 2868 1799 2905 Deo
1823 2868 1862 2904 in
1888 2879 1970 2904 esse
1998 2867 2225 2917 producitur
2242 2867 2273 2903 ²¹⁸.
2303 2868 2370 2903 Est
2398 2866 2510 2915 igitur
2535 2869 2544 2877 '

1441 2922 1481 2959 in
1501 2934 1583 2960 esse
1603 2934 1626 2959 a
1645 2922 1730 2959 Deo
1758 2921 1958 2971 producta.
1980 2943 2004 2947 —
2026 2921 2118 2958 Non
2147 2928 2274 2957 tamen
2305 2919 2376 2957 alia
2405 2931 2507 2956 crea-

1441 2975 1545 3013 tione
1565 2983 1690 3013 creata
1708 2987 1829 3025 quarn
1858 2974 1940 3024 ipsa
1968 2981 2140 3011 creatura
2168 2973 2293 3023 prima
2321 2985 2420 3022 quae
2439 2985 2509 3022 per

1442 3042 1530 3067 eam
1558 3037 1684 3066 creata
1718 3027 1867 3066 dicitur.
1902 3027 2007 3074 Quia
2041 3026 2251 3064 accidentia
2279 3035 2315 3062 et
2349 3027 2506 3072 formae,

1442 3082 1540 3120 sicut
1567 3094 1637 3132 per
1665 3094 1704 3118 se
1734 3094 1814 3119 non
1843 3089 1942 3127 sunt,
1972 3080 2021 3117 ita
2049 3092 2121 3117 nec
2148 3092 2218 3129 per
2245 3091 2285 3116 se
2319 3087 2506 3125 creantur,

1403 3154 1428 3168 10
1442 3148 1534 3173 cum
1553 3135 1696 3172 creatio
1716 3135 1762 3172 sit
1780 3134 1985 3184 productio
2015 3134 2125 3170 entis:
2156 3134 2234 3178 sed,
2255 3132 2351 3169 sicut
2374 3132 2412 3169 in
2432 3132 2506 3169 alio

1442 3198 1541 3235 sunt,
1558 3189 1608 3226 ita
1622 3188 1703 3226 aliis
1722 3188 1856 3226 creatis
1875 3194 2063 3225 creantur.
2080 3209 2106 3213 -
2127 3187 2336 3223 Praeterea.
2358 3185 2506 3222 Relatio

1442 3255 1523 3279 non
1551 3243 1710 3280 refertur
1737 3254 1807 3292 per
1834 3241 1948 3278 aliam
1970 3239 2206 3285 relationem,
2227 3239 2319 3288 quia
2338 3238 2390 3275 sic
2410 3247 2507 3276 esset

1442 3295 1547 3333 abire
1572 3296 1611 3333 in
1635 3295 1846 3333 infinitum:
1867 3294 1935 3331 sed
1955 3306 2024 3343 per
2042 3292 2207 3352 seipsam
2228 3292 2396 3337 refertur,
2416 3291 2508 3340 quia

1442 3349 1689 3386 essentialiter
1716 3348 1846 3386 relatio
1875 3355 1941 3384 est
1972 3347 2063 3383 Non
2092 3346 2203 3394 igitur
2221 3345 2294 3382 alia
2316 3345 2507 3382 creatione

314 3420 397 3445 rem
412 3416 551 3445 utnon
566 3406 791 3444 CXIStentem
808 3418 926 3455 prius,
942 3412 979 3441 et
993 3412 1127 3454 postea
1146 3403 1383 3440 existentem.
1403 3421 1424 3440 ¹5
1442 3415 1542 3452 OPUS
1571 3410 1635 3447 est,
1666 3414 1743 3451 qua
1772 3402 1853 3451 Ipsa
1882 3408 2021 3437 Cl‘eath
2051 3407 2209 3444 creetur,
2239 3406 2276 3435 Εἴ
2303 3398 2356 3435 SIC
2384 3398 2421 3435 In
2451 3397 2507 3435 In-

369 3463 540 3512 Apparet
559 3468 702 3506 autem,
723 3459 753 3497 si
774 3458 914 3496 creatio
944 3457 1074 3495 relatio
1103 3457 1297 3506 quaedam
1318 3464 1384 3502 est,

370 3585 379 3602 1
402 3576 517 3610 apparet]
538 3582 645 3610 apparet
663 3576 734 3609 quod
754 3575 851 3604 αΕΝΥ,
869 3580 976 3607 apparet
994 3578 1019 3598 et
1038 3573 1095 3598 ΗΧ.

316 3613 401 3644 αΧΡσ,
421 3617 570 3638 statuuntur
589 3612 619 3637 E.
711 3618 743 3636 12
764 3611 873 3635 Videtur
891 3609 940 3642 (ex
958 3609 1059 3642 dicitur)
1079 3609 1099 3632 Α
1120 3608 1205 3637 solus;
1225 3607 1331 3632 Dicitur.

371 3656 384 3673 2
405 3648 539 3681 relatione]
559 3648 660 3672 ratione
677 3647 732 3677 ΒΥ,
752 3646 880 3672 creatione
900 3646 966 3670 NPc.

889 3689 920 3706 η
940 3681 996 3714 per]
1017 3681 1048 3705 ad
1068 3679 1177 3704 ιΧΥΡσ.

459 3739 552 3763 Suum
571 3738 682 3762 Com-Ra
703 3737 835 3761 Gemmas
855 3736 886 3760 D.
905 3736 1020 3760 Tnonmr.
1038 3735 1106 3758 Tou.
1127 3733 1144 3758 l.

315 3685 342 3710 in
361 3684 418 3709 aliis
437 3684 524 3714 sz‚
542 3684 568 3708 in
587 3683 679 3708 creatis
697 3683 752 3707 aliis
772 3683 796 3707 b.

1194 3581 1211 3603 4
1230 3571 1304 3604 sicut]
1325 3577 1353 3596 ut
1372 3572 1416 3596 Pc.

1424 3615 1457 3638 14
1476 3606 1575 3639 accipit]
1596 3606 1717 3638 incipito

1059 3644 1072 3669 3
1092 3643 1202 3676 creante]
1223 3648 1338 3668 creatore
1356 3643 1426 3667 GPc.

1270 3685 1303 3710 ¹4
1321 3678 1421 3711 relatio]
1441 3679 1520 3703 relata
1540 3677 1670 3702 EGNWb.

1441 3455 1595 3493 finitum
1625 3455 1866 3505 procedatur.

1521 3571 1538 3596 8
1556 3570 1621 3603 ipsa]
1641 3571 1699 3602 ipso
1718 3570 1789 3599 αΕΧ,
1809 3569 1855 3594 sed
1874 3569 1894 3592 E
1912 3575 1940 3592 se
1959 3567 2081 3600 corrigit.
2184 3574 2200 3599 9
2219 3565 2348 3599 statuitur]
2368 3566 2508 3591 instituitur

1818 3604 1850 3629 16
1869 3603 1965 3636 autem]
1986 3603 2062 3628 etiarn
2081 3602 2141 3627 GPc
2159 3605 2185 3627 et
2203 3609 2287 3634 supra
2305 3609 2359 3627 ras
2378 3602 2410 3626 Ν.

1518 3649 1546 3667 11
1570 3642 1625 3666 aliis
1645 3641 1735 3666 creatis
1756 3641 1791 3670 D;
1810 3640 1834 3664 in
1854 3640 1910 3664 aliis
1929 3638 2020 3663 creatis
2040 3638 2150 3668 aGXPc,
2170 3638 2195 3662 in
2214 3637 2269 3662 aliis
2289 3637 2412 3662 creaturis
2430 3637 2508 3668 FNY,

1762 3675 1793 3701 15
1813 3675 1859 3707 sic]
1880 3674 1916 3699 sic
1935 3674 2005 3707 quod
2025 3674 2055 3698 D.

2333 3726 2365 3759 39

2538 1364 2546 1371 '
2563 1363 2620 1390 Cap.
2632 1369 2646 1383 1.
2658 1369 2678 1388 7.
