2768 4134
17 673 26 682 ¹
42 671 114 693 Num.
125 676 150 693 u.

7 2599 20 2610 ⁶
33 2598 105 2622 Num.
115 2605 142 2627 n,
151 2605 173 2622 2.

870 279 1059 322 SUMMA
1089 281 1311 319 CONTRA
1339 282 1614 329 GENTILES,
1647 284 1758 321 CAP.
1778 284 1859 321 LV.

316 357 415 396 Quod
443 359 553 399 itaque
577 359 684 399 inquit
707 358 842 389 Sanctus
866 359 1021 396 Thomas,
1046 361 1246 392 intellectum
1269 371 1337 392 non

261 412 357 443 posse
373 403 470 434 simul
486 404 607 434 actuari
624 403 770 444 pluribus
785 404 954 444 speciebus
967 406 1230 446 intelligibilibus,
1244 407 1337 437 intel—

260 446 429 488 ligendum
447 453 496 479 est
519 447 611 489 quod
633 457 702 479 non
725 453 833 488 potest
856 450 977 480 actuari
1000 450 1146 490 pluribus
1170 457 1206 482 ut
1229 451 1337 491 plures

258 498 346 523 sunt.
364 492 428 523 Sed
451 493 535 523 bene
557 492 706 533 pluribus
727 498 763 523 ut
778 499 853 523 sunt
869 494 979 534 aliquo
1003 495 1104 525 modo
1122 505 1186 526 una
1202 496 1336 536 species,

261 546 400 578 quarum
423 537 547 568 scilicet
561 547 627 568 una
643 543 692 568 est
714 538 795 568 ratio
820 538 958 575 alterius,
975 538 1066 576 idest,
1083 550 1161 570 usus
1177 541 1274 571 unius
1290 546 1337 571 est

259 582 341 612 ratio
357 581 470 613 utendi
486 582 560 612 alia:
578 582 662 612 sicut
677 581 795 613 accidit
816 583 850 613 in
874 584 1060 624 cognitione
1084 585 1189 625 angeli
1213 595 1336 626 cogno-

260 627 378 657 scentis
401 636 436 657 se
459 632 492 657 et
515 626 575 656 alia
607 626 739 657 diversis
763 628 1014 667 cognitionibus,

316 671 370 701 IV.
394 670 447 701 Ad
476 671 619 711 primum
647 673 725 711 ergo
757 671 893 703 dubium
910 674 926 690 ³÷
951 673 1066 704 dicitur
1095 674 1213 714 primo,
1245 673 1335 715 quod

259 716 417 756 accipitur
446 715 591 756 cognitio
625 716 812 756 simpliciter
842 723 873 748 et
902 718 1059 754 absolute,
1085 724 1124 749 utr
1143 719 1294 750 abstrahit
1317 729 1335 749 a

260 759 398 791 confusa
420 766 453 790 et
476 759 635 790 distincta.
798 778 801 780 >

315 805 441 836 Dicitur
463 804 619 842 secund0‚
637 805 728 845 quod
743 806 918 847 aliquando
935 813 1178 847 cognoscuntur
1199 807 1334 838 confuse

258 850 312 880 illa
335 850 438 890 plura,
455 850 539 880 sicut
563 850 695 890 quando
717 852 842 891 species
865 851 918 882 illa
942 852 1035 892 plura
1052 851 1188 882 confuse
1208 862 1334 892 reprae-

259 896 377 925 sentati
401 894 491 935 quod
514 894 630 925 accidit
645 895 823 927 intellectui
839 902 951 926 nostro
968 896 1100 936 quando
1119 906 1177 937 per
1192 898 1334 937 speciem

258 940 359 970 totius
389 945 495 980 partes
525 941 695 980 cognoscit
718 946 755 971 ut
777 946 853 971 sunt
876 942 909 971 in
933 946 1015 971 toto.
1047 941 1233 981 Aliquando
1256 951 1333 972 vero

259 986 503 1025 cognoscuntur
527 984 686 1021 distincte,
710 985 794 1016 sicut
817 995 894 1016 cum
917 986 1041 1025 species
1063 986 1271 1026 intelligibilis
1287 986 1334 1016 di-

258 1028 373 1060 stincte
397 1034 634 1070 repraesentat:
653 1030 736 1060 sicut
760 1036 807 1060 est
829 1030 863 1060 in
887 1030 1054 1060 intellectu
1085 1030 1196 1061 divino
1223 1032 1334 1061 omnia

258 1083 316 1115 per
331 1083 424 1106 suam
441 1075 623 1111 essentiam,
641 1083 724 1114 quae
740 1074 801 1105 sibi
817 1074 964 1105 distincte
981 1076 1092 1105 omnia
1107 1075 1333 1115 repraesentat,

258 1119 471 1160 intelligente;
495 1124 528 1149 et
549 1119 583 1149 in
607 1119 774 1149 intellectu
797 1119 945 1159 angelico
961 1119 1054 1160 plura
1069 1129 1127 1160 per
1146 1130 1245 1150 unam
1261 1130 1334 1160 spe-

258 1164 343 1195 ciem
366 1169 596 1204 cognoscente,
621 1163 734 1193 saltem
764 1163 857 1204 plura
886 1163 1053 1195 individua
1081 1165 1179 1196 unius
1202 1166 1332 1205 speciei.

287 1210 289 1212 '
314 1208 355 1239 Et
379 1211 456 1240 c'um
478 1209 624 1244 instatur,
649 1208 726 1248 quia
749 1213 828 1238 tunc
851 1208 960 1248 plures
983 1215 1162 1250 conceptus
1193 1209 1333 1240 distincti

258 1253 396 1294 omnino
419 1252 516 1283 simul
531 1254 635 1283 *erunt
649 1253 683 1283 in
700 1252 882 1284 intellectu:
907 1253 1024 1284 dicitur
1047 1253 1148 1294 quod,
1164 1254 1333 1294 loquendo

258 1297 300 1328 de
321 1297 449 1338 angelo,
474 1297 533 1339 qui
552 1297 645 1327 solus
668 1297 761 1338 plura
784 1307 843 1338 per
865 1299 996 1329 unicam
1020 1299 1162 1339 speciem
1186 1299 1334 1330 distincte

250 1341 427 1382 cognoscit
448 1340 621 1372 formando
639 1348 837 1383 conceptum
854 1353 871 1373 a
887 1353 921 1373 se
937 1343 1138 1374 distinctum:
1155 1363 1175 1366 —
1193 1353 1269 1374 nam
1284 1345 1333 1374 in-

256 1386 404 1418 tellectus
427 1391 538 1417 noster
561 1386 654 1426 plura
684 1396 743 1427 per
771 1397 872 1418 unam
903 1389 1046 1428 speciem
1073 1397 1141 1418 non
1166 1390 1334 1429 cognoscit

256 1430 417 1467 distincte,
445 1440 486 1462 eo
513 1430 604 1471 quod
630 1432 746 1462 habeat
772 1433 897 1473 species
919 1433 1142 1473 ‘intelligibiles
1169 1433 1331 1469 limitatas;

255 1475 440 1507 intellectus
468 1481 577 1506 autem
609 1476 737 1507 divinus
768 1486 836 1507 non
867 1477 1016 1518 intelligit
1046 1487 1104 1518 per
1135 1484 1332 1518 conceptum

256 1520 357 1552 alium
381 1530 399 1551 a
415 1523 481 1551 'sua
506 1521 657 1551 essentia:
681 1539 705 1544 -
728 1520 808 1552 dum
832 1522 965 1562 angelus
992 1523 1037 1552 sic
1060 1522 1153 1562 plura
1173 1523 1332 1563 intelligit,

255 1575 325 1597 non
341 1565 460 1596 format
475 1565 584 1606 plures
608 1572 798 1606 conceptus,
815 1566 872 1597 sed
888 1567 1038 1597 unicum:
1063 1576 1140 1597 cum
1156 1576 1223 1598 non
1239 1567 1332 1598 intel-

255 1611 335 1652 ligat
353 1609 587 1651 componendo
612 1616 644 1641 et
667 1610 853 1647 dividendo,
869 1610 925 1642 sed
942 1611 1081 1651 simplici
1100 1609 1231 1642 intuitu.
1256 1612 1332 1642 Non

255 1655 528 1696 distinguerentur
551 1655 639 1686 enim
663 1655 709 1686 illi
731 1656 840 1696 plures
864 1662 1044 1697 conceptus
1072 1665 1181 1697 neque
1208 1657 1332 1687 ratione

254 1700 402 1736 subiecti,
418 1709 526 1740 neque
542 1700 666 1730 ratione
683 1701 845 1741 principii,
862 1710 970 1741 neque
990 1701 1115 1731 ratione
1138 1701 1331 1732 durationis:

255 1745 332 1786 quia
346 1745 382 1776 in
398 1744 516 1776 eodem
540 1744 707 1776 intellectu
730 1746 961 1786 reciperentur,
979 1752 1010 1776 et
1026 1746 1065 1776 ab
1082 1745 1195 1777 eadem
1211 1746 1332 1787 produ-

254 1795 405 1821 cerentur
427 1790 546 1831 specie,
571 1794 603 1820 et
626 1788 763 1821 simul.‘

298 1834 376 1866 vUbi
399 1833 632 1865 advertendum
653 1835 755 1876 quod,
780 1836 863 1866 sicut
886 1835 954 1875 ipsa
977 1836 1101 1876 species
1124 1835 1332 1876 intelligibilis

253 1879 436 1911 intellectus
452 1879 599 1920 angelici,
617 1889 683 1910 una
699 1880 848 1916 existens,
865 1880 1040 1912 virtualiter
1055 1881 1201 1911 continet
1216 1889 1332 1911 omnes

252 1925 378 1966 species
402 1923 613 1964 singularium
637 1933 721 1965 quae
743 1924 779 1954 in
801 1930 911 1955 nostra
934 1925 1167 1965 imaginatione
1182 1930 1274 1961 sunt;
1300 1931 1332 1955 et

253 1969 387 2010 p'ropter
409 1969 473 1999 hoc
497 1974 715 2009 repraesentat
729 1969 799 2009 ipsa
814 1970 986 2009 singularia
1001 1970 1085 2000 sicut
1102 1979 1218 2000 eorum
1234 1971 1331 2010 parti-

252 2014 377 2045 culares
388 2014 513 2054 species
521 2019 807 2055 repraesentarent,
820 2019 852 2044 et
863 2014 970 2045 adhuc
982 2014 1201 2045 excellentiori
1212 2013 1329 2045 modo:

253 2059 297 2090 ita
321 2066 360 2089 ex
382 2058 436 2089 illa
459 2059 568 2099 specie
591 2057 711 2089 format
734 2058 916 2089 intellectus
939 2059 1103 2099 angelicus
1131 2064 1330 2099 conceptum

253 2103 436 2145 simplicem
462 2103 510 2134 illi
540 2103 769 2144 adaequatum,
794 2103 969 2134 virtualiter
997 2104 1218 2134 continentem
1250 2112 1328 2135 con-

252 2154 368 2190 ceptus
392 2148 543 2179 omnium
568 2157 651 2189 quae
676 2158 734 2189 per
757 2148 845 2179 illam
868 2149 1012 2189 speciem
1038 2154 1329 2189 repraesentantur,

253 2199 285 2224 et
308 2194 365 2234 qui
389 2193 540 2224 omnium
563 2193 678 2224 talium
703 2199 750 2224 est
773 2194 904 2234 propria
927 2194 1018 2229 ratio,
1036 2199 1068 2224 et
1084 2194 1117 2224 in
1134 2202 1202 2234 quo
1219 2194 1330 2224 omnia

252 2238 313 2269 alia
336 2237 504 2269 actualiter
526 2237 682 2268 relucent.
708 2237 803 2269 Unde
819 2248 886 2269 non
903 2239 987 2269 valet
1001 2239 1060 2268 ista
1083 2239 1328 2279 consequentia,

252 2283 440 2314 Intellectus
463 2283 635 2324 angelicus
659 2283 720 2313 ista
744 2283 894 2314 distincte
909 2283 1087 2324 cognoscit,
1105 2283 1200 2325 Ergo
1216 2283 1330 2314 distin-

251 2328 312 2359 ctis
327 2327 551 2368 conceptibus:
573 2327 630 2358 sed
646 2327 764 2358 sufficit
783 2327 874 2368 quod
890 2338 958 2358 uno
974 2333 1138 2368 conceptu
1154 2334 1331 2368 cognoscat

252 2382 336 2414 quae
359 2373 400 2403 sit
422 2373 504 2403 'ratio
528 2372 743 2413 singulorum.
773 2373 850 2403 Non
881 2374 968 2403 enim
996 2373 1150 2413 cognosci
1181 2372 1330 2404 distincte

252 2424 300 2449 est
323 2417 481 2458 cognosci
511 2417 664 2448 distincto
697 2423 861 2458 conceptu
889 2428 906 2448 a
937 2423 1101 2458 conceptu
1125 2418 1255 2448 alterius
1281 2427 1330 2448 se-

252 2461 399 2494 cundum
422 2471 507 2492 rem:
533 2462 589 2493 sed
613 2468 777 2503 conceptu
793 2463 851 2503 qui
867 2463 907 2493 sit
922 2463 1053 2503 propria
1069 2463 1138 2493 eius
1154 2463 1245 2498 ratio,
1263 2462 1330 2493 sive

251 2508 292 2538 sit
315 2508 354 2538 ab
379 2506 443 2537 alio
467 2507 593 2538 realiter
615 2507 683 2538 sive
707 2507 888 2538 secundum
912 2507 1070 2538 rationem
1095 2507 1274 2543 distinctus,
1299 2513 1331 2537 et

251 2561 321 2583 rem
344 2552 494 2582 distincte
517 2557 744 2592 repraesentet.

308 2597 348 2627 V.
372 2595 425 2626 Ad
448 2602 637 2636 argumenta
660 2596 795 2627 secundi
812 2596 930 2627 dubii*
946 2596 1170 2637 respondetur.
1190 2596 1243 2627 Ad
1265 2597 1330 2636 pri-

252 2650 346 2672 mum
377 2640 504 2676 dicitur,
536 2639 576 2671 de
608 2646 718 2671 mente
745 2641 854 2672 Sancti
881 2641 1032 2672 Thomae
1055 2641 1089 2671 in
1117 2641 1191 2679 QQ.
1222 2641 1328 2676 Ver-it„

253 2696 286 2727 q.
302 2695 368 2722 vm,
392 2695 420 2715 a.
447 2693 496 2724 14,
521 2684 561 2715 ad
585 2684 616 2721 8,
642 2685 733 2726 quod
756 2685 879 2716 formae
909 2685 982 2716 illae
1006 2695 1075 2716 non
1103 2691 1178 2716 sunt
1201 2686 1234 2715 in
1257 2694 1329 2715 aere

252 2730 398 2772 perfecto
421 2729 535 2765 modo,
552 2729 609 2760 sed
623 2735 751 2760 tantum
767 2731 850 2761 sicut
865 2731 899 2760 in
916 2729 1090 2761 deferente.
1115 2730 1156 2760 Et
1171 2730 1216 2759 sic
1232 2730 1329 2759 etiam

253 2774 465 2807 concedimus
489 2775 598 2815 plures
621 2775 746 2814 species
769 2776 802 2805 in
826 2775 992 2805 intellectu
1016 2774 1112 2805 simul
1129 2782 1197 2804 esse
1217 2775 1250 2804 in
1273 2774 1329 2803 ha-

253 2821 334 2857 bitu,
352 2820 410 2860 qui
425 2825 473 2850 est
488 2824 579 2849 actus
601 2818 822 2859 imperfectus.
847 2819 923 2849 Non
947 2825 1056 2849 autem
1081 2824 1218 2858 possunt
1233 2818 1328 2848 simul

254 2875 323 2896 eoee
346 2866 382 2895 in
405 2869 479 2894 actu
503 2862 659 2904 perfecto,
684 2863 806 2893 scilicet
829 2863 1010 2894 secundum
1034 2863 1191 2894 actualem
1223 2863 1329 2893 consi-

254 2910 466 2945 derationem,
483 2917 551 2949 quo
568 2907 670 2938 modo
686 2908 762 2938 sunt
777 2908 811 2938 in
827 2907 941 2938 ultima
964 2908 1146 2938 actualitate
1162 2908 1195 2937 in
1211 2916 1329 2947 genere

253 2954 521 2994 intelligibilium:
547 2952 586 2983 de
610 2962 678 2993 quo
701 2961 819 2992 genere
843 2952 896 2982 hic
921 2958 968 2982 est
991 2961 1109 2982 sermo.

306 2998 360 3029 Ad
375 2997 557 3029 secundum
573 2997 746 3037 dupliciter
760 2995 949 3036 responderi
965 3002 1082 3037 potest.
1099 2996 1219 3032 Primo,
1237 2995 1329 3036 quod

254 3053 346 3075 mens
369 3043 479 3074 Sancti
495 3042 644 3072 Thomae
668 3047 717 3072 est
739 3041 848 3081 plures
871 3041 995 3081 species
1019 3039 1165 3072 eiusdem
1193 3041 1329 3081 generis,

254 3090 447 3129 inquantum
465 3087 590 3128 plures,
607 3086 699 3122 idest,
723 3091 760 3116 ut
782 3085 906 3116 nullam
929 3086 1012 3116 inter
1034 3095 1068 3116 se
1092 3086 1250 3116 unitatem
1273 3086 1330 3115 ha—

254 3134 377 3168 bentes„
393 3142 462 3163 non
478 3141 575 3172 posse
590 3130 687 3161 simul
704 3140 773 3161 esse
795 3131 829 3160 in
853 3130 967 3160 eadem
990 3131 1150 3170 potentia:
1175 3130 1231 3160 sed
1247 3131 1330 3160 bene

253 3178 324 3209 illas
347 3187 431 3218 quae
456 3177 598 3217 aliquam
620 3176 704 3206 inter
726 3185 763 3205 se·
784 3175 903 3205 habent
933 3175 1106 3211 unitatem;
1131 3180 1162 3205 et
1190 3175 1330 3205 maxime

253 3222 388 3263 quando
413 3231 446 3252 se
470 3221 590 3252 habent
613 3220 727 3250 ordine
754 3219 899 3260 quodam
926 3219 1149 3259 perfectionali
1179 3220 1263 3249 inter
1285 3228 1329 3255 se,

255 3277 323 3308 quo
346 3266 449 3298 modo
474 3272 521 3296 est
543 3266 578 3296 in
600 3265 781 3306 proposito.
1056 3303 1059 3306 Δ

309 3310 475 3348 Secundo,
499 3310 591 3351 quod
613 3319 682 3340 non
707 3310 822 3340 omnes
853 3308 926 3338 illae
956 3307 1080 3338 formae
1107 3307 1252 3338 eiusdem
1276 3317 1331 3347 ge-

253 3357 341 3388 neris
364 3357 450 3392 sunt,
474 3365 536 3386 nec
559 3355 736 3395 respiciunt
766 3353 902 3384 eandem
932 3353 1113 3393 potentiam
1144 3351 1330 3388 formaliter,

254 3401 331 3432 licet
345 3402 409 3432 sint
431 3401 467 3431 in
490 3400 609 3431 eodem
632 3399 813 3430 intellectu:
838 3399 931 3433 sicut,
948 3397 1023 3427 licet
1037 3396 1124 3427 idern
1140 3404 1260 3437 corpus
1275 3397 1331 3427 ha-

255 3447 329 3477 beat
352 3445 536 3477 albedinem
561 3446 593 3475 et
615 3443 832 3478 dukedinem,
856 3442 925 3473 non
948 3441 1099 3472 dicuntur
1126 3447 1235 3471 tamen
1257 3441 1332 3472 illae

253 3490 379 3522 formae
397 3491 562 3531 'respicere
586 3489 723 3520 eandem
753 3488 932 3529 potentiam
964 3486 1150 3522 formaliter,
1174 3486 1332 3526 quoniam

256 3535 372 3566 albedo
388 3535 542 3575 recipitur
556 3535 592 3565 in
607 3534 665 3565 illo
681 3539 719 3564 ut
732 3533 830 3563 habet
845 3538 991 3563 naturam
1012 3531 1174 3571 diaphani‚
1191 3530 1331 3561 dulcedo

256 3585 366 3611 autem
382 3586 419 3611 ut
433 3579 530 3610 habet
545 3584 693 3609 naturam
709 3577 845 3609 humidi.
870 3577 953 3607 Nam
978 3576 1101 3616 species
1116 3575 1332 3615 intelligibiles

256 3625 434 3665 respiciunt
455 3624 656 3655 intellectum
688 3629 724 3653 ut
756 3621 878 3663 aliquid
909 3630 1020 3652 carens
1051 3629 1119 3651 esse
1152 3619 1270 3650 actuali
1292 3619 1332 3650 ad

254 3669 504 3710 intelligendum
527 3669 598 3705 alia,
622 3674 655 3699 et
681 3668 882 3708 receptivum
906 3676 975 3697 esse
999 3666 1179 3706 specierum
1203 3671 1267 3704 per*
1283 3664 1332 3694 in-

2393 289 2464 336 159

1393 363 1634 394 formationem.
1659 364 1776 394 Divina
1799 370 1908 395 autem
1936 366 2072 396 essentia
2099 372 2131 396 et
2158 366 2334 397 substantia
2360 368 2465 408 angeli

1391 408 1500 448 ipsum
1523 408 1701 448 respiciunt
1723 418 1791 439 non
1815 414 1851 439 ut
1874 410 2066 440 actuabilem
2082 412 2120 440 ab
2137 412 2213 451 ipsis
2228 421 2286 452 per
2309 409 2464 443 informa-

1391 453 1527 488 tionem,
1552 452 1608 483 sed
1632 452 1739 483 solum
1770 458 1807 483 ut
1835 454 2028 485 actuabilem
2051 454 2091 485 ad
2115 456 2326 496 operandum.
2354 457 2396 488 Et
2418 458 2463 488 sic

1391 497 1520 528 alterius
1543 497 1676 527 rationis
1700 503 1747 528 est
1770 498 1985 538 potentialitas
2009 500 2078 529 eius
2104 506 2252 540 respectu
2281 502 2462 541 specierum

1390 541 1653 582 intelligibilium,
1670 547 1701 572 et
1717 542 1778 572 alia
1801 543 2018 582 potentialitas
2041 550 2188 584 respectu
2212 545 2341 576 divinae*
2355 556 2462 577 essen-

1390 586 1452 617 tiae
1469 592 1501 616 et
1516 586 1711 617 substantiae
1734 587 1908 627 angelicae.
1933 587 2084 619 Similiter
2100 588 2258 620 diceretur
2274 589 2313 621 de
2328 592 2461 621 scientia

1390 630 1497 661 infusa
1520 636 1552 662 et
1575 630 1615 661 de
1639 631 1795 671 acquisita
1818 632 1851 661 in
1874 632 2040 663 intellectu
2056 639 2179 664 nostro.
2203 634 2290 672 Quia
2305 635 2345 666 ad
2361 644 2459 666 unam

1390 675 1572 706 intellectus
1596 676 1693 706 habet
1715 677 1896 716 potentiam
1920 678 2110 713 naturalem,
2127 677 2167 708 ad
2182 679 2276 709 aliam
2299 689 2376 710 vero
2401 689 2460 721 po-

1389 721 1524 752 tentiam
1547 720 1807 751 obedientialem.
1832 720 1909 751 Ideo
1932 730 2000 751 non
2024 727 2118 752 erunt
2140 723 2292 754 scientiae
2315 725 2459 756 eiusdem

1389 766 1532 801 rationis,
1557 766 1704 805 quamvis
1727 766 1760 795 in
1785 765 1902 796 eodem
1925 766 2092 797 intellectu
2115 767 2318 808 recipiantur.

1445 810 1498 840 VI.
1515 809 1567 840 Ad
1582 811 1711 840 tertium
1728 810 1865 841 dubium
1877 811 1893 827 ³*
1910 810 2123 851 respondetur
2138 812 2239 852 quod,
2252 813 2277 842 si
2293 811 2459 853 diligenter

1390 854 1634 886 considerentur
1664 855 1760 885 verba
1792 854 1900 886 Sancti
1923 855 2083 892 Thomae,
2107 865 2174 887 non
2199 862 2246 887 est
2267 866 2360 887 mens
2391 859 2459 888 eius

1389 899 1463 930 ideo
1487 900 1610 940 species
1629 899 1844 940 intelligibiles
1860 909 1929 931 esse
1950 900 2096 931 eiusdem
2111 902 2237 940 generis
2253 902 2329 942 quia
2345 911 2459 933 omnes

1388 945 1508 975 habent
1529 954 1597 975 esse
1620 944 1829 985 intelligibile,
1846 945 1891 975 sic
1908 945 1995 975 enirn
2011 950 2043 975 et
2065 945 2154 976 Deus
2178 951 2209 976 et
2232 946 2459 986 intelligentiae

1389 994 1421 1019 et
1442 989 1532 1029 ipsae
1559 990 1683 1029 species
1714 989 1929 1029 intelligibiles
1957 990 2068 1020 omnia
2086 996 2205 1021 'essent
2234 990 2378 1021 eiusdem
2404 1000 2458 1031 ge-

1389 1032 1483 1070 neris,
1509 1035 1585 1074 quia
1609 1035 1720 1064 omnia
1743 1034 1862 1065 habent
1877 1043 1946 1065 esse
1969 1034 2182 1075 intelligibile:
2207 1035 2263 1066 sed
2279 1035 2369 1076 quod
2385 1035 2458 1066 ideo

1388 1084 1463 1108 sunt
1487 1088 1601 1109 omnes
1625 1078 1770 1109 eiusdem
1794 1079 1918 1119 generis
1942 1080 2018 1119 quia
2042 1080 2242 1110 conveniunt
2264 1080 2297 1110 in
2322 1089 2388 1111 una
2405 1090 2458 1110 ra-

1389 1123 1477 1154 tione
1499 1123 1625 1154 essendi
1648 1123 1717 1154 eius
1739 1124 1826 1164 quod
1848 1129 1896 1154 est
1922 1133 1989 1154 esse
2020 1124 2232 1166 intelligibile.
2263 1124 2357 1161 Nam,
2382 1134 2458 1155 cum

1389 1177 1458 1198 esse
1474 1168 1672 1208 intelligibile
1688 1168 1808 1198 multos
1824 1168 1942 1199 modos
1954 1168 2080 1199 essendi
2091 1169 2217 1205 habeat,
2230 1169 2263 1199 in
2276 1179 2344 1200 uno
2356 1169 2457 1200 modo

1389 1212 1516 1243 essendi
1539 1212 1745 1253 intelligibilis
1762 1222 1830 1243 esse
1847 1223 1962 1243 omnes
1981 1214 2104 1254 species
2127 1213 2342 1254 intelligibiles
2365 1214 2457 1245 intel-

1388 1257 1490 1288 lectus
1502 1258 1603 1288 nostri
1619 1258 1829 1293 conveniunt,
1842 1264 1874 1288 et
1889 1258 2008 1288 habent
2024 1257 2164 1289 eundem
2180 1258 2305 1289 essendi
2321 1258 2456 1290 modum

1388 1302 1638 1342 intelligibilem:
1663 1303 1863 1333 conveniunt
1886 1303 1973 1333 enim
2000 1303 2033 1333 in
2057 1303 2121 1334 hoc
2144 1302 2255 1334 modo>
2270 1312 2338 1334 esse
2364 1303 2457 1334 intel-

1388 1346 1515 1386 ligibilis
1539 1346 1629 1386 quod
1653 1356 1767 1377 omnes
1789 1346 1873 1378 fiunt
1896 1353 1969 1378 actu
1992 1348 2026 1378 in
2050 1357 2118 1378 esse
2141 1347 2331 1388 intelligibili
2352 1348 2391 1378 ab
2407 1349 2456 1378 in-

1387 1391 1518 1422 tellectu
1534 1397 1648 1431 agente
1664 1401 1722 1432 per
1737 1392 1985 1422 abstractionem
2001 1402 2019 1422 a
2034 1393 2318 1432 phantasmatibus.
2335 1393 2376 1423 Et
2399 1403 2456 1433 per

1388 1445 1592 1476 consequens
1616 1437 1791 1476 respiciunt
1815 1436 1950 1467 eandem
1966 1437 2144 1476 potentiam
2157 1437 2341 1468 'intellectus
2355 1438 2456 1468 nostri

1388 1480 1578 1511 formaliter:
1604 1481 1725 1512 scilicet
1747 1481 1928 1512 secundum
1952 1480 2042 1521 quod
2066 1487 2113 1511 est
2131 1481 2337 1522 perfectibilis
2352 1482 2391 1512 ab
2407 1483 2456 1512 in-

1387 1525 1518 1556 tellectu
1542 1531 1656 1565 agente
1679 1531 1834 1566 tanquam
1858 1536 1875 1556 a
1899 1526 2032 1566 proprio
2056 1531 2169 1566 agente
2193 1536 2250 1566 per
2269 1527 2391 1566 species
2407 1535 2456 1557 re-

1388 1570 1635 1610 praesentativas
1658 1569 1874 1610 quidditatum
1898 1570 2072 1600 dumtaxat.
2107 1571 2148 1601 Et
2170 1571 2314 1601 similiter
2343 1580 2457 1602 omnes

1387 1615 1510 1654 species
1534 1614 1715 1645 intellectus
1739 1614 1873 1654 angelici
1903 1615 2020 1655 quibus
2049 1614 2230 1646 secundum
2258 1624 2326 1645 esse
2356 1615 2455 1645 infor-

1387 1665 1503 1695 matur,
1521 1659 1639 1690 habent
1655 1659 1796 1690 eundem
1812 1659 1938 1690 essendi
1961 1658 2098 1690 modum
2121 1659 2367 1700 intelligibilem:
2381 1661 2457 1700 quia

1387 1704 1542 1735 resultant
1573 1713 1611 1734 ex
1642 1705 1778 1734 essentia
1808 1704 1922 1744 angeli,
1953 1710 1984 1735 et
2007 1703 2124 1734 eodem
2148 1703 2248 1734 modo
2282 1705 2458 1744 respiciunt

1387 1749 1587 1780 intellectum
1614 1749 1812 1789 angelicum
1842 1754 1874 1779 et
1897 1754 1971 1779 sunt
1999 1747 2224 1779 similitudines
2251 1758 2325 1779 non>
2349 1748 2456 1779 solum

1386 1799 1584 1830 naturarum,
1601 1792 1657 1823 sed
1673 1794 1769 1824 etiam
1784 1793 2020 1834 principiorum
2035 1792 2296 1829 individualium;
2310 1792 2457 1834 eoquod

1386 1838 1569 1869 intellectus
1584 1838 1748 1878 angelicus
1760 1837 1874 1869 eadem
1890 1838 2013 1869 ratione
2030 1847 2144 1869 omnes
2161 1838 2301 1878 recipiat.
2319 1837 2456 1869 Sensum

1386 1893 1463 1924 ergo
1487 1883 1575 1914 hunc
1598 1883 1772 1914 insinuavit
1794 1881 1931 1914 Sanctus
1947 1882 2149 1913 Thomasex
2164 1882 2265 1913 modo
2289 1882 2455 1922 loquendi.

1385 1928 1460 1958 Non
1477 1928 1564 1958 enim
1580 1927 1658 1958 dixit
1673 1927 1749 1958 ideo
1765 1927 1834 1958 illas
1850 1936 1919 1958 esse
1939 1927 2083 1958 eiusdem
2100 1927 2232 1957 rationis
2248 1927 2324 1967 quia
2341 1936 2455 1957 omnes

1385 1973 1524 2002 habeant
1540 1981 1608 2002 esse
1624 1971 1838 2012 intelligibile:
1863 1971 1919 2002 sed
1942 1972 2018 2012 quia
2041 1972 2159 2002 habent
2181 1981 2279 2002 unam
2295 1972 2454 2002 rationem

1384 2016 1510 2048 essendi
1538 2016 1714 2047 secundum
1744 2026 1814 2046 esse
1843 2015 2063 2058 intelligibile;
2087 2016 2178 2052 idest,
2202 2016 2322 2046 habent
2351 2025 2454 2046 unum

1384 2061 1521 2092 modum
1545 2061 1671 2091 essendi
1695 2061 1734 2091 de
1758 2061 1806 2091 his
1830 2061 1887 2100 qui
1914 2066 1989 2091 sunt
2018 2060 2109 2091 modi
2128 2063 2208 2091 'esse
2237 2060 2452 2100 intelligibilis.

1384 2107 1425 2137 Et
1449 2106 1524 2147 quia
1548 2106 1628 2136 ratio
1651 2106 1684 2136 in
1709 2106 1899 2146 oppositum
1924 2115 1961 2136 ex
1984 2104 2065 2135 falso
2089 2105 2253 2136 intellectu
2280 2105 2453 2135 verborum

1384 2151 1492 2182 Sancti
1516 2150 1665 2180 Thomae
1696 2149 1901 2190 procedebat,
1925 2156 2080 2190 tanquam
2110 2149 2205 2180 vellet
2233 2149 2307 2179 ideo
2338 2158 2453 2180 omnes

1385 2205 1452 2226 esse
1477 2195 1622 2226 eiusdem
1645 2195 1770 2234 generis
1794 2195 1870 2235 quia
1892 2195 2047 2225 haberent
2062 2203 2130 2224 esse
2153 2193 2360 2233 intelligibile,
2377 2193 2452 2224 ideo

1383 2250 1452 2271 non
1476 2245 1607 2280 oportet
1630 2239 1720 2269 aliter
1743 2239 1949 2279 respondere.

1439 2284 1508 2315 Vll.
1533 2284 1682 2314 Secundo
1698 2285 1725 2314 ἢ.
1751 2283 1870 2314 Omnia
1893 2293 1977 2324 quae
2000 2288 2075 2313 sunt
2098 2283 2157 2313 sub
2181 2281 2287 2312 divina
2310 2282 2451 2317 scientia,

1384 2338 1515 2360 necesse
1539 2334 1586 2359 est
1609 2329 1668 2359 sub
1692 2337 1757 2358 una
1780 2329 1960 2359 intentione
1983 2326 2106 2358 eadere.
2130 2327 2216 2367 Ergo
2231 2326 2327 2357 simul
2340 2327 2453 2357 'omnia

1385 2374 1474 2404 Deus
1497 2375 1650 2404 intuetur.
1666 2391 1689 2395 —
1704 2373 1861 2403 Probatur
1884 2371 2086 2403 antecedens.
2111 2371 2197 2409 Quia
2211 2370 2349 2402 intendit
2364 2371 2452 2402 Deus

1385 2427 1477 2449 suam
1494 2418 1665 2449 essentiam
1681 2417 1823 2458 perfecte
1839 2417 1961 2448 videre:
1979 2416 2069 2457 quod
2084 2421 2132 2446 est
2147 2415 2253 2446 videre
2274 2415 2452 2446 secundum

1384 2469 1486 2494 totam
1517 2471 1610 2493 suam
1639 2462 1802 2498 virtutem,
1833 2462 1892 2492 sub
1923 2471 1987 2502 qua
2017 2461 2138 2491 omnia·
2158 2459 2406 2491 concluduntur.
2430 2478 2454 2482 —

1385 2507 1630 2548 Consequentia
1646 2516 1780 2547 quoque
1803 2507 1967 2546 probatur.
1993 2505 2178 2545 Quia‘quae
2194 2505 2253 2535 sub
2269 2514 2334 2535 una
2349 2505 2452 2535 inten-

1384 2553 1474 2584 tione
1489 2560 1621 2583 necesse
1637 2557 1685 2582 est
1701 2551 1824 2587 cadere,
1838 2556 1968 2591 oportet
1983 2550 2079 2580 simul
2096 2558 2164 2580 esse
2179 2549 2354 2579 intellecta:
2370 2550 2453 2580 sicut

1385 2598 1441 2637 qui
1473 2596 1753 2636 comparationem
1783 2595 1924 2626 duorum
1955 2593 2145 2629 considerat,
2169 2594 2382 2624 intentionem
2404 2593 2458 2624 -ad

1384 2647 1560 2680 utrumque
1584 2639 1689 2680 dirigit
1713 2645 1744 2670 et
1766 2637 1862 2669 simul
1885 2645 2061 2678 utrumque
2083 2638 2235 2668 intuetur.

1439 2684 1491 2715 Ad
1514 2685 1610 2715 huius
1634 2689 1742 2714 autem
1764 2683 2013 2714 declarationem
2038 2687 2129 2712 notat
2152 2681 2241 2721 quod
2257 2682 2304 2711 vis
2328 2691 2451 2721 cogno-

1384 2730 1494 2760 scitiva
1516 2738 1583 2759 non
1608 2728 1777 2769 cognoscit
1799 2727 1920 2768 aliquid
1945 2733 2017 2757 actu
2040 2726 2101 2756 nisi
2129 2725 2210 2756 adsit
2238 2726 2390 2756 intentio:
2415 2730 2451 2755 ut

1382 2778 1471 2814 patet
1493 2774 1527 2804 in
1554 2773 1794 2813 imaginatione,
1819 2781 1903 2812 quae
1934 2770 2133 2811 quandoque
2163 2780 2231 2801 non
2260 2771 2453 2810 imaginatur

1383 2819 1606 2859 phantasmata
1620 2818 1653 2848 in
1670 2827 1704 2848 se
1721 2817 1896 2853 existentia,
1911 2817 1986 2856 quia
2000 2825 2069 2846 non
2081 2814 2169 2845 adest
2180 2815 2328 2845 intentio.
2345 2814 2451 2844 Huius

1384 2868 1493 2893 autem
1515 2863 1596 2893 ratio
1621 2867 1668 2892 est
1692 2862 1768 2902 quia
1798 2862 1958 2902 appetitus
1989 2860 2065 2890 alias
2096 2860 2255 2899 potentias
2280 2859 2319 2889 ad
2342 2865 2450 2889 actum

1383 2912 1495 2938 movet
1508 2907 1543 2937 in
1566 2906 1734 2947 agentibus
1756 2915 1814 2946 per
1837 2906 2048 2936 voluntatem.
2064 2904 2106 2934 Et
2129 2904 2174 2934 sic
2198 2913 2280 2943 quae
2303 2904 2362 2933 sub
2387 2907 2451 2933 una

1382 2952 1564 2983 intentione
1576 2961 1644 2982 non
1656 2950 1785 2986 cadunt,
1798 2949 1974 2980 nonsimul
1986 2947 2284 2989 apprehenduntur:
2301 2947 2357 2978 sed
2368 2948 2450 2978 bene

1384 3005 1468 3037 quae
1491 2997 1551 3027 sub
1573 3005 1640 3027 una
1663 2995 1783 3026 cadunt
1804 2995 1996 3025 intentione.

1439 3041 1535 3072 Circa
1561 3041 1649 3071 illam
1680 3040 1950 3080 propositionem,
1979 3038 2031 3068 Vis
2057 3037 2278 3079 cognoscitiva
2306 3045 2370 3066 non
2397 3045 2451 3066 co-

1382 3085 1513 3127 gnoscit
1528 3085 1654 3125 aliquid
1668 3090 1743 3115 actu
1761 3084 1823 3114 nisi
1846 3083 1932 3114 adsit
1954 3083 2098 3118 intentio,
2116 3080 2385 3112 considerandum
2405 3086 2452 3110 est

1384 3129 1476 3171 quod
1498 3130 1644 3170 loquitur
1667 3129 1802 3160 Sanctus
1825 3128 1971 3158 Thomas
1994 3126 2125 3167 quando
2149 3126 2270 3156 utimur
2298 3125 2452 3165 potentiis

1384 3175 1483 3205 libere
1507 3180 1539 3205 et
1562 3184 1600 3204 ex
1621 3174 1790 3205 electione.
1815 3173 1950 3213 Propter
1972 3172 2036 3202 hoc
2058 3171 2163 3211 inquit
2186 3169 2275 3210 quod
2291 3170 2451 3209 appetitus

1384 3225 1495 3250 movet
1518 3219 1594 3249 alias
1624 3219 1784 3259 potentias
1813 3218 1845 3248 in
1878 3216 2047 3258 agentibus
2071 3224 2135 3256 per
2164 3215 2370 3244 voluntatem.
2395 3213 2452 3244 Est

1385 3265 1473 3294 enim
1496 3264 1716 3294 universaliter
1739 3271 1852 3293 verum
1876 3260 1975 3301 quod,
1993 3269 2068 3291 cum
2087 3260 2185 3290 libere
2205 3267 2386 3298 operamur,
2402 3258 2451 3288 in—

1384 3309 1486 3339 tentio
1509 3308 1685 3338 voluntatis
1715 3307 1854 3347 applicat
1883 3305 2061 3346 potentiam
2089 3303 2129 3334 ad
2159 3303 2392 3343 operationem.
2416 3302 2452 3332 In

1385 3353 1533 3383 motione
1549 3358 1658 3383 autem
1673 3352 1848 3382 voluntatis
1864 3359 1927 3390 qua
1950 3349 2149 3379 intellectum
2165 3352 2285 3383 movet,
2302 3355 2378 3377 curn
2393 3355 2451 3376 vo-

1385 3397 1490 3428 luntas
1513 3407 1580 3428 non
1603 3396 1722 3427 feratur
1737 3396 1798 3426 nisi
1813 3396 1847 3425 in
1863 3394 2040 3435 cognitum,
2057 3393 2163 3432 aliqua
2179 3391 2311 3431 quidem
2326 3391 2451 3426 notitia,

1385 3441 1522 3472 confusa
1544 3441 1667 3477 saltem,
1684 3439 1847 3481 praecedit
1868 3440 1971 3479 ipsam
1986 3437 2197 3472 voluntatem,
2214 3435 2254 3466 ad
2269 3444 2368 3476 quam
2382 3443 2452 3466 non

1385 3492 1536 3516 movetur
1557 3485 1740 3516 intellectus
1763 3494 1781 3514 a
1803 3484 1980 3518 voluntate,
2005 3481 2060 3512 sed
2083 3481 2122 3511 ab
2153 3481 2262 3520 aliquo
2285 3480 2453 3520 superiori

1387 3531 1565 3561 extrinseco
1588 3529 1764 3565 intellectu,
1788 3534 1825 3559 ut
1848 3527 1963 3558 dicitur
1979 3526 2083 3556 Prima
2098 3525 2200 3560 Parte,
2225 3533 2256 3565 q.
2281 3530 2396 3560 Lxxxn,
2419 3533 2452 3563 4,

1387 3575 1426 3605 ad
1444 3575 1473 3611 3,
1491 3580 1523 3605 et
1539 3575 1642 3609 Malo,
1660 3583 1691 3613 q.
1706 3583 1749 3609 vr,
1769 3578 1801 3603 et
1824 3577 1870 3602 est
1894 3571 1934 3602 de
1956 3576 2064 3601 mente
2088 3569 2288 3609 Philosophi,
2312 3569 2346 3599 in
2370 3569 2453 3599 libro

1386 3619 1426 3649 de
1440 3620 1537 3649 Bona
1552 3619 1743 3648 Fortuna*:
1769 3613 1913 3656 alioquin
1938 3619 2103 3655 oporteret
2125 3613 2300 3654 procedere
2323 3614 2358 3644 in
2381 3612 2454 3643 infi-

1386 3664 1491 3694 nitum
1506 3664 1539 3693 in
1556 3663 1703 3693 motione
1720 3661 1899 3692 intellectus
1915 3665 1947 3690 et
1962 3659 2145 3689 voluntatis.
2162 3658 2226 3689 Sed
2241 3663 2360 3694 tamen,
2378 3658 2454 3697 quia

2487 812 2495 820 ·
2510 810 2580 833 Num.
2592 817 2618 837 u,
2628 817 2649 839 3.

2480 2279 2488 2288 ·
2505 2278 2540 2300 Cf.
2557 2283 2578 2299 n.
2595 2284 2611 2304 ι,
2632 2277 2690 2302 init.;

2480 2308 2501 2326 et
2517 2310 2539 2326 n.
2550 2310 2583 2326 xi.

2481 3558 2490 3567 ·
2506 3557 2580 3578 Ethic.
2588 3556 2692 3581 Eadem„

2481 3584 2532 3608 vn.
2543 3590 2590 3609 xm,
2601 3589 2629 3605 πο
2640 3588 2693 3610 sqq.

2482 3610 2598 3639 (Didot).-
2605 3609 2640 3631 Cf.
2648 3610 2691 3640 lo'c.

2481 3638 2520 3659 cit.
2540 3644 2568 3658 ex
2586 3637 2595 3657 1
2616 3637 2648 3659 P..
2668 3642 2692 3657 ιη

2482 3664 2517 3686 cd.
2529 3663 2639 3685 Leonina.
