2768 4134
666 300 854 337 SUMMA
885 301 1107 339 CONTRA
1136 302 1411 350 GENTILES,
1439 305 1533 341 LIB.
1555 305 1596 349 ΙΙ,
1628 304 1738 341 CAP.
1762 305 1896 351 XXVI,
1918 306 2068 343 XXVII.

267 382 377 407 tamen
400 381 481 417 puto
507 376 682 408 dicendum
705 388 773 409 esse
790 379 976 420 finitatem:
998 390 1038 411 eo
1063 381 1153 421 quod
1176 383 1277 422 magis
1302 383 1341 413 ad

267 421 474 462 propositum
486 422 536 458 sit,
549 431 626 452 curn
642 423 907 454 concludendum
923 425 962 454 sit
978 425 1178 456 intellectum
1195 426 1341 457 divinum

267 475 337 496 non
360 466 489 496 limitari
513 465 553 496 ad
575 466 684 497 finitos
709 467 852 498 effectus.

325 509 377 540 IV.
399 510 520 540 Tertio.
537 510 673 541 Divinus
697 512 877 543 intellectus
900 512 1102 545 infinitorum
1119 520 1166 545 est
1182 517 1340 555 cognitor.

267 554 355 594 Ergo
380 554 449 584 eius
473 555 639 585 causalitas
663 555 704 586 ad
726 555 835 587 finitos
859 556 991 588 effectus
1014 568 1082 589 non
1106 565 1295 590 coarctatur.
1319 578 1341 582 —

268 598 359 629 Patet
382 600 625 639 consequentia.
651 599 737 638 Quia
761 601 848 632 Deus
873 611 930 641 per
953 604 1002 633 sui
1029 603 1211 634 intellectus
1239 605 1341 634 scien-

267 643 345 673 tiam
369 652 418 673 res
442 642 595 683 producit
618 644 650 673 in
675 654 753 675 esse.

323 686 568 718 Attendendum
585 688 676 728 quod
692 689 755 719 hoc
776 690 851 720 loco
875 690 1021 731 loquitur
1044 691 1180 722 Sanctus
1196 692 1342 722 Thomas

268 731 308 762 de
324 732 458 762 scientia
473 737 510 762 ut
525 732 622 763 habet
637 734 796 764 rationem
815 744 929 765 causae
946 735 1117 766 directivae
1133 736 1340 776 operationis.

267 775 325 806 Est
345 781 454 806 autem
470 776 623 807 directiva
645 783 681 807 ut
705 787 738 808 se
762 779 904 809 extendit
928 779 968 809 ad
990 779 1204 819 producibilia
1227 790 1341 811 secun-

268 819 348 850 dum
362 820 501 851 modum
519 830 586 861 quo
602 821 818 861 producibilia
832 829 917 854 sunt.
943 823 1020 854 Ideo
1043 823 1132 854 idem
1155 830 1202 855 est
1225 824 1341 860 dicere,

267 864 455 895 Intellectus
470 864 598 895 divinus
614 867 785 907 cognoscit
799 872 924 898 tantum
930 868 1032 909 finita
1050 868 1282 909 producibilia,
1300 874 1341 905 et,

267 908 408 939 Divinus
424 909 606 940 intellectus
622 920 760 942 causare
770 917 880 951 potest
893 921 952 942 suo
970 912 1066 942 modo
1083 917 1209 943 tantum
1222 913 1343 954 finitos

267 953 417 994 effectus:
440 963 544 984 unum
567 955 654 985 enirn
679 957 918 986 concomitatur
941 956 1086 986 alterum.
1105 956 1257 987 Similiter
1273 967 1341 987 sese

267 1004 528 1038 consequuntur,
561 999 758 1030 intellectum
789 1000 933 1030 diuinum
966 1010 1166 1041 cognoscere
1198 1001 1343 1040 infinitos

267 1042 400 1083 effectus
417 1043 648 1083 producibiles,
675 1050 715 1079 et,
742 1054 841 1084 posse
870 1054 1009 1074 causare
1033 1045 1176 1086 infinitos
1200 1046 1342 1086 effectus.

267 1086 403 1127 Propter
419 1087 493 1123 hoc,
509 1088 622 1118 volens
646 1088 814 1119 ostendere
838 1088 974 1119 Sanctus
991 1089 1137 1119 Thomas
1161 1089 1252 1130 quod
1274 1099 1342 1120 non

267 1131 422 1162 limitatur
451 1131 492 1162 ad
522 1131 752 1163 determinatos
784 1132 931 1169 effectus,
956 1133 1122 1164 concludit
1152 1134 1243 1174 quod
1274 1135 1342 1165 eius

268 1175 435 1207 causalitas
460 1175 500 1206 ad
523 1175 632 1206 finitos
657 1176 789 1207 effectus
812 1187 880 1207 non
905 1183 1095 1208 coarctatur.

325 1219 464 1256 Quarto.
489 1220 523 1252 Si
546 1226 629 1251 esset
652 1221 786 1251 limitata
801 1221 968 1252 causalitas
985 1221 1086 1252 divini
1105 1222 1286 1253 intellectus
1302 1222 1343 1253 ad

267 1263 498 1295 determinatos
515 1264 648 1296 effectus
665 1266 756 1305 quasi
780 1265 819 1296 de
843 1267 1032 1297 necessitate
1055 1276 1162 1306 agenS,
1179 1267 1244 1297 hoc
1260 1273 1343 1298 esset

266 1315 548 1351 respectu‘eorum
565 1319 647 1350 quae
663 1309 889 1349 producuntur
904 1311 937 1340 in
955 1320 1033 1341 esse.
1057 1311 1132 1341 Hoc
1148 1316 1259 1341 autem
1273 1321 1342 1341 esse

266 1349 483 1394 n6fi”'potest:
509 1363 586 1384 cum
609 1354 698 1384 Deus
722 1354 878 1395 intelligat
901 1355 998 1392 etiam
1014 1364 1098 1395 quae
1113 1364 1174 1385 nec
1190 1361 1266 1386 sunt
1281 1365 1342 1386 nec

267 1402 362 1428 erunt
383 1407 446 1428 nec
469 1397 615 1434 fuerunt;
641 1404 672 1428 et
696 1398 834 1438 (supple)
864 1399 1030 1429 causalitas
1062 1399 1243 1430 intellectus
1273 1405 1343 1430 tan-

266 1445 337 1472 tum
366 1451 402 1472 se
432 1441 583 1473 extendat
610 1448 770 1482 quantum
798 1452 832 1473 se
863 1443 1005 1474 extendit
1035 1443 1179 1483 cognitio
1210 1444 1279 1474 eius
1302 1443 1342 1474 de

266 1485 525 1526 producibilibus
548 1492 585 1517 ut
608 1486 823 1527 producibilia
846 1492 931 1517 sunt.
956 1487 1043 1527 Ergo
1067 1493 1129 1517 etc.

325 1530 458 1567 Quinto.
495 1530 608 1561 Genus
642 1531 826 1561 subiectum
859 1531 987 1562 divinae
1019 1532 1093 1562 artis
1126 1537 1158 1561 et
1191 1532 1343 1562 scientiae

267 1579 315 1606 est
338 1584 406 1611 ens,
430 1574 552 1606 scilicet
573 1575 717 1616 factum.
748 1575 847 1615 Igitur
870 1575 998 1606 divinus
1028 1575 1209 1606 intellectus
1232 1585 1266 1606 se
1290 1585 1343 1606 ex-

266 1617 370 1650 tendit
385 1618 425 1649 ad
441 1619 562 1655 omnia,
579 1618 760 1650 secundum
777 1629 869 1650 suam
886 1619 1114 1656 causalitatem,
1128 1620 1246 1660 quibus
1261 1620 1343 1651 ratio

266 1663 348 1701 entis
363 1670 432 1693 non
456 1669 624 1703 repugnat.
650 1663 736 1703 Ergo
761 1663 800 1693 ad
824 1664 935 1694 omnia
958 1663 1110 1694 factibilia
1134 1673 1167 1694 se
1192 1663 1343 1694 extendit.

266 1704 352 1748 Ergo
369 1712 430 1738 etc.
446 1725 468 1730 -
485 1707 642 1738 Probatur
658 1707 863 1738 antecedens.
880 1707 966 1746 Quia
990 1707 1079 1738 Deus
1102 1717 1160 1748 per
1182 1717 1279 1739 suum
1294 1709 1344 1738 in-

265 1750 433 1785 tellectum
448 1757 496 1782 est
511 1752 692 1783 universale
708 1752 904 1792 principium
922 1753 1014 1783 ends.
1032 1752 1220 1784 Universale
1236 1758 1344 1783 autem

266 1795 434 1834 obiectum
466 1796 605 1837 (supple)
633 1796 731 1828 debet
760 1797 932 1828 universali
961 1798 1123 1838 principio
1153 1807 1344 1838 correspon-

266 1837 353 1883 dere.
369 1859 392 1863 —
407 1841 516 1872 Prima
530 1842 627 1873 etiam
643 1843 879 1882 consequentia
894 1842 1059 1882 probatur.
1081 1841 1169 1880 Quia
1183 1843 1346 1883 quaelibet

266 1894 317 1917 ars
339 1894 374 1916 se
398 1884 540 1916 extendit
564 1885 604 1916 ad
627 1886 739 1916 omnia
763 1895 846 1926 quae
870 1887 1030 1917 contineri
1053 1887 1267 1927 possunt·sub
1283 1895 1344 1917 suo

266 1933 384 1970 genere
408 1929 566 1960 subiecto.
586 1948 610 1953 -
631 1930 781 1961 Secunda
805 1930 901 1960 etiam
932 1935 1030 1971 patet.
1055 1930 1142 1968 Quia
1165 1931 1275 1961 omnia
1299 1930 1345 1961 fa-

267 1973 397 2010 cubilia,
414 1979 575 2014 quantum
600 1979 648 2005 est
671 1974 711 2005 de
735 1984 778 2011 se,
795 1980 870 2004 nata
893 1980 969 2005 sunt
991 1975 1052 2005 sub
1076 1980 1149 2005 ente
1174 1975 1342 2005 contineri.

323 2017 556 2049 Commium
579 2019 749 2050 conclusio
774 2027 831 2059 per
861 2019 1036 2055 Psalmum,
1061 2020 1207 2060 Magnus
1230 2019 1344 2049 Domi-

268 2071 330 2093 nus
353 2067 414 2093 etc.

323 2106 514 2140 Excluditur
537 2116 673 2148 quoque
697 2117 735 2138 ex
758 2108 796 2138 iis
820 2117 908 2138 error
932 2107 1111 2139 dicentium
1131 2108 1288 2148 quoniam
1305 2117 1343 2138 ex

267 2150 331 2181 hoc
355 2151 446 2192 quod
468 2151 558 2182 Deus
581 2151 729 2193 intelligit
747 2152 901 2192 seipsum,
919 2151 989 2182 fluit
1005 2151 1044 2182 ab
1060 2152 1132 2192 ipso
1149 2151 1219 2182 talis
1235 2161 1343 2183 rerum

267 2194 438 2235 dispositio
463 2195 503 2226 de
526 2196 726 2227 necessitate.

2387 307 2460 344 333

1450 383 1549 413 Notat
1571 388 1738 423 postremo
1763 383 1863 424 quod,
1887 384 1962 414 licet
1985 384 2112 415 divinus
2135 386 2316 416 intellectus
2345 386 2386 417 ad
2409 387 2463 417 de·

1394 428 1582 458 terminatos
1606 426 1738 458 effectus
1761 437 1829 458 non
1853 428 2007 459 limitetur
2030 429 2201 470 (quantum
2222 430 2342 461 scilicet
2363 437 2409 462 est
2425 441 2463 462 ex

1393 472 1466 511 ipso
1484 471 1675 511 intellectu),
1697 472 1765 511 ipse
1782 477 1890 502 tamen
1910 473 1998 503 Deus
2021 475 2130 504 statuit
2153 475 2211 504 sibi
2235 475 2463 506 determinatos

1395 515 1528 546 effectus
1561 524 1645 555 quos
1677 525 1735 555 per
1766 525 1858 546 suam
1889 518 2078 556 sapientiam
2111 518 2255 550 ordinate
2287 519 2461 559 producat:

1394 560 1482 590 iuxta
1505 559 1585 590 illud
1609 559 1685 599 Sap.
1702 570 1743 596 xr,
1765 559 1882 590 Omnia
1908 561 1939 591 in
1965 571 2100 592 numero
2125 568 2185 593 etc.

1449 603 1488 633 V.
1521 603 1670 634 Occurrit
1699 609 1808 634 autem
1838 605 1902 635 hoc
1932 605 2007 635 loco
2038 606 2191 637 dubium:
2217 608 2407 646 Quomodo,
2437 610 2462 639 si

1395 647 1522 678 divinus
1545 647 1725 678 intellectus
1749 657 1815 678 non
1841 654 1887 678 est
1910 649 2089 680 secundum
2114 660 2146 681 se
2170 652 2322 683 limitatus
2346 653 2385 683 ad
2409 653 2463 683 de-

1394 692 1582 722 terminatos
1599 691 1741 729 effectus,
1758 698 1865 732 potest
1881 693 1969 723 Deus
1986 694 2044 724 sibi
2061 700 2184 725 certum
2200 705 2372 727 numerum
2388 707 2463 737 pro-

1394 735 1584 766 ducibilium
1609 735 1766 767 statuere?
1796 737 1897 767 Actus
1929 738 2015 768 enim
2045 739 2226 770 intellectus
2254 750 2320 780 quo
2344 742 2463 772 iudicat

1395 780 1518 820 aliquid
1539 790 1607 811 esse
1630 780 1889 821 producendum,
1906 782 2068 821 praecedit
2084 789 2191 814 actum
2207 785 2380 815 voluntatis
2395 795 2462 826 quo

1395 824 1484 854 Deus
1510 825 1580 855 vult
1607 826 1670 856 hoc
1701 825 1895 865 producere:
1921 827 1996 866 quia
2019 827 2168 857 voluntas
2190 837 2258 858 non
2281 828 2380 859 fertur
2402 831 2464 860 nisi

1394 869 1428 898 in
1452 869 1629 909 cognitum.
1654 869 1740 910 Ergo
1764 879 1831 900 non
1855 875 1963 910 potest
1981 871 2130 902 voluntas
2146 871 2253 902 divina
2269 873 2394 912 aliquos
2410 874 2464 904 de-

1395 913 1582 944 terminatos
1605 913 1737 944 effectus
1761 914 1842 944 velle
1870 915 1931 944 nisi
1962 915 2034 945 illos
2065 916 2163 955 prius,
2188 916 2300 946 ordine
2323 918 2464 954 rationis,

1395 957 1576 988 intellectus
1600 957 1819 998 apprehendat
1842 965 1878 989 ut
1900 959 2138 999 producendos.
2169 960 2255 1000 Ergo
2279 960 2395 991 falsum
2419 967 2465 992 est

1395 1001 1486 1042 quod
1502 1002 1589 1032 Deus
1606 1008 1722 1032 statuat
1745 1003 1804 1033 sibi
1828 1002 2057 1034 determinatos
2081 1003 2223 1040 effectus,
2240 1005 2267 1034 si
2285 1005 2465 1036 intellectus

1395 1045 1575 1076 secundum
1599 1056 1632 1077 se
1657 1052 1704 1077 est
1726 1047 1919 1078 illimitatus:
1945 1054 2000 1078 aut
2023 1054 2152 1088 oportet
2176 1058 2328 1088 quaerere
2343 1049 2466 1090 aliquid

1395 1090 1482 1121 aliud
1506 1090 1597 1130 quod
1619 1091 1819 1122 intellectum
1850 1092 1890 1122 ad
1920 1092 2149 1123 determinatos
2179 1093 2310 1124 effectus
2340 1094 2464 1125 limitet.

1395 1134 1471 1164 Non
1495 1140 1627 1175 apparet
1650 1141 1759 1172 autem
1784 1136 1863 1175 quid
1885 1136 1965 1166 illud
1988 1137 2037 1167 sit.

1450 1178 1678 1219 Respondetur
1708 1179 1808 1219 quod,
1833 1189 1900 1210 non
1925 1181 2071 1212 obstante
2102 1181 2403 1213 indeterminatione
2435 1189 2466 1214 et

1394 1222 1610 1254 illimitatione
1633 1224 1824 1260 intellectus,
1850 1224 1955 1255 adhuc
1978 1225 2066 1255 Deus
2090 1226 2200 1256 statuit
2227 1227 2286 1257 sibi
2316 1226 2465 1258 determi-

1395 1272 1488 1297 natos
1512 1267 1644 1298 effectus
1668 1277 1751 1308 quos
1774 1268 1942 1308 producat,
1967 1275 1998 1300 et
2020 1270 2084 1300 hoc
2106 1279 2164 1310 per
2186 1271 2366 1302 libertatem
2388 1281 2464 1302 suae

1395 1311 1579 1342 voluntatis.
1613 1312 1704 1342 Licet
1733 1313 1820 1342 enim
1850 1319 1939 1343 actus
1969 1314 2150 1344 intellectus
2178 1315 2218 1345 de
2248 1324 2282 1345 re
2305 1321 2337 1346 et
2362 1316 2464 1346 modo

1395 1355 1589 1395 producibili
1612 1356 1782 1396 praecedat
1805 1362 1913 1387 actum
1936 1358 2109 1388 voluntatis
2141 1365 2176 1389 ut
2206 1360 2261 1395 sic,
2285 1359 2465 1391 secundum

1394 1405 1542 1430 nostrum
1565 1400 1703 1431 modum
1725 1401 1934 1440 intelligendi,
1950 1402 2019 1442 ipsa
2034 1408 2142 1432 tamen
2159 1403 2318 1434 ordinatio
2334 1403 2374 1434 ad
2389 1413 2465 1444 pro-

1395 1443 1582 1474 ducendum
1606 1450 1653 1475 est
1675 1454 1734 1484 per
1757 1449 1865 1476 actum
1887 1446 2072 1476 voluntatis.
2096 1447 2171 1477 Hoc
2186 1453 2294 1478 autem
2310 1447 2402 1478 facile
2419 1454 2466 1478 est

1396 1487 1504 1529 videre
1520 1489 1552 1518 in
1569 1498 1677 1519 rerum
1698 1489 1910 1520 artificialium
1926 1490 2153 1530 productione.
2177 1491 2286 1522 Primo
2304 1493 2390 1522 enim
2406 1492 2465 1522 do·

1395 1532 1555 1563 mificator
1578 1534 1738 1573 excogitat
1761 1533 1897 1564 domum
1922 1540 1954 1564 et
1976 1534 2113 1565 modum
2136 1535 2237 1574 ipsius
2260 1541 2296 1566 ut
2320 1541 2367 1566 est
2388 1545 2465 1576 pro·

1396 1576 1554 1612 docibilis,
1579 1576 1765 1617 iudicatque
1789 1578 1914 1608 bonum
1946 1588 2014 1609 esse
2044 1585 2081 1609 ut
2109 1579 2324 1618 producatur;
2349 1580 2466 1611 deinde

1396 1630 1453 1660 per
1476 1620 1679 1652 voluntatem
1702 1622 1791 1661 eligit
1807 1621 1943 1652 domum
1963 1622 2158 1662 producere;
2175 1624 2281 1659 tertio,
2299 1625 2466 1663 cognoscit

1396 1664 1578 1695 intellectus
1593 1665 1697 1704 ipsam
1714 1665 1829 1695 debere
1846 1666 1994 1705 produci,
2008 1672 2039 1697 et
2055 1667 2160 1706 dirigit
2175 1676 2233 1706 per
2248 1672 2348 1697 artem
2363 1669 2466 1707 ipsam

1396 1708 1658 1748 productionem.
1683 1709 1786 1740 Simili
1813 1710 1914 1740 modo
1942 1711 2107 1750 imaginari
2131 1720 2305 1751 possumus
2332 1712 2367 1742 in
2393 1711 2466 1742 Deo

1397 1750 1487 1793 quod
1502 1753 1609 1793 primo
1622 1753 1749 1784 divinus
1761 1754 1944 1785 intellectus
1957 1756 2067 1785 omnia
2079 1755 2294 1795 producibilia
2309 1760 2340 1786 et
2353 1765 2467 1786 omnes

1396 1797 1514 1828 rnodos
1530 1797 1784 1838 producibilium
1807 1799 1985 1839 cognoscit,
2003 1805 2035 1830 et
2049 1799 2170 1830 iudicat
2186 1801 2311 1830 bonum
2327 1809 2395 1830 esse
2411 1800 2467 1830 ali-

1397 1851 1481 1883 quos
1504 1841 1694 1882 producere.
1719 1842 1846 1873 Deinde
1868 1844 2019 1874 voluntas
2042 1844 2130 1884 eligit
2153 1844 2313 1884 quosdam
2335 1844 2466 1875 illorum

1396 1886 1650 1927 producibilium
1673 1886 1855 1927 producere
1878 1893 1910 1918 et
1931 1897 2001 1918 non
2024 1887 2113 1918 alios.
2138 1888 2250 1919 Tertio
2274 1888 2349 1918 Ioco
2372 1888 2466 1919 intel-

1397 1931 1498 1961 lectus
1522 1931 1691 1970 cognoscit
1713 1931 1756 1961 ita
1775 1931 1836 1961 hos
1853 1931 1985 1962 effectus
2003 1931 2120 1962 debere
2139 1932 2277 1972 produci
2292 1932 2382 1972 quod
2397 1942 2466 1963 non

1397 1975 1486 2005 alios.
1512 1975 1553 2004 Et
1575 1975 1620 2005 sic
1644 1980 1731 2015 patet
1754 1975 1845 2015 quod
1867 1985 1936 2006 non
1961 1981 2092 2016 oportet
2105 1985 2227 2016 ponere
2243 1976 2363 2016 aliquid
2380 1976 2466 2007 aliud

1397 2024 1521 2059 praeter
1545 2018 1686 2049 divinam
1701 2020 1902 2050 voluntatem
1928 2020 2018 2060 quod
2041 2020 2207 2050 scientiam
2230 2020 2371 2050 divinam
2394 2029 2466 2060 pra-

1397 2064 1513 2093 cticam
1537 2064 1576 2093 ad
1604 2062 1833 2094 determinatos
1862 2064 1994 2095 effectus
2023 2064 2155 2094 limitet:
2181 2070 2213 2095 et
2236 2064 2326 2104 quod
2349 2064 2465 2095 falsum

1397 2112 1445 2138 est
1467 2112 1575 2138 actum
1594 2108 1776 2138 intellectus
1800 2117 1867 2148 quo
1890 2108 2012 2139 iudicat
2034 2108 2154 2149 aliquid
2177 2109 2294 2139 debere
2316 2108 2464 2149 produci,

1397 2152 1462 2182 sive
1479 2151 1569 2192 quod
1593 2151 1799 2191 producatur,
1815 2152 2007 2192 praecedere
2024 2158 2133 2183 actum
2151 2153 2334 2184 voluntatis.
2360 2153 2464 2183 Immo

1397 2196 1542 2236 sequitur
1564 2196 1924 2227 voluntatis'actionem
1948 2203 1979 2227 et
2002 2196 2313 2228 determinationem.

1101 2283 1637 2326 ——fflgW—W„

638 2439 1128 2496 CAPITULUM
1163 2440 1631 2496 VIGESIMUM
1669 2440 2101 2497 SEPTIMUM

1239 2553 1270 2582 A
1306 2552 1379 2591 34v
1415 2552 1498 2582 a32.

473 2641 648 2693 QUOD
682 2641 898 2682 DIVINA
933 2641 1269 2683 VOLUNTAS
1303 2642 1389 2682 AD
1425 2641 1911 2681 DETERMINATOS
1946 2642 2263 2683 EFFECTUS

1073 2703 1202 2743 NON
1247 2703 1671 2743 COARCTATUR

456 2848 462 2856 .
483 2836 507 2861 x
526 2823 586 2860 his
605 2823 720 2861 etiam
740 2824 891 2861 ostendi
909 2831 1035 2873 potest
1048 2824 1157 2873 quod
1175 2835 1248 2860 nec
1263 2823 1345 2860 eius
1399 2831 1522 2860 certos
1542 2823 1701 2861 effectus
1730 2836 1811 2861 non
1839 2832 2063 2870 coarctatur,
2084 2832 2126 2860 ut
2145 2832 2344 2861 ostensum
2363 2832 2418 2861 est
2431 2824 2462 2870 *,

342 2881 404 2921 ρ’)
419 2907 437 2920 ,
496 2878 688 2923 voluntas,
717 2888 788 2926 per
819 2889 940 2926 quam
968 2876 1052 2925 agit,
1081 2877 1130 2913 ad
1166 2876 1344 2913 determi-
1399 2875 1626 2926 relinquitur
1639 2877 1747 2926 quod
1766 2889 1838 2914 nec
1853 2876 1983 2914 divina
1996 2877 2174 2914 voluntas
2193 2877 2463 2914 determinatos

350 2931 463 2981 ,353th
497 2937 614 2976 natos,
636 2930 795 2966 effectus
824 2929 1087 2966 necessitatem
1115 2929 1231 2966 habet
1248 2929 1279 2966 ³⁸.
1399 2929 1557 2966 effectus
1586 2941 1633 2966 ex
1659 2929 1881 2967 necessitate
1909 2929 2098 2979 producit.

343 2974 360 2998 '¹
377 2998 380 2999 ⁷
397 2973 462 3009 ⁴0²¹
550 2983 800 3020 Voluntatem
829 2983 934 3020 enim
966 2995 1039 3019 suo
1075 2982 1226 3019 obiecto
1253 2994 1343 3032 pro·
1451 2983 1663 3019 Praeterea.
1685 2981 1792 3020 Nihil
1811 2995 1927 3032 agens
1946 2994 2016 3032 per
2028 2984 2267 3020 voluntatem
2285 2983 2463 3032 producit

0 3035 7 3083 ξ,
268 3034 529 3085 portionatam
562 3048 645 3073 esse
674 3043 836 3085 oportet.
871 3035 1080 3073 Obiectum
1113 3043 1244 3072 autem
1272 3047 1341 3072 vo·
1365 3052 1374 3072 ς
1398 3035 1541 3085 aliquid
1561 3047 1641 3072 non
1661 3036 1841 3073 volendo.
1864 3036 2075 3073 Ostensum
2094 3043 2150 3072 est
2168 3043 2298 3072 autem
2317 3035 2463 3085 supra*

0 3087 4 3094 '
268 3089 422 3126 luntatis
442 3096 498 3125 est
516 3088 668 3126 bonum
688 3089 933 3134 intellectum,
950 3096 992 3125 ut
1011 3095 1114 3137 patet
1133 3100 1179 3125 ex
1195 3088 1342 3139 supra*
1397 3088 1506 3138 quod
1524 3089 1631 3125 Deus
1650 3088 1750 3125 circa
1769 3088 1842 3126 alia
1861 3101 1883 3126 a
1902 3101 1942 3126 se
1962 3088 2056 3125 nihil
2075 3090 2156 3125 vult
2176 3101 2221 3125 ex
2240 3088 2460 3126 necessitate

0 3138 22 3316 ἓ
268 3141 387 3179 dictis.
416 3143 606 3180 Voluntas
644 3141 757 3190 igitur
792 3141 841 3178 ad
879 3141 1072 3191 quaelibet
1099 3153 1139 3177 se
1168 3149 1258 3178 nata
1285 3149 1341 3178 est
1396 3141 1582 3178 absoluta.
1611 3142 1704 3178 Non
1739 3141 1852 3190 igitur
1879 3153 1925 3178 ex
1959 3141 2180 3178 necessitate
2212 3140 2364 3178 divinae
2391 3153 2460 3178 vo-

2491 2835 2500 2843 ·
2516 2833 2571 2861 Cap.
2588 2839 2663 2861 praee.

296 2955 313 2975 *-

2489 3044 2499 3054 ·
2508 3043 2559 3065 Lib.
2568 3044 2585 3070 1,
2600 3049 2678 3066 uxxi.

268 3195 474 3232 extendere
511 3207 612 3244 quae
650 3195 683 3232 ei
721 3195 932 3232 intellectus
960 3194 1033 3231 sub
1062 3193 1208 3231 ratione
1246 3193 1339 3231 boni
1395 3193 1548 3231 luntatis
1577 3193 1695 3243 aliqui
1723 3194 1880 3231 effectus
1907 3195 2134 3243 procedunt,
2155 3194 2221 3230 sed
2241 3206 2286 3230 ex
2311 3194 2392 3230 eius
2418 3194 2459 3231 li·

268 3260 488 3298 proponere
516 3256 652 3298 potest.
684 3248 723 3286 Si
752 3248 865 3296 igitur
883 3248 1094 3284 intellectus
1113 3246 1268 3284 divinus
1288 3246 1336 3283 ad
1391 3247 1484 3284 bera
1512 3246 1774 3296 dispositione.

321 3362 339 3387 8
356 3363 455 3388 ratione
473 3363 516 3388 hic
534 3363 606 3394 DW;
621 3366 686 3395 post
703 3362 774 3388 boni.

323 3405 333 3423 ι
357 3398 510 3431 coarctatur]
530 3403 660 3424 coartetur
678 3398 698 3422 P
717 3401 744 3423 et
754 3397 876 3431 sortasse
894 3398 926 3422 Α.

863 3369 880 3394 9
899 3361 1043 3386 intellectus
1057 3363 1122 3392 post
1139 3360 1242 3385 divinus
1261 3360 1323 3386 aPc.

1019 3396 1033 3420 3
1053 3403 1084 3420 ex
1101 3396 1125 3420 A
1143 3396 1228 3426 squs3
1248 3396 1289 3420 de.
1381 3395 1395 3420 5
1416 3395 1478 3430 non]
1498 3395 1547 3420 nisi
1565 3395 1598 3420 D.
1689 3395 1705 3420 6
1724 3396 1790 3420 circa
1809 3395 1844 3426 N3
1864 3402 1933 3427 erga.

1025 3475 1360 3508 Commentaria
1390 3474 1702 3507 Ferrariensis

328 3572 421 3592 iim-10
445 3562 521 3592 loco
552 3561 733 3592 ostenditur
755 3570 863 3600 neque
885 3559 1021 3590 inveniri
1047 3558 1271 3588 necessitatem
1301 3558 1336 3588 in
1389 3567 1470 3588 num
1492 3557 1702 3588 intellectum.
1727 3557 1814 3596 Ergo
1837 3556 1986 3586 voluntas
2017 3555 2057 3586 ad
2084 3557 2193 3586 omnia
2217 3566 2249 3587 se
2273 3562 2380 3596 potest
2403 3567 2456 3588 ex—

328 3615 436 3637 terum
458 3605 676 3646 productione
699 3615 737 3636 ex
760 3611 850 3645 parte
872 3604 973 3644 ipsius
995 3603 1169 3633 voluntatis
1184 3603 1212 3632 ἦ
1388 3601 1521 3632 tendere
1545 3611 1628 3641 quae
1657 3602 1687 3632 ei
1713 3601 1893 3631 intellectus
1923 3601 1982 3630 sub
2013 3600 2137 3630 ratione
2166 3601 2244 3631 boni
2272 3610 2456 3641 proponere

323 3651 480 3681 Probatur
496 3650 676 3690 dupliciter.
694 3650 814 3679 Primo.
831 3648 1005 3679 Obiectum
1020 3647 1194 3677 voluntatis
1215 3652 1262 3676 est
1277 3646 1335 3676 bo·
1390 3651 1506 3686 potest.
1532 3646 1617 3685 Ergo
1642 3645 1748 3675 divina
1770 3645 1918 3674 voluntas
1942 3644 2170 3675 determinatos
2186 3644 2316 3675 effectus
2331 3655 2399 3676 non
2416 3646 2455 3676 de

51 3604 87 3628 ef.
107 3605 239 3637 comment.

27 3636 79 3660 up.
93 3637 160 3659 xxul,
175 3636 226 3654 lmt.

0 3767 11 3882 ξ

0 3884 9 3947 ἓ

0 4001 6 4044 2
