2664 4120
231 242 300 267 xxu

230 317 311 339 voca
327 307 492 338 identitate
508 303 653 344 corporis
668 302 733 332 vivi
749 306 781 332 et
796 299 935 335 mortui;
960 298 1002 330 cf.
1018 299 1131 329 locum
1149 297 1306 347 vicinum,

230 355 295 392 457
312 362 329 382 a
345 353 360 382 5
382 364 396 377 ‹
417 350 533 380 oculus
556 348 677 378 mortui
701 351 733 376 et
759 355 835 376 caro
859 345 930 375 eius
961 353 1030 374 non
1060 342 1214 374 dicuntur
1243 350 1306 372 nlsl

231 398 408 437 aequivoce
424 408 452 430 n,
477 400 508 423 et
531 392 592 422 alia
615 392 797 422 innumera.
823 389 859 420 ln
882 388 1036 419 omnibus
1064 396 1178 418 sensus
1200 391 1308 416 muta·

229 441 371 471 tionibus
395 438 509 479 opinio
525 443 557 467 et
581 436 731 467 voluntas
750 434 933 474 interpretis
955 432 1074 472 longae
1098 437 1189 462 erant
1211 440 1230 461 a
1246 439 1306 481 'ca—

230 486 316 515 lamo
340 484 428 514 eius:
446 483 527 513 alius
543 490 657 512 sensus
673 489 741 511 non
758 488 815 520 per
831 488 864 508 se
881 476 1070 514 intenditur,
1087 476 1143 507 sed
1159 481 1308 516 sequitur

228 530 417 568 scripturam
442 536 547 567 aeque
570 531 696 566 praeter
718 524 927 564 propositum
951 528 1098 552 erratarn.
1158 565 1164 571 ‘

243 590 247 594 -
283 572 453 610 Quaedam
477 578 585 602 tamen
610 569 809 600 differentiae
827 577 849 597 α
866 568 905 598 ab
922 567 950 597 Α
968 576 1006 596 ex
1031 571 1203 606 proposito
1222 570 1307 595 tran-

227 618 391 657 scriptoris
414 616 580 657 profectae
605 621 690 653 sunt,
714 613 754 644 de
778 613 898 653 quibus
921 621 1009 642 nunc
1033 619 1178 651 agemus,

393 716 411 754 §
436 715 488 745 lV.
514 732 556 735 —
581 713 640 742 DE
665 708 1135 742 INTERPOLATIONlBUS.

288 796 335 826 18.
351 813 374 817 -
392 794 539 835 Duplicis
555 799 689 824 naturae
709 797 783 822 sunt
801 792 959 821 variantes
983 789 1184 820 voluntariae
1208 788 1308 818 inter-

224 841 323 879 pretis
346 840 458 870 nostri.
483 838 653 876 Quaedam
677 837 783 867 licitae
807 841 908 872 erant,
936 836 1040 865 immo
1064 835 1243 874 imperatae
1266 833 1307 863 ab

224 886 378 915 Auctore.
406 885 447 915 Ut
470 884 535 914 iam
559 883 683 913 dictum
707 888 765 917 est,
788 881 822 912 in
846 881 876 910 A
899 879 1009 920 plures
1032 879 1118 910 tituli
1146 877 1307 919 capitulo-

224 938 297 960 rum
321 929 554 963 desiderantur,
579 928 691 967 utique
714 935 783 957 non
807 931 980 966 propterea
1003 923 1095 964 quod
1119 923 1246 954 Auctor
1270 931 1307 953 ea

225 974 293 1004 sine
318 973 414 1004 titulo
438 973 578 1013 relinqui
603 972 718 1008 voluit,
742 970 799 1001 sed
822 969 913 1010 quod
942 970 1132 1000 amanuensi
1155 967 1309 1009 supplere

222 1019 389 1058 imposuit.
415 1017 519 1049 Simul
544 1016 686 1047 fortassis
710 1015 769 1046 iste
793 1015 915 1055 recepit
941 1013 1092 1055 generale
1115 1012 1307 1044 mandatum

222 1062 421 1094 rectificandi
446 1061 592 1093 defectus
617 1061 771 1097 casuales,
789 1069 873 1100 quos
894 1060 1026 1090 obviam
1050 1059 1233 1098 habuisset3
1257 1058 1307 1088 sin

222 1108 341 1144 minus,
365 1117 422 1138 eos
447 1106 628 1146 corrigendi
656 1106 707 1136 ius
730 1105 952 1146 transcriptori
976 1104 1185 1145 competebat
1209 1112 1228 1133 a
1250 1111 1308 1133 ua·

222 1159 292 1183 tura
317 1153 367 1183 vel
393 1163 409 1182 a
434 1151 623 1183 reverentia.
648 1150 706 1180 Ex.
723 1159 770 1190 gr.
795 1150 832 1180 L.
851 1150 891 1180 lll
916 1158 987 1190 cap.
1011 1149 1066 1188 48.
1091 1148 1189 1180 lectio
1213 1153 1309 1179 auto-

220 1197 333 1237 graphi
362 1210 375 1223 «
396 1197 490 1228 Unde
515 1202 546 1226 et
574 1195 723 1226 omnium
754 1195 834 1225 haec
863 1201 911 1226 est
941 1194 982 1225 de
1010 1193 1163 1225 felicitate
1191 1193 1308 1234 opinio

222 1242 313 1282 quod
337 1241 376 1272 de
401 1242 450 1272 sui
473 1242 598 1271 ratione
624 1240 829 1271 stabilitatem
860 1240 1011 1280 requirit;
1031 1244 1171 1280 propter
1197 1237 1309 1270 Philo-

220 1287 344 1327 sophus
363 1286 441 1316 dicit
456 1286 489 1316 in
516 1285 527 1316 1
553 1285 746 1316 Ethicorum
771 1284 863 1326 quod
886 1294 954 1315 non
979 1284 1188 1316 aestimamus
1203 1283 1309 1314 homi-

220 1340 292 1362 nem
310 1339 378 1361 esse
395 1330 676 1361 chamaeleontem
701 1329 866 1370 quendam
886 1343 914 1367 »,
939 1330 1019 1360 haec
1044 1329 1120 1361 dico
1136 1329 1234 1360 lectio
1250 1338 1309 1360 au—

219 1376 362 1407 thentica
374 1385 443 1406 non
460 1376 611 1416 exprimit
624 1375 846 1406 authenticam
858 1380 1003 1406 mentem
1017 1374 1182 1411 Auctoris,
1198 1382 1309 1415 neque

220 1427 363 1452 mentem
394 1420 590 1451 Aristotelis:
615 1417 875 1463 (χαμαιλέοντα
907 1429 987 1450 riva.
1020 1418 1082 1450 τόν
1114 1412 1307 1462 εὐδαίμονα

221 1461 470 1507 ἀποφαίνοντες
492 1473 576 1495 ιιοο
590 1465 610 1495 b
623 1465 668 1506 6),
696 1465 800 1496 immo
825 1464 1020 1496 contradicit
1042 1465 1154 1496 sensui
1178 1466 1308 1504 generis

220 1510 365 1541 humani.
385 1509 480 1542 Unde
496 1510 718 1551 transcriptori
738 1510 868 1540 licentia
891 1508 1055 1540 scribendi
1070 1515 1158 1540 recte
1168 1514 1311 1550 propter

218 1555 309 1596 quod
325 1561 357 1586 et
363 1555 513 1597 felicem,
531 1554 623 1596 quod
638 1561 671 1586 et
686 1555 824 1596 scripsit.
848 1555 919 1586 Hac
944 1554 1097 1586 facultate
1121 1554 1200 1585 iuris
1216 1556 1309 1595 quasi

220 1600 375 1630 naturalis
403 1599 502 1640 vulgo
530 1601 625 1637 bene,
649 1599 828 1640 aliquando
858 1609 975 1640 pamm
998 1599 1135 1631 feliciter
1159 1608 1238 1630 usus
1262 1606 1310 1631 est

221 1643 277 1685 (cf.
303 1654 334 1675 n.
362 1654 380 1684 7
405 1645 462 1686 qui
477 1650 524 1675 est
541 1645 571 1675 ei
590 1645 873 1686 convertibiliter),
898 1644 1076 1686 aliquando
1096 1645 1143 1676 uti
1167 1644 1310 1684 neglexit

221 1690 277 1730 (cf.
305 1698 361 1728 24¹
381 1690 401 1719 b
421 1699 458 1719 ιυ
483 1690 605 1720 malum
622 1699 683 1730 pro
699 1689 846 1731 bonum),
866 1689 1044 1731 aliquando
1062 1691 1110 1721 uti
1134 1690 1232 1720 licere
1248 1699 1309 1731 pu-

221 1736 334 1765 taverit
359 1735 397 1764 ad
423 1735 701 1775 interpolandum.

284 1788 330 1819 ¹9·
349 1797 365 1800 —
382 1780 571 1810 Secundum
589 1780 680 1820 quod
693 1789 781 1810 nunc
799 1779 906 1810 serunt
918 1789 1038 1816 mores,
1052 1780 1232 1820 unicuique
1247 1781 1309 1811 mi·

220 1823 357 1854 randum
383 1824 542 1855 videbitur
566 1825 657 1865 quod
681 1824 828 1855 officialis
844 1826 1003 1866 interpres
1027 1834 1088 1866 pro
1108 1826 1217 1858 verbis
1239 1826 1309 1856 Au—

222 1869 319 1899 ctoris
343 1869 483 1900 vendere
507 1879 605 1900 ausus
629 1875 677 1900 est
693 1879 777 1909 quae
801 1870 941 1910 propriis
965 1870 1070 1901 oculis
1094 1870 1223 1903 videbat
1239 1880 1307 1901 non

221 1913 332 1943 adesse
358 1914 388 1943 in
414 1915 600 1955 exemplari.
626 1915 745 1951 Nemo,
771 1921 807 1945 ut
823 1915 964 1946 vivimus
984 1921 1015 1946 et
1040 1916 1158 1946 assueti
1182 1925 1308 1952 sumus,

220 1958 323 1988 laesae
341 1956 415 1989 fidei
441 1960 621 1990 absolveret
636 1960 693 2000 qui
710 1959 903 2000 exemplaris
922 1965 1048 1991 textum
1065 1967 1222 1993 mutasset
1237 1970 1307 2002 quo

219 2002 322 2033 modo
346 2003 377 2033 in
403 2004 510 2043 primo
534 2004 725 2044 apographo
749 2009 894 2035 mutatus
910 2010 958 2035 est
973 2005 1051 2035 iste:
1070 2005 1107 2036 L.
1122 2005 1145 2042 Ι,
1162 2015 1234 2047 cap.
1251 2014 1308 2045 42,

226 2049 443 2088 119b45-48
472 2061 484 2074 α
506 2048 584 2078 Esse
615 2050 785 2089 proprium
811 2049 1071 2090 uniuscuiusque
1095 2050 1142 2080 rei
1166 2057 1213 2082 est
1237 2056 1308 2082 tan·

219 2098 290 2122 tum
315 2101 428 2123 unum.
454 2092 518 2124 Sed
534 2094 603 2134 ipse
628 2094 717 2124 Deus
734 2100 781 2124 est
806 2103 874 2124 esse
897 2103 1006 2134 suum,
1024 2100 1060 2125 ut
1083 2104 1180 2136 supra
1197 2100 1308 2127 osten-

219 2146 291 2167 sum
316 2144 373 2168 est.
400 2138 602 2178 Impossibile
620 2144 668 2169 est
682 2139 782 2179 igitur
796 2148 866 2170 esse
889 2140 951 2171 nisi
977 2149 1081 2171 unum
1106 2140 1214 2172 Deum
1235 2154 1249 2168 ι
1266 2141 1306 2178 Α,

222 2194 235 2208 ο
257 2181 335 2212 Esse
359 2183 555 2214 abstractum
580 2189 628 2214 est
658 2193 763 2215 unum
790 2189 929 2221 tantum,
961 2190 997 2215 ut
1021 2184 1138 2216 albedo
1166 2187 1192 2217 si
1222 2191 1307 2217 esset

221 2227 376 2258 abstracta
401 2234 483 2258 esset
507 2237 572 2259 una
595 2234 732 2260 tanturn.
757 2228 821 2260 Sed
839 2229 928 2260 Deus
951 2236 1000 2261 est
1023 2231 1131 2271 ipsum
1149 2240 1219 2262 esse
1235 2231 1307 2262 abs-

219 2277 368 2307 tractum,
389 2282 465 2303 cum
497 2274 536 2304 sit
566 2282 664 2304 suum
691 2283 771 2304 esse.
802 2274 1005 2315 Impossibile
1023 2298 1031 2306 .
1046 2299 1053 2306 .
1069 2298 1076 2306 .
1095 2276 1203 2308 Deum
1223 2290 1238 2303 ι
1270 2285 1304 2307 α..

222 2317 360 2347 Ubinam
385 2318 622 2349 substitutionis
653 2319 813 2350 rationem
837 2320 1021 2360 sumpserit,
1049 2319 1180 2352 difficile
1203 2320 1304 2352 dictu.

215 2361 366 2392 Forsitan
390 2369 616 2403 argumentum
643 2373 680 2394 ex
709 2377 722 2391 ι
743 2374 812 2395 esse
836 2365 971 2405 proprio
992 2377 1004 2390 ι
1033 2366 1062 2396 ei
1086 2366 1184 2397 nimis
1207 2367 1305 2398 breve

215 2405 267 2436 vel
291 2407 401 2438 minus
426 2407 558 2438 evidens
586 2409 691 2439 visum
720 2415 778 2445 est,
803 2415 835 2440 et
864 2410 967 2450 magis
990 2411 1148 2442 nutritum
1178 2417 1210 2442 et
1236 2421 1305 2443 am-

214 2450 309 2491 plum
343 2461 381 2482 ex
409 2465 422 2478 «
444 2461 514 2484 esse
544 2453 704 2484 abstracto
724 2466 738 2481 »
766 2454 834 2485 dari
861 2464 959 2495 posse
990 2455 1194 2494 existimavit,
1226 2457 1303 2498 quia

215 2497 424 2527 occasionem
450 2498 583 2537 praebet
609 2498 789 2530 illustrandi
814 2508 871 2540 per
895 2499 1079 2532 albedinem
1104 2511 1123 2532 a
1153 2501 1303 2534 subiecto

215 2547 407 2581 separatam.
432 2542 672 2583 Quaecumque
697 2543 916 2575 consideratio
943 2545 1158 2586 ingerentium
1182 2555 1305 2588 provo—

215 2586 345 2623 caverit,
371 2592 496 2618 certum
521 2594 568 2618 est
604 2597 675 2619 eam
703 2589 822 2620 nostris
852 2591 1056 2631 temporibus
1084 2601 1152 2622 non
1180 2591 1221 2623 ad
1252 2601 1304 2624 res

214 2630 321 2667 licitas
345 2632 516 2672 pertinere.

281 2674 384 2707 Casus
413 2677 652 2709 substitutionis
681 2679 862 2710 arbitrariae
893 2680 1010 2711 unicus
1040 2687 1098 2712 est.
1130 2682 1173 2712 At
1205 2682 1303 2713 etiam

214 2728 273 2759 per
297 2720 567 2761 amplificationes
596 2724 743 2763 peccavit
771 2724 939 2765 interpres,
964 2725 1046 2757 locis
1073 2726 1200 2758 circiter
1223 2736 1304 2768 qua-

215 2763 370 2804 draginta.
392 2766 567 2798 Maximam
592 2773 702 2798 tamen
719 2774 844 2809 partem
870 2775 1022 2801 constant
1046 2780 1115 2802 uno
1134 2772 1247 2809 verbo,
1272 2778 1305 2803 et

214 2809 324 2840 minus
341 2819 358 2840 a
375 2812 546 2852 proposito
563 2821 662 2852 quam
680 2822 697 2843 a
714 2813 854 2853 quadam
876 2815 1116 2847 reminiscentia
1131 2817 1183 2847 vel
1203 2826 1304 2858 spon-

214 2855 367 2885 taneitate
384 2854 569 2896 dependere
586 2857 746 2889 videntur.
764 2858 823 2889 Ex.
839 2868 886 2899 gr.
905 2859 940 2890 L.
960 2859 983 2897 l,
1000 2869 1137 2902 cap.42,
1155 2861 1216 2893 118
1230 2862 1250 2892 b
1264 2870 1303 2893 ιο

215 2904 245 2928 et
269 2908 340 2939 cap.
366 2900 419 2939 78,
447 2902 543 2932 22ob
558 2911 577 2941 9
602 2902 783 2934 adinvicem
801 2903 914 2934 falsam
937 2906 1131 2937 memoriam
1155 2907 1302 2948 sapiunt;

216 2952 288 2983 cap.
319 2943 367 2981 13,
394 2944 434 2975 32
451 2946 470 2975 b
493 2953 530 2986 ¹7
559 2947 692 2983 scilicet,
726 2948 766 2978 33
785 2958 840 2988 a4
872 2949 956 2985 ideo,
988 2959 1059 2991 cap.
1088 2960 1141 2988 20,
1167 2951 1301 2991 54b43

215 2996 345 3028 corpus,
371 2999 440 3030 cap.
459 2990 511 3030 37,
542 2999 596 3021 ιιι
616 2992 636 3022 b
654 3001 691 3031 ¹7
713 3007 726 3019 ι
743 2993 847 3024 simile
863 2994 925 3025 sibi
948 2996 1052 3035 possit
1074 2995 1258 3036 producere
1274 3010 1302 3032 »,

217 3038 248 3062 et
272 3033 353 3064 aliae
377 3034 537 3074 quaedam
562 3038 817 3068 succrescentiae
842 3048 909 3069 non
939 3048 1025 3080 opus
1049 3046 1097 3071 est
1121 3047 1157 3072 ut
1181 3051 1199 3072 a
1223 3040 1303 3072 deli-

216 3077 383 3109 beratione
399 3079 564 3120 profectae
581 3082 654 3112 sint.
677 3081 760 3113 Fieri
778 3089 885 3123 potest
906 3090 941 3114 ut
957 3085 997 3115 ad
1021 3086 1215 3117 correctoris
1231 3085 1304 3117 offi-

218 3122 305 3153 cium
323 3124 483 3163 pertinere
500 3125 635 3156 credidit
652 3127 731 3158 haec
749 3127 816 3158 duo
838 3127 960 3159 addita:
987 3138 1058 3170 cap.
1075 3130 1130 3170 48,
1152 3139 1214 3170 140
1228 3141 1246 3162 a
1263 3131 1302 3162 16

221 3179 234 3191 ‹
255 3173 385 3207 oportet
409 3169 499 3209 quod
527 3171 711 3202 intellectus
739 3172 808 3203 eius
835 3171 922 3214 (Dei)
956 3180 1101 3206 mutetur
1129 3175 1170 3207 de
1194 3176 1303 3207 consi-

218 3210 382 3244 deratione
407 3214 459 3244 sui
483 3215 513 3245 in
540 3215 836 3248 considerationem
862 3217 947 3248 illius
973 3218 1118 3260 (alterius
1142 3220 1179 3261 οι)
1202 3231 1230 3258 ›;
1247 3221 1301 3252 b8

222 3268 234 3280 ‹
256 3262 302 3286 est
326 3267 430 3289 unum
458 3269 534 3290 cum
562 3269 601 3290 eo
631 3261 722 3301 quod
751 3261 941 3302 intelligitur
962 3276 989 3294 ι.
1021 3263 1054 3295 ln
1080 3265 1187 3306 primo
1211 3271 1302 3297 textu

219 3300 306 3339 apud
339 3302 517 3335 Auctorem
547 3311 734 3346 expectares
767 3311 945 3347 utrumque
976 3309 1029 3339 sui
1059 3310 1110 3340 vel
1140 3310 1238 3342 huius
1271 3317 1303 3342 et

220 3344 317 3380 illius,
343 3353 398 3377 aut
421 3354 590 3386 neutrum3
616 3350 714 3381 altera
739 3352 940 3382 constructio
972 3354 1084 3384 nescio
1108 3364 1149 3386 an
1174 3355 1302 3396 uspiam

221 3388 294 3419 alibi
319 3391 473 3423 obtineat.

277 3434 469 3468 Additiones
485 3438 517 3468 in
542 3439 691 3479 postillae
716 3439 855 3471 formam
879 3448 1062 3481 protractae
1086 3444 1118 3474 in
1144 3444 1181 3475 L.
1199 3445 1210 3475 l
1228 3451 1304 3476 sunt

222 3485 403 3517 sequentes,
422 3482 548 3513 uncinis
565 3484 703 3515 clausae.
717 3484 798 3526 Cap.
817 3485 867 3522 13,
886 3486 926 3518 32
942 3496 959 3517 a
973 3487 1083 3527 35-39
1103 3500 1118 3516 ι
1134 3489 1302 3529 probabile

222 3528 268 3552 est
294 3524 382 3563 quod
406 3535 542 3557 movens
565 3528 747 3560 inveniatur
774 3530 896 3571 absque
929 3541 970 3562 eo
999 3531 1091 3572 quod
1121 3540 1302 3565 moveatur.

222 3565 290 3597 Nec
314 3575 426 3600 contra
450 3571 513 3601 hoc
537 3577 644 3612 potest
667 3572 736 3604 fieri
761 3575 912 3607 instantia
936 3577 976 3608 de
1001 3576 1132 3608 duobus
1159 3587 1302 3619 quorum

223 3619 325 3642 unum
351 3614 389 3643 ab
414 3614 512 3645 altero
537 3625 604 3647 non
629 3617 791 3658 dependet
815 3618 863 3658 (et
885 3630 953 3652 non
978 3631 995 3652 e
1024 3631 1196 3662 convers0‚
1220 3624 1304 3655 sicut

1360 298 1450 333 patet
1466 292 1507 323 de
1522 292 1703 324 substantia
1719 299 1751 324 et
1766 293 1948 335 accidente)
1965 307 1994 325 ι.
2015 294 2062 325 lbi
2080 294 2120 325 33
2135 305 2154 326 a
2167 295 2273 327 28—31
2297 310 2312 324 «
2327 299 2360 330 in
2377 308 2452 332 mo-

1362 338 1511 368 ventibus
1534 347 1570 368 se
1592 337 1743 369 videmus
1766 339 1859 379 quod
1881 339 1991 380 aliqua
2014 340 2177 380 incipiunt
2199 340 2241 372 de
2263 351 2354 374 novo
2376 353 2451 376 mo-

1361 382 1427 412 veri
1449 388 1585 422 propter
1617 382 1762 423 aliquem
1788 390 1919 415 motum
1950 393 2018 425 quo
2046 394 2115 415 non
2144 392 2298 418 movetur
2319 389 2450 427 animal,

1360 428 1445 457 sicut
1467 434 1561 468 tcum
1585 427 1743 458 excitatur
1765 437 1786 458 a
1811 430 1946 472 somno)
1972 430 2048 460 cibo
2077 429 2205 470 digesto
2232 431 2284 462 vel
2307 441 2382 464 aere
2405 435 2452 466 al-

1360 477 1465 502 terato
1484 484 1514 502 2.
1539 470 1621 512 Cap.
1647 473 1702 511 25,
1725 473 1819 512 *7⁶³
1839 473 1877 505 13
1906 487 1920 501 ‹
1945 475 2125 506 substantia
2153 483 2238 516 quae
2267 483 2316 508 est
2345 487 2451 519 genus

1359 525 1430 546 non
1446 522 1494 547 est
1509 516 1620 557 ipsum
1636 525 1718 554 esse,
1733 518 1811 548 alias
1834 519 1944 550 omnis
1958 519 2138 550 subsmntia
2159 528 2330 553 esset‘esse
2351 533 2451 555 suum

1361 568 1453 603 (cum
1476 568 1559 592 ratio
1581 562 1710 601 generis
1733 563 1875 594 salvetur
1896 565 1932 595 in
1955 565 2111 596 omnibus
2134 575 2219 606 quae
2247 568 2308 598 sub
2330 577 2451 609 genere

1360 606 1586 648 continentur)
1602 612 1635 636 et
1657 607 1704 637 sic
1720 616 1788 638 non
1804 608 1916 647 (nulla
1931 609 2130 651 substantia)
2147 618 2232 642 esset
2255 619 2386 645 causata
2409 617 2450 646 ab

1360 651 1425 682 alio
1441 664 1469 681 n.
1487 651 1700 691 Propositum
1723 652 1858 683 iuvandi
1873 653 2246 694 intelligentiam·t·extus
2261 654 2362 689 nemo
2381 669 2451 692 non

1360 698 1540 736 agnoverit.
1571 696 1660 727 Alibi
1694 697 1832 728 tralucet
1860 698 2002 729 intentio
2035 702 2328 740 argumentationis
2358 707 2451 737 com-

1359 741 1511 782 plendae.
1536 742 1619 782 Cap.
1635 740 1691 779 43,
1714 750 1775 781 ¹24
1788 743 1809 772 b
1822 742 1933 782 27-33
1953 755 1968 770 ι
1987 743 2102 784 lpsum
2117 755 2188 777 esse
2203 747 2353 779 absolute
2369 759 2451 782 con—

1360 785 1538 817 sideratum
1561 784 1729 817 inlinitum
1752 793 1822 818 est.
1836 809 1844 817 .
1859 810 1867 817 .
1880 788 1916 818 Si
1937 788 2037 828 igitur
2059 790 2199 822 alicmus
2222 801 2294 824 esse
2315 795 2358 826 sit
2376 795 2450 827 fini-

1359 837 1443 868 tum,
1467 838 1601 872 oportet
1624 831 1717 872 quod
1741 832 1899 863 limitetur
1922 841 1993 864 esse
2016 833 2099 865 illud
2132 845 2190 877 per
2212 837 2339 878 aliquid
2361 841 2450 873 aliud

1359 876 1454 917 quod
1475 880 1517 907 sit
1540 877 1724 918 aliqualiter
1739 886 1838 908 causa
1852 878 1940 908 illius
1955 887 2026 909 esse
2050 879 2118 920 (vel
2133 883 2338 922 receptivum
2353 886 2450 929 eius).

1361 922 1426 953 Sed
1449 930 1520 953 esse
1545 922 1646 953 divini
1668 931 1738 953 non
1762 928 1872 963 potest
1899 932 1970 954 esse
2000 923 2110 965 aliqua
2133 934 2241 964 causa,
2272 930 2357 969 quia
2379 932 2452 973 ipse

1361 973 1410 998 est
1432 975 1567 998 necesse
1590 976 1662 998 esse
1683 977 1744 1008 per
1765 968 1912 1009 seipsum
1938 971 2014 1010 (nec
2037 978 2109 1000 esse
2139 971 2212 1002 eius
2239 972 2287 1004 est
2310 977 2451 1017 recepti·

1362 1021 1452 1048 vum,
1476 1021 1554 1043 cum
1577 1012 1648 1053 ipse
1671 1013 1713 1043 sit
1735 1021 1835 1045 suum
1858 1012 1955 1055 esse).
1980 1013 2064 1055 Cap.
2088 1023 2144 1055 71,
2170 1018 2303 1058 207b7
2330 1033 2346 1047 «
2364 1021 2451 1053 Nm

1362 1057 1490 1088 bonum
1505 1063 1554 1088 est
1577 1058 1672 1098 quasi
1693 1058 1777 1089 ratio
1793 1058 1994 1099 cognitionis
2009 1059 2087 1090 mali
2111 1066 2204 1101 (cum
2227 1063 2355 1096 malum
2369 1066 2452 1098 nihil

1361 1102 1402 1132 sit
1425 1102 1514 1133 aliud
1537 1111 1639 1143 quam
1653 1102 1793 1143 privatio
1810 1104 1904 1143 boni)
1919 1116 1949 1134 ι.
1974 1104 2057 1145 Cap.
2075 1114 2130 1145 72,
2148 1114 2214 1137 210
2226 1117 2246 1138 a
2263 1109 2299 1139 15
2321 1121 2336 1137 ‹
2356 1110 2452 1143 Unde

1359 1147 1547 1179 intellectus
1569 1148 1792 1189 speculativus
1807 1158 1876 1180 non
1892 1155 2017 1187 movet,
2033 1158 2144 1190 neque
2162 1151 2354 1194 imaginatio
2369 1165 2453 1198 pura

1361 1192 1486 1233 absque
1509 1194 1738 1224 aestimatione
1773 1194 1870 1235 (boni
1893 1194 1945 1225 vel
1967 1195 2060 1237 mali)
2075 1209 2104 1225 ι.
2129 1195 2214 1228 Satis
2231 1198 2394 1240 insipidae
2404 1202 2453 1233 vi-

1361 1236 1481 1268 dentur
1506 1244 1572 1269 tres
1594 1244 1789 1280 sequentes:
1817 1239 1901 1280 Cap.
1927 1239 1982 1277 68,
2011 1239 2073 1281 198
2091 1241 2112 1271 b
2127 1250 2148 1281 7
2177 1255 2192 1268 ε
2211 1242 2303 1275 Deus
2325 1254 2453 1288 cogno-

1361 1283 1487 1314 scendo
1510 1292 1610 1314 suum
1633 1293 1705 1315 esse
1723 1284 1789 1326 (vel
1803 1283 2034 1327 intelligendo)
2052 1287 2225 1327 cognoscit
2249 1292 2454 1324 essevcuius-

1361 1327 1442 1359 libet
1464 1329 1512 1359 rei
1531 1338 1564 1365 »;
1581 1337 1653 1370 cap.
1671 1337 1726 1369 74,
1745 1337 1811 1369 2¹4
1826 1339 1846 1360 a
1862 1338 1897 1361 11
1921 1343 1935 1357 ι
1955 1339 2034 1362 cum
2051 1331 2202 1363 voluntas
2218 1334 2260 1364 sit
2275 1334 2318 1366 de

1361 1373 1615 1414 appetitivamm
1638 1374 1862 1415 potentiarum
1881 1376 1930 1417 (in
1954 1377 2066 1419 nobis)
2088 1387 2118 1414 η
2142 1385 2214 1418 cap.
2241 1379 2294 1417 26,
2317 1381 2375 1413 *81
2393 1382 2415 1413 b
2431 1382 2451 1414 3

1365 1430 1380 1445 ι
1397 1418 1477 1450 Esse
1493 1425 1605 1450 autem
1621 1419 1770 1451 divinum
1782 1429 1852 1452 non
1864 1421 1997 1452 advenit
2013 1421 2068 1452 alii
2082 1427 2229 1460 naturae,
2245 1424 2303 1456 sed
2315 1431 2365 1458 est
2381 1427 2454 1469 ipsa

1362 1470 1478 1495 natura
1503 1463 1576 1506 (seu
1600 1466 1739 1496 essentia
1762 1465 1886 1508 divina)
1907 1479 1936 1496 a».
1967 1465 2142 1498 Accedunt
2172 1467 2258 1500 duae
2287 1471 2454 1504 remissio-

1362 1518 1436 1540 nes:
1468 1508 1550 1551 Cap.
1582 1510 1636 1546 55,
1666 1510 1814 1550 1571128
1841 1524 1856 1538 ι
1878 1511 2116 1544 Deus-..una
2146 1514 2256 1555 specie
2280 1518 2455 1558 cognoscit

1362 1563 1448 1595 quae
1465 1561 1514 1585 est
1529 1564 1588 1586 sua
1603 1556 1744 1586 essentia
1757 1555 1808 1597 (ut
1822 1565 1862 1588 ex
1877 1556 1973 1588 dictis
1984 1557 2087 1599 patet)
2105 1567 2141 1595 »ς
2157 1567 2230 1600 cap.
2246 1559 2302 1598 60,
2323 1561 2384 1602 173
2396 1563 2419 1594 b
2429 1562 2449 1595 3

1366 1613 1381 1626 «
1396 1605 1530 1641 oportet
1559 1599 1652 1640 quod
1682 1599 1809 1632 dicatur
1839 1602 2053 1633 essentialiter
2079 1608 2131 1644 (ut
2159 1612 2258 1646 supra
2281 1613 2453 1640 ostensum

1362 1650 1424 1685 est)
1441 1658 1469 1675 ι.
1494 1645 1606 1681 Restat
1625 1654 1691 1676 una
1715 1645 1885 1687 ampliatio
1899 1652 2008 1679 textus
2029 1656 2070 1679 ex
2093 1657 2184 1680 sacra
2206 1649 2374 1692 Scriptura
2395 1651 2453 1685 ad-

1362 1689 1467 1721 ducti:
1493 1698 1564 1731 cap.
1591 1699 1644 1731 29,
1669 1699 1745 1731 9oa
1762 1692 1799 1723 15
1828 1705 1843 1719 e
1859 1698 1892 1724 et
1914 1693 1948 1724 in
1973 1693 2116 1734 psalmo:
2138 1693 2229 1726 Deus
2249 1697 2324 1737 quis
2337 1697 2452 1730 similis

1361 1736 1427 1766 erit
1449 1735 1506 1766 tibi
1529 1736 1570 1772 A,
1584 1735 1661 1777 suit
1684 1736 1735 1767 vel
1748 1736 1864 1778 fuerit
1884 1737 1944 1769 tibi
1966 1747 2008 1769 ne
2030 1743 2142 1770 taceas
2164 1745 2224 1771 etc.
2243 1749 2266 1771 α
2286 1747 2308 1773 ¹.
2416 1759 2418 1762 -

1419 1780 1454 1811 ln
1479 1780 1517 1811 L.
1537 1779 1563 1811 ll
1587 1789 1654 1811 una
1676 1781 1804 1813 obtinet
1826 1782 2038 1824 interpolatio
2054 1792 2141 1824 quae
2160 1793 2236 1816 vera
2259 1792 2293 1817 et
2306 1786 2452 1828 legitima

1362 1825 1524 1856 correctio
1544 1826 1654 1856 vocari
1669 1833 1824 1864 meretur,
1837 1836 2005 1869 quamque
2020 1837 2090 1860 non
2106 1830 2278 1870 potuimus
2289 1841 2358 1864 non
2371 1833 2452 1864 ado-

1361 1876 1470 1911 ptare:
1487 1879 1560 1911 cap.
1577 1879 1633 1909 42,
1651 1870 1714 1902 365
1730 1871 1750 1902 b
1764 1872 1804 1903 25
1825 1885 1840 1899 ι
1856 1873 2055 1914 inquantum
2071 1883 2151 1905 vero
2166 1875 2320 1916 intelligit
2333 1885 2370 1909 se
2385 1879 2452 1919 (se-

1361 1915 1509 1946 cundum
1534 1915 1627 1956 quod
1643 1922 1691 1946 est
1714 1916 1748 1947 in
1765 1918 1928 1960 potentia)
1943 1917 2099 1959 producit
2121 1919 2338 1953 substantiam
2353 1923 2452 1964 primi

1359 1960 1448 1990 orbis
1461 1972 1491 1990 ι.
1516 1960 1638 1991 Lector
1660 1961 1846 1993 consideret
1867 1967 1973 1994 totam
1997 1963 2251 2004 explicationem
2270 1966 2452 2000 sententiae

1358 2005 1549 2036 Avicennae
1564 2005 1650 2036 circa
1666 2014 1800 2038 causam
1815 2006 2035 2040 distinctionis
2050 2017 2172 2047 rerum,
2183 2015 2222 2042 *et
2238 2011 2336 2043 verba
2348 2012 2451 2046 ‘istius

1360 2051 1456 2081 citata
1480 2051 1515 2081 in
1539 2056 1710 2091 apparatu,
1734 2057 1767 2082 et
1790 2051 1899 2084 videat
1921 2062 1962 2084 an
1993 2055 2236 2096 transcriptoris
2258 2055 2450 2090 intercessio

1359 2104 1603 2137 supervacanea
1618 2094 1776 2127 videatur.
1791 2113 1815 2120 -
1831 2097 2000 2130 Praeterea
2017 2107 2089 2140 cap.
2105 2099 2162 2139 48,
2178 2101 2293 2141 ’44²⁸
2308 2111 2350 2144 ²9
2369 2115 2385 2132 s
2397 2103 2450 2136 in·

1358 2140 1491 2172 terdum
1514 2146 1625 2172 tamen
1642 2146 1822 2182 operantur
1837 2142 1912 2174 illos
1927 2142 2064 2175 effectus
2087 2144 2195 2177 altiori
2218 2146 2339 2179 virtute
2362 2146 2451 2191 (eur-

1359 2186 1466 2227 porali
1489 2184 1613 2227 tamen)
1640 2195 1741 2227 quam
1763 2187 1946 2220 sortiuntur
1961 2198 1980 2220 a
1995 2189 2192 2231 corporibus
2206 2191 2402 2225 caelestibus
2419 2203 2448 2231 »ς

1359 2240 1432 2272 cap.
1457 2230 1512 2272 93,
1542 2230 1627 2262 ⁴*553
1645 2231 1665 2262 b
1682 2240 1702 2272 7
1731 2245 1745 2259 α
1764 2231 1998 2274 Multiplicatio
2028 2234 2128 2275 igitur
2157 2237 2344 2277 specierum
2367 2237 2449 2280 ‘plus

1357 2276 1448 2308 addit
1471 2276 1650 2307 nobilitatis
1675 2276 1722 2318 (et
1745 2276 1970 2320 perfectionis)
1989 2279 2144 2311 universo
2165 2289 2267 2322 quam
2289 2282 2450 2325 multipli-

1359 2322 1446 2354 catio
1469 2320 1718 2352 individuorum
1742 2322 1776 2353 in
1799 2330 1867 2354 una
1888 2324 2000 2364 specie
2014 2336 2044 2355 »-

1415 2366 1450 2397 ln
1476 2367 1513 2397 L.
1539 2365 1580 2397 lll
1597 2366 1763 2408 postillam
1778 2367 1966 2400 invenimus
1983 2377 2101 2410 parum
2120 2369 2288 2411 efficacem
2311 2381 2384 2414 cap.
2405 2373 2445 2406 55

1356 2412 1479 2453 princ.:
1500 2424 1516 2439 ι
1531 2411 1662 2443 Lumen
1677 2417 1789 2444 autem
1804 2413 2009 2454 praedictum
2025 2415 2133 2447 multo
2144 2415 2262 2448 'deficit
2277 2416 2314 2448 'in
2330 2418 2449 2450 virtute

1356 2466 1376 2487 a
1398 2457 1541 2488 claritate
1557 2457 1659 2488 divini
1674 2457 1859 2490 intellectus
1873 2458 1966 2499 (cum
1989 2459 2116 2492 claritas
2139 2459 2241 2493 divini
2263 2462 2450 2495 intellectus

1356 2502 1398 2533 sit
1420 2500 1557 2539 infinita,
1579 2502 1694 2534 lumen
1717 2508 1829 2534 autem
1855 2503 1942 2536 istud
1965 2503 2107 2543 finitum,
2131 2507 2209 2547 quia
2235 2507 2392 2549 recipitur
2412 2507 2448 2541 ln

1356 2547 1535 2578 substantia
1558 2545 1675 2588 finita).
1696 2561 1710 2574 »
2396 2564 2398 2566 ’
2425 2559 2430 2570 ’

1413 2590 1452 2623 L.
1465 2591 1509 2623 lv
1521 2601 1622 2623 unam
1633 2592 1691 2624 sed
1698 2593 1831 2634 longam
1841 2593 2129 2635 interpolationem
2145 2596 2299 2634 ostendit,
2311 2605 2383 2639 cap.
2395 2604 2407 2629 1
2420 2604 2447 2636 t,

1356 2636 1450 2678 quod
1472 2637 1657 2668 inscribitur
1684 2650 1698 2664 ι
1719 2637 1768 2669 De
1792 2637 2014 2671 Gener-atione
2036 2641 2071 2671 in
2096 2641 2222 2673 Divinis
2242 2644 2273 2679 b,
2297 2646 2340 2680 et,
2362 2643 2450 2677 inter

1355 2687 1406 2713 tot
1429 2682 1558 2723 pulcras
1574 2689 1606 2714 et
1625 2681 1805 2724 profundas
1821 2683 2085 2716 elucubrationes
2109 2686 2230 2727 quibus
2248 2686 2280 2718 S.
2298 2686 2447 2719 minas

1355 2726 1580 2759 studiosorum
1604 2728 1733 2759 animos
1748 2728 1832 2760 solet
1847 2730 2021 2770 captivare,
2043 2730 2125 2762 nulli
2144 2731 2232 2763 cedit
2254 2731 2399 2765 claritate
2413 2738 2448 2765 et

1356 2771 1472 2803 ordine
1495 2771 1746 2810 deductionum‚
1770 2774 1977 2815 expositione
2008 2781 2039 2807 et
2067 2781 2157 2816 grata
2179 2776 2253 2818 styli
2281 2776 2445 2811 facundia.

1357 2817 1408 2848 Eo
1432 2817 1483 2848 vel
1507 2818 1611 2858 magis
1626 2819 1764 2849 sentitur
1779 2819 1812 2850 in
1837 2820 2044 2861 paragrapho
2058 2820 2100 2852 de
2124 2821 2210 2853 Filio
2233 2822 2397 2854 essentiali
2412 2828 2447 2855 et

1355 2861 2446 2954 siet:zizanias?..taetrae-inmane

1355 2951 1549 2984 cedentibus
1573 2959 1605 2984 et
1628 2954 1843 2994 sequentibus
1866 2961 2086 2996 comparatur.
2111 2955 2304 2989 Secundum
2330 2962 2447 2990 aucto-

1355 2997 1483 3028 ritatem
1507 2996 1663 3029 codicum
1681 2997 1701 3038 β
1716 3008 1795 3030 mox
1819 2999 2021 3040 pensandam
2045 3007 2161 3033 atictor
2180 3002 2251 3034 eius
2275 3007 2324 3034 est
2345 3002 2445 3035 inte·-

1355 3050 1429 3082 pres
1453 3048 1574 3074 noster.
1599 3042 1668 3074 Suo
1685 3043 1762 3075 loco
1787 3044 1911 3084 patebit
1922 3054 2024 3086 quare
2040 3047 2280 3088 paragraphum
2299 3047 2444 3088 spudam

1354 3087 1544 3118 habeamus.
1571 3087 1703 3120 Interim
1720 3089 1797 3120 licet
1816 3089 1984 3122 advertere
1999 3090 2091 3132 quod
2108 3090 2287 3124 Generatio
2309 3097 2380 3124 non
2395 3097 2445 3124 est

1356 3138 1423 3163 tam
1446 3133 1579 3173 propria
1604 3133 1686 3164 ratio
1710 3134 1927 3175 aequalitatis.
1951 3135 2032 3177 quin
2057 3135 2197 3178 Spiritus
2223 3135 2362 3168 Sanctus
2385 3138 2443 3178 qui

1355 3186 1423 3208 non
1447 3183 1623 3218 generatur
1645 3177 1703 3210 sed
1733 3179 1893 3220 procedit,
1921 3180 1963 3212 sit
1993 3180 2077 3212 Patri
2108 3180 2307 3222 coaequalis.
2338 3181 2443 3213 Penes

1355 3222 1536 3253 Auctorem
1561 3232 1639 3263 ergo
1656 3229 1723 3254 erat
1746 3223 1890 3256 iudicare
1905 3233 1947 3256 an
1970 3226 2004 3257 in
2028 3225 2092 3256 isto
2108 3225 2254 3266 capitulo
2275 3227 2442 3258 materiam

1411 3340 1420 3358 ¹
1446 3342 1664 3376 Pneponderans
1691 3343 1813 3370 codicum
1835 3350 1897 3378 pars
1920 3343 2009 3369 scribit
2031 3340 2307 3376 ru.ii.ne.ta.etc.;
2331 3344 2445 3372 fortasse

1357 3376 1395 3402 sic
1413 3377 1499 3411 typice
1521 3386 1664 3405 commune
1684 3379 1828 3412 exemplar.
1851 3378 1942 3407 Lectio
1952 3379 1989 3412 sa
2009 3386 2058 3414 pro
2075 3379 2130 3405 erit
2147 3379 2311 3414 autographi,
2333 3382 2401 3408 sinit
2419 3388 2445 3408 et

1356 3411 1419 3438 ibid.
1438 3413 1454 3438 b
1469 3413 1499 3439 13
1508 3413 1575 3449 sore
1593 3421 1642 3447 pro
1660 3421 1727 3445 essa,
1746 3419 1773 3440 et
1791 3413 1844 3440 iam
1869 3422 1896 3440 11.
1919 3413 1949 3440 13
1969 3414 2077 3440 citatum
2148 3415 2263 3442 malibus
2286 3423 2336 3450 pro
2355 3423 2444 3444 essem

1357 3449 1474 3480 namu,
1493 3450 1663 3476 occasionem
1680 3450 1830 3476 habuerunt
1847 3458 1863 3476 a
1877 3448 1960 3484 agur·
1979 3451 2104 3484 peculiari
2117 3451 2217 3477 litterae
2231 3459 2254 3482 e,
2273 3459 2344 3486 quae
2355 3458 2444 3479 tamen

1357 3490 1383 3510 et
1402 3485 1462 3511 alibi
1481 3485 1590 3512 obvenit
1608 3485 1653 3512 ubi
1664 3487 1689 3520 s
1699 3493 1753 3512 non
1771 3486 1846 3512 dm
1867 3493 1988 3512 sensum.
2007 3486 2071 3513 Plus
2089 3494 2170 3521 quam
2192 3488 2381 3531 quinquaqinta
2399 3496 2446 3515 eo-

1357 3520 1438 3552 dices,
1457 3521 1524 3547 inter
1543 3529 1614 3555 quos
1633 3521 1718 3548 maior
1736 3528 1798 3555 para

1357 3556 1465 3587 variant,
1484 3562 1523 3587 ut,
1608 3556 1653 3592 sa,
1673 3557 1735 3588 erte,
1767 3557 1804 3586 ai.
1825 3561 1873 3587 eae,
1893 3557 1938 3587 sit,
1957 3558 2006 3591 fir,
2033 3559 2076 3584 vel
2103 3559 2241 3591 omittunt,
2269 3560 2362 3586 decem
2390 3569 2444 3587 non

1356 3591 1454 3617 habent
1469 3592 1639 3622 additionem.
1652 3592 1700 3618 sed
1713 3599 1750 3626 qu
1798 3600 1831 3619 ue
1845 3598 1946 3619 tantum
1961 3601 2054 3619 eorum
2069 3595 2159 3628 lqunt
2175 3595 2328 3630 simpliciter
2341 3603 2402 3623 cum
2413 3597 2445 3626 A.

1358 3635 1455 3660 nempe
1474 3628 1539 3658 ΝΖ,
1558 3629 1602 3658 Pe,
1619 3628 1834 3654 vindobonensis
1855 3628 1924 3655 5263
1939 3635 1964 3655 et
1983 3630 2067 3663 prima
2085 3637 2165 3656 manu
2181 3632 2323 3666 Augensis.

1817 3519 1842 3555 β,
1860 3521 2015 3556 simpliciter
2033 3522 2124 3555 legunt
2146 3530 2172 3552 a.
2191 3523 2266 3550 multi
2291 3524 2332 3550 alii
2353 3524 2447 3551 leviter
