2768 4134
38 1031 46 1039 ·
61 1029 117 1057 Cap.
134 1035 188 1050 xvu.

37 1244 44 1252 ·
58 1242 165 1269 VPhys..
178 1247 246 1265 ιιι,’.·;

37 1276 56 1290 s.
66 1269 111 1290 Th.
127 1269 141 1289 Ι.
152 1275 170 1296 5.

34 1562 170 1611 &ssffiitplw
157 1589 178 1610 8.

34 1885 42 1893 ·
53 1883 83 1904 Ill
91 1883 124 1904 ΡΙι
143 1889 214 1909 s.,1n‚
226 1889 242 1904 ι;

33 1916 51 1931 s.
62 1909 107 1931 ΤΙι.
122 1889 171 1936 (4.

34 1996 42 2004 ·
56 1994 113 2021 Cap.
125 2000 173 2015 xvi.

32 2262 40 2270 ·
53 2260 209 2314 ΙΧ”ΡΙιΙγε.,Χι,
220 2267 242 2288 5;

32 2294 51 2308 s.
61 2287 106 2308 Th.
131 2303 135 2307 .
161 2293 172 2299 '⁷

32 2367 211 2419 ὶΙΡΙιγΤὴ
197 2394 210 2414 1
214 2383 244 2414 ,6

38 3420 46 3427 ·
62 3418 97 3439 Cf,
117 3418 247 3449 Communi.

38 3450 89 3472 cap.
101 3450 155 3471 xvu,
166 3449 214 3466 ιιιιι,

287 308 360 344 308

809 302 997 339 SUMMA
1018 300 1239 337 CONTRA
1260 299 1535 344 GENTILES,
1555 300 1650 336 LIB.
1667 301 1708 345 ΙΙ,
1730 300 1841 337 CAP.
1859 302 1957 338 XIX.

681 458 1227 515 CAPITULUM
1284 458 1717 513 DECIMUM
1773 458 2083 515 NONUM

1256 574 1286 604 A
1318 574 1383 604 311
1417 575 1501 614 a43.

741 677 916 730 QUOD
941 677 1000 716 IN
1027 675 1383 716 CREATIONE
1406 675 1536 715 NON
1562 675 1656 716 SIT
1681 675 2017 718 SUCCESSIO

398 854 401 856 ,
414 835 450 858 5,
475 822 630 848 -PPARET
650 809 765 847 etiam
795 821 839 845 ex
870 807 1073 857 praedictis
1093 807 1200 856 quod
1222 806 1350 844 omnis

409 854 461 915 Ξίῆ
505 864 646 901 creatio
675 863 822 912 absque
852 861 1094 898 successione
1124 869 1190 897 est.

295 902 376 964 *y
380 904 480 966 ξφ
560 918 663 954 Nam
700 915 891 953 successio
925 914 1082 964 propria
1118 922 1174 951 est
1210 914 1347 952 motui.

335 934 480 1007 5³31&
507 970 659 1008 Creatio
680 978 811 1007 autem
831 981 912 1005 non
932 976 988 1005 est
1012 976 1159 1014 motus;
1185 980 1257 1005 nec
1277 976 1349 1005 ter-

278 1025 408 1062 minus
438 1032 577 1070 motus,
608 1023 703 1061 sicut
732 1022 894 1059 mutatio
914 1022 944 1058 ²³⁶.
975 1021 1091 1070 Igitur
1109 1022 1215 1059 nulla
1235 1029 1290 1059 est
1311 1021 1349 1058 in
1374 1044 1381 1063 s

278 1079 360 1128 ipsa
389 1078 592 1115 successio.
623 1118 626 1119 ⁷

331 1133 436 1169 Item.
467 1133 508 1168 In
529 1130 637 1168 omni
658 1139 767 1167 motu
789 1129 1007 1168 successivo
1028 1137 1083 1166 est
1103 1128 1246 1178 aliquid
1268 1141 1349 1166 me-

276 1186 385 1223 dium
405 1185 502 1222 inter
521 1184 603 1222 eius
623 1193 809 1221 extrema:
831 1183 923 1233 quia
938 1183 1101 1220 medium
1122 1183 1239 1220 estad
1252 1184 1352 1232 quod

275 1240 448 1276 continue
476 1245 615 1275 motum
640 1240 768 1288 primo
796 1240 894 1275 venit
923 1249 1035 1287 quam
1056 1237 1107 1274 ad
1131 1237 1300 1274 ultimum
1315 1237 1347 1274 ³¹².

275 1295 375 1330 Inter
403 1304 485 1329 eSSe
515 1299 646 1329 autem
676 1299 711 1328 ei
746 1303 826 1328 1¹10ss
859 1303 954 1337 eSSe,
983 1303 1084 1340 quae
1120 1299 1209 1328 Sunt
1237 1290 1348 1340 quasi
1365 1308 1390 1322 ¹⁰

274 1354 444 1383 extrema
473 1345 686 1392 creationis,
717 1357 797 1382 non
827 1353 951 1395 potest
980 1357 1063 1382 esse
1088 1343 1246 1394 aliquod
1267 1357 1348 1382 me-

274 1399 393 1437 dium.
425 1399 539 1448 Igitur
568 1412 647 1436 non
676 1407 731 1436 est
759 1398 811 1436 ibi
840 1399 968 1448 aliqua
998 1398 1202 1436 successio.

327 1454 479 1490 Adhuc.
510 1455 551 1490 In
581 1452 689 1490 omni
718 1452 881 1490 factione
906 1453 943 1489 in
970 1464 1048 1502 qua
1067 1460 1123 1489 est
1137 1452 1346 1498 successio,

274 1506 356 1543 fieri
377 1514 432 1544 est
451 1515 537 1544 ante
558 1507 701 1544 facturn
722 1519 821 1543 esse:
850 1515 891 1544 ut
911 1507 1099 1556 probatur
1117 1506 1156 1543 in
1176 1507 1226 1543 VI
1246 1507 1347 1556 Phy-

207 1568 243 1586 ¹⁰³
273 1563 434 1598 „cicorum
454 1561 485 1597 ²⁵.
517 1561 603 1598 Hoc
639 1569 770 1597 autern
806 1559 845 1597 in
881 1559 1073 1598 creatione
1109 1572 1189 1597 non
1222 1568 1371 1609 potest¹

274 1614 457 1652 accidere.
480 1614 583 1662 Quia
603 1613 687 1651 fieri
707 1614 814 1663 quod
834 1614 1082 1664 praecederet
1101 1614 1244 1651 factum
1264 1626 1347 1652 esse

274 1676 481 1714 creaturae,
511 1667 695 1716 indigeret
729 1667 860 1717 aliquo
894 1667 1079 1705 subiecto.
1117 1667 1237 1715 Quod
1267 1680 1348 1705 non

273 1730 403 1771 posset
431 1734 513 1759 esse
542 1722 625 1771 ipsa
653 1730 827 1759 creatura
859 1722 907 1758 de
936 1721 1048 1760 cuius
1075 1721 1269 1758 creatione
1293 1723 1347 1758 lo-

273 1775 442 1825 quimur,
464 1775 554 1824 quia
584 1775 644 1812 illa
674 1787 753 1812 non
783 1782 839 1812 est
867 1782 954 1812 ante
984 1775 1126 1812 factum
1147 1787 1244 1812 esse:
1276 1787 1347 1812 nec

274 1828 390 1866 etiam
411 1829 447 1866 in
469 1827 621 1874 factore,
643 1841 722 1866 non
753 1829 857 1866 enirn
887 1828 1037 1866 moveri
1058 1837 1113 1866 est
1133 1837 1240 1866 actus
1263 1841 1347 1866 mo-

273 1882 407 1928 ventis,
428 1883 495 1920 sed
516 1882 611 1920 moti
622 1882 652 1919 *.
683 1882 982 1932 Relinqueretur
1000 1882 1114 1930 igitur
1133 1883 1240 1931 quod
1263 1881 1347 1919 fieri

273 1936 430 1973 haberet
449 1948 520 1985 pro
536 1935 708 1973 subiecto
724 1936 895 1986 aliquam
915 1935 1117 1973 materiam
1136 1935 1222 1973 facti
1238 1948 1346 1985 prae-

273 1989 508 2027 existentem.
527 1989 647 2036 Quod
667 1997 723 2026 est
742 1997 875 2027 contra
890 1988 1094 2026 creationis
1114 1989 1303 2026 rationem
1313 1989 1344 2026 *.

272 2043 511 2092 Impossibile
541 2051 595 2080 est
624 2042 737 2091 igitur
764 2043 801 2080 in
831 2042 1024 2079 creatione
1059 2042 1346 2080 successionem

272 2108 366 2134 esse.

327 2150 517 2200 Amplius.
559 2150 732 2188 Omnem
770 2149 975 2187 factionem
1013 2149 1273 2187 successivam
1308 2149 1347 2187 in

272 2212 447 2253 tempore
468 2211 620 2253 oportet
639 2215 738 2240 esse:
771 2203 878 2253 prius
907 2203 1013 2240 enim
1037 2211 1073 2240 et
1097 2203 1289 2253 posterius
1309 2203 1348 2241 in

273 2265 382 2295 motu
412 2265 668 2295 numerantur
695 2265 872 2307 tempore
892 2257 922 2294 *.
955 2256 1081 2294 Simul
1100 2265 1231 2294 autem
1252 2257 1348 2294 divi·

273 2311 376 2348 ditur
393 2319 558 2360 tempuS‚
580 2318 616 2348 et
635 2318 776 2356 motuS,
797 2318 834 2348 et
862 2310 900 2348 id
929 2323 1047 2360 super
1074 2311 1182 2360 quod
1216 2311 1349 2348 transit

273 2364 444 2402 motus*.
462 2364 582 2412 Quod
603 2363 763 2414 quidem
783 2363 822 2401 in
843 2372 953 2401 motu
969 2363 1079 2401 locali
1099 2363 1347 2401 manifestum

273 2426 343 2456 est:
366 2429 458 2455 nam
474 2417 513 2454 in
534 2417 737 2455 medietate
752 2417 938 2467 temporis
954 2416 1175 2467 regulariter
1195 2425 1347 2455 motum

273 2470 474 2522 pertransit
502 2471 678 2508 medium
707 2470 994 2520 magnitudinis,
1033 2470 1182 2508 Divisio
1216 2479 1347 2508 autem

273 2526 312 2563 in
348 2524 481 2562 formis
516 2525 756 2585 respondens
792 2523 972 2562 divisioni
1007 2524 1194 2585 temporis
1228 2532 1348 2562 atten-

273 2579 375 2616 ditur
394 2579 612 2616 secundum
641 2578 899 2616 intensionem
919 2586 956 2615 et
976 2578 1263 2615 remissionem:
1294 2587 1346 2624 ut,

273 2632 303 2669 si
323 2631 495 2682 aliquid
487 2644 525 2669 m
545 2640 651 2670 tanto
680 2640 856 2682 tempore
885 2639 1036 2669 tantum
1055 2631 1191 2678 calefit,
1212 2631 1251 2669 in
1276 2631 1347 2670 mi-

272 2685 357 2724 nori
377 2685 519 2723 minus.
542 2686 770 2724 Secundum
791 2686 867 2723 hoc
886 2685 999 2734 igitur
1017 2693 1143 2735 potest
1159 2697 1241 2722 esse
1262 2697 1347 2724 suc—

271 2739 394 2777 cessio
428 2739 467 2776 in
502 2747 624 2785 motu,
654 2740 716 2776 vel
744 2751 996 2789 quacumque
1029 2738 1208 2784 factione,
1238 2739 1347 2789 quod

273 2793 310 2830 id
339 2793 557 2831 secundum
587 2793 695 2843 quod
725 2801 781 2830 est
809 2801 951 2839 motus,
977 2800 1034 2830 est
1052 2792 1259 2830 divisibile:
1286 2794 1347 2830 vel

273 2847 490 2884 secundum
519 2846 784 2896 quantitatem,
805 2846 902 2884 sicut
921 2846 961 2884 in
981 2854 1092 2884 motu
1121 2846 1231 2883 locali
1251 2854 1288 2883 et
1308 2846 1346 2884 in

327 2970 337 2987 ι
361 2963 438 2987 etiam
457 2962 493 2991 D,
514 2967 599 2987 autem
618 2969 679 2987 cum
700 2962 739 2995 ρΑ
758 2962 849 2987 ceteri.
939 2969 958 2993 4
976 2961 1038 2995 non]
1059 2969 1145 2994 neque
1164 2962 1226 2987 αΡε.

273 2998 344 3031 quod
364 2997 442 3023 DGZ.
533 3005 549 3031 9
569 2998 654 3031 primo
673 3004 716 3023 om
736 2997 765 3029 B,
784 3000 848 3023 ante
867 3001 968 3022 motum
987 2997 1016 3028 Z,
1035 2997 1108 3030 prius
1129 2997 1156 3022 P.

273 3039 345 3059 actus
358 3041 401 3059 om
415 3041 455 3060 ac.

273 3075 298 3095 et
316 3075 421 3103 tempus
439 3069 526 3095 «xre.

328 3112 361 3131 ιο
376 3105 444 3138 essel
459 3111 500 3131 est
514 3105 610 3130 aGXZ.

274 3141 399 3174 ptioneml
420 3141 614 3174 susceptionem
634 3140 664 3165 D.

619 3068 650 3094 35
671 3068 776 3102 aliquid]
796 3069 891 3103 aliqui·
910 3068 1064 3094 aENle’c.

694 3112 723 3130 ιι
742 3104 803 3138 non]
820 3112 867 3130 nec
881 3105 922 3130 ab.

1317 2961 1330 2987 5
1351 2962 1460 2987 mutatio
1479 2963 1500 2986 Α
1516 2961 1602 2991 solum
1621 2960 1764 2995 generatio.

1250 3004 1281 3023 1²
1301 2997 1336 3023 ibi
1356 2998 1442 3031 aquun
1461 2998 1483 3022 Α
1503 2998 1588 3027 solun
1607 2997 1694 3030 aliqua
1713 2997 1744 3028 D,
1764 2996 1790 3022 in
1809 2997 1940 3022 creatione
1958 2997 2050 3022 ceteri.

543 3040 571 3058 αι
596 3033 805 3069 Relinquereturl
826 3033 992 3066 Relinquitur
1010 3033 1161 3063 DEWZPm
1181 3033 1258 3066 igitur
1271 3040 1315 3058 om
1330 3033 1361 3059 D.

1151 3070 1176 3093 in
1196 3070 1243 3094 alt.
1263 3069 1330 3102 Ioco]
1351 3075 1378 3095 et
1396 3069 1471 3099 αῡΥ,
1491 3074 1517 3094 et
1534 3069 1560 3094 in
1579 3069 1678 3094 sYch.

1007 3104 1038 3130 15
1053 3105 1145 3138 possit]
1161 3110 1251 3138 posset
1264 3105 1314 3136 αΧ,
1329 3112 1371 3131 om
1387 3105 1418 3136 Ε,
1429 3110 1515 3138 potest
1530 3105 1573 3130 Pc.

1406 815 1634 856 augmento;
1664 809 1726 845 vel
1755 807 1973 845 secundum
1998 807 2256 847 intensionem
2286 817 2322 847 et
2350 810 2483 848 remis-

1406 861 1570 906 sionem,
1600 861 1698 899 sicut
1727 861 1767 898 in
1795 861 2030 899 alteratione.
2069 862 2158 900 Hoc
2184 871 2316 901 autem
2345 876 2482 902 secun-

1406 915 1503 952 dum
1532 915 1717 964 contingit
1748 915 1969 965 dupliciter:
2005 927 2087 952 uno
2116 917 2250 962 modo,
2279 917 2371 967 quia
2400 918 2483 968 ipsa

1405 968 1530 1006 forma
1550 981 1652 1018 quae
1672 976 1727 1005 est
1746 969 1935 1006 terminus
1963 977 2105 1015 motus,
2127 977 2183 1007 est
2201 969 2400 1008 divisibilis
2425 983 2483 1009 se-

1406 1022 1583 1059 cundum
1608 1022 1867 1060 intensionem
1897 1031 1933 1060 et
1962 1022 2244 1070 remissionem,
2265 1024 2363 1061 sicut
2380 1033 2484 1074 patet

1406 1088 1498 1113 cum
1519 1075 1664 1126 aliquid
1693 1084 1875 1114 movetur
1903 1076 1953 1114 ad
1981 1076 2219 1122 albedinem;
2248 1077 2324 1115 alio
2347 1078 2483 1124 modo,

1405 1129 1498 1179 quia
1526 1129 1608 1168 talis
1637 1129 1777 1168 divisio
1805 1130 1991 1179 contingit
2018 1130 2058 1168 in
2086 1130 2406 1180 dispositionibus
2433 1131 2484 1169 ad

1405 1185 1520 1227 talem
1549 1184 1728 1230 formam,
1758 1183 1856 1221 sicut
1883 1183 1967 1222 fieri
2001 1183 2098 1233 ignis
2133 1184 2399 1223 successivum
2428 1193 2484 1222 est

1404 1245 1564 1287 propter
1598 1237 1863 1275 alterationem
1899 1238 2197 1288 praecedentem
2225 1238 2325 1277 circa
2353 1238 2484 1290 dispo-

1405 1290 1562 1329 sitiones
1591 1292 1640 1329 ad
1667 1291 1849 1329 formam.
1879 1293 2014 1342 Ipsum
2042 1300 2174 1330 autem
2203 1304 2286 1330 esse
2298 1292 2483 1331 -substan-

1404 1345 1490 1383 tiale
1511 1353 1709 1383 creaturae
1729 1357 1810 1383 non
1830 1353 1887 1383 est
1905 1345 2095 1383 divisibile
2115 1346 2238 1384 modo
2263 1346 2480 1396 praedicto:

1404 1398 1496 1448 quia
1514 1401 1717 1437 substantia
1737 1412 1812 1437 non
1831 1401 1980 1450 suscipit
1999 1401 2124 1450 magis
2142 1406 2176 1437 et
2199 1402 2323 1438 minus
2336 1400 2367 1437 *.
2398 1401 2484 1438 Nec

1405 1453 1442 1490 in
1459 1452 1653 1490 creatione
1668 1453 1907 1503 praecedunt
1921 1452 2205 1502 dispositiones,
2220 1454 2381 1492 materia
2400 1466 2482 1492 non

1403 1506 1698 1556 praeexistente:
1729 1519 1821 1544 nam
1849 1506 2051 1557 dispositio
2080 1519 2126 1544 ex
2155 1515 2262 1558 parte
2298 1508 2482 1546 materiae

1388 1567 1471 1597 'est.
1487 1560 1735 1610 Relinquitur
1749 1560 1863 1610 igitur
1876 1560 1985 1611 quod
2001 1559 2041 1597 in
2055 1561 2250 1599 creatione
2265 1573 2346 1599 non
2360 1561 2482 1612 possit

1404 1626 1486 1651 esse
1516 1614 1645 1664 aliqua
1673 1613 1878 1652 successio.

1457 1668 1670 1705 Praeterea.
1702 1668 1905 1706 Successio
1933 1668 1974 1706 in
2008 1680 2139 1706 rerum
2174 1667 2406 1708 factionibus
2433 1682 2481 1708 ex

1403 1721 1554 1758 defectu
1573 1721 1756 1759 materiae
1776 1721 1966 1771 provenit,
1982 1734 2084 1771 quae
2103 1734 2185 1759 non
2204 1723 2483 1761 convenienter

1404 1783 1460 1812 est
1478 1787 1501 1812 a
1519 1774 1710 1825 principio
1731 1775 1779 1812 ad
1807 1775 2071 1825 receptionem
2099 1775 2248 1814 formae
2276 1776 2479 1826 disposita:

1363 1849 1388 1863 ,ο
1404 1828 1520 1874 unde,
1542 1828 1883 1878 quando'materia
1912 1828 1990 1866 iarn
2017 1829 2184 1879 perfecte
2213 1829 2398 1880 disposita
2425 1838 2481 1868 est

1403 1881 1452 1919 ad
1481 1882 1661 1928 formam,
1687 1894 1775 1919 eam
1805 1881 1938 1932 recipit
1965 1882 2006 1920 in
2033 1882 2199 1920 instanti.
2229 1883 2278 1921 Et
2305 1883 2396 1922 inde
2425 1891 2482 1922 est

1403 1935 1523 1985 quod,
1544 1935 1637 1985 quia
1656 1934 1899 1985 diaphanum
1923 1947 2080 1985 semper
2102 1943 2159 1973 est
2185 1935 2224 1973 in
2250 1936 2387 1975 ultima
2405 1937 2481 1975 dis-

1403 1988 1595 2038 positione
1615 1989 1664 2026 ad
1684 1990 1825 2034 lucem,
1846 1988 1974 2026 statim
2002 1989 2052 2026 ad
2080 1989 2340 2039 praesentiam
2363 1990 2483 2028 lucidi

1404 2042 1442 2079 in
1463 2049 1550 2080 actu
1575 2041 1829 2087 illuminatur;
1860 2054 1932 2080 nec
1961 2042 2098 2092 aliquis
2127 2051 2259 2080 motus
2286 2043 2483 2093 praecedit

1363 2117 1373 2130 2
1403 2108 1450 2133 ex
1478 2103 1585 2146 parte
1614 2095 1888 2142 illuminabilis,
1917 2096 1986 2134 sed
2019 2097 2147 2134 solum
2182 2105 2314 2134 motus
2350 2097 2482 2136 localis

1404 2162 1451 2187 ex
1469 2157 1577 2200 parte
1606 2148 1869 2196 illuminantis,
1894 2162 1965 2200 per
1992 2162 2113 2200 quem
2141 2149 2185 2188 fit
2211 2162 2416 2201 praesens.¹
2437 2151 2480 2191 In

1404 2203 1597 2241 creatione
1626 2211 1759 2241 autem
1787 2202 1883 2241 nihil
1910 2203 2169 2253 praeexigitur
2195 2216 2242 2242 ex
2271 2212 2379 2254 parte
2398 2217 2480 2244 ma-

1404 2257 1536 2295 teriae:
1559 2269 1631 2294 nec
1650 2256 1796 2307 aliquid
1815 2257 1923 2295 deest
1941 2257 2066 2306 agenti
2085 2257 2135 2295 ad
2154 2258 2352 2306 agendum
2371 2258 2482 2308 quod

1403 2318 1538 2360 postea
1565 2323 1636 2360 per
1663 2318 1818 2348 motum
1847 2310 1882 2348 ei
1911 2310 2102 2357 adveniat,
2130 2322 2223 2348 cum
2258 2311 2305 2349 sit
2338 2311 2481 2350 immo-

1376 2363 1500 2410 0bilis,
1529 2371 1572 2401 ut
1601 2363 1639 2401 in
1670 2364 1802 2402 Primo
1831 2363 1948 2402 huius
1977 2363 2152 2415 Operis*
2180 2371 2384 2403 ostensum
2412 2373 2478 2404 est.

1404 2416 1651 2467 Relinquitur
1687 2417 1801 2466 igitur
1835 2418 1944 2469 quod
1981 2417 2123 2456 creatio
2157 2417 2203 2455 sit
2235 2417 2275 2456 in
2312 2417 2478 2459 instanti.

1405 2471 1516 2509 Unde
1546 2470 1662 2508 simul
1691 2470 1847 2521 aliquid,
1878 2471 1975 2510 dum
2008 2479 2170 2517 creatur,
2199 2480 2373 2510 creatum
2406 2481 2479 2511 est:

1404 2524 1501 2562 sicut
1529 2524 1645 2562 simul
1673 2524 1913 2563 illuminatur
1939 2533 1977 2563 et
2004 2525 2266 2563 illuminatum
2293 2533 2362 2564 est.

1458 2579 1506 2615 Et
1527 2578 1624 2615 -inde
1653 2586 1710 2615 est
1737 2579 1845 2628 quod
1876 2579 2073 2629 Scriptura
2092 2579 2223 2617 divina
2243 2579 2478 2618 creationem

1404 2643 1534 2669 rerum
1556 2631 1594 2668 in
1614 2631 1835 2669 indivisibili
1864 2632 2002 2670 factam
2031 2632 2275 2683 pronunciat,
2296 2633 2428 2671 dicens
2442 2633 2479 2672 *τ

1403 2687 1449 2722 In
1475 2687 1664 2736 principio
1685 2687 1825 2723 creavit
1843 2687 1946 2723 Deus
1965 2686 2110 2724 caelum
2131 2692 2165 2724 et
2183 2692 2344 2732 terram,·
2371 2687 2480 2737 quod

1403 2738 1565 2788 quidem
1593 2738 1829 2788 principium
1858 2739 2022 2777 Basilius
2045 2741 2276 2790 principium
2303 2742 2518 2791 temporis

1403 2792 1562 2843 exponit
1579 2793 1616 2839 ‘¹‘;
1646 2792 1754 2842 quod
1791 2800 1943 2842 oportet
1977 2805 2060 2832 esse
2097 2793 2340 2839 indivisibile,
2370 2802 2413 2832 ut
2440 2793 2481 2833 in

1403 2847 1451 2884 VI
1473 2848 1722 2896 Phssicorum
1741 2846 1762 2868 ²⁸
1789 2846 1988 2897 probatur.

1849 2961 1874 2986 in
1894 2960 1959 2995 ipsa]
1979 2960 2006 2986 in
2024 2961 2083 2994 ipso
2100 2961 2186 2986 «xpc.
2274 2969 2288 2994 7
2309 2961 2415 2996 aliquid]
2435 2962 2481 2987 ali-

2142 3003 2175 3021 ιο
2194 2996 2303 3030 moveri]
2323 3003 2431 3022 movere
2448 2996 2481 3022 D.

1450 3033 1482 3058 23
1501 3033 1638 3059 creationis
1653 3033 1696 3058 ln‘c
1710 3033 1746 3063 D,
1761 3036 1826 3065 post
1844 3032 1980 3058 rationem.
2069 3040 2101 3066 ²9
2120 3037 2227 3066 tempus
2241 3037 2267 3058 et
2279 3032 2378 3067 monis)
2393 3038 2482 3058 metue

1766 3068 1798 3094 38
1817 3074 1858 3094 est
1875 3069 1925 3095 alt.
1943 3069 2000 3094 loco
2020 3075 2062 3093 om
2084 3068 2158 3094 «ΕΟ.
2245 3067 2277 3102 39
2296 3068 2371 3101 sicut}
2390 3073 2420 3094 ut
2437 3069 2482 3095 Pe.

1658 3103 1691 3130 ιδ
1705 3103 1898 3138 convenienter]
1914 3103 2072 3130 sufficienter
2084 3097 2482 3138 EGNWYZPc.19-rece-

1043 3228 1381 3262 Commentario.
1405 3229 1718 3262 Fert-ariensis

278 3337 440 3400 SECUNDA
465 3327 627 3358 distinctio
652 3327 822 3358 creationis
847 3327 886 3357 ab
906 3327 1034 3357 actione
1062 3331 1279 3357 creaturarum
1303 3332 1351 3357 est

319 3371 408 3411 quod
443 3372 528 3402 actio
561 3377 778 3403 creaturarum
807 3377 854 3402 est
881 3381 957 3402 cum
985 3371 1203 3407 successione,
1228 3372 1350 3402 creatio

277 3421 382 3446 autem
407 3422 453 3446 est
476 3416 594 3456 absque
616 3417 818 3447 successione
828 3417 855 3447 *.

333 3460 355 3490 l.
373 3461 535 3491 Probatur
551 3466 658 3491 autem
677 3461 798 3501 primo.
824 3461 994 3492 Successio
1018 3465 1065 3490 est
1089 3460 1219 3500 propria
1234 3461 1350 3491 motui.

279 3504 408 3534 Dictum
432 3511 478 3535 est
501 3511 610 3535 autem
631 3505 721 3546 quod
740 3506 860 3536 creatio
876 3514 945 3536 non
961 3510 1008 3535 est
1024 3510 1133 3535 motus
1149 3514 1258 3545 neque
1278 3514 1350 3535 mu-

279 3549 366 3584 tatio,
391 3558 473 3588 quae
498 3555 544 3580 est
567 3551 722 3581 terminus
746 3556 865 3581 motus.
891 3550 978 3590 Ergo
1003 3555 1063 3580 etc.

334 3592 384 3622 Ad
408 3593 600 3624 evidentiam
624 3595 720 3625 huius
744 3596 886 3631 rationis,
911 3593 1181 3625 considerandum
1199 3599 1245 3624 est
1261 3593 1352 3634 quod

281 3637 311 3666 in
329 3637 434 3676 aliqua
451 3638 576 3668 actione
594 3648 661 3669 esse
685 3640 925 3670 successionem
942 3638 1113 3679 dupliciter
1128 3638 1263 3679 intelligi
1279 3644 1353 3679 pot-

281 3685 337 3711 est.
362 3681 435 3711 Uno
460 3682 570 3718 modo,
588 3683 756 3714 intrinsece
781 3690 812 3714 et
836 3683 1058 3714 essentialiter:
1083 3684 1166 3714 sicut
1187 3688 1234 3714 est
1250 3683 1283 3713 in
1301 3692 1351 3713 ca-

1405 3326 1588 3363 lefactione,
1612 3336 1696 3367 quae
1720 3326 1900 3357 successive
1916 3325 1961 3362 fit,
1978 3331 2010 3357 et
2026 3325 2121 3356 habet
2143 3330 2249 3365 partes
2265 3324 2324 3355 sibi
2340 3325 2480 3356 invicem

1404 3371 1626 3402 succedentes.
1651 3371 1726 3402 Alio
1750 3370 1863 3407 modo,
1888 3371 2064 3401 extrinsece
2088 3374 2119 3400 et
2142 3369 2379 3406 antecedenter,
2404 3370 2480 3410 quia

1405 3415 1554 3447 videlicet
1577 3415 1617 3447 ad
1640 3417 1744 3456 ipsam
1768 3415 1928 3446 antecedit
1951 3415 2088 3445 mutatio
2107 3414 2302 3445 successiva:
2328 3415 2410 3445 sicut
2433 3421 2481 3446 est

1405 3461 1438 3491 in
1463 3461 1711 3497 illuminatione,
1736 3460 1776 3491 ad
1799 3469 1899 3501 quam
1922 3458 2082 3490 antecedit
2105 3464 2214 3489 motus
2238 3458 2367 3495 localis;
2392 3464 2423 3489 et
2446 3460 2480 3489 in

1404 3506 1612 3545 generatione
1636 3505 1846 3541 substantiali,
1863 3503 1903 3535 ad
1919 3513 2019 3544 quarn
2034 3502 2195 3534 antecedit
2218 3503 2373 3534 alteratio.
2391 3502 2481 3534 Con-

1406 3550 1611 3590 clusiossergo
1631 3549 1739 3581 Sancti
1756 3549 1905 3580 ‘rhomae
1929 3547 1969 3579 de
1992 3548 2197 3578 successione
2222 3553 2363 3588 utroque
2378 3547 2480 3579 modo

1407 3594 1612 3635 intelligenda
1636 3600 1698 3625 est:
1724 3594 1846 3624 scilicet
1869 3592 1959 3633 quod
1983 3593 2102 3623 creatio
2131 3598 2177 3624 est
2209 3593 2330 3633 absque
2354 3601 2481 3623 succes-

1406 3640 1497 3670 sione
1514 3645 1579 3670 tam
1595 3640 1766 3670 intrinsece
1783 3647 1882 3678 quam
1906 3638 2082 3668 extrinsece
2099 3642 2130 3668 et
2146 3636 2381 3668 antecedenter.
2404 3636 2480 3668 Ideo

1406 3685 1438 3714 in
1463 3684 1521 3714 hac
1554 3684 1677 3714 ratione
1707 3683 1877 3717 subsumit,
1902 3681 1991 3722 quod
2022 3683 2141 3713 creatio
2174 3691 2275 3723 neque
2305 3686 2353 3712 est
2376 3687 2481 3712 motus

2510 1404 2520 1413 '
2535 1403 2629 1432 Cales„
2639 1409 2676 1431 ιιι,
2685 1408 2722 1425 ao.

2507 2371 2517 2381 '
2531 2370 2590 2400 esp.
2601 2376 2654 2394 xm.

2508 2637 2518 2647 ·
2532 2635 2592 2659 Gen.
2602 2641 2620 2665 ι,
2631 2642 2651 2660 ι.

2508 2773 2605 2797 ·.Ηοιιι
2619 2773 2630 2796 1
2643 2772 2667 2796 ln
2676 2773 2724 2796 He-

2507 2806 2586 2856 §ffi-
2584 2806 2635 2855 ¹:1⁵1.
2650 2832 2673 2849 ι.
2675 2825 2722 2849 Th.
