2768 4134
32 780 43 790 ·
50 778 184 802 Commeat.
193 785 218 801 n.
224 785 250 802 u.'

31 1992 44 2004 ¹
57 1991 94 2015 cf.
104 1997 133 2014 n.
148 1997 200 2013 vm.

35 2577 47 2587 ¹
56 2575 89 2598 111
99 2576 133 2602 P„
143 2581 201 2603 xvn,
211 2581 232 2597 2.

36 2793 49 2804 ‘¹
57 2792 135 2815 S.Th.
145 2793 159 2814 1.
166 2798 192 2820 7;
201 2791 253 2814 Did.

40 2819 80 2847 V1‚
91 2825 142 2842 vin.

40 3015 52 3025 ’
65 3014 137 3037 Num.
151 3021 174 3037 V.

793 293 981 330 SUMMA
1011 294 1233 332 CONTRA
1262 295 1537 341 GENTILES,
1567 297 1661 333 LIB.
1683 297 1723 342 ΙΙ,
1755 296 1866 333 CAP.
1886 298 1967 334 LV.

278 373 464 404 convenire.
490 371 567 403 Ideo
591 372 654 402 tale
671 382 735 413 per
754 382 788 403 se
811 379 857 403 est
880 374 1072 414 simpliciter
1087 385 1152 416 per
1171 385 1214 410 se,
1234 380 1349 415 utpote

277 417 450 449 fundatum
477 427 575 457 super
597 417 775 447 rationibus
799 419 1012 449 terminorum
1037 420 1183 450 absolute
1203 425 1351 460 sumpto-

276 473 360 494 rum.
385 481 408 484 —
430 463 478 493 Ex
497 463 561 493 hoc
585 468 694 492 autem
717 463 863 502 sequitur
886 469 921 493 ut
944 464 1007 494 tale
1031 475 1048 494 a
1072 465 1218 495 subiecto
1242 465 1349 505 posito

276 508 312 538 in
334 513 457 544 natura,
482 512 514 538 et
537 516 613 538 suae
637 507 774 538 naturali
798 508 979 539 conditioni
999 509 1122 546 relicto,
1139 509 1298 540 removeri
1319 515 1351 539 et

276 553 416 593 separari
438 562 506 583 non
530 552 649 592 possit;
675 557 707 582 et
730 552 820 592 quod
837 554 1026 593 oppositum
1050 554 1105 590 illi,
1122 563 1199 584 suae
1218 559 1350 584 naturae

276 598 400 634 relicto,
421 597 595 628 convenire
623 596 768 637 implicat
791 598 1093 629 contradictionem.
1118 599 1159 629 Et
1182 598 1257 629 ideo
1281 608 1350 628 non

276 647 385 683 potest
408 642 504 672 alicui
527 641 636 682 posito
660 641 693 671 in
717 647 830 672 natura
847 644 1020 673 convenire
1044 653 1103 684 per
1126 653 1160 674 se
1184 649 1215 674 et
1238 652 1350 674 neces-

277 688 360 718 sario
383 687 446 717 nisi
466 686 542 727 quia
565 687 625 716 sibi
649 688 802 717 convenit
825 696 882 727 per
905 697 938 718 se
963 688 1159 728 simpliciter.

333 730 618 763 Considerandum
644 731 800 768 secundo,
826 742 863 762 ex
896 732 972 763 loco
1005 733 1231 773 praeallegato,
1256 737 1287 762 et
1311 741 1349 762 ex

276 786 373 817 supra
389 776 480 807 dictis
497 775 640 816 capitulo
656 786 697 806 xv
708 777 735 812 ὅ,
750 776 840 817 quod
851 777 972 817 primo,
989 778 1055 808 sive
1071 776 1247 808 secundum
1263 776 1351 817 quod

277 821 391 862 ipsum,
416 820 554 852 includit
571 830 635 861 per
656 831 690 851 se
706 827 737 852 et
761 831 859 862 super
881 823 945 852 hoc
969 821 1056 852 addit
1080 821 1349 862 adaequationem

276 865 458 907 quandam:
484 865 575 907 quod
599 866 720 896 scilicet
747 867 929 897 subiectum
953 877 1021 897 non
1053 867 1235 897 inveniatur
1263 871 1349 896 extra

274 910 506 952 praedicatum,
522 920 629 950 neque
646 910 866 951 praedicatum
882 918 969 942 extra
985 912 1183 947 subiectum;
1203 911 1267 940 hoc
1291 916 1348 946 est,

276 955 367 997 quod
383 956 463 986 nihil
478 956 594 986 habeat
609 956 769 986 rationem
781 956 855 987 ‘talis
872 957 1017 993 subiecti,
1038 962 1103 992 aut,
1120 957 1265 996 inquam,
1283 954 1348 985 for-

274 1001 401 1032 maliter
424 1006 479 1031 aut
502 1000 684 1031 secundum
714 1002 1006 1041 participationem,
1036 1001 1088 1031 cui
1118 999 1199 1031 illud
1222 999 1348 1040 praedi-

275 1052 384 1077 catum
407 1055 476 1076 non
501 1046 691 1082 conveniat;
709 1051 741 1076 et
763 1046 984 1086 praedicatum
1000 1045 1082 1076 nulli
1105 1045 1278 1076 conveniat
1295 1045 1347 1075 cui

273 1101 343 1122 non
367 1091 539 1122 conveniat
562 1091 756 1127 subiectum,
773 1096 828 1121 aut
844 1090 1021 1122 formaliter
1041 1095 1096 1120 aut
1115 1090 1347 1130 participative.

275 1136 328 1167 Sic
352 1136 440 1167 enim
464 1134 602 1166 dicimus
626 1135 748 1166 risibile
775 1135 881 1176 primo
909 1135 1035 1166 homini
1058 1136 1242 1171 convenire,
1272 1135 1348 1175 quia

274 1181 383 1212 nullus
407 1185 455 1211 est
472 1180 575 1211 homo
601 1181 658 1220 qui
684 1189 753 1210 non
784 1180 824 1210 sit
854 1181 991 1217 risibilis,
1015 1189 1124 1221 neque
1154 1178 1277 1220 aliquid
1301 1184 1348 1210 est

273 1226 392 1256 risibile
417 1225 508 1266 quod
531 1234 600 1255 non
624 1225 664 1255 sit
686 1225 806 1255 homo:
834 1225 925 1255 Sorti
948 1231 1057 1256 autem
1081 1234 1159 1255 non·
1173 1224 1347 1255 convenire

273 1271 392 1312 primo,
417 1270 564 1311 quamvis
588 1270 618 1300 ei
642 1270 815 1300 conveniat
838 1279 896 1310 per
918 1280 963 1307 se,
981 1270 1057 1310 quia
1080 1269 1175 1300 alicui
1195 1269 1349 1300 convenit

275 1317 333 1356 qui
355 1325 424 1347 non
449 1321 497 1347 est
513 1314 639 1346 *Sortes

288 1366 299 1369 ⁴
328 1360 414 1391 Dico
437 1360 534 1401 igitur
557 1359 648 1400 quod
672 1369 740 1390 esse
762 1360 938 1390 convenire
960 1369 1024 1400 per
1045 1369 1080 1389 se
1092 1359 1232 1400 formae
1255 1358 1349 1388 intel-

273 1405 383 1446 ligitur
401 1405 511 1446 primo
535 1409 567 1435 et
587 1404 763 1435 secundum
787 1404 876 1445 quod
899 1405 1002 1444 ipsum
1023 1404 1073 1434 illi
1095 1404 1290 1434 convenire:
1313 1408 1349 1433 ut

274 1455 363 1491 patet
385 1450 449 1480 hoc
473 1449 549 1480 loco
573 1459 591 1479 a
614 1449 699 1480 Divo
716 1449 857 1485 Thoma,
875 1450 931 1489 qui
943 1459 1005 1489 per
1019 1458 1054 1479 se
1073 1448 1206 1488 exponit
1229 1456 1288 1487 pro
1308 1457 1348 1477 eo

273 1495 365 1535 quod
388 1500 435 1525 est
458 1493 635 1525 secundum
658 1494 746 1535 quod
769 1493 883 1534 ipsum.
915 1494 957 1523 Et
980 1494 1056 1534 quia
1075 1492 1185 1533 primo
1213 1491 1349 1522 includit

267 1549 333 1580 per
349 1549 384 1570 se
399 1544 436 1569 ut
451 1538 657 1578 distinguitur
674 1543 786 1568 contra
797 1548 860 1578 per
875 1538 1035 1573 accidens,
1052 1537 1127 1568 ideo
1148 1537 1264 1567 dicitur
1279 1545 1349 1566 esse

274 1589 307 1614 et
323 1594 388 1625 per
409 1593 444 1614 se
466 1582 657 1622 simpliciter
679 1588 711 1613 et
728 1583 839 1623 primo
863 1582 909 1612 illi
932 1583 1121 1612 convenire:
1146 1591 1204 1621 per
1227 1590 1260 1611 se
1277 1581 1349 1620 qui-

274 1627 360 1665 dem,
376 1628 453 1668 quia
465 1637 505 1658 ex
516 1628 586 1667 ipsa
602 1627 739 1657 essentia
755 1626 880 1657 formae
895 1627 1124 1667 consequitur;
1140 1626 1247 1665 primo
1260 1634 1348 1660 vero,

274 1673 351 1714 quia
373 1673 467 1703 omni
489 1671 613 1702 formae
645 1672 800 1701 convenit
823 1680 903 1707 esse,
928 1676 959 1701 et
989 1680 1059 1701 esse
1086 1670 1167 1700 nulli
1198 1669 1351 1699 convenit

273 1718 336 1749 nisi
358 1717 435 1758 quia
459 1722 514 1747 aut
538 1721 586 1746 est
608 1715 712 1746 forma
733 1722 789 1746 aut
811 1716 982 1756 participat
1003 1715 1153 1746 formam.
1178 1714 1270 1744 Patet
1291 1714 1350 1743 ista

273 1762 496 1804 interpretatio
514 1771 552 1792 ex
576 1761 615 1791 iis
639 1770 723 1802 quae
747 1766 779 1791 et
802 1761 866 1791 hoc
889 1760 976 1796 loco,
1001 1765 1034 1790 et
1056 1760 1162 1790 Prima
1179 1768 1210 1798 q.
1227 1769 1256 1794 L,
1273 1768 1301 1788 a.
1320 1759 1349 1794 5,

274 1807 353 1839 dicit
375 1807 513 1838 Sanctus
536 1805 700 1842 Thomas3
725 1811 757 1836 et
773 1815 811 1836 ex
836 1805 987 1845 exemplo
1011 1804 1152 1835 adducto
1174 1803 1214 1834 de
1238 1809 1351 1833 rotun-

275 1852 374 1884 ditate
397 1851 521 1887 circuli‚
545 1856 672 1881 constat
695 1851 783 1881 enim
800 1850 891 1890 quod
906 1848 1087 1880 rotunditas
1110 1858 1168 1889 per
1191 1858 1225 1879 se
1242 1848 1349 1888 primo

275 1897 463 1938 simpliciter
479 1897 634 1926 convenit
649 1895 783 1931 circulo,
801 1900 833 1925 et
848 1904 917 1925 non
933 1900 1060 1925 tantum
1076 1903 1134 1934 per
1149 1903 1182 1924 se
1206 1893 1349 1934 physice.

330 1942 385 1972 VI.
402 1940 467 1973 Sed
490 1945 603 1971 contra
620 1940 704 1971 hanc
719 1940 1020 1981 interpretationem
1036 1938 1157 1969 multae
1180 1938 1352 1977 insurgunt

276 1986 515 2019 difficultates*.
528 1985 634 2015 Prima
651 1990 708 2016 est.
725 1984 759 2015 Si
775 1994 844 2015 esse
857 1985 1011 2015 convenit
1027 1983 1150 2014 formae
1167 1982 1351 2013 subsistenti

276 2041 335 2073 per
357 2041 392 2062 se
415 2030 614 2071 simpliciter,
642 2030 788 2070 sequitur
818 2028 909 2069 quod
932 2029 991 2059 ista
1015 2029 1055 2059 sit
1082 2027 1270 2068 simpliciter
1293 2036 1351 2067 per

276 2087 321 2114 se,
345 2076 492 2118 Angelus
515 2080 572 2106 est.
597 2074 662 2106 Sed
676 2075 741 2105 hoc
757 2079 805 2105 est
820 2073 949 2104 falsum.
972 2074 1060 2114 Ergo
1077 2078 1138 2103 etc.
1154 2091 1177 2094 —
1193 2072 1351 2102 Probatur

276 2121 406 2152 falsitas.
430 2120 464 2152 Si
486 2121 546 2150 ista
569 2125 653 2150 esset
679 2119 868 2159 simpliciter
890 2128 949 2159 per
971 2128 1015 2155 se,
1040 2118 1189 2159 Angelus
1212 2122 1268 2153 est,
1293 2126 1350 2147 sua

277 2166 430 2207 opposita
441 2164 622 2205 implicaret
638 2163 940 2195 contradictionem.
953 2163 995 2194 Et
1010 2163 1055 2194 sic
1071 2172 1139 2193 non
1155 2167 1266 2202 posset
1282 2160 1351 2191 fieri

277 2222 296 2242 a
318 2211 391 2242 Deo
415 2209 507 2250 quod
522 2209 655 2250 angelus
671 2219 739 2239 non
756 2214 849 2239 esset.
874 2208 948 2239 Hoc
964 2213 1012 2238 est
1034 2213 1147 2238 contra
1171 2206 1351 2237 doctrinam

277 2256 428 2287 omnium
451 2254 694 2295 theologorum.
719 2254 806 2294 Ergo
831 2258 891 2284 etc.

333 2299 484 2331 Secunda
508 2304 566 2330 est.
591 2298 692 2337 Quod
716 2299 870 2329 convenit
892 2297 988 2328 alicui
1005 2306 1062 2337 per
1077 2306 1111 2327 se
1135 2297 1251 2337 primo,
1268 2305 1352 2326 nun-

278 2355 378 2386 quam
402 2345 441 2375 ab
466 2354 506 2374 eo
531 2349 705 2384 separatur,
722 2343 834 2374 saltem
849 2342 1051 2373 naturaliter:
1068 2351 1187 2382 neque,
1206 2342 1351 2381 inquam,

277 2399 337 2431 per
359 2399 394 2420 se
416 2398 525 2429 neque
549 2398 607 2429 per
634 2387 793 2419 accidens.
825 2387 888 2418 Sed
913 2397 981 2417 esse
1010 2392 1174 2427 separatur
1201 2396 1219 2416 a
1249 2385 1353 2416 forma

278 2436 313 2466 in
329 2434 539 2474 corruptione
556 2433 744 2473 compositi:
762 2442 849 2469 nam,
867 2437 1020 2472 corrupto
1037 2431 1232 2472 composito,
1250 2429 1354 2461 forma

279 2480 418 2520 amplius
441 2487 509 2508 non
533 2483 581 2508 est
611 2476 793 2518 (loquendo
818 2476 858 2507 de
881 2476 949 2507 aliis
973 2476 1086 2507 formis
1112 2476 1151 2506 ab
1175 2477 1282 2506 anima
1305 2475 1354 2505 in-

279 2523 464 2562 tellectiva).
489 2522 576 2562 Ergo
601 2527 662 2553 etc.
678 2540 701 2544 —
717 2521 949 2553 Confirmatur.
973 2521 1060 2560 Quia
1083 2521 1116 2551 in
1141 2520 1282 2556 Christo,
1306 2529 1354 2550 se-

280 2567 426 2600 cundum
458 2566 640 2597 doctrinam
671 2566 780 2598 Sancti
804 2566 953 2597 Thomae
968 2567 996 2603 ἦ
1023 2565 1130 2596 anima
1160 2575 1228 2595 non
1259 2565 1355 2595 habet

281 2623 350 2644 esse
380 2612 561 2653 proprium,
593 2610 650 2642 sed
679 2617 778 2642 tracta
808 2616 856 2642 est
883 2610 924 2641 ad
954 2620 1022 2641 esse
1053 2610 1153 2641 divini
1183 2609 1354 2649 suppositi.

281 2658 368 2698 Ergo
393 2662 454 2687 etc.

338 2702 448 2732 Tertia
471 2706 528 2731 est.
553 2700 632 2730 Esse
655 2700 762 2739 primo
787 2705 819 2730 et
842 2709 900 2739 per
923 2709 956 2729 se
976 2698 1130 2729 convenit
1153 2698 1352 2737 composito:

282 2747 359 2788 quia
385 2745 570 2786 composito
601 2745 731 2784 proprie
761 2744 914 2774 convenit
937 2743 1016 2779 fieri,
1047 2748 1084 2773 ut
1114 2748 1161 2772 est
1184 2742 1224 2772 de
1246 2747 1356 2771 mente

282 2791 475 2826 Aristotelis,
499 2789 557 2819 V11
586 2789 740 2828 Metaph„
765 2794 843 2818 text.
871 2797 910 2827 27
927 2789 954 2824 *,
978 2793 1010 2817 et
1036 2788 1069 2817 in
1097 2785 1228 2816 infinitis
1252 2795 1356 2826 prope

283 2837 364 2867 locis
388 2836 463 2866 citat
494 2834 631 2865 Sanctus
654 2833 810 2863 Thomas.
838 2833 925 2872 Ergo
952 2841 1020 2862 non
1051 2831 1262 2871 consequitur
1292 2829 1357 2860 for-

284 2890 373 2911 mam
397 2880 503 2920 primo
528 2884 560 2909 et
582 2887 641 2918 per
664 2887 707 2908 se.

340 2925 464 2963 Quarta
479 2929 537 2954 est.
554 2921 655 2961 Quod
671 2922 823 2952 convenit
839 2921 934 2951 alicui
953 2921 1060 2961 primo
1078 2925 1109 2950 et
1131 2929 1190 2960 per
1212 2929 1256 2955 se,
1282 2928 1357 2949 cau-

285 2975 372 3001 satur
396 2979 434 3000 ex
457 2968 623 3009 principiis
651 2966 911 2998 substantialibus
935 2966 1014 3001 eius,
1039 2965 1064 2995 si
1091 2965 1131 2995 sit
1154 2965 1193 2994 ab
1222 2964 1359 2994 essentia

285 3015 412 3046 realiter
427 3013 624 3048 distinctum,
642 3018 678 3042 ut
693 3016 781 3051 patet
797 3020 835 3041 ex
851 3010 943 3041 dictis
955 3011 981 3040 ’ἦ
1006 3009 1080 3045 Sed,
1103 3014 1140 3039 ut
1155 3009 1261 3049 inquit
1279 3008 1358 3039 San—

287 3065 357 3090 ctus
381 3059 527 3089 Thomas
550 3057 665 3093 Prima,
682 3065 713 3096 q.
730 3066 774 3091 111,
791 3065 818 3085 a.
835 3064 867 3094 4,
891 3064 960 3085 esse
975 3064 1041 3084 non
1060 3058 1170 3094 potest
1191 3063 1259 3084 esse
1281 3062 1358 3083 cau-

285 3109 392 3135 satum
409 3113 451 3134 ex
464 3102 636 3144 principiis
651 3100 874 3131 essentialibus
891 3099 948 3130 rei.
965 3099 1052 3139 Ergo
1068 3098 1150 3129 nulli
1173 3099 1219 3129 rei
1235 3103 1359 3128 creatae

286 3154 395 3190 potest
417 3148 591 3179 convenire
615 3147 722 3186 primo
748 3150 780 3175 et
802 3154 860 3184 per
882 3154 926 3174 se.

342 3193 411 3224 VII.
439 3193 503 3223 Pro
531 3192 695 3222 solutione
718 3190 834 3220 harum
864 3188 1100 3224 difficultatum,
1128 3186 1360 3217 attendendum

287 3244 335 3269 est
363 3237 455 3278 quod
483 3236 571 3267 aliud
601 3241 649 3266 est
678 3234 900 3275 praedicatum
929 3232 1063 3272 aliquod
1090 3241 1158 3262 non
1186 3231 1360 3262 convenire

288 3283 383 3314 alicui
406 3283 570 3317 subiect0;
591 3287 623 3311 et
638 3279 725 3311 aliud
747 3280 854 3319 ipsum
879 3288 896 3308 a
920 3277 1066 3308 subiecto
1089 3277 1237 3316 separari,
1265 3281 1320 3306 aut
1343 3285 1361 3306 e

289 3337 458 3358 converso.
483 3326 535 3357 Ad
558 3326 701 3366 primum
725 3325 812 3354 enim
843 3322 960 3353 sufficit
986 3322 1115 3361 negatio
1146 3320 1320 3360 praedicati
1343 3330 1362 3350 a

289 3373 449 3403 subiecto:
476 3377 507 3402 et
530 3370 605 3401 ideo
631 3370 727 3400 etiam
751 3368 790 3399 de
815 3368 961 3398 subiecto
984 3376 1053 3396 non
1076 3366 1231 3396 existente
1254 3370 1362 3405 potest

289 3416 353 3447 dici
373 3416 465 3457 quod
479 3425 549 3446 non
565 3420 613 3446 est
627 3415 700 3450 tale,
718 3414 801 3444 sicut
817 3412 856 3443 de
877 3412 969 3442 Sorte
992 3420 1059 3441 non
1082 3411 1236 3440 existente
1254 3415 1362 3450 potest

289 3461 353 3492 diei
377 3460 468 3501 quod
490 3470 558 3491 non
583 3465 630 3490 est
653 3459 754 3489 albus.
779 3457 831 3488 Ad
854 3456 1034 3487 secundum
1050 3464 1139 3491 vero,
1161 3455 1292 3494 proprie
1313 3454 1362 3484 lo-

289 3505 434 3546 quendo,
459 3515 527 3535 non
550 3503 669 3535 sufficit
691 3503 820 3543 negatio
836 3503 934 3537 unius
953 3500 992 3531 de
1012 3500 1086 3536 alio,
1110 3499 1167 3529 sed
1190 3499 1363 3538 requiritur

290 3550 382 3591 quod
396 3559 501 3581 unum
517 3550 558 3579 sit
572 3549 636 3579 alio
649 3549 708 3578 sibi
721 3557 789 3578 non
804 3547 1009 3577 inexistente:
1023 3544 1138 3575 dicitur
1153 3544 1241 3574 enim
1253 3543 1363 3574 album

291 3596 429 3636 separari
453 3605 471 3624 a
495 3594 598 3630 Sorte,
623 3592 755 3633 quando
780 3592 888 3623 Sortes
912 3596 959 3621 est
983 3595 1013 3620 et
1035 3599 1103 3619 non
1128 3594 1175 3618 est
1202 3588 1302 3618 albus.

346 3638 592 3670 Attendendum
616 3637 771 3673 secundo,
798 3636 888 3677 quod
916 3634 1093 3665 differentia
1121 3638 1168 3663 est
1194 3633 1276 3662 inter
1299 3632 1363 3672 pri-

291 3693 385 3715 mum
401 3689 433 3714 et
448 3682 629 3714 secundum
645 3682 783 3713 modum
798 3681 984 3722 perseitatis‚
999 3680 1074 3719 quia
1090 3679 1123 3708 in
1138 3678 1244 3718 primo
1261 3676 1362 3707 modo

2402 298 2475 346 397

1405 376 1582 415 perseitatis
1611 375 1832 416 praedicatum
1859 377 1902 407 ita
1925 378 2106 408 necessario
2137 379 2375 409 concomitatur
2401 379 2476 409 sub'-

1404 421 1526 451 iectum
1542 420 1633 460 quod
1644 420 1736 451 nullo
1753 421 1865 458 modo,
1881 431 1942 452 nec
1958 431 2016 462 per
2031 431 2274 463 quamcumque
2285 424 2475 463 potentiam,

1404 470 1512 504 potest
1530 465 1667 495 inveniri
1691 466 1874 496 subiectum
1890 467 1958 496 sine
1982 466 2183 506 praedicato:
2208 473 2239 498 et
2257 468 2343 504 ideo,
2361 469 2426 498 sive
2442 469 2476 499 in

1404 518 1438 539 re
1461 510 1528 539 sive
1557 510 1591 539 in
1622 510 1880 550 apprehensione
1904 511 2086 542 intellectus
2119 518 2259 552 ponatur
2281 513 2474 550 subiectum,

1404 563 1533 594 semper
1555 554 1615 584 sibi
1635 554 1718 584 inest
1733 554 1954 594 praedicatum
1970 562 2025 586 aut
2048 557 2081 586 in
2104 566 2138 587 re
2162 562 2216 587 aut
2239 558 2273 587 in
2297 558 2476 598 apprehen-

1404 598 1496 628 sione
1512 598 1711 635 intellectus;
1729 600 1772 629 ita
1788 599 1878 639 quod
1894 609 1961 630 non
1978 606 2086 640 potest
2102 601 2235 641 intelligi
2251 602 2315 632 hoc
2334 603 2403 632 sine
2418 602 2475 633 illo

1405 652 1484 679 esse,
1519 649 1550 673 et
1577 644 1768 683 oppositum
1791 644 1979 684 simpliciter
2005 645 2294 676 contradictionem
2321 647 2475 687 implicat,

1404 697 1480 717 curn
1504 687 1590 718 idem
1607 697 1664 728 per
1680 689 1863 718 subiectum
1880 694 1911 719 et
1927 689 2145 729 praedicatum
2162 690 2338 721 formaliter
2352 692 2476 732 impor-

1403 737 1498 762 tetur.
1519 732 1554 762 ln
1578 732 1723 763 secundo
1739 742 1817 763 vero
1834 733 1946 770 modo,
1964 734 2095 773 quando
2117 734 2334 775 praedicatum
2356 742 2403 766 est
2425 746 2475 767 res

1403 777 1442 806 ab
1471 778 1607 807 essentia
1642 778 1778 808 subiecti
1809 778 1934 808 realiter
1963 778 2120 815 distincta,
2152 779 2226 810 licet
2256 780 2475 820 praedicatum

1402 821 1539 851 naturali
1556 823 1808 853 concomitantia
1824 828 1977 863 sequatur
1992 823 2184 860 subiectum,
2205 834 2273 854 non
2289 825 2476 856 inconvenit

1403 871 1511 896 tamen
1535 872 1572 897 ut
1594 876 1651 907 per
1674 866 1815 897 divinam
1840 868 2020 907 potentiam
2039 868 2233 908 impediatur
2255 879 2296 899 ne
2324 876 2476 910 sequatur

1402 910 1436 941 id
1459 911 1550 951 quod
1572 911 1752 942 secundum
1769 918 1917 942 naturam
1937 913 1971 942 in
1994 913 2099 953 seipsa
2115 913 2346 944 consideratam
2363 920 2475 945 natum

1403 961 1469 986 erat
1492 957 1660 996 consequi,
1685 962 1720 987 ut
1743 956 1876 987 inferius
1900 957 1999 987 Libro
2016 957 2141 995 Quarto
2155 958 2172 974 ⁴*
2195 957 2423 989 declarabitur:
2445 965 2476 990 et

1402 1000 1477 1030 ideo
1501 1010 1559 1041 per
1575 1000 1716 1031 divinam
1736 1002 1914 1042 potentiam
1940 1007 2048 1042 potest
2063 1012 2168 1032 unurn
2188 1003 2227 1032 ab
2251 1003 2314 1033 alio
2338 1005 2476 1043 separari

1402 1046 1436 1075 in
1453 1055 1521 1076 esse
1544 1046 1630 1082 reali,
1655 1046 1777 1077 scilicet
1800 1046 1891 1086 quod
1914 1056 2018 1077 unum
2042 1047 2082 1077 sit
2104 1047 2138 1077 in
2161 1053 2274 1078 natura
2300 1048 2368 1078 sine
2392 1048 2474 1085 alio;

1403 1095 1435 1120 et
1458 1096 1694 1131 consequenter
1717 1096 1825 1131 potest
1848 1091 2046 1131 apprehendi
2072 1092 2167 1122 etiam
2195 1101 2252 1132 per
2275 1093 2475 1123 intellectum

1403 1134 1494 1175 quod
1518 1144 1621 1166 unum
1645 1136 1684 1165 sit
1704 1141 1735 1166 et
1758 1141 1866 1166 tamen
1890 1136 1950 1166 sibi
1967 1136 2029 1166 tale
2053 1136 2274 1176 praedicatum
2296 1147 2365 1167 non
2388 1138 2474 1168 insit.

1403 1180 1564 1210 Dicuntur
1586 1186 1694 1210 tamen
1710 1180 1789 1211 tales
1805 1181 2046 1220 propositiones
2061 1182 2258 1212 necessariae
2277 1182 2474 1222 simpliciter,

1403 1229 1434 1254 et
1458 1230 1604 1255 aeternae
1628 1225 1783 1255 veritatis:
1810 1226 1886 1265 quia
1909 1225 2129 1266 praedicatum
2147 1226 2284 1257 naturali
2307 1227 2475 1257 concomi-

1402 1270 1501 1299 tantia
1524 1278 1652 1310 semper
1667 1270 1814 1310 sequitur
1829 1270 2020 1306 subiectum,
2037 1275 2178 1310 utroque
2202 1271 2383 1302 secundum
2398 1282 2474 1312 pro-

1402 1315 1505 1354 priam
1528 1319 1676 1344 naturam
1701 1314 1903 1344 considerato
1928 1321 1959 1345 et
1980 1315 2038 1345 sibi
2060 1314 2222 1352 derelicto,
2246 1325 2314 1346 non
2337 1316 2475 1356 impedi-

1402 1364 1504 1399 toque
1527 1368 1584 1398 per
1608 1358 1750 1389 divinam
1766 1360 1955 1399 potentiam,
1973 1369 2056 1400 quae
2073 1369 2149 1390 suae
2165 1359 2323 1390 infinitate
2338 1361 2473 1397 virtutis,

1403 1408 1511 1443 potest
1533 1403 1705 1443 prohibere
1728 1413 1769 1434 ne
1792 1409 1946 1444 sequatur
1969 1414 2007 1434 ex
2031 1414 2099 1435 uno
2121 1404 2210 1445 quod
2236 1405 2416 1436 secundum
2440 1415 2475 1436 se

1402 1453 1515 1478 natum
1540 1453 1587 1478 est
1609 1447 1649 1478 ad
1673 1448 1752 1478 illud
1776 1449 1943 1488 consequi.

1458 1491 1541 1522 VIII.
1569 1492 1665 1523 Tunc
1692 1493 1735 1523 ad
1756 1493 1898 1533 primam
1926 1493 2149 1534 difficultatem
2166 1494 2182 1510 ὓ
2206 1493 2332 1530 dicitur,
2356 1495 2473 1534 primo,

1403 1536 1493 1576 quod
1516 1537 1575 1566 ista
1598 1538 1780 1577 propositio
1797 1543 1844 1567 est
1860 1547 1916 1577 per
1932 1547 1975 1574 se,
1996 1538 2142 1579 Angelus
2165 1543 2221 1574 est,
2246 1539 2328 1569 sicut
2352 1544 2383 1569 et
2404 1539 2473 1575 ista,

1403 1581 1549 1622 Angelus
1569 1586 1616 1611 est
1630 1582 1843 1622 sempiternus
1863 1583 1929 1612 sive
1947 1588 2134 1622 perpetuus,
2153 1588 2184 1612 et
2205 1583 2476 1623 incorruptibilis:

1403 1625 1479 1655 licet
1502 1625 1584 1655 forte
1608 1626 1667 1655 ista
1690 1627 1729 1656 sit
1752 1627 1785 1656 in
1809 1627 1916 1666 primo
1940 1626 2040 1656 modo
2065 1627 2252 1667 perseitatis,
2269 1627 2322 1657 illa
2345 1637 2422 1658 vero
2441 1629 2475 1657 in

1404 1669 1559 1700 secundo.

1460 1713 1512 1744 Ad
1536 1714 1694 1744 rationem
1717 1724 1794 1744 vero
1817 1715 1851 1744 in
1875 1715 2065 1754 oppositum
2089 1714 2204 1745 dicitur
2223 1715 2313 1754 quod
2336 1725 2393 1746 sua
2416 1725 2476 1756 op-

1404 1759 1510 1798 posita
1539 1758 1685 1798 implicat
1717 1758 2007 1789 contradictionem
2035 1769 2075 1789 eo
2103 1759 2204 1789 modo
2229 1769 2296 1799 quo
2325 1760 2476 1800 opposita

1404 1803 1669 1843 propositionum
1693 1803 1827 1834 secundi
1850 1803 1939 1834 modi
1962 1813 2025 1844 per
2046 1813 2081 1834 se
2105 1803 2392 1835 contradictionem
2416 1805 2476 1834 im-

1404 1848 1538 1888 plicant:
1564 1848 1640 1888 quia
1670 1848 1792 1878 scilicet
1822 1848 1966 1888 implicat
1993 1854 2028 1878 ut
2058 1849 2215 1885 subiecto,
2240 1859 2316 1879 suae
2344 1855 2475 1880 naturae

1405 1891 1569 1929 derelicto,
1582 1893 1756 1923 conveniat
1772 1894 1962 1933 oppositum
1978 1893 2152 1933 praedicati
2168 1903 2226 1933 per
2237 1903 2281 1923 se.
2299 1893 2382 1924 Nam
2399 1903 2475 1924 cum

1404 1938 1550 1968 subiecto
1567 1938 1609 1967 ita
1634 1937 1853 1977 praedicatum
1878 1939 2050 1968 conveniat
2069 1947 2127 1977 per
2150 1947 2183 1968 se
2208 1937 2298 1977 quod
2322 1939 2423 1968 oritur
2437 1948 2475 1968 ex

1404 1982 1569 2022 principiis
1594 1982 1743 2018 subiecti;
1761 1988 1792 2012 et
1807 1983 1840 2012 in
1857 1983 2003 2012 subiecto
2020 1982 2108 2012 nulla
2125 1987 2172 2012 est
2187 1983 2334 2022 potentia
2356 1983 2396 2013 ad
2416 1993 2474 2023 op-

1403 2027 1548 2067 positum
1572 2027 1641 2056 talis
1664 2026 1853 2066 praedicati:
1879 2033 2037 2066 repugnat
2052 2032 2088 2057 ut
2112 2027 2294 2058 subiectum
2318 2037 2394 2057 suae
2418 2038 2475 2058 na-

1404 2077 1494 2102 turae
1517 2071 1717 2111 relinquatur
1740 2077 1771 2101 et
1794 2072 1853 2101 sibi
1883 2072 2073 2111 oppositum
2101 2071 2170 2101 talis
2194 2071 2366 2112 praedicati
2397 2082 2475 2102 con-

1403 2117 1525 2152 veniat;
1542 2125 1610 2146 non
1634 2122 1743 2146 autem
1766 2116 1909 2156 implicat
1929 2115 2218 2146 contradictionem
2241 2116 2428 2156 simpliciter
2445 2122 2476 2147 et

1405 2161 1552 2191 omnino.
1582 2160 1669 2191 Cum
1699 2166 1807 2191 autem
1838 2160 1983 2197 infertur,
2006 2160 2100 2202 Ergo
2126 2170 2190 2191 non
2215 2166 2328 2201 posset
2348 2161 2425 2200 fieri
2455 2170 2476 2191 a

1404 2206 1476 2236 Deo
1499 2205 1587 2246 quod
1609 2206 1748 2246 angelus
1772 2215 1837 2235 non
1862 2210 1951 2240 esset,
1976 2211 2110 2245 negatur
2129 2206 2373 2245 consequentia.
2390 2206 2477 2244 Quia

1405 2251 1431 2281 si
1455 2250 1544 2280 Deus
1574 2249 1692 2280 faceret
1716 2249 1806 2290 quod
1835 2250 1967 2290 angelus
1994 2260 2061 2280 non
2089 2255 2181 2286 esset,
2210 2249 2278 2280 non
2302 2249 2420 2280 faceret
2443 2249 2477 2280 id

1406 2294 1497 2336 quod
1521 2294 1811 2326 contradictionem
1835 2294 1991 2335 implicat:
2019 2304 2087 2324 non
2119 2295 2205 2325 enim
2232 2294 2375 2334 implicat
2398 2304 2476 2325 con-

1406 2339 1631 2370 tradictionem
1655 2339 1807 2379 angelum
1830 2339 1976 2370 absolute
1991 2349 2059 2369 non
2079 2348 2162 2375 esse;
2183 2339 2258 2369 licet
2278 2339 2385 2379 ipsum
2408 2349 2475 2369 non

1407 2394 1476 2416 esse
1499 2393 1579 2415 suae
1602 2389 1742 2414 naturae
1764 2383 1963 2420 derelictum,
1979 2388 2112 2424 propter
2135 2384 2277 2424 aliquam
2297 2385 2476 2424 potentiam

1406 2431 1441 2460 in
1463 2430 1536 2470 ipso
1561 2429 1763 2459 exsistentem
1781 2428 1821 2459 ad
1836 2438 1903 2459 non
1920 2438 1998 2464 esse,
2016 2428 2306 2459 contradictionem
2321 2428 2475 2468 implicet.

1462 2473 1707 2504 Attendendum
1730 2479 1848 2510 tamen,
1866 2483 1942 2503 cum
1966 2473 2039 2504 dico
2057 2473 2219 2513 angelum,
2243 2482 2319 2503 suae
2343 2479 2475 2503 naturae

1408 2518 1607 2554 derelictum,
1624 2528 1693 2548 non
1708 2527 1804 2558 posse
1820 2527 1888 2548 non
1905 2527 1982 2553 esse,
2008 2517 2098 2557 quod
2120 2527 2178 2557 per
2201 2518 2265 2547 hoc
2291 2527 2360 2548 non
2383 2518 2477 2548 intel-

1408 2563 1474 2603 ligo
1491 2562 1591 2593 divini
1606 2562 1747 2592 influxus
1763 2563 2024 2597 subtractionem,
2038 2562 2140 2601 quasi,
2157 2562 2183 2591 si
2195 2561 2321 2592 divinus
2337 2561 2477 2592 influxus

1408 2612 1612 2638 removeatur
1635 2607 1674 2636 ab
1698 2606 1824 2646 angelo,
1849 2607 1946 2636 etiam
1969 2606 2102 2645 angelus
2125 2606 2158 2635 in
2184 2615 2252 2636 esse
2279 2611 2474 2645 permaneat.

1409 2652 1483 2682 Hoc
1511 2652 1598 2682 enim
1626 2656 1673 2681 est
1700 2656 1812 2680 contra
1835 2651 1982 2680 omnium
2007 2649 2237 2690 theologorum
2260 2656 2420 2686 mentem;
2446 2655 2477 2680 et

1408 2696 1547 2726 maxime
1572 2695 1720 2735 Gregorii
1741 2694 1876 2725 dicentis
1892 2695 1909 2711 ⁴*
1932 2694 2022 2735 quod
2053 2695 2163 2724 omnia
2188 2695 2220 2724 in
2249 2695 2384 2725 nihilum
2409 2699 2476 2725 ten-

1409 2740 1531 2775 derent,
1557 2740 1620 2770 nisi
1642 2749 1680 2770 ea
1704 2748 1820 2770 manus
1847 2739 2082 2779 Omnipotentis
2098 2744 2323 2769 conservaret:
2338 2749 2423 2775 nam,
2441 2744 2478 2769 ut

1410 2785 1526 2815 dicitur
1549 2784 1654 2814 Prima
1681 2784 1782 2820 Parte,
1807 2793 1838 2824 q.
1856 2794 1915 2820 civ,
1940 2794 1968 2814 a.
1986 2791 2012 2819 1,
2036 2782 2077 2813 ad
2097 2791 2123 2820 1,
2140 2793 2208 2814 esse
2226 2793 2288 2824 per
2309 2793 2344 2814 se
2367 2793 2477 2814 conse-

1410 2830 1522 2870 quitur
1523 2830 1676 2870 formam
1694 2834 1875 2864 creaturae,
1895 2828 2060 2869 supposito
2083 2833 2188 2859 tamen
2206 2828 2335 2868 influxu
2355 2827 2476 2858 divino.

1411 2873 1475 2905 Sed
1489 2873 1635 2914 intelligo
1655 2874 1872 2904 remotionem
1888 2873 2014 2903 divinae
2038 2874 2172 2903 actionis
2195 2872 2399 2912 impedientis
2422 2882 2477 2902 na-

1411 2918 1547 2949 turalem
1570 2918 1736 2958 sequelam
1760 2919 1945 2948 existentiae
1976 2916 2016 2947 ad
2047 2917 2151 2958 angeli
2182 2918 2360 2953 essentiam,
2385 2922 2478 2946 natu-

1411 2963 1577 3003 ralemque
1600 2972 1731 2994 cursum
1754 2963 1963 3003 prohibentis.

1469 3017 1499 3038 2.
1524 3008 1574 3038 Ad
1596 3007 1770 3038 secundam
1787 3007 2010 3048 difficultatem
2028 3007 2144 3037 dicitur
2160 3005 2249 3046 quod
2266 3015 2333 3036 esse
2357 3006 2390 3036 in
2408 3015 2478 3035 cor-

1412 3053 1564 3093 ruptione
1586 3053 1758 3092 compositi
1778 3062 1846 3082 non
1869 3058 2032 3092 separatur
2056 3061 2074 3081 a
2096 3050 2209 3086 forma,
2231 3051 2305 3080 licet
2325 3055 2356 3080 et
2375 3049 2480 3080 forma

1413 3103 1445 3127 et
1468 3107 1536 3127 esse
1561 3096 1699 3127 desinat:
1723 3106 1791 3127 non
1816 3097 1903 3126 enirn
1930 3101 2073 3127 remanet
2097 3095 2210 3131 forma,
2235 3100 2271 3125 ut
2294 3095 2394 3134 possit
2417 3094 2480 3124 dici

1414 3141 1505 3182 quod
1528 3141 1632 3171 forma
1655 3147 1703 3171 est
1725 3147 1757 3172 et
1779 3151 1847 3171 non
1874 3141 1970 3171 habet
1998 3151 2075 3171 esse.
2101 3140 2190 3170 Sicut
2217 3139 2300 3175 licet,
2325 3144 2479 3179 corrupto

1414 3186 1517 3222 Sorte,
1542 3186 1651 3217 Sortes
1674 3195 1743 3216 non
1766 3187 1805 3215 sit
1829 3185 1952 3216 realiter
1975 3185 2100 3215 risibilis
2120 3185 2154 3214 in
2170 3193 2238 3214 esse
2254 3189 2395 3219 naturae,
2412 3193 2481 3213 non

1415 3231 1531 3262 dicitur
1553 3236 1661 3261 tamen
1690 3230 1848 3260 risibilitas
1873 3239 1940 3260 esse
1970 3240 1988 3261 a
2018 3230 2110 3260 Sorte
2138 3234 2290 3268 separata,
2315 3228 2406 3267 quasi
2433 3237 2481 3258 re-

1414 3281 1543 3306 maneat
1566 3275 1674 3306 Sortes
1691 3280 1722 3305 et
1738 3285 1805 3304 non
1822 3275 1937 3304 habeat
1952 3274 2172 3304 risibilitatem.
2190 3273 2336 3302 Habetur
2358 3273 2417 3302 ista
2432 3282 2481 3302 re-

1415 3321 1548 3360 sponsio
1560 3330 1578 3350 a
1590 3320 1685 3350 simili
1700 3320 1734 3349 in
1751 3319 1824 3356 QQ.
1842 3319 1881 3349 de
1896 3319 2054 3354 Potentia,
2073 3327 2102 3357 q.
2119 3328 2149 3353 v,
2163 3327 2190 3347 a.
2206 3317 2235 3353 3,
2249 3316 2290 3347 ad
2310 3324 2358 3353 ιο,
2371 3317 2427 3347 ubi
2440 3317 2483 3347 ait

1415 3365 1551 3395 Sanctus
1575 3365 1719 3395 Thomas
1744 3363 1843 3403 quod,
1865 3363 1894 3393 si
1916 3364 2005 3393 Deus
2029 3367 2198 3393 creaturas
2222 3361 2483 3401 incorruptibiles

1416 3410 1449 3439 in
1474 3409 1610 3439 nihilum
1635 3408 1806 3449 redigeret,
1836 3417 1900 3437 non
1920 3413 2058 3447 propter
2079 3407 2140 3436 hoc
2163 3406 2445 3446 sempiternitatem
2462 3415 2483 3436 a

1417 3459 1537 3484 natura
1551 3459 1728 3494 separaret,
1747 3453 1839 3493 quasi
1856 3457 2038 3482 remaneret
2053 3455 2173 3481 natura
2190 3460 2254 3480 non
2271 3451 2484 3490 sempiterna:

1415 3498 1471 3529 sed
1487 3503 1555 3528 tota
1580 3503 1699 3528 natura
1724 3497 1880 3538 deficeret,
1906 3497 2036 3536 influxu
2060 3505 2178 3525 causae
2197 3499 2349 3525 cessante.

1473 3543 1536 3573 Sed
1560 3548 1672 3573 contra
1690 3543 1782 3572 istam
1798 3542 2043 3581 responsionem
2059 3540 2210 3579 arguitur.
2228 3539 2381 3579 Sequitur
2397 3540 2484 3569 enim

1417 3597 1456 3617 ex
1478 3588 1546 3627 ipsa
1568 3587 1658 3627 quod
1682 3586 1798 3616 eodem
1821 3585 1921 3615 modo
1939 3595 2006 3615 esse
2024 3585 2195 3615 conveniat
2218 3593 2275 3624 per
2298 3593 2331 3614 se
2348 3593 2485 3623 compo-

1417 3633 1478 3662 sito
1502 3633 1584 3662 sicut
1607 3631 1740 3661 formae.
1758 3630 1841 3660 Nam
1865 3630 1947 3660 sicut
1963 3639 1981 3660 a
2004 3628 2107 3659 forma
2130 3629 2268 3668 separari
2287 3638 2355 3658 non
2378 3633 2485 3668 potest

1418 3686 1485 3707 esse
1509 3677 1552 3706 ita
1577 3675 1665 3715 quod
1688 3680 1851 3705 remaneat
1873 3675 1941 3704 sine
1966 3683 2043 3709 esse,
2060 3674 2103 3703 ita
2127 3683 2194 3703 non
2218 3678 2325 3713 potest
2348 3673 2486 3712 separari

2502 962 2511 971 “
2528 961 2583 989 cap.
2598 967 2655 983 axv.

2500 1500 2509 1509 ·
2525 1498 2596 1521 Num.
2607 1503 2640 1520 vr.

2504 2702 2513 2711 ¹
2539 2701 2627 2723 Moral.
2656 2699 2722 2725 XVI.

2503 2734 2554 2755 cap.
2566 2733 2651 2750 xxxvu.
