2768 4134
0 464 2 508 Ξ
46 485 258 512 Ἀὶ.Ιοοτ.ι,ι].ιι,

0 530 2 538 ,
46 511 140 539 mand
154 511 177 533 6.

867 276 1056 314 SUMMA
1085 278 1307 316 CONTRA
1334 278 1611 327 GENTILES,
1641 280 1753 318 CAP.
1772 282 1908 319 LXIX.

2410 288 2485 327 203

286 354 410 385 nullam
426 353 502 385 facit
518 354 741 391 differentiam,
758 365 819 386 nec
836 356 932 385 etiam
949 356 1039 396 quod
1055 358 1267 397 quantitatem
1284 368 1362 388 con·
1416 360 1609 399 cognitionis
1630 360 1842 397 infinitorum,
1860 362 1915 392 sed
1932 372 2007 393 cum
2023 364 2104 394 aliis:
2130 365 2216 405 quia,
2233 367 2412 398 secundum
2429 368 2487 399 do-

287 399 442 438 sequstur,
460 399 563 439 qualis
587 405 634 429 est
657 398 807 436 infinitas,
825 399 966 440 aliquam
986 401 1079 431 faciet
1095 401 1315 433 differentiam.

342 442 483 474 Adverte
509 443 609 484 quod,
626 449 662 474 ut
682 443 799 476 dicitur
813 453 912 486 super
926 445 1077 476 Boetium
1093 446 1132 477 de
1150 447 1181 476 T
1179 447 1253 483 rin„
1271 457 1301 489 q.
1318 457 1361 484 Ν,

287 496 315 518 a.
334 496 365 523 2,
382 487 422 518 ad
438 487 458 517 6
471 489 498 524 ³,
512 488 711 529 formaliter
725 488 852 529 quidem
869 489 1032 530 quantitas
1052 491 1191 522 discreta
1207 497 1255 522 est
1263 492 1362 532 prior

287 532 468 572 quantitate
494 533 670 563 continua:
694 532 751 563 sed
777 535 992 565 materialiter
1017 536 1182 576 quantitas
1204 536 1362 574 continua

287 581 336 606 est
343 576 444 617 prior
458 576 608 613 discreta,
622 587 695 607 cum
712 587 866 609 numerus
882 585 1034 610 causetur
1053 590 1094 610 ex
1110 580 1269 611 divisione
1285 590 1362 611 con-

287 620 380 651 tinui.
398 621 440 651 Et
462 620 547 657 ideo,
565 630 641 652 cum
656 622 763 662 inquit
786 622 922 660 Sanctus
938 624 1084 656 Thomas
1100 625 1191 665 quod
1208 634 1363 657 numerus

287 670 334 695 est
351 665 463 706 prima
483 666 712 706 quantitatum,
728 667 974 708 intelligendum
996 675 1043 699 est
1058 668 1098 700 de
1120 670 1281 710 primitate
1296 669 1362 700 for-

286 709 362 740 mali
392 715 424 740 et
453 709 691 750 perfectionali:
723 717 760 742 ut
790 717 878 751 patet
908 722 946 743 ex
980 714 1147 754 principiis
1177 715 1362 755 quantitatis

287 753 496 784 discretaeet
519 756 710 792 continuae;
735 756 840 787 unitas
859 758 946 788 enim
968 758 1146 798 simplicior
1169 764 1217 789 est
1240 764 1272 789 et
1291 759 1362 789 abs—

285 799 425 835 tractior,
441 807 479 829 ac
494 808 554 840 per
575 800 640 830 hoc
663 800 837 840 perfectior
860 808 997 842 puncto,
1013 803 1104 843 quod
1127 813 1224 843 supra
1245 803 1362 834 indivi-

285 842 471 875 sibilitatem
493 843 582 876 addit
603 846 803 885 positionem
826 846 859 877 in
883 847 1054 878 continuo.

340 887 432 919 Patet
455 889 551 920 etiam
575 889 678 929 quod,
693 896 730 921 ut
750 891 857 921 innuit
879 891 1036 922 hocloco
1052 891 1190 923 Sanctus
1205 893 1361 930 Thomas,

284 931 318 964 id
333 931 423 963 unde
438 934 576 964 sumitur
598 935 680 965 ratio
696 935 892 975 quantitatis,
909 935 1031 966 scilicet
1053 936 1274 977 multiplicitas
1289 947 1362 978 par-

284 976 377 1014 tium,
394 977 569 1018 perfectius
590 980 745 1010 convenit
763 988 902 1011 numero
919 989 1018 1020 quam
1035 980 1103 1011 aliis
1119 982 1361 1021 quantitatibus.

285 1020 390 1052 Immo
406 1031 474 1052 non
498 1022 625 1054 videtur
646 1024 807 1054 continuo
823 1025 999 1054 convenire
1014 1025 1075 1055 nisi
1095 1026 1219 1056 ratione
1234 1028 1362 1057 numeri

284 1066 318 1096 in
341 1067 502 1098 continuo
524 1068 744 1108 potentialiter
767 1068 893 1098 inclusi.

343 1120 372 1142 2.
389 1111 540 1142 Occurrit
554 1118 667 1144 autem
677 1112 815 1144 dubium
827 1113 911 1143 circa
922 1113 1006 1144 hanc
1018 1114 1188 1145 rationem.
1205 1115 1362 1153 Quamvis

285 1156 373 1186 enim
401 1156 523 1196 aliquid
550 1157 640 1187 alteri
665 1166 734 1187 non
765 1163 926 1197 repugnet
958 1158 1083 1189 ratione
1112 1159 1248 1190 alicuius
1271 1170 1362 1192 com-

284 1201 403 1237 munis,
427 1206 536 1241 potest
557 1206 668 1233 tamen
692 1202 752 1231 sibi
775 1211 957 1242 repugnare
980 1203 1106 1234 ratione
1128 1205 1278 1245 propriae
1306 1215 1362 1235 na-

283 1250 388 1275 turae:
405 1245 490 1276 sicut
505 1244 604 1276 dividi
619 1245 652 1275 in
669 1251 776 1286 partes
792 1246 943 1286 aequales
959 1256 1026 1277 non
1049 1254 1208 1288 repugnat
1223 1258 1361 1280 numero

284 1289 399 1330 impari
422 1289 549 1320 ratione
572 1290 758 1330 quantitatis
775 1295 831 1321 aut
845 1291 983 1327 numeri,
1000 1299 1159 1332 repugnat
1173 1298 1282 1324 tamen
1303 1294 1363 1324 sibi

283 1333 551 1374 inquannmeest
573 1343 730 1365 numerus
757 1335 873 1376 impar.
898 1335 943 1366 Ita
973 1335 1094 1368 diceret
1121 1338 1236 1378 aliquis
1261 1339 1362 1378 quod,

277 1375 359 1409 Iinet
382 1377 516 1410 infinitis
546 1387 616 1410 non
639 1385 800 1420 repugnet
827 1381 984 1420 cognosci
1011 1382 1136 1413 ratione
1162 1382 1362 1422 pluralitatis,

283 1427 443 1468 repugnat
464 1427 574 1454 tamen
590 1424 650 1454 sibi
666 1425 792 1456 ratione
814 1423 990 1456 infinitatis.
1016 1426 1057 1456 Et
1080 1427 1136 1464 sic,
1158 1427 1233 1458 licet
1254 1427 1363 1468 plura-

282 1461 355 1543 ἕξεί
374 1476 445 1509 μοι]
469 1466 565 1498 faciat
592 1467 804 1500 differentiam
829 1469 862 1500 in
887 1469 993 1500 divina
1021 1471 1220 1511 cognitione,
1245 1473 1364 1512 poterit

348 1506 393 1547 'en
415 1511 556 1543 infinitas
580 1512 793 1545 differentiam
817 1513 938 1544 facere:
959 1519 996 1544 ut
1016 1515 1138 1546 scilicet
1157 1517 1258 1557 possit
1274 1517 1364 1548 Deus

283 1553 374 1588 fflea
399 1565 610 1599 cognoscere,
634 1567 702 1588 non
729 1562 838 1589 autem
865 1557 1000 1589 infinita.
1029 1559 1071 1590 Et
1092 1560 1233 1591 multum
1260 1560 1364 1592 differt

284 1600 393 1632 Duum
415 1609 616 1642 cognoscere
637 1601 740 1638 finita,
763 1608 796 1633 et
818 1603 927 1643 ipsum
950 1612 1150 1643 cognoscere
1173 1604 1308 1636 infinita.

290 1645 570 1686 njRespondetur
592 1646 694 1687 quod,
718 1647 774 1678 ubi
806 1652 854 1678 est
876 1647 990 1679 eadem
1020 1649 1102 1680 ratio
1130 1651 1363 1690 repugnantiae

283 1690 401 1738 ‘dorin
422 1696 455 1723 et
477 1692 676 1732 posterioris,
693 1693 719 1723 si
739 1692 780 1723 ab
800 1692 910 1734 aliquo
933 1699 1140 1724 removeatur
1162 1695 1244 1726 ratio
1268 1704 1364 1735 repu-

254 1759 259 1764 .
282 1734 433 1776 &antiae
456 1735 583 1778 prioris,
606 1745 668 1767 nec
691 1737 789 1769 etiam
813 1737 975 1778 posterius
998 1739 1200 1780 repugnabit.
1227 1739 1364 1781 Propter

267 1779 478 1822 ‘hoc'inquit
500 1780 731 1823 Philosophus,
748 1780 792 1812 lv
807 1781 906 1823 Phys.
919 1782 948 1818 ⁰,
965 1783 1067 1823 quod,
1084 1783 1108 1813 si
1133 1783 1200 1824 duo
1225 1794 1363 1825 corpora

283 1821 421 1865 §hbent
440 1833 510 1856 esse
533 1826 567 1856 in
591 1825 710 1856 eodem
737 1825 824 1862 loco,
849 1826 946 1857 etiam
967 1826 1095 1858 infinita
1121 1834 1254 1868 possent
1282 1839 1360 1860 esse.

284 1867 372 1900 Cum
393 1877 471 1910 ergo
494 1869 609 1901 eadem
629 1871 670 1901 sit
688 1871 770 1901 ratio
789 1871 824 1901 in
838 1871 1006 1902 intellectu
1021 1877 1134 1903 nostro
1151 1882 1250 1914 quare
1269 1874 1362 1914 plura

282 1921 352 1951 non
364 1914 471 1954 possit
493 1914 591 1946 simul
612 1915 802 1955 intelligere,
820 1922 852 1946 et
867 1925 968 1956 quare
983 1926 1051 1948 non
1067 1918 1170 1957 possit
1184 1918 1363 1959 intelligere

283 1957 420 1995 infinita,
445 1959 523 1999 quia
543 1958 696 1990 videlicet
716 1969 775 2000 pet
798 1960 907 2003 plures
930 1961 1054 2001 species
1081 1961 1135 1992 illa
1160 1962 1362 2003 intelligeret,

284 2011 352 2046 non
376 2008 484 2044 potest
507 2009 617 2034 autem
640 2004 739 2050 simul
755 2004 903 2045 pluribus
923 2006 1094 2045 speciebus
1114 2007 1175 2042 uti;
1197 2007 1223 2037 si
1244 2008 1283 2037 ab
1305 2007 1362 2038 ali-

285 2051 353 2088 quo
365 2047 533 2079 intellectu
545 2053 752 2079 removeatur
767 2049 858 2089 quod
871 2059 908 2080 ea
921 2059 1005 2090 quae
1021 2050 1170 2091 intelligit
1181 2060 1239 2091 per
1254 2051 1362 2091 plures

283 2092 409 2133 species
436 2098 624 2132 cognoscat,
647 2094 731 2124 sicut
753 2094 873 2134 poterit
896 2094 988 2134 plura
1011 2104 1070 2135 per
1097 2105 1195 2126 unam
1219 2097 1362 2136 speciem

284 2137 386 2168 mul>
405 2137 594 2178 intelligere,
611 2138 656 2168 ita
671 2142 704 2168 et
718 2137 854 2175 infinita,
871 2145 1030 2179 quantum
1047 2145 1095 2170 est
1110 2149 1149 2170 ex
1164 2145 1254 2180 parte
1269 2140 1362 2171 intel-

283 2181 389 2217 lectus
411 2182 652 2222 cognoscentis.
681 2182 724 2214 Et
745 2183 805 2219 ita,
825 2192 901 2214 cum
924 2183 1088 2223 pluralitas
1111 2185 1362 2225 intelligibilium

283 2226 408 2262 nullam
431 2225 527 2259 faciat
553 2226 766 2258 differentiam
786 2227 821 2258 in
845 2229 1033 2269 cognitione
1056 2229 1174 2266 divina,
1203 2239 1244 2260 eo
1271 2230 1363 2270 quod

285 2270 444 2313 quicquid
472 2270 622 2313 intelligit
656 2281 714 2312 per
744 2281 837 2303 suam
864 2274 1035 2305 essentiam
1066 2274 1163 2306 simul
1191 2275 1360 2315 intelligat3

283 2318 346 2347 nec
361 2315 458 2348 etiam
474 2315 617 2347 infinitas
633 2315 846 2347 differentiam
863 2316 968 2354 faciet,
982 2324 1141 2359 quantum
1155 2325 1202 2350 est
1218 2329 1256 2350 ex
1271 2325 1362 2360 parte

283 2356 467 2392 iirtellectus
483 2360 598 2397 divini;
623 2361 714 2402 quod
729 2361 869 2392 intendit
883 2361 1019 2394 Sanctus
1032 2363 1178 2395 Thomas
1194 2373 1253 2404 per
1267 2365 1361 2396 istam

282 2405 443 2436 rationem
459 2405 666 2436 concludere.
692 2405 783 2437 Sicut
798 2407 884 2437 enim
902 2407 994 2448 plura
1010 2417 1068 2448 per
1082 2417 1174 2439 suam
1190 2410 1362 2440 essentiam

283 2450 382 2484 §mul
396 2451 578 2490 cognoscit.
593 2451 638 2483 ita
652 2460 711 2491 per
731 2451 874 2483 eandem
892 2451 1019 2483 infinita
1033 2457 1142 2493 potest
1164 2462 1364 2494 cognoscere

283 2495 391 2528 simul.
408 2494 472 2526 Cui
487 2495 516 2526 si
529 2494 666 2536 addatur
681 2496 773 2536 quod
788 2496 821 2527 in
835 2497 1040 2537 praecedenti
1056 2498 1181 2528 ratione
1193 2505 1362 2539 sumptum

283 2545 347 2581 est,
365 2539 488 2572 scilicet
510 2539 602 2580 quod
623 2539 752 2573 infinito
775 2550 845 2572 non
867 2550 1027 2583 repugnat
1051 2544 1206 2583 cognosci
1228 2544 1290 2574 nisi
1312 2545 1362 2574 in-

283 2589 444 2627 quantum
467 2584 648 2615 successive
669 2586 888 2626 cognoscitur,
905 2587 1097 2628 relinquitur
1119 2587 1243 2618 nullam
1266 2598 1362 2628 repu-

282 2629 448 2670 gnantiam
469 2638 539 2659 esse
563 2629 643 2669 quin
666 2629 849 2661 intellectus
871 2630 998 2663 divinus
1022 2630 1146 2662 infinita
1170 2638 1360 2672 cognoscat:

283 2683 403 2715 neque,
426 2674 573 2714 inquam,
597 2682 637 2704 ex
659 2679 751 2714 parte
777 2674 971 2712 intellectus,
994 2685 1103 2716 neque
1127 2686 1165 2707 ex
1191 2681 1281 2717 parte
1305 2686 1360 2707 co-

282 2718 480 2760 gnoscibilis.
497 2717 592 2750 Unde
606 2718 668 2749 ista
685 2719 766 2750 ratio
791 2725 841 2750 est
858 2721 974 2760 prioris
996 2722 1129 2752 rationis
1145 2720 1360 2751 confirmatio.

337 2763 571 2795 Cousmnxrua
594 2769 626 2793 et
649 2764 841 2795 auctoritate
855 2764 986 2802 Psalmi,
1003 2766 1058 2796 ubi
1073 2765 1204 2796 dicitur:
1226 2765 1360 2805 Sapien-

284 2808 349 2841 tiae
372 2809 442 2839 eius
465 2817 532 2838 non
555 2812 603 2838 est
626 2817 791 2843 numer-us.

247 2869 258 2876 ·
298 2855 302 2858 ”
338 2852 392 2883 ΧΙ.
418 2851 588 2891 Quantum
611 2851 650 2882 ad
674 2851 855 2883 secundum
868 2853 895 2890 *,
916 2852 1046 2884 deducit
1063 2853 1198 2885 Sanctus
1215 2854 1359 2885 Thomas

284 2907 323 2934 ex
345 2896 517 2938 praedictis
533 2895 746 2927 differentiam
762 2897 845 2927 inter
859 2897 1060 2930 intellectum
1077 2889 1228 2930 divinum.
1248 2903 1279 2929 et
1298 2908 1359 2929 no-

283 2947 385 2973 stmm
400 2942 434 2972 in
456 2942 644 2982 cognitione
666 2940 794 2972 infiniti.
818 2941 860 2972 Et
882 2943 976 2982 ponit
1000 2941 1245 2983 quadruplicem
1269 2941 1367 2987 diffe-⁴

283 2987 432 3022 rentiam,
456 2995 541 3027 quae
563 2986 661 3017 huius
684 2985 874 3016 diversitatis
897 2992 945 3017 est
969 2995 1074 3017 causa.

338 3031 445 3062 Prima
467 3037 525 3068 est,
547 3031 623 3071 quia
646 3030 829 3061 intellectus
844 3037 955 3061 noster
970 3031 1159 3071 simpliciter
1174 3037 1222 3062 est
1236 3031 1356 3063 finitus.

339 3075 489 3107 Secunda
513 3081 570 3112 est,
595 3075 672 3116 quia
700 3075 883 3107 intellectus
906 3081 1026 3112 noster,
1050 3085 1127 3107 cum
1155 3075 1278 3106 diversa
1300 3086 1358 3117 per

283 3119 423 3152 diversas
446 3121 569 3162 species
593 3125 779 3160 cognoscat,
803 3129 870 3150 non
894 3125 1002 3160 potest
1023 3118 1149 3151 infinita
1178 3129 1236 3160 per
1258 3131 1357 3152 unam

283 3165 505 3206 cognitionem
530 3174 737 3206 cognoscere.
762 3164 826 3196 Sed
849 3164 932 3194 bene
955 3164 1137 3195 intellectus
1161 3165 1297 3196 divinus.

339 3210 448 3241 Tertia
472 3215 529 3245 est,
545 3219 584 3240 ex
607 3208 813 3249 praecedenti
833 3218 982 3250 sequens,
1000 3209 1076 3249 quia
1095 3209 1277 3240 intellectus
1297 3219 1357 3240 no-

283 3260 346 3286 ster
361 3265 431 3286 non
446 3260 554 3295 potest
578 3254 674 3284 simul
689 3254 791 3284 multa
812 3263 1021 3294 cognoscere,
1038 3259 1071 3284 et
1093 3254 1136 3284 ita
1158 3263 1227 3284 non
1250 3259 1359 3295 potest

282 3299 407 3330 infinita
432 3309 630 3340 cognoscere
653 3299 714 3329 nisi
735 3299 914 3329 successive
933 3308 971 3329 ea
993 3298 1205 3330 numerando.
1231 3298 1357 3330 Intelle-

283 3350 353 3375 ctus
377 3350 485 3375 autem
507 3344 634 3374 divinus
658 3343 759 3373 multa
775 3343 870 3373 simul
894 3344 1046 3379 intuetur,
1063 3343 1152 3383 quasi
1178 3353 1235 3383 per
1258 3353 1356 3374 unam

283 3390 426 3431 speciem
449 3389 526 3419 visa.

297 3439 301 3443 '
338 3433 462 3472 Quarta
477 3439 534 3470 est,
551 3434 629 3476 quia
643 3432 825 3464 intellectus
841 3431 967 3462 divinus
984 3437 1031 3462 est
1046 3441 1161 3462 eorum
1177 3441 1262 3472 quae
1281 3438 1357 3462 sunt

283 3483 316 3509 et
330 3487 447 3510 eorum
463 3488 546 3519 quae
562 3488 631 3511 non
651 3483 736 3508 sunt.
761 3477 836 3508 Non
861 3482 968 3507 autem
991 3476 1172 3507 intellectus
1191 3483 1311 3507 noster.

337 3522 583 3554 Advertendum
608 3522 698 3562 quod
721 3522 824 3562 prima
848 3520 1034 3556 differentia,
1059 3521 1135 3560 quia
1163 3521 1285 3551 scilicet
1307 3521 1356 3550 in-

282 3567 429 3598 tellectus
451 3572 563 3598 noster
585 3573 633 3597 est
656 3566 775 3603 finitus,
795 3565 978 3597 intellectus
1001 3570 1109 3596 autem
1133 3564 1260 3596 divinus
1283 3565 1356 3596 infi-

282 3611 380 3650 nitus,
403 3621 462 3652 per
485 3622 518 3642 se
542 3617 671 3652 sumpta
697 3621 765 3642 non
794 3617 841 3641 est
869 3620 964 3641 causa
992 3609 1179 3640 diversitatis
1205 3615 1355 3650 respectu

1416 404 1551 434 ctrinam
1567 404 1674 434 Sancti
1691 404 1840 436 Thomae
1856 407 1883 442 ὓ,
1908 408 2014 437 anima
2031 408 2148 439 Christi
2173 412 2340 450 cognoscit
2362 412 2487 443 infinita
2514 414 2523 421 '
2535 413 2564 434 ¹¹¹
2576 414 2723 444 paq-¹2³3-

1413 448 1449 479 in
1471 447 1591 484 Verbo,
1616 453 1649 480 et
1671 455 1778 480 tamen
1802 450 1984 482 intellectus
2008 453 2076 483 eius
2100 459 2146 483 est
2169 453 2288 485 finitus.

1470 491 1531 522 Vel
1555 493 1651 523 etiam
1675 492 1850 524 dicendum
1874 495 1974 535 quod,
2000 497 2075 536 quia
2097 498 2278 530 intellectus
2306 506 2416 531 noster
2438 509 2482 531 est

1414 535 1535 572 finitus,
1559 536 1634 567 ideo
1657 547 1725 567 non
1748 544 1856 577 potest
1879 549 2075 579 cognoscere
2098 543 2285 582 simpliciter
2310 544 2483 582 infinitum,

1414 589 1522 620 neque
1547 581 1643 611 etiam
1667 582 1773 612 anima
1794 582 1923 619 Christi,
1940 590 1976 614 ut
1996 584 2111 616 dicitur
2127 586 2168 616 111
2185 587 2271 618 Sent.
2285 589 2317 618 ⁴⁶:
2339 589 2394 620 sed
2415 595 2484 620 tan·
2512 590 2653 639 ἀἰζίξῐ-Ίὶιζ,
2665 598 2724 640 3'c²f’

2528 649 2540 664 e
2563 642 2620 671 Ver..
2644 651 2667 671 q.
2686 651 2724 671 xx,

1415 669 1522 699 anima
1546 671 1724 709 cognoscit,
1752 671 1834 702 sicut
1861 673 1967 702 anima
1991 672 2109 704 Christi
2132 684 2189 715 per
2213 676 2364 708 Verbum.
2389 678 2482 709 Intel-
2512 676 2532 690 ³·
2548 677 2570 695 ⁴·

1414 629 1486 655 tum
1509 624 1674 656 infinitum
1695 626 1876 658 secundum
1900 628 1988 668 quid,
2007 630 2137 668 quando
2161 641 2218 670 per
2240 633 2359 673 aliquid
2380 644 2484 665 unum
2511 623 2528 663 f}

1415 713 1518 744 lectus
1545 719 1653 744 autem
1677 714 1815 751 divinus,
1840 717 1896 756 qui
1921 723 1968 747 est
1990 717 2145 754 infinitus,
2169 726 2276 759 potest
2299 722 2485 762 simpliciter

1415 757 1540 788 infinita
1563 767 1770 798 cognoscere.

1470 802 1539 832 XII.
1564 802 1733 841 Quantum
1753 804 1793 834 ad
1815 805 1946 835 tertium
1962 807 1990 842 ³¹,
2006 807 2219 846 respondetur
2235 810 2420 842 obiectioni.
2444 812 2486 843 Et
2513 812 2575 860 mg*
2587 813 2647 860 {¹22¹}
2655 813 2725 861 {2:¹¹2-

2578 854 2592 863 .‚
2649 855 2655 860 .
2718 856 2725 868 ,

2514 865 2609 891 Quinta.

1415 847 1491 886 quia
1507 846 1660 878 fundatur
1674 849 1816 879 obiectio
1833 858 1931 889 super
1946 851 2136 882 auctoritate
2146 852 2337 894 Philosophi
2352 855 2485 887 dicentis

1415 890 1506 931 quod
1529 891 1702 933 infinitum,
1720 893 1912 934 inquantum
1937 895 2109 936 infinitum,
2126 902 2174 927 est
2197 897 2355 938 ignotum,
2372 899 2487 935 dicitur

1416 935 1506 975 quod
1531 942 1578 966 est
1599 937 1750 977 ignotum
1773 939 1799 969 si
1821 947 1880 979 per
1894 940 2172 976 mensurationem
2195 951 2325 973 suarum
2349 945 2487 984 partium

1415 989 1613 1020 cognoscere
1625 981 1732 1022 ipsum
1749 982 1864 1023 aliquis
1880 983 1986 1020 vellet,
1999 984 2090 1024 quod
2106 991 2189 1016 esset
2204 995 2400 1027 cognoscere
2416 988 2487 1019 infi—

1415 1025 1521 1054 nitum
1543 1025 1737 1065 inquantum
1765 1026 1939 1058 infinitum.
1968 1028 2043 1059 Non
2068 1035 2177 1060 autem
2201 1030 2245 1061 sic
2269 1031 2376 1071 ipsum
2400 1032 2487 1064 Deus

1416 1070 1595 1109 cognoscit,
1619 1070 1676 1101 sed
1698 1076 1806 1101 totum
1829 1072 1935 1103 simul.
1965 1073 2060 1104 Unde
2087 1083 2155 1104 non
2179 1077 2358 1115 cognoscit,
2381 1083 2418 1107 ut
2444 1077 2487 1107 ita

1416 1113 1550 1150 dicatur,
1574 1114 1738 1146 infinitum
1769 1116 1948 1148 secundum
1973 1117 2064 1158 quod
2095 1125 2143 1149 est
2168 1119 2348 1151 infinitum:
2373 1121 2430 1152 sed
2451 1127 2489 1152 ut

1416 1157 1456 1188 ad
1479 1168 1571 1190 suam
1595 1160 1762 1191 scientiam
1786 1171 1819 1192 se
1843 1161 1939 1192 habet
1961 1172 1999 1192 ac
2022 1163 2048 1193 si
2072 1168 2155 1193 esset
2178 1163 2316 1195 finitum.

1471 1202 1612 1234 Adverte
1628 1205 1745 1244 primo,
1763 1214 1801 1236 ex
1818 1204 1963 1237 doctrina
1979 1206 2088 1237 Sancti
2099 1207 2248 1239 Thomae
2264 1209 2369 1240 Prima
2384 1210 2486 1248 Parte,

1415 1255 1447 1286 q.
1464 1257 1526 1283 ΧΠ,
1543 1257 1571 1278 a.
1594 1257 1643 1284 12,
1665 1249 1704 1279 ad
1727 1257 1752 1286 1,
1779 1249 1897 1290 [quod]
1922 1260 1995 1281 cum
2018 1251 2058 1281 de
2081 1252 2219 1283 ratione.
2233 1254 2424 1294 quantitatis
2446 1255 2489 1285 sit

1416 1291 1498 1321 ordo
1516 1293 1674 1332 partium,
1699 1299 1730 1324 et
1754 1294 1914 1334 infinitum
1937 1301 2094 1336 sequatur
2116 1297 2339 1337 quantitatem,
2363 1308 2487 1341 cogno-

1413 1345 1504 1366 scere
1527 1337 1690 1378 injim'tum
1708 1348 1773 1378 per
1795 1339 1926 1369 modum
1950 1340 2070 1380 infiniti
2093 1346 2141 1370 est
2162 1351 2361 1383 cognoscere
2384 1343 2487 1384 ipsum

1417 1382 1620 1412 numerando
1639 1388 1770 1422 partem
1788 1389 1867 1424 post
1882 1389 2024 1424 partem.
2053 1385 2095 1415 Et
2119 1384 2196 1416 ideo
2223 1387 2330 1427 inquit
2351 1387 2488 1419 Sanctus

1415 1425 1562 1456 Thomas
1585 1427 1638 1457 hic
1662 1427 1753 1468 quod
1782 1429 1862 1459 haec
1891 1434 1938 1459 est
1963 1430 2094 1469 propria
2123 1431 2204 1460 ratio
2233 1432 2428 1471 quantitatis,
2451 1438 2489 1464 ut

1415 1470 1537 1501 scilicet
1564 1480 1622 1511 per
1649 1473 1909 1504 numerationem
1933 1482 2064 1504 suarum
2093 1475 2233 1513 partium
2263 1483 2486 1517 cognoscatur.

1416 1513 1458 1544 Et
1479 1515 1556 1555 quia
1575 1524 1745 1555 nunquam
1761 1517 1918 1557 compleri
1936 1523 2046 1557 posset
2063 1520 2245 1550 numeratio
2268 1520 2394 1558 infiniti,
2412 1521 2487 1552 ideo

1416 1557 1590 1595 infinitum,
1615 1559 1808 1600 inquantum
1832 1561 2006 1598 infinitum,
2031 1567 2078 1593 est
2100 1563 2260 1602 ignotum.

1471 1603 1715 1635 Advertendum
1731 1606 1886 1642 secundo,
1903 1605 1994 1646 quod
2008 1606 2084 1637 ideo
2101 1606 2179 1637 dixit
2193 1607 2328 1639 Sanctus
2344 1609 2489 1641 Thomas

1417 1647 1525 1678 Deum
1544 1658 1613 1679 non
1633 1658 1831 1688 cognoscere
1852 1650 2015 1681 infinitum
2035 1652 2229 1691 inquantum
2245 1652 2417 1690 infinitum,
2434 1654 2489 1685 ad-

1417 1691 1485 1722 dito
1502 1697 1539 1722 ut
1561 1693 1606 1723 ita
1623 1693 1761 1729 dicatur,
1779 1695 1864 1735 quia,
1883 1700 1918 1725 ut
1934 1694 2051 1725 dicitur
2071 1696 2177 1731 Verit„
2195 1705 2226 1736 q.
2243 1707 2276 1733 11,
2294 1706 2324 1734 2,
2340 1698 2381 1728 ad
2396 1708 2428 1738 7,
2449 1699 2490 1730 de

1415 1736 1488 1778 ipso
1509 1736 1591 1772 Deo,
1607 1738 1637 1768 si
1648 1738 1718 1778 fiat
1740 1739 1789 1769 vis
1812 1740 1844 1770 in
1866 1739 1974 1775 verbo,
1990 1739 2154 1770 infinitum
2175 1740 2257 1771 nulli
2281 1747 2328 1772 est
2350 1741 2488 1774 finitum.

1417 1779 1480 1811 Sed
1499 1790 1560 1823 pro
1580 1786 1671 1812 tanto
1695 1789 1802 1824 potest
1826 1783 1935 1824 aliquo
1959 1783 2061 1814 modo
2082 1784 2146 1815 dici
2165 1783 2303 1821 finitum,
2324 1795 2489 1828 compara-

1415 1830 1486 1855 tum
1515 1825 1555 1856 ad
1582 1825 1724 1858 divinam
1753 1828 1986 1868 cognitionem,
2011 1829 2087 1869 quia
2114 1828 2157 1859 ita
2185 1829 2326 1869 perfecte
2355 1832 2394 1861 ab
2421 1832 2490 1873 ipsa

1417 1870 1625 1910 cognoscitur
1646 1872 1730 1902 sicut
1752 1871 1880 1903 finitum
1904 1873 1944 1903 ab
1966 1873 2132 1904 intellectu
2147 1872 2254 1910 finit03
2280 1880 2312 1904 et
2330 1876 2405 1915 quia
2420 1886 2488 1907 non

1417 1915 1625 1954 cognoscitur
1647 1918 1826 1948 successive
1849 1917 1907 1948 sed
1929 1917 2036 1954 simul,
2061 1918 2144 1948 sicut
2165 1917 2304 1949 finitum.

1473 1957 1755 1992 Considerandum
1782 1967 1950 2001 postremo
1978 1961 2077 2002 quod,
2106 1971 2182 1992 cum
2213 1962 2350 1993 dicimus
2379 1965 2488 1996 Deum

1415 2001 1575 2034 infinitam
1598 2004 1841 2036 multitudinem
1867 2005 2009 2046 perfecte
2033 2015 2239 2046 cognoscere,
2267 2016 2335 2038 non
2367 2015 2414 2040 est
2442 2010 2488 2040 sic

1416 2047 1662 2088 intelligendum
1681 2050 1771 2090 quasi
1794 2049 1834 2080 ad
1855 2049 1988 2091 aliquod
2005 2050 2156 2082 ultimum
2172 2051 2240 2081 eius
2257 2053 2399 2092 cognitio
2415 2062 2487 2094 per-

1415 2092 1526 2132 tingat,
1543 2100 1702 2133 repugnat
1722 2095 1808 2125 enirn
1832 2093 1971 2132 infinito,
1989 2104 2025 2126 ea
2045 2101 2134 2135 parte
2156 2104 2219 2135 qua
2244 2101 2291 2126 est
2312 2096 2485 2134 infinitum,

1415 2136 1533 2167 habere
1556 2137 1724 2169 ultimum:
1749 2138 1805 2169 sed
1826 2139 1902 2179 quia
1926 2139 2014 2170 nulla
2037 2149 2109 2180 pars
2132 2140 2216 2170 illius
2239 2139 2316 2171 latet
2339 2141 2407 2172 eius
2431 2151 2486 2173 co-

1415 2181 1606 2220 gnitionem.
1631 2183 1672 2214 Et
1695 2183 1787 2220 sicut,
1805 2193 2013 2225 quacumque
2030 2185 2102 2215 data
2125 2190 2215 2224 parte
2238 2184 2364 2222 infiniti,
2381 2186 2486 2218 adhuc

1415 2226 1548 2257 ulterior
1564 2226 1656 2258 datur
1670 2228 1704 2258 in
1720 2227 1894 2265 infinitum,
1911 2229 1964 2265 ita,
1982 2239 2189 2269 quacumque
2205 2230 2281 2266 visa,
2297 2229 2384 2261 videt
2398 2231 2487 2262 Deus

1415 2270 1617 2302 ulteriorem:
1644 2277 1684 2308 et,
1710 2282 1786 2304 cum
1809 2273 1898 2304 nulla
1919 2280 2084 2305 remaneat
2113 2274 2172 2304 sibi
2202 2274 2376 2314 incognita,
2399 2275 2487 2307 videt

1415 2320 1523 2346 tamen
1547 2316 1670 2346 nullam
1695 2326 1762 2347 esse
1787 2317 1943 2349 ultimam.
1969 2318 2010 2348 Et
2032 2319 2095 2348 hoc
2125 2324 2171 2349 est
2193 2319 2302 2357 ipsum
2324 2318 2486 2352 infinitum

1416 2359 1558 2400 perfecte
1582 2362 1735 2401 cognosci
1760 2371 1777 2391 a
1801 2361 1882 2392 Deo.

1472 2404 1554 2435 XIII.
1579 2404 1749 2443 Quantum
1772 2405 1812 2436 ad
1829 2412 1980 2446 quartum
1995 2408 2022 2443 *‚
2048 2417 2123 2438 cum
2140 2406 2302 2447 duplicem
2325 2417 2485 2448 ponamus

1415 2450 1448 2480 in
1461 2450 1533 2480 Deo
1549 2450 1727 2486 scientiam,
1740 2451 1860 2481 scilicet
1875 2452 2010 2482 visionis
2025 2458 2057 2481 et
2071 2452 2225 2492 simplicis
2241 2452 2484 2494 intellig-entiae,

1415 2495 1522 2535 inquit
1545 2494 1680 2526 Sanctus
1697 2495 1842 2526 Thomas
1856 2496 1963 2527 Deum
1988 2505 2185 2536 cognoscere
2207 2495 2332 2527 infinita
2354 2499 2485 2529 scientia

1416 2539 1570 2579 simplicis
1592 2539 1831 2580 intelligentiae,
1848 2542 1924 2580 quia
1943 2542 2111 2581 cognoscit
2134 2551 2170 2571 ea
2187 2549 2271 2580 quae
2286 2547 2360 2572 sunt
2375 2543 2408 2572 in
2423 2552 2485 2584 po-

1415 2584 1514 2614 tentia
1526 2593 1583 2613 sua
1596 2590 1627 2614 et
1639 2589 1811 2621 creaturae,
1820 2594 1904 2626 quae
1916 2593 1991 2616 sunt
2002 2585 2139 2616 infinita:
2154 2594 2221 2615 non
2233 2591 2341 2616 autem
2353 2587 2484 2618 scientia

1414 2628 1556 2664 visionis,
1570 2629 1645 2667 quia
1661 2637 1699 2658 ea
1714 2637 1797 2668 quae
1810 2629 1983 2670 aliquando
2000 2635 2075 2660 sunt
2090 2634 2163 2660 actu
2179 2638 2246 2659 non
2262 2635 2337 2660 sunt
2348 2629 2481 2662 infinita.

1469 2672 1517 2702 Ex
1535 2681 1602 2712 quo
1618 2673 1764 2712 sequitur
1778 2674 1935 2704 maiorem
1953 2674 2095 2710 rationis,
2110 2683 2174 2714 qua
2189 2673 2234 2703 sic
2254 2675 2444 2714 arguebatur
2454 2677 2480 2712 ⁴¹⁸,

1414 2716 1609 2757 Singularia
1630 2722 1709 2747 sunt
1726 2717 1865 2758 infinita,
1885 2717 1950 2748 Sed
1967 2719 2127 2759 infinitum
2144 2723 2192 2748 est
2212 2718 2370 2758 ignotum,
2386 2719 2480 2761 Ergo

1415 2770 1480 2791 non
1501 2762 1672 2802 cognoscit
1685 2762 1882 2803 singularia,
1901 2772 1970 2794 esse
1989 2762 2112 2793 falsam.
2134 2762 2209 2793 Non
2226 2767 2300 2793 sunt
2315 2763 2401 2794 enim
2417 2764 2480 2794 sin-

1413 2805 1535 2845 gularia
1549 2805 1687 2838 infinita:
1713 2816 1789 2837 cum
1803 2808 1979 2847 generatio,
1995 2807 2174 2838 secundum
2190 2806 2297 2842 fidem,
2315 2816 2353 2837 ex
2368 2813 2481 2838 neutra

1414 2855 1502 2890 parte
1526 2851 1566 2881 sit
1589 2849 1723 2881 infinita.

1470 2904 1500 2925 2.
1525 2894 1589 2926 Sed
1611 2896 1750 2926 occurrit
1766 2895 1916 2927 dubium:
1941 2896 2016 2936 quia
2039 2895 2174 2926 Sanctus
2190 2895 2333 2926 Th0mas
2356 2895 2481 2927 videtur

1413 2939 1545 2980 sibiipsi
1562 2939 1790 2971 contradicere.
1807 2940 1890 2971 Nam
1907 2941 1940 2970 in
1953 2940 2204 2978 Quaestionibus
2217 2939 2256 2970 de
2267 2939 2371 2976 Verit„
2386 2950 2416 2980 q.
2428 2950 2478 2977 xx,

1413 2994 1440 3014 a.
1457 2994 1489 3024 4,
1513 2984 1554 3015 ad
1573 2993 1600 3021 1,
1623 2990 1654 3015 et
1678 2985 1783 3015 Prima
1806 2985 1908 3021 Parte,
1932 2994 1963 3024 q.
1980 2995 2042 3021 xrv,
2066 2995 2094 3015 a.
2117 2993 2164 3020 12,
2189 2990 2277 3014 tenet
2299 2984 2388 3024 quod
2410 2994 2478 3015 non

1411 3029 1519 3059 solum
1537 3035 1656 3069 potest,
1671 3029 1818 3060 absolute
1841 3029 2018 3070 loquendo,
2034 3029 2122 3059 Deus
2139 3038 2333 3069 cognoscere
2355 3027 2479 3059 infinita

1411 3074 1544 3104 scientia
1566 3074 1709 3110 visionis,
1725 3074 1782 3105 sed
1805 3075 1902 3105 etiam
1924 3083 2012 3104 nunc
2036 3073 2075 3103 de
2098 3073 2183 3104 facto
2207 3073 2382 3112 cognoscit,
2403 3074 2478 3113 quia

1411 3119 1580 3159 cognoscit
1611 3117 1751 3149 infinitas
1782 3119 1993 3159 cogitationes
2023 3117 2261 3153 damnatorum,
2291 3117 2321 3147 si
2350 3118 2478 3148 animae

1410 3163 1641 3193 damnatorum
1665 3168 1844 3204 perpetuae
1871 3167 1948 3193 sunt
1970 3167 2002 3192 et
2029 3162 2146 3192 habent
2175 3161 2329 3192 volubiles
2353 3162 2478 3202 cogita-

1410 3208 1524 3238 tiones.
1549 3207 1652 3238 Cuius
1676 3207 1865 3248 oppositum
1889 3208 1941 3238 hic
1964 3206 2087 3237 dicitur.

1465 3251 1694 3292 Respondetur
1708 3252 1799 3292 quod
1818 3253 1882 3282 hoc
1905 3252 1980 3282 loco
2004 3251 2148 3290 loquitur
2171 3250 2210 3280 de
2233 3250 2353 3280 naturis
2375 3250 2478 3280 subsi-

1410 3297 1580 3328 stentibus:
1604 3297 1680 3336 quia
1704 3302 1929 3337 argumentum
1956 3296 2160 3335 supponebat
2182 3294 2352 3334 singularia
2374 3295 2477 3325 subsi-

1410 3342 1524 3371 stentia
1549 3351 1617 3371 esse
1641 3340 1774 3371 infinita.
1806 3341 1854 3371 De
1878 3341 1944 3371 istis
1968 3340 2055 3370 enim
2082 3349 2150 3369 non
2174 3345 2220 3369 est
2243 3348 2356 3368 verum
2387 3339 2477 3379 quod

1410 3386 1542 3416 scientia
1565 3386 1697 3416 visionis
1726 3385 1850 3416 infinita
1881 3389 2069 3424 cognoscat:
2095 3384 2171 3423 quia
2199 3383 2288 3413 Deus
2310 3392 2378 3413 non
2401 3393 2477 3423 pro-

1410 3430 1508 3461 ducet
1522 3429 1647 3460 infinita
1662 3430 1874 3460 subsistentia.
1891 3447 1913 3450 —
1929 3428 1964 3458 In
1980 3427 2230 3466 Quaestionibus
2246 3432 2354 3457 autem
2370 3426 2409 3458 de
2421 3427 2477 3458 Ve-

1411 3475 1508 3505 ritate
1523 3480 1555 3505 et
1569 3475 1603 3505 in
1618 3474 1724 3504 Prima
1740 3474 1832 3504 Parte
1849 3473 1994 3513 loquitur
2013 3472 2168 3508 absolute,
2181 3476 2218 3501 ut
2232 3472 2328 3501 etiam
2345 3471 2479 3502 scientia

1410 3519 1540 3549 visionis
1557 3518 1596 3549 ad
1612 3517 1788 3548 accidentia
1804 3523 1835 3548 et
1850 3527 1917 3547 non
1933 3526 1990 3557 per
2013 3526 2046 3546 se
2066 3516 2267 3546 subsistentia
2286 3514 2475 3546 extenditur.

1410 3563 1463 3595 Sic
1483 3565 1570 3594 enirn
1593 3562 1717 3594 infinita
1740 3562 1870 3593 scientia
1885 3560 2017 3591 visionis
2038 3560 2218 3600 cognoscit:
2240 3560 2322 3590 sicut
2336 3559 2477 3591 infinitas

1409 3614 1514 3649 partes
1537 3607 1694 3644 continui,
1719 3612 1751 3637 et
1773 3605 1912 3636 infinitas
1935 3605 2146 3645 cogitationes
2169 3604 2404 3635 damnatorum.

2514 2408 2522 2416 ·
2537 2406 2573 2428 Cf.
2589 2407 2638 2429 init.
2656 2409 2724 2430 Com-

2514 2438 2584 2455 ment.

2510 2677 2518 2684 ·
2544 2676 2601 2703 Cap.
2630 2681 2693 2701 Lxm,

2510 2701 2605 2729 Quinta.
