2768 4134
42 548 237 576 ’Lib.1.cap.x1.w

39 761 47 769 ·
54 760 104 780 Lib.
112 760 128 784 Ι,
136 765 249 785 cap.r.x1x.

36 1244 126 1272 'Lib.1‚
133 1251 250 1273 3331111.

34 2203 42 2211 ·
58 2200 92 2222 Cf.
111 2200 243 2222 Comment.

32 2233 82 2255 cap.
97 2233 165 2254 xxm,
180 2227 230 2249 init.

285 307 359 344 332

284 383 402 420 divini
432 382 590 419 effectus
618 380 1011 430 comprehendantur,
1045 390 1200 427 semper
1227 378 1268 414 in
1296 378 1351 415 di-

282 436 373 472 vina
396 434 558 471 essentia
586 442 642 470 est
670 442 712 470 ut
740 445 807 470 eos
836 433 1004 469 excedat.
1035 432 1084 469 Et
1106 431 1157 468 ita
1179 430 1352 491 plurium

283 487 377 525 ratio
407 499 489 524 esse
517 486 648 536 possit.
687 485 854 523 Divinus
892 485 1005 534 igitur
1032 484 1255 530 intellectus,
1285 484 1352 534 qui

240 541 444 591 ¹-perfecte
473 539 647 576 divinam
675 539 881 576 essentiam
910 537 1116 587 cognoscit,
1137 545 1178 574 ut
1201 549 1319 587 supra
1333 537 1353 559 ’¹‘

281 602 481 631 ostensum
509 601 576 639 est,
605 605 767 630 omnem
794 592 983 629 finitatem
1012 592 1223 628 effectuum
1251 598 1351 628 tran-

280 646 437 684 scendit.
466 647 560 683 Non
588 645 701 694 igitur
719 658 765 683 ex
785 645 1008 683 necessitate
1027 645 1075 681 ad
1096 645 1169 680 hos
1188 645 1250 680 vel
1269 643 1352 681 illos

280 701 440 737 effectus
468 707 694 737 coarctatur.

332 754 438 789 Item.
470 753 597 802 Supra
625 760 825 790 ostensum
855 760 909 788 est
929 751 949 772 '³‘
977 751 1084 799 quod
1113 749 1270 787 divinus
1295 749 1351 787 in-

278 807 450 843 tellectus
485 805 727 843 infinitorum
763 814 818 842 est
853 803 1037 853 cognitor.
1074 803 1182 840 Deus
1219 811 1351 840 autem

278 871 348 909 per
374 859 433 897 sui
461 858 673 896 intellectus
701 858 900 896 scientiam
919 868 979 893 res
998 856 1177 906 producit
1195 856 1235 893 in
1255 868 1349 894 esse.
1367 872 1392 887 ιο

280 912 492 950 Causalitas
511 912 624 961 igitur
642 911 762 949 divini
783 912 994 948 intellectus
1023 910 1071 947 ad
1100 909 1231 946 finitos
1260 910 1350 947 effe-

278 974 362 1003 ctus
390 978 471 1003 non
500 973 724 1003 coarctatur.

333 1018 522 1068 Amplius.
541 1018 580 1056 Si
600 1018 719 1055 divini
739 1018 950 1055 intellectus
969 1016 1170 1054 causalitas
1190 1016 1239 1054 ad
1259 1016 1349 1053 effe-

279 1080 363 1109 ctus
396 1071 557 1121 aliquos,
592 1071 702 1121 quasi
739 1072 787 1108 de
825 1069 1048 1107 necessitate
1084 1081 1213 1118 agens,
1242 1081 1349 1107 coar-

279 1133 453 1170 ctaretur,
483 1126 559 1162 hoc
587 1132 685 1161 esset
722 1132 898 1174 respectu
933 1123 1090 1161 illorum
1118 1122 1186 1173 qui
1223 1123 1272 1160 ab
1301 1135 1373 1160 eo¹

277 1178 548 1227 producuntur
567 1177 606 1214 in
626 1189 720 1214 esse.
743 1178 830 1215 Hoc
849 1184 981 1214 autem
1001 1188 1084 1214 esse
1104 1188 1185 1213 non
1204 1183 1347 1226 potest:

278 1242 370 1268 cum
403 1242 519 1280 supra
537 1230 558 1252 ²¹⁶
590 1239 792 1268 ostensum
825 1229 870 1267 sit
899 1230 1007 1279 quod
1040 1230 1148 1267 Deus
1181 1229 1350 1278 intelligit

278 1284 393 1321 etiam
413 1295 513 1333 quae
534 1296 739 1334 nunquam
759 1291 849 1321 sunt
868 1296 941 1322 nec
960 1291 1072 1321 erunt
1090 1294 1163 1320 nec
1181 1283 1347 1320 fuerunt.

277 1337 370 1374 Non
405 1336 517 1386 igitur
545 1338 652 1375 Deus
680 1337 755 1386 agit
783 1350 830 1374 ex
858 1336 1080 1374 necessitate
1114 1335 1173 1374 sui
1206 1336 1349 1374 intelle-

277 1398 360 1427 ctus
388 1391 450 1427 vel
479 1390 671 1428 scientiae.

330 1444 541 1481 Praeterea.
572 1444 715 1481 Divina
743 1443 900 1481 scientia
928 1451 1178 1503 comparatur
1212 1443 1263 1480 ad
1290 1455 1351 1480 res

275 1497 324 1533 ab
353 1496 438 1546 ipso
467 1498 676 1547 productas
712 1497 808 1534 sicut
845 1496 1001 1534 scientia
1029 1496 1185 1534 artificis
1213 1496 1262 1533 ad
1291 1508 1351 1533 res

275 1550 503 1589 artificiatas.
538 1551 744 1599 Quaelibet
779 1558 911 1588 autem
946 1562 1007 1587 ars
1035 1562 1076 1587 se
1105 1549 1273 1587 extendit
1301 1550 1351 1587 ad

276 1604 409 1642 omnia
423 1617 524 1654 quae
542 1613 707 1654 possunt
722 1603 910 1642 contineri
930 1604 1003 1641 sub
1017 1615 1157 1652 genere
1177 1602 1350 1640 subiecto

774 1735 787 1760 5
807 1734 940 1768 finitatem]
960 1733 1111 1764 infinitatem
1130 1734 1241 1760 aDYPc.

678 1770 711 1796 18
731 1770 808 1805 quae]
827 1770 900 1804 quod
919 1770 968 1796 ax.

656 1815 671 1840 7
692 1806 771 1840 enim]
790 1811 878 1832 autem
897 1806 929 1837 N,
946 1813 1011 1831 vero
1030 1806 1074 1831 Pc.

580 1841 707 1875 ordinate]
727 1850 834 1867 suos...
853 1841 1022 1867 determinate
1041 1841 1072 1866 D.

330 1735 343 1761 3
363 1735 455 1769 possit]
474 1741 565 1769 posset
584 1736 669 1761 αΧΡε.

277 1771 308 1796 15
329 1771 383 1804 qui]
403 1779 472 1804 quae
490 1771 576 1797 EWZ.

331 1814 344 1832 2
363 1807 421 1840 arti]
440 1806 501 1832 artis
522 1807 565 1832 Pe.

277 1849 306 1867 21
330 1842 529 1868 determinatos.
539 1860 561 1868 ..

1342 1734 1358 1760 6
1378 1734 1418 1769 ex]
1438 1735 1471 1760 de
1489 1735 1566 1760 EGZ.

1068 1777 1204 1804 nunquam
1223 1778 1266 1796 om
1287 1770 1313 1802 d,
1331 1777 1381 1796 nec
1399 1771 1427 1796 P.

1167 1805 1199 1831 13
1219 1805 1438 1839 philosophorum
1457 1813 1501 1832 om
1520 1806 1634 1832 GNWZ.

767 303 955 340 SUMMA
986 301 1209 338 CONTRA
1238 301 1514 346 GENTILES,
1544 302 1638 338 LIB.
1661 302 1702 346 ΙΙ,
1733 301 1844 337 CAP.
1866 302 2002 338 XXVI.

1408 378 1508 414 illius
1536 377 1643 415 artis:
1674 377 1772 415 sicut
1800 390 1861 415 ars
1889 378 2150 416 aedificatoria
2178 381 2227 418 ad
2256 393 2394 419 omnes
2413 382 2483 419 do-

1408 443 1507 468 mos.
1525 431 1661 468 Genus
1680 439 1812 468 autem
1832 431 2051 468 subiectum
2065 431 2221 470 divinae
2236 434 2306 471 arti
2324 442 2380 472 est
2394 447 2481 473 ens:

1408 496 1501 521 cum
1521 483 1620 544 ipse
1654 496 1725 534 per
1759 497 1877 522 suurn
1911 484 2148 523 intellectum
2183 485 2230 523 sit
2265 486 2484 526 universale

1407 536 1645 587 principium
1673 537 1782 584 entis,
1801 546 1844 575 ut
1868 546 2069 576 ostensum
2099 546 2155 576 est
2173 538 2204 576 *.
2234 539 2350 588 Igitur
2377 540 2483 580 intel-

1375 591 1528 627 slectus
1556 590 1713 628 divinus
1740 591 1791 628 ad
1819 591 1953 629 omnia
1980 592 2124 642 quibus
2153 592 2250 630 entis
2277 593 2374 631 ratio
2402 606 2484 632 non

1409 651 1608 703 repugnat,
1628 656 1743 682 suam
1761 644 2024 683 causalitatem
2043 645 2229 684 extendit:
2257 647 2484 685 huiusmodi

1408 696 1513 734 enim
1543 696 1688 744 omnia,
1717 705 1910 747 quantum
1939 706 1995 736 est
2023 699 2072 737 de
2101 712 2152 746 se,
2173 707 2262 738 nata
2291 708 2382 738 sunt
2409 700 2483 738 sub

1407 757 1494 787 ente
1523 749 1722 788 contineri.
1752 751 1847 788 Non
1875 751 1988 800 igitur
2014 752 2171 791 divinus
2197 753 2411 792 intellectus
2435 755 2484 792 ad

1407 803 1559 853 aliquos
1586 803 1863 842 determinatos
1891 805 2052 843 effectus
2079 814 2305 845 coarctatur.

1459 856 1564 894 Hinc
1591 865 1648 894 est
1675 857 1784 907 quod
1812 857 1853 895 in
1881 859 2038 896 Psalmo
2063 858 2084 880 ⁸
2125 859 2280 898 dicitur:
2310 863 2520 912 Magnus·

1405 911 1604 957 Dominus,
1625 917 1659 947 et
1685 922 1831 961 magna
1858 913 1976 949 virtus
2003 913 2093 959 eius,
2113 919 2148 950 el
2173 916 2380 963 sapientiae
2406 916 2484 952 eius

1407 976 1482 1001 non
1512 970 1564 1001 est
1591 976 1781 1001 numerus.

1459 1017 1534 1054 Per
1561 1017 1659 1055 haec
1687 1024 1819 1055 autem
1847 1017 2064 1055 excluditur
2082 1019 2335 1068 quorundam
2357 1020 2483 1070 philo-

1405 1070 1624 1119 sophorum
1652 1069 1793 1120 positio
1822 1069 2035 1109 dicentium
2064 1073 2173 1132 quod
2202 1084 2250 1110 ex
2277 1074 2355 1111 hoc
2373 1074 2483 1123 quod

1365 1123 1513 1161 xDeus
1541 1123 1715 1173 seipsum
1734 1123 1914 1172 intelligit,
1933 1124 2021 1162 fluit
2047 1125 2098 1162 ab
2125 1125 2212 1176 ipso
2240 1126 2290 1164 de
2317 1126 2482 1164 necessi-

1403 1184 1479 1213 tate
1498 1176 1582 1214 talis
1601 1188 1732 1214 rerum
1751 1177 1972 1227 dispositio:
2003 1178 2114 1228 quasi
2133 1191 2215 1216 non
2234 1191 2308 1217 suo
2326 1179 2483 1218 arbitrio

1404 1229 1539 1267 limitet
1567 1229 1717 1279 singula
1751 1238 1788 1268 et
1823 1231 2006 1269 universa
2034 1231 2225 1282 disponat,
2255 1232 2354 1270 sicut
2383 1232 2483 1271 fides

1406 1282 1605 1321 Cathoiica
1632 1283 1846 1334 profitetur.

1460 1336 1674 1374 Sciendum
1702 1345 1834 1375 tamen
1856 1338 1976 1387 quod,
1997 1338 2180 1388 quamvis
2197 1338 2356 1378 divinus
2373 1339 2482 1378 intel-

1366 1409 1391 1424 20
1405 1391 1526 1428 lectus
1553 1390 1602 1428 ad
1631 1398 1757 1428 certos
1785 1390 1945 1428 effectus
1973 1402 2056 1429 non
2079 1400 2307 1439 coarctetur,
2326 1393 2409 1443 ipse
2427 1401 2482 1431 ta-

1405 1455 1498 1480 men
1527 1443 1599 1480 sibi
1627 1443 1756 1481 statuit
1782 1444 2058 1482 determinatos
2086 1445 2247 1483 effectus
2274 1458 2376 1496 quos
2412 1457 2483 1497 per

1406 1509 1519 1534 suam
1539 1496 1768 1547 sapientiam
1788 1497 1963 1536 ordinate
1981 1498 2190 1548 producat:
2211 1498 2309 1537 sicut
2327 1501 2482 1551 Sapien-

1405 1551 1479 1587 tiae
1504 1562 1539 1587 111
1549 1553 1572 1570 ²¹
1603 1549 1759 1588 dicitur:
1794 1551 1932 1590 Omnia
1970 1553 2007 1590 in
2046 1564 2218 1599 numero,
2241 1553 2414 1604 pondere
2448 1559 2483 1592 et

1407 1615 1585 1641 mensura
1613 1603 1831 1654 disposuisti,
1860 1605 2035 1643 Domine.

1656 1735 1708 1770 vel]
1727 1736 1770 1762 vel
1795 1736 1828 1762 ad
1851 1737 1895 1762 Pc.
1995 1744 2029 1770 ¹4
2048 1738 2231 1773 coarctaretur]
2250 1743 2377 1766 artaretur
2395 1736 2482 1778 aWX·

1728 1807 1760 1833 16
1779 1807 1857 1841 quasi
1876 1807 1940 1842 11011]
1958 1808 2035 1842 quani
2054 1809 2101 1841 αΖ,
2121 1810 2196 1843 quasi
2215 1810 2237 1836 51
2255 1810 2288 1843 X,
2303 1817 2364 1836 cum
2378 1811 2436 1845 ipae
2448 1811 2482 1838 D.

1042 1956 1380 1990 commentaria
1407 1957 1719 1991 Fen-ariensis

329 2071 474 2092 OSTQUAM
498 2062 638 2092 ostendit
658 2061 794 2092 Sanctus
818 2062 963 2093 Thomas
987 2062 1078 2103 quod
1093 2062 1184 2093 Deus
1201 2072 1270 2093 non
1285 2062 1350 2103 agit
1373 2062 1377 2102 Ι

277 2073 386 2147 pper
408 2107 630 2137 necessitatem
661 2112 804 2143 naturae,
836 2106 892 2137 sed
922 2116 980 2147 per
1011 2107 1213 2138 voluntatem
1242 2113 1274 2137 et
1301 2116 1349 2137 sa-

272 2151 427 2191 pientiam
456 2160 562 2187 suam,
586 2151 721 2181 ulterius
745 2150 886 2181 ostendit
910 2151 1000 2191 quod
1023 2160 1132 2192 neque
1156 2161 1214 2192 per
1237 2161 1349 2182 neces-

272 2196 398 2226 sitatem
421 2195 604 2226 intellectus
628 2201 781 2236 operetur
796 2196 822 2225 ’ἱ

329 2240 351 2270 1.
376 2240 417 2270 Ε1
439 2240 532 2280 ponit
554 2240 638 2270 hanc
662 2240 926 2270 conclusionem:
952 2240 1095 2270 Scientia
1117 2240 1190 2275 Dei,
1209 2241 1259 2271 vel
1280 2242 1349 2271 eius

273 2285 463 2319 intellectus,
489 2284 587 2314 nullis
611 2284 782 2325 effectuum
807 2284 960 2315 limitibus
984 2290 1184 2315 coarctatur.

329 2328 391 2359 Pro
415 2329 508 2359 cuius
538 2328 766 2365 declaratione,
790 2327 972 2360 notandum
1001 2334 1049 2359 est
1080 2329 1171 2369 quod
1202 2338 1270 2360 non
1300 2329 1349 2360 10-

274 2373 383 2412 quitur
406 2373 542 2403 Sanctus
566 2372 711 2403 Thomas
733 2373 798 2403 hoc
828 2373 904 2403 loco
928 2373 969 2404 de
997 2373 1131 2404 scientia
1157 2373 1219 2404 Dei
1245 2379 1278 2404 et
1299 2374 1349 2404 in-

274 2417 404 2448 tellectu
433 2423 469 2447 ut
498 2417 694 2457 speculative
725 2417 912 2457 simpliciter
942 2424 1131 2449 sumuntur:
1157 2417 1213 2448 sed
1237 2423 1273 2448 ut
1296 2427 1349 2448 su-

274 2467 407 2492 muntur
416 2461 573 2502 practice,
586 2467 640 2492 aut
656 2461 843 2502 simpliciter
855 2467 910 2492 aut
926 2461 1106 2493 secundum
1120 2461 1209 2502 quid.
1223 2462 1349 2493 Dicitur

274 2512 382 2536 autem
398 2506 462 2536 hoc
478 2505 580 2536 modo
593 2506 725 2537 scientia
740 2506 877 2537 alicuius
893 2507 1047 2537 coarctari
1064 2507 1104 2538 ad
1120 2506 1349 2538 determinatos

274 2550 417 2586 effectus,
442 2550 574 2590 quando
605 2551 774 2590 cognoscit
803 2551 931 2591 aliquos
962 2550 1096 2582 effectus
1118 2550 1348 2592 producifflles,

274 2605 341 2625 non
366 2600 474 2626 autem
498 2603 622 2631 omnes,
647 2600 679 2625 et
701 2594 774 2625 illos
798 2595 838 2625 ad
862 2604 945 2635 quos
969 2605 1002 2626 se
1022 2595 1166 2627 extendit
1181 2595 1221 2626 de
1236 2605 1348 2627 neces-

274 2640 364 2670 sitate
381 2645 489 2670 causat
505 2649 565 2670 suo
581 2638 692 2669 modo.
718 2639 768 2669 Ad
792 2640 880 2670 hunc
896 2649 1027 2671 sensum
1047 2640 1196 2681 intelligit
1213 2639 1349 2671 Sanctus

274 2684 419 2714 Thomas
441 2683 531 2724 quod
555 2683 663 2714 divina
687 2684 829 2721 scientia,
854 2690 885 2714 et
909 2684 1038 2715 divinus
1062 2685 1255 2722 intellectus,
1279 2695 1348 2716 non

273 2734 453 2759 coarctatur
468 2733 523 2759 aut
538 2728 692 2759 limitatur
708 2728 748 2759 ad
764 2728 994 2759 determinatos
1018 2728 1168 2760 effectus:
1195 2730 1271 2770 quia
1287 2730 1348 2760 sci-

272 2773 347 2803 licet
369 2782 437 2803 non
461 2772 568 2804 solum
593 2773 701 2813 aliqua
716 2772 931 2813 producibilia
947 2779 979 2804 et
994 2773 1122 2814 aliquos
1137 2773 1255 2805 modos
1271 2783 1348 2815 pro-

273 2817 463 2848 ducibilium
479 2817 569 2848 Deus
589 2826 650 2848 suo
674 2817 840 2848 intellectu
863 2827 989 2858 suaque
1011 2819 1145 2849 scientia
1167 2819 1348 2859 cognoscit,

273 2861 328 2892 sed
353 2862 448 2892 etiam
473 2862 584 2892 omnia
606 2861 821 2902 producibilia
837 2868 868 2893 et
884 2872 999 2893 omnes
1015 2862 1132 2894 modos
1148 2873 1255 2894 rerum
1271 2873 1348 2904 pro-

273 2905 473 2937 ducibilium.
498 2905 576 2937 Ideo
598 2915 667 2937 non
690 2907 900 2938 necessitatur
922 2906 963 2938 ad
987 2908 1048 2938 hos
1072 2906 1205 2939 effectus
1225 2907 1347 2949 produ-

273 2950 394 2981 cendos
425 2956 456 2981 et
485 2960 553 2981 non
587 2950 667 2981 alios
701 2951 777 2991 quia
812 2951 993 2982 intellectus
1023 2961 1100 2983 suus
1131 2952 1170 2983 sit
1201 2951 1240 2984 ad
1267 2953 1347 2984 istos

273 2994 520 3035 cognoscendos
544 2994 786 3032 determinatus,
811 3001 842 3026 et
865 3005 934 3026 non
962 2996 1002 3026 ad
1025 2996 1105 3028 alios
1128 3006 1162 3027 se
1186 2996 1346 3028 extendat.

328 3039 365 3070 ll.
389 3040 554 3070 Probatur
571 3040 692 3080 primo.
718 3040 834 3071 Divina
851 3041 998 3080 potentia
1014 3041 1053 3071 ad
1070 3041 1197 3081 aliquos
1214 3041 1347 3072 effectus

273 3093 340 3114 non
364 3084 527 3115 limitatur.
552 3084 639 3124 Ergo
662 3093 723 3115 1133
747 3084 875 3115 divinus
897 3085 1090 3116 intellectus
1111 3102 1134 3108 —
1154 3085 1244 3116 Patet
1267 3095 1347 3116 con-

273 3129 450 3168 sequentia.
474 3128 560 3167 Quia
577 3129 676 3165 Deus,
692 3138 785 3159 suam
801 3130 973 3160 essentiam
997 3130 1239 3169 cognoscendo,
1255 3139 1347 3162 com—

274 3173 442 3212 prehendit
470 3174 581 3204 omnia
609 3173 668 3204 alia
696 3182 780 3214 quae
804 3183 822 3204 a
845 3173 917 3204 Deo
941 3173 1118 3214 procedere
1141 3181 1289 3215 possunt,
1313 3176 1347 3206 in

275 3226 341 3256 quo
366 3218 475 3248 omnia
501 3217 690 3249 huiusmodi
716 3227 786 3248 esse
812 3227 870 3259 per
900 3217 1072 3259 aliqualem
1102 3219 1346 3251 similitudinem

275 3270 405 3295 necesse
429 3267 486 3297 est,
511 3262 593 3292 sicut
617 3262 750 3293 effectus
765 3262 883 3293 virtute
907 3263 1115 3293 continentur
1138 3263 1171 3294 in
1196 3273 1301 3294 causa.

330 3306 574 3337 Attendendum
589 3312 698 3337 autem
715 3305 806 3347 quod
821 3306 1015 3337 antecedens
1030 3307 1126 3338 huius
1149 3308 1282 3339 rationis
1297 3309 1346 3339 in-

275 3350 483 3389 telligendum
508 3357 556 3382 est
578 3351 617 3382 de
642 3352 786 3392 potentia
810 3351 871 3382 Dei
893 3351 1041 3382 absolute
1065 3356 1096 3382 et
1116 3352 1297 3383 secundum
1312 3362 1347 3384 se

277 3394 484 3425 considerata.
513 3395 565 3426 Sic
596 3396 683 3426 enim
713 3401 821 3436 potest
849 3396 883 3427 in
906 3405 1006 3427 omne
1037 3395 1127 3436 quod
1157 3397 1346 3437 participare

276 3443 381 3477 potest
403 3440 560 3470 rationem
586 3440 666 3470 entis
690 3439 780 3471 facti:
806 3445 837 3471 et
860 3439 935 3471 ideo
958 3449 1027 3471 non
1049 3440 1204 3472 limitatur
1228 3441 1268 3472 ad
1291 3442 1348 3472 ali-

277 3490 374 3520 quem
391 3492 563 3515 numerum
580 3483 781 3515 factibilium.
806 3484 839 3515 Si
863 3489 971 3516 autem
996 3483 1216 3515 consideretur
1231 3495 1347 3516 secun-

278 3525 354 3555 dum
379 3527 467 3566 quod
491 3529 659 3568 exequitur
682 3529 855 3569 imperium
882 3529 1057 3560 voluntatis
1080 3534 1111 3559 et
1134 3528 1346 3561 directionem

278 3569 437 3607 scientiae,
461 3581 527 3612 quo
551 3572 652 3603 modo
683 3573 798 3603 dicitur
828 3573 973 3614 potentia
1001 3573 1062 3604 Dei
1086 3573 1278 3604 ordinaria.-
1300 3575 1345 3606 sic

279 3618 324 3642 est
341 3613 379 3643 ad
396 3614 622 3647 determinatos
646 3616 778 3648 effectus
802 3617 951 3654 limitata;
975 3617 1135 3648 ordinavit
1154 3618 1241 3649 enim
1258 3617 1346 3650 Deus

277 3665 333 3685 sua
359 3659 511 3698 sapientia
535 3669 618 3699 quos
642 3660 774 3692 effectus
797 3641 977 3702 produceie
1002 3662 1087 3692 velit.

1459 2062 1511 2094 111.
1529 2062 1690 2094 Secundo.
1715 2064 1832 2095 Divina
1856 2065 1994 2096 essentia
2017 2071 2064 2096 est
2085 2065 2222 2097 infinita.
2245 2066 2333 2108 Ergo
2356 2067 2483 2100 exced‘n

1403 2108 1515 2138 omnia
1538 2108 1599 2138 alia
1622 2109 1655 2138 in
1679 2107 1854 2140 infinitum.
1884 2109 1970 2150 Ergo
2001 2114 2033 2140 et
2062 2109 2255 2142 intellectus.
2278 2129 2302 2134 —
2324 2111 2483 2144 Probatur

1402 2152 1507 2192 prima
1530 2153 1775 2193 consequentia.
1791 2153 1879 2192 Quia
1900 2152 2076 2191 infinitum,
2094 2155 2294 2195 quantalibet
2316 2155 2482 2188 additione

1402 2195 1571 2227 finitorum
1587 2196 1679 2234 facta,
1697 2197 1870 2238 adaequari
1892 2207 1961 2229 non
1977 2203 2086 2239 potest
2101 2199 2182 2240 quin
2196 2200 2231 2230 in
2246 2199 2412 2232 infinitum
2427 2210 2483 2233 ex-

1402 2240 1495 2272 cedat
1518 2242 1719 2282 quantalibet
1741 2241 1842 2279 finita,
1859 2243 1885 2274 si
1901 2244 1999 2274 etiam
2021 2252 2161 2275 numero
2184 2243 2310 2275 infinita
2333 2245 2481 2277 existant.

1404 2284 1524 2316 Omnia
1553 2292 1663 2317 autem
1693 2286 1754 2318 alia
1783 2293 1909 2328 praeter
1938 2287 2047 2319 Deum
2076 2293 2152 2319 sunt
2180 2287 2272 2319 finita
2298 2289 2481 2322 secundum

1402 2330 1591 2361 essentiam:
1616 2340 1693 2362 cum
1716 2331 1780 2362 sint
1802 2331 1844 2363 ad
1866 2341 1969 2372 genus
1992 2338 2025 2363 et
2046 2333 2190 2374 speciem
2213 2333 2357 2365 limitata.
2378 2351 2399 2357 —
2423 2334 2480 2366 Se·-

1401 2374 1507 2405 cunda
1531 2375 1628 2406 etiam
1652 2376 1817 2416 probatur.
1848 2376 1936 2415 Quia
1965 2375 2094 2408 divinus
2125 2377 2308 2408 intellectus
2337 2378 2480 2410 divinam

1402 2419 1573 2450 essentiam
1597 2419 1740 2460 perfecte
1764 2421 1943 2461 cognoscit.

1457 2463 1703 2495 Advertendum
1727 2465 1828 2505 quod,
1853 2475 1929 2497 cum
1952 2465 2094 2497 infinitas
2117 2465 2245 2497 divinae
2268 2467 2425 2499 essentiae
2439 2468 2481 2499 sit

1400 2506 1541 2539 infinitas
1564 2508 1747 2540 secundum
1763 2509 2015 2550 perfectionem;
2041 2511 2152 2541 omnia
2168 2516 2278 2542 autem
2293 2511 2365 2548 3113,
2381 2512 2480 2544 etiam

1400 2552 1427 2582 51
1450 2562 1590 2584 31131310
1607 2559 1713 2584 essent
1736 2553 1871 2591 infinita,
1888 2553 1997 2586 finitae
2013 2553 2222 2596 perfectionis
2241 2556 2315 2593 sint,
2331 2565 2373 2587 eo
2389 2556 2480 2597 quod

1401 2597 1573 2628 essentiam
1603 2596 1644 2628 ad
1674 2607 1777 2638 genus
1810 2603 1842 2629 et
1871 2598 1996 2639 species
2025 2599 2164 2630 habeant
2192 2600 2379 2631 limitatam·
2403 2600 2479 2632 ideo

1401 2641 1539 2672 essentia
1562 2641 1670 2673 divina
1691 2643 1726 2673 in
1748 2642 1914 2674 infinitum
1937 2643 2063 2675 excedit
2086 2645 2196 2675 omnia
2220 2650 2335 2682 creata,
2352 2649 2384 2676 et
2406 2645 2480 2697 plu-

1400 2685 1485 2716 rium
1501 2686 1640 2717 aliorum
1657 2688 1737 2718 ratio
1753 2687 1945 2740 productiva
1961 2698 2030 2719 esse
2046 2694 2166 2729 posset.
2185 2689 2232 2720 Ex
2249 2699 2317 2730 quo
2333 2690 2481 2730 sequitur

1401 2729 1492 2771 quod
1515 2731 1699 2762 intellectus
1721 2731 1860 2769 divinus,
1885 2733 1942 2773 qui
1971 2734 2141 2774 cognoscit
2169 2733 2313 2775 perfecte
2336 2733 2480 2773 divinam

1401 2775 1588 2812 essentiam,
1619 2781 1651 2807 et
1680 2785 1738 2828 per
1770 2785 1976 2817 consequens
2009 2778 2180 2819 cognoscit
2209 2779 2315 2819 ipsam
2344 2775 2480 2813 infinitis

1400 2819 1508 2850 modis
1530 2821 1714 2861 participari
1736 2829 1834 2861 posse
1849 2830 1868 2851 a
1883 2823 2047 2859 creaturis,
2071 2831 2205 2854 omnem
2229 2821 2387 2855 finitatem
2399 2821 2483 2858 ,effi-,¹

1401 2869 1514 2895 ctuum
1537 2874 1596 2896 sua
1619 2865 1808 2906 cognitione
1831 2865 2039 2898 transcendit.
2055 2866 2098 2898 Et
2111 2867 2158 2898 sic
2176 2876 2245 2898 3011
2268 2866 2480 2900 limitatus-ad

1401 2908 1631 2940 determinatos
1655 2909 1788 2942 effectus
1814 2909 2045 2951 producibiles,
2069 2912 2113 2942 ita
2133 2911 2228 2952 quod
2249 2911 2331 2944 alios
2353 2911 2395 2943 ab
2416 2910 2481 2944 11115

1400 2962 1469 2984 303
1493 2960 1679 2994 cognoscat.
1705 2954 1747 2986 Et
1769 2954 1834 2986 hoc
1858 2960 1906 2986 est
1929 2955 2026 2986 huius
2055 2956 2189 2987 rationis
2216 2955 2481 2995 fundamentum.

1455 2997 1596 3029 Adverte
1621 2997 1712 3039 quod
1734 3003 1840 3030 textus
1863 2998 1930 3030 fere
1953 3009 2069 3030 omnes
2091 2999 2221 3038 habent,
2245 3000 2274 3031 si
2296 3000 2413 3032 etiam
2417 3003 2478 3032 nni-

1400 3051 1490 3073 mero
1504 3042 1607 3084 finita
1631 3043 1775 3074 existant
1788 3044 1815 3074 ⁶.
1840 3042 1942 3082 Quod
1965 3044 1991 3074 si
2013 3044 2058 3075 ita
2072 3043 2179 3081 habet,
2195 3052 2309 3076 sensus
2324 3050 2372 3076 est
2387 3040 2514 3086 quod·

1399 3086 1563 3118 infinitum
1587 3083 1713 3118 excedit
1736 3066 1936 3128 quantalibet
1958 3087 2059 3126 finita,
2078 3089 2201 3120 53111331
2223 3089 2405 3120 secundum
2423 3091 2483 3121 u-

1400 3132 1548 3168 sentiam,
1571 3133 1680 3182 posito
1704 3132 1796 3172 quod
1818 3132 1873 3163 illa
1895 3133 1959 3164 sint
1981 3133 2079 3164 etiam
2101 3133 2284 3165 secundum
2302 3141 2478 3165 numerum

1400 3175 1506 3206 finita:
1531 3177 1608 3217 quia
1632 3176 1792 3213 videlicet,
1815 3177 1843 3211 si
1871 3183 1978 3208 essent
2005 3187 2144 3209 numero
2172 3177 2298 3209 infinita
2326 3177 2478 3209 habentia

1400 3229 1434 3251 53
1461 3229 1519 3260 per
1549 3219 1749 3252 additionem
1779 3219 1988 3262 perfectionis
2018 3222 2116 3254 unius
2145 3221 2186 3253 ad
2217 3222 2368 3258 alterum,
2393 3222 2479 3254 bene

1400 3270 1510 3305 posset
1533 3264 1698 3296 infinitum
1714 3264 1848 3306 aliquod
1863 3267 1995 3307 aequari
2011 3276 2029 3297 a
2044 3265 2143 3297 finitis
2165 3265 2346 3297 secundum
2370 3274 2477 3297 essen-

1400 3309 1487 3340 tiam.
1512 3309 1576 3340 Sed
1599 3314 1681 3350 puto
1697 3309 1857 3340 veriorem
1872 3314 1996 3342 textum
2019 3310 2136 3341 habere
2160 3308 2298 3351 irfinita.
2322 3309 2406 3341 Nam
2427 3311 2476 3342 iu-

1401 3352 1528 3384 finitum
1552 3353 1734 3385 secundum
1757 3355 1930 3386 essentiam
1954 3359 1986 3385 31
2008 3353 2254 3395 perfectionem,
2279 3362 2347 3394 quo
2373 3353 2476 3386 modo

1401 3397 1508 3428 divina
1523 3398 1661 3429 essentia
1677 3404 1725 3429 est
1747 3398 1883 3436 infinita,
1899 3398 2025 3430 excedit
2039 3398 2239 3439 quantalibet
2254 3397 2344 3429 finita
2359 3408 2476 3431 secun-

1400 3442 1479 3473 dum
1503 3443 1685 3480 essentiam,
1710 3443 1807 3474 etiam
1831 3442 1907 3475 dato
1930 3442 2021 3484 quod
2043 3443 2107 3474 sint
2129 3451 2267 3474 numero
2287 3442 2423 3480 infinita,
2438 3449 2476 3475 ut

1401 3487 1622 3527 exposuimus.

1455 3530 1607 3562 Similiter
1630 3530 1721 3572 quod
1742 3541 1804 3562 nos
1827 3531 1861 3562 in
1884 3530 2096 3562 conclusione
2113 3532 2334 3571 exposuimus,
2349 3531 2474 3563 intelle-

1400 3580 1489 3606 ctum
1513 3575 1700 3616 cognitione
1722 3584 1781 3607 sua
1802 3573 2027 3606 transcendere
2051 3581 2201 3615 oportere
2213 3575 2380 3618 finitatem
2396 3585 2414 3606 e
2440 3585 2472 3606 e-

1400 3624 1519 3655 ctuum,
1543 3625 1649 3651 textus
1679 3619 1745 3651 fere
1767 3628 1882 3651 omnes
1911 3619 2031 3651 habent
2059 3619 2250 3661 infinitatem
2271 3621 2298 3651 ⁶.
2322 3619 2400 3658 Quo

1400 3664 1443 3693 ita
1459 3664 1564 3700 habet,
1581 3663 1827 3704 intelligendum
1851 3669 1898 3694 351
1921 3663 1961 3694 de
1985 3663 2142 3695 infinitate
2165 3664 2330 3696 materiali.
2346 3664 2472 3695 Verun-

2512 549 2595 577 ‘cap.
2606 556 2645 571 xv.

2535 866 2572 888 Pa.
2583 871 2661 894 cani,
2670 872 2690 895 5.
2739 884 2749 894 ,

2529 3058 2564 3082 Cf.
2574 3062 2630 3082 text.
2638 3063 2660 3082 et
2669 3066 2720 3083 var

2446 3621 2473 3652 si
2500 3620 2509 3630 ·
2524 3619 2560 3642 ef.
2570 3623 2656 3642 133331
2665 3626 2715 3643 var.
