2768 4134
5 606 9 610 ⁴
25 583 36 593 ⁶
50 581 119 604 Num.
136 586 152 602 ι.

37 3064 171 3091 ·1Poster.‚
183 3070 215 3091 tv,
223 3070 247 3092 9;

38 3098 56 3114 ι.
70 3090 118 3114 Th.
132 3091 148 3113 Ι.
164 3097 196 3114 ιι.

35 3491 45 3502 ·
61 3489 118 3518 Cap.
134 3495 164 3511 ιι.

725 274 914 311 SUMMA
943 274 1165 311 CONTRA
1194 272 1469 319 GENTILES,
1499 273 1593 309 LIB.
1614 274 1655 318 II,
1686 272 1798 310 CAP.
1820 273 1915 317 LIV,
1935 272 2016 308 LV.

324 356 373 386 Ex
398 364 466 395 quo
490 354 637 394 sequitur
660 354 766 390 tertio,
792 354 883 394 quod
907 364 990 394 quae
1018 359 1265 394 consequuntur
1282 363 1341 394 po-

267 401 402 432 tentiam
426 405 458 430 et
480 404 589 429 actum
613 399 808 438 inquantum
832 399 1030 435 huiusmodi,
1055 405 1130 429 sunt
1154 399 1343 429 communia

267 445 486 476 materialibus
511 449 543 474 et
571 443 835 474 immaterialibus
860 445 983 474 creatis.
1012 443 1106 481 Quae
1133 449 1242 474 autem
1269 448 1343 473 sunt

267 490 398 531 propria
426 489 578 520 materiae
602 493 633 518 et
663 487 786 518 formae
814 488 1007 528 inquantum
1034 487 1233 524 huiusmodi,
1265 497 1344 517 con-

268 536 406 566 veniunt
428 539 555 564 tantum
579 533 763 563 substantiis
786 533 1013 563 materialibus.

326 580 378 610 ΠΙ.
403 578 499 609 Circa
524 577 558 608 id
582 577 672 618 quod
699 578 732 607 in
760 578 852 607 tertia
875 577 1052 608 differentia
1079 577 1195 608 dicitur
1206 578 1233 613 *‚
1262 586 1344 616 quo-

270 626 358 655 niam
386 623 507 654 scilicet
525 623 644 664 forma
673 627 720 652 est
746 622 779 652 id
805 632 868 662 quo
897 628 952 658 est,
981 628 1012 653 et
1037 632 1106 653 esse
1129 621 1162 652 id
1185 631 1248 662 quo
1272 621 1345 651 sub-

269 669 391 700 stantia
418 667 650 698 denominatur
676 677 742 701 ens,
775 666 1005 698 advertendum
1033 666 1124 707 quod
1150 672 1216 697 tam
1241 665 1346 696 forma

271 723 370 754 quam
391 722 460 743 esse
484 718 531 743 est
554 712 587 742 id
611 722 678 752 quo
703 712 924 752 compositum
951 718 1009 748 est,
1036 711 1092 742 sed
1120 709 1344 742 diversimode.

270 758 390 789 Forma
429 758 516 787 enim
551 763 598 787 est
633 766 700 797 quo
735 762 781 787 est
812 756 933 796 aliquid
963 762 1118 796 tanquam
1149 755 1346 796 principium

273 802 420 839 formale,
451 802 543 832 cuius
571 801 703 832 effectus
733 801 876 831 formalis
907 807 954 832 est
987 811 1077 831 esse:
1113 801 1195 830 sicut
1229 799 1346 829 albedo

271 853 318 878 est
345 856 413 887 quo
444 852 492 877 est
521 846 643 886 aliquid
673 846 792 877 album.
825 846 902 877 Ideo
934 845 1013 876 dixit
1040 845 1176 876 Sanctus
1201 844 1346 874 Thomas

272 891 363 932 quod
377 892 498 934 forma
515 896 624 932 potest
646 891 711 922 dici
733 901 797 932 quo
821 896 869 922 est
889 891 974 921 sicut
996 889 1122 920 essendi
1134 889 1345 930 principium.

272 937 352 968 Esse
376 942 484 967 autem
509 942 556 967 est
579 945 646 976 quo
671 937 847 966 substantia
863 941 911 966 est
934 936 1018 965 sicut
1040 940 1130 965 actus
1154 943 1221 974 quo
1246 933 1346 964 deno-

273 982 415 1012 minatur
447 991 513 1012 ens.
545 981 636 1011 Licet
668 981 754 1011 enim
785 979 889 1011 forma
920 979 1014 1010 faciat
1045 978 1346 1011 denominationem

273 1036 366 1057 suam
395 1027 588 1066 inquantum
619 1024 734 1062 forma,
762 1026 801 1055 ab
826 1026 932 1055 anima
963 1024 1050 1054 enim
1079 1023 1195 1053 dicitur
1225 1022 1347 1063 aliquid

272 1071 452 1101 animatum
460 1078 472 1107 ;
499 1080 567 1100 non
595 1076 704 1100 tamen
731 1069 807 1100 facit
838 1068 1138 1100 denominationem
1167 1067 1347 1098 secundum

271 1117 335 1146 hoc
366 1125 489 1146 nomen
517 1115 658 1146 existens
685 1115 751 1145 sive
783 1122 859 1144 ens:
892 1123 961 1144 non
984 1113 1071 1143 enim
1096 1112 1135 1143 ab
1164 1113 1271 1143 anima
1298 1122 1347 1142 res

272 1162 412 1191 animata
436 1160 664 1191 denominatur
687 1169 743 1189 ens
767 1159 833 1189 sive
857 1158 1007 1194 existens,
1033 1157 1088 1188 sed
1112 1158 1151 1187 ab
1171 1158 1243 1197 ipso
1268 1167 1347 1187 esse.

271 1206 329 1236 Est
345 1215 422 1246 ergo
446 1204 551 1235 forma
567 1203 601 1235 id
619 1213 687 1244 quo
711 1203 833 1244 aliquid
849 1209 896 1233 est
912 1208 1067 1243 tanquam
1085 1202 1251 1242 principio
1267 1202 1347 1243 for-

2390 269 2463 318 393

1396 359 1550 394 tanquam
1575 358 1649 383 actu
1673 363 1693 383 a
1717 363 1780 394 quo
1805 352 1930 393 aliquid
1944 351 2141 394 formaliter
2155 351 2386 382 denominatur
2401 360 2466 387 ens,

1397 399 1463 428 sive
1486 398 1637 428 existens.

1452 443 1505 472 IV.
1523 441 1768 472 Attendendum
1792 442 1888 472 etiam
1913 440 2003 481 quod
2027 451 2064 471 ex
2088 440 2258 481 praedictis
2282 440 2467 471 differentiis

1397 486 1528 517 resultat
1552 486 1612 516 alia
1628 485 1806 516 differentia
1829 487 1911 516 inter
1931 486 2204 525 compositionem
2222 494 2259 515 ex
2285 486 2420 515 essentia
2437 490 2468 515 et

1398 541 1478 567 esse,
1498 536 1530 560 et
1554 531 1829 570 compositionem
1854 540 1891 560 ex
1914 531 2046 560 materia
2070 536 2101 560 et
2129 530 2242 560 forma.
2267 529 2352 567 Quia
2380 530 2468 560 enim

1399 575 1522 606 dictum
1547 580 1594 605 est
1617 574 1708 615 quod
1731 575 1863 605 materia
1887 584 1954 605 non
1979 580 2025 605 est
2049 575 2225 604 substantia
2245 575 2290 604 rei
2315 583 2398 614 quae
2421 579 2469 605 est

1400 620 1546 656 essentia,
1571 619 1627 650 sed
1653 624 1779 650 tanturn
1813 629 1885 659 pars
1915 619 2120 655 substantiae,
2148 619 2293 659 sequitur
2316 619 2406 659 quod
2430 629 2468 649 ex

1400 664 1640 704 compositione
1664 664 1816 694 materiae
1833 670 1865 694 et
1888 663 2011 693 formae
2033 664 2164 693 resultet
2187 663 2320 704 aliquod
2344 669 2467 694 totum:

1400 719 1438 740 ex
1461 709 1605 749 partibus
1629 709 1715 739 enim
1744 708 1964 739 essentialibus
1995 713 2100 738 toturn
2134 708 2299 738 essentiale
2327 709 2468 739 resultat.

1400 753 1487 792 Quia
1502 763 1579 784 vero
1597 753 1734 783 essentia
1749 753 1795 783 rei
1811 762 1880 783 non
1896 759 1943 783 est
1959 762 2032 792 pars
2052 753 2256 788 substantiae,
2281 752 2336 782 sed
2352 758 2468 790 totum,

1400 798 1475 829 ideo
1499 808 1537 828 ex
1554 798 1690 828 essentia
1715 803 1746 828 et
1761 807 1830 828 esse
1853 807 1922 827 non
1945 797 2077 827 resultat
2096 797 2229 836 aliquod
2252 802 2368 833 toturn,
2394 807 2469 827 cum

1400 853 1439 873 ex
1463 842 1591 873 duobus
1615 843 1739 873 actibus
1756 852 1823 873 non
1847 842 1979 872 resultet
1995 841 2128 881 aliquod
2152 850 2209 881 per
2228 851 2261 871 se
2286 851 2389 872 unum
2408 847 2469 872 ter-

1399 888 1495 918 tium:
1522 888 1596 918 licet
1620 897 1704 918 unus
1728 893 1817 918 actus
1841 887 1931 917 alteri
1955 896 2013 927 per
2036 895 2070 916 se
2094 886 2178 916 uniri
2202 887 2313 926 possit,
2339 885 2469 926 quando

1400 942 1486 963 unus
1510 932 1550 963 ad
1573 933 1709 963 alterum
1733 942 1766 962 se
1794 932 1891 962 habet
1913 937 1950 962 ut
1972 931 2128 971 potentia.
2161 930 2238 969 Quo
2262 930 2297 961 fit
2321 936 2356 960 ut
2380 940 2470 960 com-

1400 978 1520 1017 positio
1545 987 1583 1007 ex
1614 977 1746 1007 materia
1777 982 1808 1007 et
1839 976 1943 1006 forma
1973 976 2097 1007 dicatur
2125 976 2321 1015 compositio
2349 985 2391 1006 ex
2415 975 2471 1005 iis.-

1401 1022 1596 1062 compositio
1622 1027 1730 1052 autem
1755 1031 1792 1052 ex
1817 1021 1952 1051 essentia
1977 1026 2008 1051 et
2033 1029 2100 1050 esse
2125 1019 2248 1050 dicatur
2275 1020 2471 1060 compositio

1401 1077 1472 1097 cum
1498 1067 1546 1102 iis,
1572 1067 1647 1106 quia
1671 1066 1807 1097 essentia
1835 1066 2005 1106 componit
2033 1074 2109 1095 cum
2137 1074 2215 1101 esse,
2241 1069 2271 1095 et
2300 1074 2368 1095 esse
2396 1074 2471 1095 cum

1401 1112 1547 1142 essentia.
1571 1111 1613 1142 Et
1636 1112 1662 1141 si
1686 1111 1861 1151 aliquando
1886 1110 2009 1141 dicatur
2036 1109 2159 1150 aliquid
2186 1110 2406 1149 compositum
2430 1119 2472 1139 ex

1401 1157 1538 1187 essentia
1554 1161 1586 1186 et
1604 1165 1680 1191 esse,
1705 1156 1768 1186 hoc
1792 1161 1839 1186 est
1854 1155 2030 1195 improprie
2047 1154 2185 1185 dictum:
2211 1155 2340 1195 proprie
2363 1159 2471 1184 autem

1401 1201 1516 1232 dicitur
1540 1200 1630 1241 quod
1661 1201 1694 1231 in
1717 1201 1788 1241 ipso
1813 1206 1861 1231 est
1884 1200 2081 1240 compositio
2109 1200 2265 1229 essentiae
2297 1209 2368 1229 cum
2393 1208 2470 1235 esse,

272 1250 352 1280 mali
376 1250 476 1291 ipsius
504 1259 580 1280 esse.
606 1249 716 1289 Ipsum
740 1258 817 1278 vero
845 1257 913 1278 esse
938 1254 984 1278 est
1007 1247 1040 1277 id
1063 1256 1131 1287 quo
1155 1246 1277 1287 aliquid
1301 1252 1348 1277 est
1372 1255 1376 1288 1
1401 1252 1433 1277 et
1456 1256 1474 1276 e
1498 1255 1656 1276 converso
1681 1255 1749 1276 esse
1773 1255 1845 1276 cum
1869 1245 2016 1276 essentia.

535 1494 1022 1550 CAPITULUM
1060 1491 1806 1570 QUINQUAGESIMUM
1844 1491 2037 1567 QUIN
2040 1490 2219 1545 TUM

1248 1609 1278 1638 A
1313 1618 1386 1647 42v
1421 1608 1507 1638 b36.

369 1702 545 1756 QUOD
580 1699 1013 1742 SUBSTANTIAE
1046 1697 1598 1738 INTELLECTUALES
1633 1697 1794 1738 SUNT
1828 1697 2372 1738 INCORRUPTIBILES

463 1835 508 1861 x
537 1824 614 1860 hoc
651 1829 783 1860 autem
821 1829 951 1871 aperte
989 1819 1205 1858 ostenditur
1241 1819 1350 1869 quod

297 1900 306 1907 -›
346 1901 367 1920 -,
391 1888 399 1902 ·’
419 1877 470 1927 ᾖ]
499 1876 628 1914 omnis
661 1875 874 1913 substantia
908 1873 1172 1912 intellectualis
1201 1881 1257 1910 est
1293 1873 1350 1910 in-

299 1949 317 1974 „
347 1927 462 1981 ,3531
500 1929 769 1979 corruptibilis.

309 1989 313 1996 ’
384 1977 470 2005 *Ἀ
556 1983 697 2022 Omnis
725 1982 831 2020 enim
859 1980 1057 2032 corruptio
1077 1989 1133 2018 est
1152 1993 1222 2030 per
1241 1993 1349 2030 sepa-

276 2038 466 2076 rationem
509 2038 656 2075 formae
699 2049 722 2074 a
763 2035 942 2074 materia:
987 2034 1150 2085 simplex
1189 2034 1350 2083 quidem

276 2092 474 2141 corruptio
503 2103 574 2141 per
597 2089 882 2140 separationem
903 2089 1051 2127 formae
1073 2087 1348 2134 substantialis,

276 2145 474 2195 corruptio
504 2152 636 2182 autem
664 2143 883 2181 secundum
918 2142 1013 2192 quid
1045 2155 1116 2192 per
1143 2141 1350 2191 separatio-

276 2211 370 2237 nem
396 2199 545 2236 formae
574 2196 830 2236 accidentalis.
852 2197 998 2234 Forma
1025 2195 1132 2233 enirn
1156 2203 1349 2242 manente,

277 2261 429 2303 oportet
463 2264 546 2289 rem
576 2263 680 2289 esse:
710 2263 781 2300 per
807 2251 976 2288 formam
1005 2249 1110 2287 enim
1139 2249 1351 2287 substantia

276 2305 320 2344 fit
354 2305 560 2356 proprium
595 2304 861 2354 susceptivum
898 2304 982 2341 eius
1017 2303 1124 2353 quod
1162 2311 1217 2340 est
1254 2315 1348 2340 esse.

276 2359 353 2399 Ubi
381 2367 512 2397 autem
542 2371 622 2396 non
652 2366 708 2395 est
736 2357 968 2407 compositio
994 2357 1142 2394 formae
1167 2365 1204 2394 et
1231 2364 1350 2393 mate-

277 2413 372 2460 riae,
411 2413 464 2450 ibi
501 2424 582 2450 non
619 2419 746 2462 potest
774 2423 857 2448 esse
896 2409 1086 2461 separatio
1121 2410 1348 2447 earundem.

276 2467 393 2516 Igitur
412 2478 484 2503 nec
503 2465 712 2515 corruptio.
745 2465 958 2503 Ostensum
979 2472 1035 2502 est
1047 2464 1068 2486 '¹‘
1087 2472 1218 2502 autem
1243 2463 1351 2513 quod

277 2522 383 2558 nulla
411 2519 623 2556 substantia
660 2518 923 2556 intellectualis
959 2526 1015 2555 est
1052 2517 1269 2567 composita
1304 2529 1350 2553 ex

277 2573 438 2611 materia
473 2580 510 2610 et
543 2573 679 2610 forma.
716 2573 834 2610 Nulla
861 2572 974 2620 igitur
1002 2571 1213 2619 substantia
1244 2571 1350 2608 intel-

277 2626 449 2665 lectualis
477 2634 533 2663 est
561 2625 833 2676 corruptibilis.

333 2679 523 2730 Amplius.
545 2679 665 2728 Quod
692 2691 764 2730 per
791 2692 831 2716 se
860 2678 972 2716 alicui
992 2677 1188 2728 competit,
1208 2678 1257 2715 de
1286 2690 1351 2714 ne-

277 2733 450 2771 cessitate
465 2741 502 2771 et
522 2745 678 2783 semper
692 2741 729 2770 et
747 2732 1050 2783 inseparabiliter
1064 2732 1099 2769 ei
1118 2732 1233 2769 inest:
1256 2731 1353 2768 sicut

278 2787 479 2825 rotundum
507 2799 578 2836 per
605 2799 646 2824 se
675 2786 837 2836 quidem
865 2786 963 2823 inest
990 2786 1146 2831 circulo,
1166 2798 1238 2835 per
1255 2784 1352 2822 acci-

278 2842 375 2878 dens
403 2848 534 2878 autem
563 2840 661 2885 aeri;
691 2840 797 2877 unde
817 2852 882 2877 aes
901 2839 1063 2889 quidem
1081 2839 1165 2876 fieri
1185 2851 1267 2876 non
1291 2851 1352 2875 ro-

277 2894 447 2932 tundum
476 2901 532 2931 est
559 2893 754 2944 possibile,
783 2893 972 2930 circulum
1001 2900 1133 2930 autem
1160 2905 1242 2930 non
1269 2904 1352 2929 esse

278 2948 494 2986 rotundum
508 2955 565 2985 est
582 2946 833 2997 impossibile.
850 2947 945 2984 Esse
961 2954 1092 2984 autem
1111 2958 1182 2995 per
1201 2958 1241 2983 se
1261 2958 1353 2982 con-

279 3001 454 3051 sequitur
472 3001 521 3038 ad
544 3001 730 3038 formam:
752 3013 825 3050 per
850 3013 891 3037 se
909 3000 1015 3037 enim
1034 2999 1200 3037 dicimus
1222 3012 1352 3036 secun-

279 3056 368 3093 dum
398 3055 499 3105 quod
524 3053 697 3104 ipsum*;
727 3054 1044 3103 unumquodque
1076 3061 1207 3090 autem
1237 3052 1354 3089 habet

279 3121 363 3146 esse
388 3108 607 3145 secundum
626 3107 734 3157 quod
755 3107 871 3144 habet
898 3107 1077 3144 formam.
1108 3105 1352 3144 Substantiae

279 3162 393 3211 igitur
420 3174 521 3212 quae
549 3173 631 3198 non
660 3168 749 3198 sunt
777 3160 882 3210 ipsae
910 3160 1071 3206 formae,
1090 3167 1255 3210 possunt
1277 3159 1353 3208 pri-

279 3216 362 3253 vari
377 3227 472 3262 esse,
488 3215 708 3252 secundum
723 3214 831 3264 quod
851 3213 1032 3251 amittunt
1049 3213 1234 3250 formam:
1257 3212 1354 3249 sicut

280 3282 346 3307 aes
373 3269 548 3319 privatur
575 3267 808 3306 rotunditate
837 3267 1057 3304 secundum
1079 3267 1187 3316 quod
1216 3265 1354 3303 desinit

281 3335 363 3360 esse
392 3323 588 3360 circulare.
619 3320 862 3360 Substantiae
891 3332 986 3357 vero
1015 3332 1115 3369 quae
1135 3327 1224 3356 sunt
1247 3319 1352 3368 ipsae

1406 1819 1514 1869 quod
1543 1819 1778 1856 substantiae
1807 1818 2078 1856 intellectuales
2098 1826 2187 1856 sunt
2206 1818 2310 1868 ipsae
2330 1819 2476 1856 formae

1406 1872 1667 1910 subsistentes.
1697 1872 1937 1921 Impossibile
1958 1880 2014 1909 est
2032 1872 2145 1920 igitur
2173 1873 2280 1922 quod
2310 1884 2392 1909 esse
2411 1872 2476 1909 de-

1406 1926 1543 1963 sinant.
1575 1927 1673 1963 Sunt
1702 1925 1815 1974 igitur
1842 1925 2162 1975 incorruptibiles.

1459 1980 1611 2016 Adhuc.
1656 1980 1698 2016 In
1737 1979 1843 2016 omni
1881 1979 2143 2028 corruptione,
2182 1986 2331 2016 remoto
2369 1986 2474 2025 actu,

1373 2049 1382 2069 ς
1406 2041 1537 2071 manet
1565 2032 1753 2082 potentia:
1788 2045 1868 2069 non
1902 2032 2007 2069 enim
2042 2032 2304 2081 corrumpitur
2331 2031 2475 2081 aliquid

1406 2087 1445 2124 in
1475 2087 1638 2124 omnino
1667 2098 1747 2123 non
1775 2098 1853 2132 ens,
1877 2085 1974 2123 sicut
2002 2099 2074 2123 nec
2100 2093 2304 2135 generatur
2331 2085 2474 2134 aliquid

1406 2153 1452 2177 ex
1482 2140 1644 2177 omnino
1664 2152 1745 2177 non
1766 2147 1862 2176 ente.
1893 2141 1935 2176 In
1963 2139 2181 2176 substantiis
2210 2146 2340 2176 autem
2368 2138 2475 2176 intel·

1406 2193 1642 2239 lectualibus,
1673 2201 1715 2230 ut
1743 2201 1943 2230 ostensum
1980 2202 2035 2230 est
2053 2193 2084 2239 ²⁸,
2113 2200 2219 2230 actus
2255 2199 2310 2229 est
2345 2192 2474 2242 ipsum

1407 2260 1501 2294 esse,
1530 2247 1613 2296 ipsa
1641 2255 1772 2284 autem
1801 2247 2012 2284 substantia
2031 2254 2086 2283 est
2106 2246 2202 2283 sicut
2227 2246 2407 2295 potentia.
2435 2245 2475 2283 Si

1367 2320 1392 2334 ιο
1406 2301 1519 2350 igitur
1540 2300 1750 2338 substantia
1770 2300 2032 2337 intellectualis
2052 2307 2334 2349 corrumpatur,
2351 2311 2474 2336 rema-

1406 2355 1511 2391 nebit
1531 2362 1617 2404 post
1636 2366 1748 2391 suam
1769 2353 2072 2403 corruptionem.
2095 2353 2215 2400 Quod
2235 2361 2291 2390 est
2312 2353 2475 2390 omnino

1406 2407 1654 2458 impossibile.
1686 2407 1826 2445 Omnis
1845 2407 1957 2456 igitur
1977 2406 2187 2444 substantia
2216 2406 2476 2443 intellectualis

1407 2470 1462 2498 est
1490 2461 1799 2510 incorruptibilis,

1460 2517 1564 2552 Item.
1586 2516 1627 2551 In
1647 2514 1755 2551 omni
1775 2514 1883 2564 quod
1903 2514 2175 2563 corrumpitur,
2194 2520 2345 2562 oportet
2369 2513 2475 2562 quod

1367 2586 1389 2605 ις
1407 2569 1452 2606 sit
1470 2568 1640 2618 potentia
1659 2568 1707 2605 ad
1728 2580 1807 2605 non
1828 2579 1921 2604 esse.
1949 2567 1989 2604 Si
2009 2566 2102 2616 quid
2122 2566 2234 2615 igitur
2253 2574 2308 2603 est
2335 2565 2374 2602 in
2395 2578 2474 2615 quo

1407 2635 1487 2660 non
1508 2630 1563 2659 est
1582 2620 1752 2671 potentia
1771 2621 1820 2658 ad
1840 2633 1920 2658 non
1941 2633 2034 2666 esse,
2052 2621 2128 2657 hoc
2147 2632 2228 2656 non
2247 2626 2371 2668 potest
2391 2631 2474 2655 esse

1408 2675 1664 2725 corruptibile.
1686 2676 1727 2711 ln
1747 2673 1958 2711 substantia
1978 2681 2108 2711 autem
2134 2671 2374 2710 intellectuali
2394 2684 2475 2708 non

1408 2738 1463 2767 est
1491 2729 1662 2779 potentia
1690 2728 1738 2765 ad
1766 2740 1847 2764 non
1876 2740 1970 2764 esse.
2004 2726 2253 2764 Manifestum
2282 2733 2336 2762 est
2369 2725 2474 2762 enim

1408 2796 1454 2820 ex
1474 2783 1582 2820 dictis
1596 2782 1616 2804 '¹‘
1635 2782 1742 2831 quod
1763 2780 1974 2818 substantia
1988 2781 2180 2829 completa
2198 2787 2253 2816 est
2271 2778 2472 2828 proprium

1367 2856 1394 2870 20
1408 2836 1672 2886 susceptivum
1686 2835 1806 2884 ipsius
1821 2847 1915 2871 esse.
1929 2833 2135 2883 Proprium
2151 2841 2280 2870 autem
2293 2831 2474 2881 suscepti-

1407 2903 1505 2928 vum
1525 2889 1686 2927 alicuius
1705 2896 1812 2925 actus
1832 2888 1882 2925 ita
1901 2895 2149 2937 comparatur
2166 2894 2208 2923 ut
2235 2884 2404 2935 potentia
2423 2885 2472 2922 ad

1408 2952 1539 2982 actum
1567 2943 1675 2980 illum
1696 2943 1802 2992 quod
1823 2943 1930 2978 nullo
1950 2941 2070 2978 modo
2091 2948 2146 2977 est
2174 2940 2212 2977 in
2235 2937 2405 2989 potentia
2424 2938 2473 2975 ad

1409 2997 1649 3047 oppositum:
1672 2996 1768 3033 sicut
1787 2995 1883 3044 ignis
1903 2995 1952 3031 ita
1972 3001 2218 3043 comparatur
2236 2993 2285 3030 ad
2304 2992 2473 3028 calorem

1407 3059 1450 3089 ut
1477 3050 1648 3100 potentia
1677 3049 1725 3086 ad
1754 3056 1884 3086 actum
1917 3048 2025 3097 quod
2058 3048 2163 3084 nullo
2197 3046 2316 3082 modo
2345 3052 2401 3081 est
2433 3043 2472 3081 in

1367 3123 1392 3143 κς
1407 3104 1579 3155 potentia
1607 3103 1656 3140 ad
1685 3102 1811 3151 frigus.
1838 3102 1949 3139 Unde
1969 3113 2040 3137 nec
2068 3100 2107 3137 in
2135 3099 2225 3148 ipsis
2254 3097 2472 3135 substantiis

1408 3156 1721 3207 corruptibilibus
1750 3163 1805 3192 est
1831 3154 2000 3204 potentia
2028 3154 2076 3190 ad
2104 3165 2184 3189 non
2213 3164 2294 3188 esse
2323 3151 2362 3188 in
2390 3150 2473 3200 ipsa

1409 3211 1620 3249 substantia
1639 3210 1831 3258 completa
1850 3207 1921 3244 nisi
1943 3206 2087 3243 ratione
2108 3204 2300 3242 materiae.
2321 3205 2363 3241 In
2383 3204 2472 3241 sub-

1409 3264 1553 3302 stantiis
1582 3271 1712 3301 autern
1750 3260 2064 3299 intellectualibus
2092 3271 2173 3296 non
2210 3266 2266 3295 est
2301 3257 2471 3303 materia,

1409 3318 1477 3355 sed
1501 3318 1606 3367 ipsae
1631 3324 1720 3353 sunt
1744 3314 1974 3352 substantiae
1997 3314 2210 3362 completae
2236 3311 2426 3360 simplices
2440 3310 2470 3347 ²¹⁸.

280 3377 440 3423 formae,
460 3388 666 3426 nunquam
694 3382 859 3425 possunt
883 3373 1025 3423 privari
1054 3385 1155 3410 esse:
1186 3372 1292 3419 sicut,
1323 3372 1353 3409 si
1369 3390 1394 3410 ³0
1408 3371 1524 3420 Igitur
1551 3371 1590 3407 in
1620 3370 1673 3406 eis
1701 3381 1780 3406 non
1801 3376 1856 3404 est
1883 3365 2051 3416 potentia
2071 3366 2118 3402 ad
2148 3377 2228 3402 non
2249 3377 2342 3401 esse.
2374 3365 2472 3402 Sunt

280 3430 410 3480 aliqua
430 3429 640 3467 substantia
669 3437 767 3466 esset
795 3427 971 3473 circulus,
993 3438 1197 3476 nunquam
1223 3433 1354 3475 posset

279 3483 364 3521 fieri
392 3495 475 3521 non
502 3483 681 3520 rotunda.
713 3483 926 3520 Ostensum
955 3488 1010 3517 est
1037 3487 1169 3517 autem
1197 3491 1316 3529 supra
1333 3479 1354 3501 ³⁸

1409 3425 1522 3474 igitur
1550 3421 1865 3472 incorruptibiles.

1463 3479 1674 3515 Praeterea.
1696 3478 1736 3512 In
1757 3474 2068 3524 quibuscumque
2084 3479 2139 3508 est
2154 3470 2383 3520 compositio
2402 3483 2472 3520 po-

334 3597 366 3623 23
387 3597 533 3622 secundum
553 3597 624 3629 quod
647 3597 735 3629 ipsum
757 3597 782 3621 A
802 3597 887 3627 solus;
913 3595 985 3628 quod
1003 3593 1146 3626 unicuique
1165 3594 1286 3619 convenit
1309 3594 1455 3619 secundum
1477 3593 1594 3625 seipsum
1613 3592 1643 3621 D,
1663 3590 1734 3622 quod
1753 3587 1896 3612 secundum
1915 3586 2002 3618 ipsum
2020 3584 2110 3610 ceteri.

2203 3582 2235 3608 26
2255 3591 2323 3616 quae
2342 3591 2394 3608 non
2412 3588 2474 3609 sunt

278 3633 351 3667 ipsae
370 3633 453 3664 GNZ;
473 3640 541 3666 quae
560 3637 622 3657 sunt
639 3640 692 3657 nou
710 3633 783 3665 ipsae
802 3632 832 3662 E,
851 3639 910 3656 esse
930 3638 998 3663 quae
1017 3638 1069 3654 non
1088 3634 1150 3654 sunt
1168 3629 1241 3662 ipsae
1259 3629 1292 3660 Y,
1311 3630 1384 3661 ipsae
1402 3637 1470 3662 quae
1489 3637 1541 3653 non
1560 3632 1620 3652 sunt
1638 3625 1729 3651 ceteri.

334 3677 348 3694 2
369 3668 437 3702 esse]
457 3669 530 3702 ipsae
549 3676 609 3693 esse
627 3668 675 3694 Pd.
765 3676 784 3700 4
801 3668 873 3693 omni
892 3675 935 3692 om
955 3666 1005 3692 αΧ.

422 3724 516 3747 SUMMA
536 3722 647 3746 Com-m
667 3722 801 3746 Gemma-:s
822 3722 851 3746 D.
871 3722 986 3746 Tnomm
1005 3720 1074 3744 Tou.
1095 3719 1111 3744 1.

1098 3663 1130 3690 26
1149 3665 1359 3698 corruptibilibus
1379 3665 1502 3694 GNYZb;
1523 3662 1710 3696 corporalibus.

1802 3658 1832 3683 32
1854 3655 2016 3690 compositio]
2036 3655 2150 3689 potentia
2168 3654 2323 3688 compositio
2342 3656 2391 3680 αΧ.

2297 3709 2329 3734 50

2502 2201 2510 2210 ·
2526 2199 2583 2227 Cap.
2598 2205 2647 2221 ιιιι.

2501 2786 2512 2796 '
2526 2785 2583 2812 cap.
2599 2790 2674 2812 praee.

2500 3313 2508 3321 ·
2525 3311 2582 3339 Cap.
2597 3318 2628 3334 ιι.
