<?xml version="1.0" encoding="UTF-8"?>
<!DOCTYPE html PUBLIC "-//W3C//DTD XHTML 1.0 Transitional//EN"
    "http://www.w3.org/TR/xhtml1/DTD/xhtml1-transitional.dtd">
<html xmlns="http://www.w3.org/1999/xhtml" xml:lang="en" lang="en">
 <head>
  <title>
</title>
<meta http-equiv="Content-Type" content="text/html;charset=utf-8" />
  <meta name='ocr-system' content='tesseract 3.04.00' />
  <meta name='ocr-capabilities' content='ocr_page ocr_carea ocr_par ocr_line ocrx_word'/>
</head>
<body>
  <div class='ocr_page' id='page_1' title='image "./operaomniaiussui13thom/operaomniaiussui13thom_0542.png"; bbox 0 0 2768 4134; ppageno 0'>
   <div class='ocr_carea' id='block_1_1' title="bbox 53 2969 229 2997">
    <p class='ocr_par' dir='ltr' id='par_1_1' title="bbox 53 2969 229 2997">
     <span class='ocr_line' id='line_1_1' title="bbox 53 2969 229 2997; baseline -0.006 -5"><span class='ocrx_word' id='word_1_1' title='bbox 53 2972 62 2981; x_wconf 84' lang='lat'><strong>·</strong></span> <span class='ocrx_word' id='word_1_2' title='bbox 77 2969 145 2992; x_wconf 81' lang='lat' dir='ltr'><em>Num.</em></span> <span class='ocrx_word' id='word_1_3' title='bbox 157 2976 194 2997; x_wconf 83' lang='lat' dir='ltr'><em>xv,</em></span> <span class='ocrx_word' id='word_1_4' title='bbox 208 2975 229 2992; x_wconf 79' lang='lat' dir='ltr'><em>a.</em></span> 
     </span>
    </p>
   </div>
   <div class='ocr_carea' id='block_1_2' title="bbox 299 309 375 357">
    <p class='ocr_par' dir='ltr' id='par_1_2' title="bbox 299 309 375 357">
     <span class='ocr_line' id='line_1_2' title="bbox 299 309 375 357; baseline -0.026 -10"><span class='ocrx_word' id='word_1_5' title='bbox 299 309 375 357; x_wconf 87' lang='lat'><em>468</em></span> 
     </span>
    </p>
   </div>
   <div class='ocr_carea' id='block_1_3' title="bbox 285 374 1367 3713">
    <p class='ocr_par' dir='ltr' id='par_1_3' title="bbox 287 374 1364 686">
     <span class='ocr_line' id='line_1_3' title="bbox 298 374 1364 416; baseline -0.011 0"><span class='ocrx_word' id='word_1_6' title='bbox 298 384 440 416; x_wconf 85' lang='lat' dir='ltr'><em>nationis</em></span> <span class='ocrx_word' id='word_1_7' title='bbox 462 388 493 413; x_wconf 88' lang='lat' dir='ltr'><em>et</em></span> <span class='ocrx_word' id='word_1_8' title='bbox 515 386 694 412; x_wconf 87' lang='lat' dir='ltr'><em>ceterarum</em></span> <span class='ocrx_word' id='word_1_9' title='bbox 718 378 883 408; x_wconf 83' lang='lat' dir='ltr'><em>virtutum.</em></span> <span class='ocrx_word' id='word_1_10' title='bbox 901 376 1053 407; x_wconf 88' lang='lat' dir='ltr'>Similiter</span> <span class='ocrx_word' id='word_1_11' title='bbox 1075 376 1140 406; x_wconf 91' lang='lat' dir='ltr'><em>hoc</em></span> <span class='ocrx_word' id='word_1_12' title='bbox 1158 376 1234 406; x_wconf 93' lang='lat' dir='ltr'><em>loco</em></span> <span class='ocrx_word' id='word_1_13' title='bbox 1258 374 1364 414; x_wconf 92' lang='lat' dir='ltr'><em>inquit</em></span> 
     </span>
     <span class='ocr_line' id='line_1_4' title="bbox 297 419 1364 470; baseline -0.011 -10"><span class='ocrx_word' id='word_1_14' title='bbox 297 429 395 470; x_wconf 85' lang='lat' dir='ltr'><em>quod,</em></span> <span class='ocrx_word' id='word_1_15' title='bbox 401 432 479 468; x_wconf 84' lang='lat' dir='ltr'><em>post</em></span> <span class='ocrx_word' id='word_1_16' title='bbox 487 426 623 466; x_wconf 82' lang='lat' dir='ltr'><em>speciem</em></span> <span class='ocrx_word' id='word_1_17' title='bbox 635 427 805 463; x_wconf 82' lang='lat' dir='ltr'><em>receptam,</em></span> <span class='ocrx_word' id='word_1_18' title='bbox 815 421 991 452; x_wconf 84' lang='lat' dir='ltr'><em>secundum</em></span> <span class='ocrx_word' id='word_1_19' title='bbox 1004 420 1174 461; x_wconf 79' lang='lat' dir='ltr'><em>imperium</em></span> <span class='ocrx_word' id='word_1_20' title='bbox 1183 419 1364 450; x_wconf 84' lang='lat' dir='ltr'><em>intellectus</em></span> 
     </span>
     <span class='ocr_line' id='line_1_5' title="bbox 287 463 1364 515; baseline -0.009 -12"><span class='ocrx_word' id='word_1_21' title='bbox 287 474 462 515; x_wconf 86' lang='lat' dir='ltr'><em>formatur</em></span> <span class='ocrx_word' id='word_1_22' title='bbox 485 471 518 500; x_wconf 88' lang='lat' dir='ltr'><em>in</em></span> <span class='ocrx_word' id='word_1_23' title='bbox 543 468 780 510; x_wconf 78' lang='lat' dir='ltr'><em>imaginatione</em></span> <span class='ocrx_word' id='word_1_24' title='bbox 798 466 994 507; x_wconf 80' lang='lat' dir='ltr'><strong><em>phantasma</em></strong></span> <span class='ocrx_word' id='word_1_25' title='bbox 1025 465 1220 495; x_wconf 74' lang='lat' dir='ltr'><em>conveniens</em></span> <span class='ocrx_word' id='word_1_26' title='bbox 1246 463 1364 503; x_wconf 81' lang='lat' dir='ltr'><em>speciei</em></span> 
     </span>
     <span class='ocr_line' id='line_1_6' title="bbox 296 509 1363 557; baseline -0.009 -10"><span class='ocrx_word' id='word_1_27' title='bbox 296 515 502 557; x_wconf 79' lang='lat' dir='ltr'><em>intelligibili,</em></span> <span class='ocrx_word' id='word_1_28' title='bbox 532 514 564 543; x_wconf 88' lang='lat' dir='ltr'><em>in</em></span> <span class='ocrx_word' id='word_1_29' title='bbox 588 522 652 553; x_wconf 84' lang='lat' dir='ltr'><em>quo</em></span> <span class='ocrx_word' id='word_1_30' title='bbox 684 510 865 551; x_wconf 81' lang='lat' dir='ltr'><em>resplendet</em></span> <span class='ocrx_word' id='word_1_31' title='bbox 893 510 977 540; x_wconf 82' lang='lat' dir='ltr'><em>sicut</em></span> <span class='ocrx_word' id='word_1_32' title='bbox 1003 509 1172 550; x_wconf 77' lang='lat' dir='ltr'><em>exemplar</em></span> <span class='ocrx_word' id='word_1_33' title='bbox 1195 509 1228 538; x_wconf 88' lang='lat' dir='ltr'><em>in</em></span> <span class='ocrx_word' id='word_1_34' title='bbox 1256 516 1363 537; x_wconf 83' lang='lat' dir='ltr'><em>exem-</em></span> 
     </span>
     <span class='ocr_line' id='line_1_7' title="bbox 289 551 1362 602; baseline -0.009 -11"><span class='ocrx_word' id='word_1_35' title='bbox 289 562 383 602; x_wconf 84' lang='lat' dir='ltr'><em>plato</em></span> <span class='ocrx_word' id='word_1_36' title='bbox 407 560 474 590; x_wconf 76' lang='lat' dir='ltr'><em>sive</em></span> <span class='ocrx_word' id='word_1_37' title='bbox 496 558 529 588; x_wconf 88' lang='lat' dir='ltr'><em>in</em></span> <span class='ocrx_word' id='word_1_38' title='bbox 550 557 703 598; x_wconf 82' lang='lat' dir='ltr'><em>imagine.</em></span> <span class='ocrx_word' id='word_1_39' title='bbox 729 556 777 586; x_wconf 84' lang='lat' dir='ltr'><em>Ex</em></span> <span class='ocrx_word' id='word_1_40' title='bbox 800 555 919 595; x_wconf 85' lang='lat' dir='ltr'><em>quibus</em></span> <span class='ocrx_word' id='word_1_41' title='bbox 939 559 1027 594; x_wconf 90' lang='lat' dir='ltr'><em>patet</em></span> <span class='ocrx_word' id='word_1_42' title='bbox 1049 563 1126 584; x_wconf 92' lang='lat' dir='ltr'><em>eum</em></span> <span class='ocrx_word' id='word_1_43' title='bbox 1149 553 1241 588; x_wconf 90' lang='lat' dir='ltr'><em>velle,</em></span> <span class='ocrx_word' id='word_1_44' title='bbox 1266 551 1362 581; x_wconf 91' lang='lat' dir='ltr'><em>simul</em></span> 
     </span>
     <span class='ocr_line' id='line_1_8' title="bbox 295 597 1363 638; baseline -0.009 -3"><span class='ocrx_word' id='word_1_45' title='bbox 295 614 369 635; x_wconf 90' lang='lat' dir='ltr'><em>cum</em></span> <span class='ocrx_word' id='word_1_46' title='bbox 394 610 467 634; x_wconf 88' lang='lat' dir='ltr'><em>actu</em></span> <span class='ocrx_word' id='word_1_47' title='bbox 490 602 682 636; x_wconf 90' lang='lat' dir='ltr'><em>intellectus,</em></span> <span class='ocrx_word' id='word_1_48' title='bbox 710 608 903 630; x_wconf 89' lang='lat' dir='ltr'><em>concurrere</em></span> <span class='ocrx_word' id='word_1_49' title='bbox 927 604 1036 628; x_wconf 92' lang='lat' dir='ltr'><em>actum</em></span> <span class='ocrx_word' id='word_1_50' title='bbox 1059 597 1306 638; x_wconf 80' lang='lat' dir='ltr'><em>imaginationis,</em></span> <span class='ocrx_word' id='word_1_51' title='bbox 1331 601 1363 625; x_wconf 87' lang='lat' dir='ltr'><em>et</em></span> 
     </span>
     <span class='ocr_line' id='line_1_9' title="bbox 295 641 1219 686; baseline -0.01 -6"><span class='ocrx_word' id='word_1_52' title='bbox 295 651 339 680; x_wconf 91' lang='lat' dir='ltr'><em>sic</em></span> <span class='ocrx_word' id='word_1_53' title='bbox 363 649 504 679; x_wconf 88' lang='lat' dir='ltr'><em>animam</em></span> <span class='ocrx_word' id='word_1_54' title='bbox 526 646 684 686; x_wconf 89' lang='lat' dir='ltr'><em>inspicere</em></span> <span class='ocrx_word' id='word_1_55' title='bbox 707 643 918 675; x_wconf 88' lang='lat' dir='ltr'><em>immateriale</em></span> <span class='ocrx_word' id='word_1_56' title='bbox 941 643 975 673; x_wconf 91' lang='lat' dir='ltr'><em>in</em></span> <span class='ocrx_word' id='word_1_57' title='bbox 998 652 1031 674; x_wconf 88' lang='lat' dir='ltr'><em>re</em></span> <span class='ocrx_word' id='word_1_58' title='bbox 1054 641 1219 672; x_wconf 89' lang='lat' dir='ltr'><em>materiali.</em></span> 
     </span>
    </p>

    <p class='ocr_par' dir='ltr' id='par_1_4' title="bbox 292 684 1361 1001">
     <span class='ocr_line' id='line_1_10' title="bbox 340 684 1361 730; baseline -0.01 -7"><span class='ocrx_word' id='word_1_59' title='bbox 340 703 369 723; x_wconf 88' lang='lat'><em>2.</em></span> <span class='ocrx_word' id='word_1_60' title='bbox 383 692 478 724; x_wconf 87' lang='lat' dir='ltr'><em>Unde</em></span> <span class='ocrx_word' id='word_1_61' title='bbox 491 691 531 721; x_wconf 90' lang='lat' dir='ltr'><em>ad</em></span> <span class='ocrx_word' id='word_1_62' title='bbox 542 694 780 730; x_wconf 84' lang='lat' dir='ltr'><em>argumentum,</em></span> <span class='ocrx_word' id='word_1_63' title='bbox 791 693 927 728; x_wconf 86' lang='lat' dir='ltr'><em>negatur</em></span> <span class='ocrx_word' id='word_1_64' title='bbox 942 687 1183 727; x_wconf 85' lang='lat' dir='ltr'><em>consequentia.</em></span> <span class='ocrx_word' id='word_1_65' title='bbox 1200 684 1253 714; x_wconf 88' lang='lat' dir='ltr'><em>Ad</em></span> <span class='ocrx_word' id='word_1_66' title='bbox 1268 684 1361 714; x_wconf 89' lang='lat' dir='ltr'><em>cuius</em></span> 
     </span>
     <span class='ocr_line' id='line_1_11' title="bbox 292 728 1361 778; baseline -0.009 -10"><span class='ocrx_word' id='word_1_67' title='bbox 292 737 519 778; x_wconf 88' lang='lat' dir='ltr'><em>probationem</em></span> <span class='ocrx_word' id='word_1_68' title='bbox 542 735 657 765; x_wconf 88' lang='lat' dir='ltr'><em>dicitur</em></span> <span class='ocrx_word' id='word_1_69' title='bbox 680 733 780 774; x_wconf 93' lang='lat' dir='ltr'><em>quod,</em></span> <span class='ocrx_word' id='word_1_70' title='bbox 803 733 879 763; x_wconf 90' lang='lat' dir='ltr'><em>licet</em></span> <span class='ocrx_word' id='word_1_71' title='bbox 900 741 969 762; x_wconf 88' lang='lat' dir='ltr'><em>non</em></span> <span class='ocrx_word' id='word_1_72' title='bbox 992 732 1093 772; x_wconf 89' lang='lat' dir='ltr'>possit</span> <span class='ocrx_word' id='word_1_73' title='bbox 1116 729 1215 760; x_wconf 89' lang='lat' dir='ltr'><em>videri</em></span> <span class='ocrx_word' id='word_1_74' title='bbox 1239 728 1361 769; x_wconf 91' lang='lat' dir='ltr'><em>aliquid</em></span> 
     </span>
     <span class='ocr_line' id='line_1_12' title="bbox 293 773 1361 817; baseline -0.009 -5"><span class='ocrx_word' id='word_1_75' title='bbox 293 783 327 813; x_wconf 93' lang='lat' dir='ltr'><em>in</em></span> <span class='ocrx_word' id='word_1_76' title='bbox 349 791 383 812; x_wconf 89' lang='lat' dir='ltr'><em>re</em></span> <span class='ocrx_word' id='word_1_77' title='bbox 402 790 470 811; x_wconf 91' lang='lat' dir='ltr'><em>non</em></span> <span class='ocrx_word' id='word_1_78' title='bbox 494 781 571 816; x_wconf 87' lang='lat' dir='ltr'><em>visa,</em></span> <span class='ocrx_word' id='word_1_79' title='bbox 586 788 655 809; x_wconf 91' lang='lat' dir='ltr'><em>non</em></span> <span class='ocrx_word' id='word_1_80' title='bbox 678 784 786 808; x_wconf 87' lang='lat' dir='ltr'><em>tamen</em></span> <span class='ocrx_word' id='word_1_81' title='bbox 811 782 940 817; x_wconf 86' lang='lat' dir='ltr'>oportet</span> <span class='ocrx_word' id='word_1_82' title='bbox 962 781 998 806; x_wconf 89' lang='lat' dir='ltr'><em>ut</em></span> <span class='ocrx_word' id='word_1_83' title='bbox 1019 784 1077 815; x_wconf 88' lang='lat' dir='ltr'><em>per</em></span> <span class='ocrx_word' id='word_1_84' title='bbox 1093 773 1229 804; x_wconf 89' lang='lat' dir='ltr'><em>eandem</em></span> <span class='ocrx_word' id='word_1_85' title='bbox 1245 778 1361 814; x_wconf 91' lang='lat' dir='ltr'><em>poten-</em></span> 
     </span>
     <span class='ocr_line' id='line_1_13' title="bbox 293 817 1361 863; baseline -0.009 -6"><span class='ocrx_word' id='word_1_86' title='bbox 293 827 371 857; x_wconf 85' lang='lat' dir='ltr'><em>tiam</em></span> <span class='ocrx_word' id='word_1_87' title='bbox 394 825 539 856; x_wconf 88' lang='lat' dir='ltr'><em>videatur</em></span> <span class='ocrx_word' id='word_1_88' title='bbox 562 830 748 863; x_wconf 89' lang='lat' dir='ltr'><em>utrumque,</em></span> <span class='ocrx_word' id='word_1_89' title='bbox 773 822 830 852; x_wconf 89' lang='lat' dir='ltr'><em>sed</em></span> <span class='ocrx_word' id='word_1_90' title='bbox 857 820 973 851; x_wconf 85' lang='lat' dir='ltr'><em>sufficit</em></span> <span class='ocrx_word' id='word_1_91' title='bbox 1002 818 1092 859; x_wconf 94' lang='lat' dir='ltr'><em>quod</em></span> <span class='ocrx_word' id='word_1_92' title='bbox 1115 817 1230 848; x_wconf 83' lang='lat' dir='ltr'><em>eadem</em></span> <span class='ocrx_word' id='word_1_93' title='bbox 1253 818 1361 848; x_wconf 91' lang='lat' dir='ltr'><em>anima</em></span> 
     </span>
     <span class='ocr_line' id='line_1_14' title="bbox 293 861 1360 912; baseline -0.009 -10"><span class='ocrx_word' id='word_1_94' title='bbox 293 876 469 912; x_wconf 89' lang='lat' dir='ltr'><em>utrumque</em></span> <span class='ocrx_word' id='word_1_95' title='bbox 497 868 628 899; x_wconf 88' lang='lat' dir='ltr'><em>diversis</em></span> <span class='ocrx_word' id='word_1_96' title='bbox 658 867 812 908; x_wconf 90' lang='lat' dir='ltr'><em>potentiis</em></span> <span class='ocrx_word' id='word_1_97' title='bbox 839 864 960 895; x_wconf 89' lang='lat' dir='ltr'><em>videat:</em></span> <span class='ocrx_word' id='word_1_98' title='bbox 984 864 1067 893; x_wconf 88' lang='lat' dir='ltr'><em>sicut</em></span> <span class='ocrx_word' id='word_1_99' title='bbox 1094 863 1194 892; x_wconf 89' lang='lat' dir='ltr'><em>vitam</em></span> <span class='ocrx_word' id='word_1_100' title='bbox 1217 861 1304 893; x_wconf 88' lang='lat' dir='ltr'><em>videt</em></span> <span class='ocrx_word' id='word_1_101' title='bbox 1326 863 1360 892; x_wconf 90' lang='lat' dir='ltr'><em>in</em></span> 
     </span>
     <span class='ocr_line' id='line_1_15' title="bbox 293 907 1359 954; baseline -0.009 -7"><span class='ocrx_word' id='word_1_102' title='bbox 293 921 387 946; x_wconf 90' lang='lat' dir='ltr'><em>motu</em></span> <span class='ocrx_word' id='word_1_103' title='bbox 410 915 480 945; x_wconf 92' lang='lat' dir='ltr'><em>eius</em></span> <span class='ocrx_word' id='word_1_104' title='bbox 495 912 586 954; x_wconf 91' lang='lat' dir='ltr'><em>quod</em></span> <span class='ocrx_word' id='word_1_105' title='bbox 609 922 627 942; x_wconf 92' lang='lat' dir='ltr'><em>a</em></span> <span class='ocrx_word' id='word_1_106' title='bbox 650 912 756 951; x_wconf 91' lang='lat' dir='ltr'><em>seipso</em></span> <span class='ocrx_word' id='word_1_107' title='bbox 772 914 930 944; x_wconf 89' lang='lat' dir='ltr'><em>movetur,</em></span> <span class='ocrx_word' id='word_1_108' title='bbox 947 907 1088 938; x_wconf 92' lang='lat' dir='ltr'><em>videndo</em></span> <span class='ocrx_word' id='word_1_109' title='bbox 1112 912 1241 937; x_wconf 89' lang='lat' dir='ltr'><em>motum</em></span> <span class='ocrx_word' id='word_1_110' title='bbox 1260 907 1359 938; x_wconf 90' lang='lat' dir='ltr'><em>oculo</em></span> 
     </span>
     <span class='ocr_line' id='line_1_16' title="bbox 293 952 1019 1001; baseline -0.015 -9"><span class='ocrx_word' id='word_1_111' title='bbox 293 960 454 1001; x_wconf 88' lang='lat' dir='ltr'><em>corporali</em></span> <span class='ocrx_word' id='word_1_112' title='bbox 477 963 509 989; x_wconf 91' lang='lat' dir='ltr'><em>et</em></span> <span class='ocrx_word' id='word_1_113' title='bbox 530 958 628 987; x_wconf 84' lang='lat' dir='ltr'><em>vitam</em></span> <span class='ocrx_word' id='word_1_114' title='bbox 651 955 795 996; x_wconf 90' lang='lat' dir='ltr'><em>potentia</em></span> <span class='ocrx_word' id='word_1_115' title='bbox 817 952 1019 983; x_wconf 87' lang='lat' dir='ltr'><em>intellectiva.</em></span> 
     </span>
    </p>

    <p class='ocr_par' dir='ltr' id='par_1_5' title="bbox 287 996 1362 1746">
     <span class='ocr_line' id='line_1_17' title="bbox 348 996 1360 1038; baseline -0.01 -3"><span class='ocrx_word' id='word_1_116' title='bbox 348 1002 591 1035; x_wconf 89' lang='lat' dir='ltr'><em>Advertendum</em></span> <span class='ocrx_word' id='word_1_117' title='bbox 601 1006 708 1031; x_wconf 89' lang='lat' dir='ltr'><em>autem</em></span> <span class='ocrx_word' id='word_1_118' title='bbox 721 997 810 1038; x_wconf 92' lang='lat' dir='ltr'><em>quod</em></span> <span class='ocrx_word' id='word_1_119' title='bbox 821 997 957 1037; x_wconf 81' lang='lat' dir='ltr'><em>speciem</em></span> <span class='ocrx_word' id='word_1_120' title='bbox 969 996 1204 1037; x_wconf 82' lang='lat' dir='ltr'><em>intelligibilem</em></span> <span class='ocrx_word' id='word_1_121' title='bbox 1217 996 1360 1036; x_wconf 72' lang='lat' dir='ltr'><em>resplen-</em></span> 
     </span>
     <span class='ocr_line' id='line_1_18' title="bbox 293 1041 1360 1088; baseline -0.01 -8"><span class='ocrx_word' id='word_1_122' title='bbox 293 1049 370 1080; x_wconf 85' lang='lat' dir='ltr'><em>dere</em></span> <span class='ocrx_word' id='word_1_123' title='bbox 393 1050 424 1079; x_wconf 87' lang='lat' dir='ltr'><em>in</em></span> <span class='ocrx_word' id='word_1_124' title='bbox 443 1048 670 1088; x_wconf 77' lang='lat' dir='ltr'><em>phantasmate</em></span> <span class='ocrx_word' id='word_1_125' title='bbox 684 1044 768 1074; x_wconf 84' lang='lat' dir='ltr'><em>sicut</em></span> <span class='ocrx_word' id='word_1_126' title='bbox 782 1041 950 1081; x_wconf 78' lang='lat' dir='ltr'><em>exemplar</em></span> <span class='ocrx_word' id='word_1_127' title='bbox 965 1041 997 1070; x_wconf 87' lang='lat' dir='ltr'><em>in</em></span> <span class='ocrx_word' id='word_1_128' title='bbox 1017 1041 1171 1082; x_wconf 79' lang='lat' dir='ltr'><em>imagine,</em></span> <span class='ocrx_word' id='word_1_129' title='bbox 1190 1046 1239 1071; x_wconf 88' lang='lat' dir='ltr'><em>est</em></span> <span class='ocrx_word' id='word_1_130' title='bbox 1255 1041 1360 1081; x_wconf 86' lang='lat' dir='ltr'><em>ipsam</em></span> 
     </span>
     <span class='ocr_line' id='line_1_19' title="bbox 292 1084 1360 1134; baseline -0.008 -10"><span class='ocrx_word' id='word_1_131' title='bbox 292 1094 433 1134; x_wconf 92' lang='lat' dir='ltr'><em>speciem</em></span> <span class='ocrx_word' id='word_1_132' title='bbox 455 1101 513 1131; x_wconf 91' lang='lat' dir='ltr'><em>per</em></span> <span class='ocrx_word' id='word_1_133' title='bbox 527 1090 716 1130; x_wconf 83' lang='lat' dir='ltr'><em>phantasma</em></span> <span class='ocrx_word' id='word_1_134' title='bbox 739 1087 849 1126; x_wconf 89' lang='lat' dir='ltr'><em>aliquo</em></span> <span class='ocrx_word' id='word_1_135' title='bbox 868 1084 970 1115; x_wconf 90' lang='lat' dir='ltr'><em>modo</em></span> <span class='ocrx_word' id='word_1_136' title='bbox 985 1084 1098 1116; x_wconf 90' lang='lat' dir='ltr'><em>reduci</em></span> <span class='ocrx_word' id='word_1_137' title='bbox 1113 1086 1147 1116; x_wconf 92' lang='lat' dir='ltr'><em>in</em></span> <span class='ocrx_word' id='word_1_138' title='bbox 1163 1090 1273 1116; x_wconf 87' lang='lat' dir='ltr'><em>actum</em></span> <span class='ocrx_word' id='word_1_139' title='bbox 1288 1094 1360 1126; x_wconf 87' lang='lat' dir='ltr'><em>per-</em></span> 
     </span>
     <span class='ocr_line' id='line_1_20' title="bbox 293 1130 1359 1175; baseline -0.008 -7"><span class='ocrx_word' id='word_1_140' title='bbox 293 1138 393 1168; x_wconf 87' lang='lat' dir='ltr'><em>fectae</em></span> <span class='ocrx_word' id='word_1_141' title='bbox 417 1134 610 1175; x_wconf 86' lang='lat' dir='ltr'><em>cognitionis</em></span> <span class='ocrx_word' id='word_1_142' title='bbox 628 1141 665 1162; x_wconf 88' lang='lat' dir='ltr'><em>ex</em></span> <span class='ocrx_word' id='word_1_143' title='bbox 689 1136 778 1172; x_wconf 86' lang='lat' dir='ltr'><em>parte</em></span> <span class='ocrx_word' id='word_1_144' title='bbox 795 1130 914 1160; x_wconf 86' lang='lat' dir='ltr'><em>obiecti</em></span> <span class='ocrx_word' id='word_1_145' title='bbox 929 1138 988 1170; x_wconf 91' lang='lat' dir='ltr'><em>per</em></span> <span class='ocrx_word' id='word_1_146' title='bbox 1002 1130 1106 1170; x_wconf 85' lang='lat' dir='ltr'><em>ipsam</em></span> <span class='ocrx_word' id='word_1_147' title='bbox 1121 1130 1359 1171; x_wconf 88' lang='lat' dir='ltr'><em>repraesentati.</em></span> 
     </span>
     <span class='ocr_line' id='line_1_21' title="bbox 292 1174 1361 1215; baseline -0.007 -3"><span class='ocrx_word' id='word_1_148' title='bbox 292 1182 381 1212; x_wconf 89' lang='lat' dir='ltr'><em>Sicut</em></span> <span class='ocrx_word' id='word_1_149' title='bbox 405 1180 490 1210; x_wconf 90' lang='lat' dir='ltr'><em>enim</em></span> <span class='ocrx_word' id='word_1_150' title='bbox 514 1176 670 1208; x_wconf 90' lang='lat' dir='ltr'><em>Hercules</em></span> <span class='ocrx_word' id='word_1_151' title='bbox 695 1175 812 1205; x_wconf 90' lang='lat' dir='ltr'><em>dicitur</em></span> <span class='ocrx_word' id='word_1_152' title='bbox 836 1175 872 1204; x_wconf 87' lang='lat' dir='ltr'><em>in</em></span> <span class='ocrx_word' id='word_1_153' title='bbox 904 1183 970 1204; x_wconf 41' lang='lat' dir='ltr'><em>sua,</em></span> <span class='ocrx_word' id='word_1_154' title='bbox 991 1174 1133 1215; x_wconf 88' lang='lat' dir='ltr'><em>imagine</em></span> <span class='ocrx_word' id='word_1_155' title='bbox 1155 1174 1361 1215; x_wconf 89' lang='lat' dir='ltr'><em>resplendere</em></span> 
     </span>
     <span class='ocr_line' id='line_1_22' title="bbox 291 1219 1361 1265; baseline -0.007 -9"><span class='ocrx_word' id='word_1_156' title='bbox 291 1227 483 1265; x_wconf 86' lang='lat' dir='ltr'><em>inquantum</em></span> <span class='ocrx_word' id='word_1_157' title='bbox 505 1223 613 1262; x_wconf 86' lang='lat' dir='ltr'><em>imago</em></span> <span class='ocrx_word' id='word_1_158' title='bbox 636 1221 702 1250; x_wconf 91' lang='lat' dir='ltr'><em>visa</em></span> <span class='ocrx_word' id='word_1_159' title='bbox 725 1219 815 1250; x_wconf 88' lang='lat' dir='ltr'><em>ducit</em></span> <span class='ocrx_word' id='word_1_160' title='bbox 832 1219 1001 1250; x_wconf 89' lang='lat' dir='ltr'><em>hominem</em></span> <span class='ocrx_word' id='word_1_161' title='bbox 1024 1220 1058 1250; x_wconf 89' lang='lat' dir='ltr'><em>in</em></span> <span class='ocrx_word' id='word_1_162' title='bbox 1082 1219 1232 1250; x_wconf 89' lang='lat' dir='ltr'><em>Herculis</em></span> <span class='ocrx_word' id='word_1_163' title='bbox 1247 1220 1361 1259; x_wconf 88' lang='lat' dir='ltr'><em>cogni-</em></span> 
     </span>
     <span class='ocr_line' id='line_1_23' title="bbox 291 1264 1361 1307; baseline -0.006 -7"><span class='ocrx_word' id='word_1_164' title='bbox 291 1271 423 1305; x_wconf 90' lang='lat' dir='ltr'><em>tionem,</em></span> <span class='ocrx_word' id='word_1_165' title='bbox 449 1277 488 1298; x_wconf 92' lang='lat' dir='ltr'><em>eo</em></span> <span class='ocrx_word' id='word_1_166' title='bbox 513 1265 603 1307; x_wconf 94' lang='lat' dir='ltr'><em>quod</em></span> <span class='ocrx_word' id='word_1_167' title='bbox 629 1264 775 1305; x_wconf 87' lang='lat' dir='ltr'><em>potentia</em></span> <span class='ocrx_word' id='word_1_168' title='bbox 805 1264 940 1294; x_wconf 90' lang='lat' dir='ltr'><em>interior</em></span> <span class='ocrx_word' id='word_1_169' title='bbox 963 1264 1121 1295; x_wconf 88' lang='lat' dir='ltr'><em>excitatur</em></span> <span class='ocrx_word' id='word_1_170' title='bbox 1147 1264 1188 1295; x_wconf 94' lang='lat' dir='ltr'><em>ad</em></span> <span class='ocrx_word' id='word_1_171' title='bbox 1211 1264 1361 1295; x_wconf 89' lang='lat' dir='ltr'><em>Herculis</em></span> 
     </span>
     <span class='ocr_line' id='line_1_24' title="bbox 290 1308 1361 1354; baseline -0.006 -9"><span class='ocrx_word' id='word_1_172' title='bbox 290 1314 524 1354; x_wconf 88' lang='lat' dir='ltr'><em>inspectionem</em></span> <span class='ocrx_word' id='word_1_173' title='bbox 548 1315 603 1340; x_wconf 90' lang='lat' dir='ltr'><em>aut</em></span> <span class='ocrx_word' id='word_1_174' title='bbox 632 1308 911 1349; x_wconf 83' lang='lat' dir='ltr'><em>imaginationem3</em></span> <span class='ocrx_word' id='word_1_175' title='bbox 936 1309 980 1339; x_wconf 90' lang='lat' dir='ltr'><em>ita</em></span> <span class='ocrx_word' id='word_1_176' title='bbox 1009 1308 1127 1340; x_wconf 90' lang='lat' dir='ltr'><em>dicitur</em></span> <span class='ocrx_word' id='word_1_177' title='bbox 1155 1308 1361 1350; x_wconf 88' lang='lat' dir='ltr'><em>resplendere</em></span> 
     </span>
     <span class='ocr_line' id='line_1_25' title="bbox 290 1353 1361 1400; baseline -0.006 -10"><span class='ocrx_word' id='word_1_178' title='bbox 290 1359 412 1400; x_wconf 88' lang='lat' dir='ltr'><em>species</em></span> <span class='ocrx_word' id='word_1_179' title='bbox 434 1357 467 1387; x_wconf 92' lang='lat' dir='ltr'><em>in</em></span> <span class='ocrx_word' id='word_1_180' title='bbox 489 1356 710 1396; x_wconf 89' lang='lat' dir='ltr'><em>phantasmate</em></span> <span class='ocrx_word' id='word_1_181' title='bbox 734 1358 866 1383; x_wconf 87' lang='lat' dir='ltr'><em>causato</em></span> <span class='ocrx_word' id='word_1_182' title='bbox 890 1362 948 1393; x_wconf 90' lang='lat' dir='ltr'><em>per</em></span> <span class='ocrx_word' id='word_1_183' title='bbox 978 1353 1153 1394; x_wconf 90' lang='lat' dir='ltr'><em>imperium</em></span> <span class='ocrx_word' id='word_1_184' title='bbox 1176 1354 1361 1384; x_wconf 90' lang='lat' dir='ltr'><em>intellectus</em></span> 
     </span>
     <span class='ocr_line' id='line_1_26' title="bbox 289 1397 1361 1441; baseline -0.006 -7"><span class='ocrx_word' id='word_1_185' title='bbox 289 1402 468 1434; x_wconf 91' lang='lat' dir='ltr'><em>secundum</em></span> <span class='ocrx_word' id='word_1_186' title='bbox 495 1399 658 1441; x_wconf 90' lang='lat' dir='ltr'><em>quandam</em></span> <span class='ocrx_word' id='word_1_187' title='bbox 685 1397 948 1428; x_wconf 86' lang='lat' dir='ltr'><em>conformitatem</em></span> <span class='ocrx_word' id='word_1_188' title='bbox 974 1397 1015 1428; x_wconf 88' lang='lat' dir='ltr'><em>ad</em></span> <span class='ocrx_word' id='word_1_189' title='bbox 1045 1398 1199 1439; x_wconf 89' lang='lat' dir='ltr'><em>speciem,</em></span> <span class='ocrx_word' id='word_1_190' title='bbox 1223 1399 1361 1439; x_wconf 89' lang='lat' dir='ltr'><em>inquan-</em></span> 
     </span>
     <span class='ocr_line' id='line_1_27' title="bbox 289 1442 1360 1487; baseline -0.004 -9"><span class='ocrx_word' id='word_1_191' title='bbox 289 1453 359 1478; x_wconf 87' lang='lat' dir='ltr'><em>tum</em></span> <span class='ocrx_word' id='word_1_192' title='bbox 382 1456 440 1487; x_wconf 90' lang='lat' dir='ltr'><em>per</em></span> <span class='ocrx_word' id='word_1_193' title='bbox 461 1445 493 1476; x_wconf 89' lang='lat' dir='ltr'><em>id</em></span> <span class='ocrx_word' id='word_1_194' title='bbox 520 1443 610 1485; x_wconf 90' lang='lat' dir='ltr'><em>quod</em></span> <span class='ocrx_word' id='word_1_195' title='bbox 637 1443 764 1473; x_wconf 88' lang='lat' dir='ltr'><em>animae</em></span> <span class='ocrx_word' id='word_1_196' title='bbox 790 1451 849 1483; x_wconf 90' lang='lat' dir='ltr'><em>per</em></span> <span class='ocrx_word' id='word_1_197' title='bbox 876 1442 1068 1482; x_wconf 81' lang='lat' dir='ltr'><em>phantasma</em></span> <span class='ocrx_word' id='word_1_198' title='bbox 1094 1448 1360 1484; x_wconf 80' lang='lat' dir='ltr'><em>repraesentatur,</em></span> 
     </span>
     <span class='ocr_line' id='line_1_28' title="bbox 290 1486 1362 1528; baseline -0.005 -5"><span class='ocrx_word' id='word_1_199' title='bbox 290 1493 442 1523; x_wconf 87' lang='lat' dir='ltr'><em>excitatur</em></span> <span class='ocrx_word' id='word_1_200' title='bbox 464 1490 569 1520; x_wconf 87' lang='lat' dir='ltr'><em>anima</em></span> <span class='ocrx_word' id='word_1_201' title='bbox 592 1487 632 1518; x_wconf 91' lang='lat' dir='ltr'><em>ad</em></span> <span class='ocrx_word' id='word_1_202' title='bbox 659 1486 882 1527; x_wconf 86' lang='lat' dir='ltr'><em>cognitionem</em></span> <span class='ocrx_word' id='word_1_203' title='bbox 909 1487 1068 1518; x_wconf 84' lang='lat' dir='ltr'><em>actualem</em></span> <span class='ocrx_word' id='word_1_204' title='bbox 1096 1488 1166 1518; x_wconf 89' lang='lat' dir='ltr'><em>eius</em></span> <span class='ocrx_word' id='word_1_205' title='bbox 1190 1486 1281 1528; x_wconf 93' lang='lat' dir='ltr'><em>quod</em></span> <span class='ocrx_word' id='word_1_206' title='bbox 1304 1497 1362 1528; x_wconf 93' lang='lat' dir='ltr'><em>per</em></span> 
     </span>
     <span class='ocr_line' id='line_1_29' title="bbox 289 1532 1362 1577; baseline -0.004 -10"><span class='ocrx_word' id='word_1_207' title='bbox 289 1536 429 1577; x_wconf 87' lang='lat' dir='ltr'><em>speciem</em></span> <span class='ocrx_word' id='word_1_208' title='bbox 466 1532 700 1573; x_wconf 87' lang='lat' dir='ltr'><em>intelligibilem</em></span> <span class='ocrx_word' id='word_1_209' title='bbox 738 1537 1003 1572; x_wconf 80' lang='lat' dir='ltr'><em>repraesentatur.</em></span> <span class='ocrx_word' id='word_1_210' title='bbox 1046 1532 1088 1562; x_wconf 89' lang='lat' dir='ltr'><em>Et</em></span> <span class='ocrx_word' id='word_1_211' title='bbox 1125 1533 1190 1563; x_wconf 91' lang='lat' dir='ltr'><em>hoc</em></span> <span class='ocrx_word' id='word_1_212' title='bbox 1227 1537 1362 1573; x_wconf 91' lang='lat' dir='ltr'><em>propter</em></span> 
     </span>
     <span class='ocr_line' id='line_1_30' title="bbox 288 1576 1361 1621; baseline -0.005 -9"><span class='ocrx_word' id='word_1_213' title='bbox 288 1580 450 1621; x_wconf 90' lang='lat' dir='ltr'><em>quandam</em></span> <span class='ocrx_word' id='word_1_214' title='bbox 477 1577 737 1609; x_wconf 86' lang='lat' dir='ltr'><em>convenientiam</em></span> <span class='ocrx_word' id='word_1_215' title='bbox 764 1576 996 1616; x_wconf 80' lang='lat' dir='ltr'><em>phantasmatis</em></span> <span class='ocrx_word' id='word_1_216' title='bbox 1026 1576 1067 1607; x_wconf 86' lang='lat' dir='ltr'><em>ad</em></span> <span class='ocrx_word' id='word_1_217' title='bbox 1097 1577 1241 1617; x_wconf 87' lang='lat' dir='ltr'><em>speciem</em></span> <span class='ocrx_word' id='word_1_218' title='bbox 1267 1576 1361 1608; x_wconf 90' lang='lat' dir='ltr'><em>intel-</em></span> 
     </span>
     <span class='ocr_line' id='line_1_31' title="bbox 287 1620 1361 1666; baseline -0.003 -10"><span class='ocrx_word' id='word_1_219' title='bbox 287 1625 460 1666; x_wconf 86' lang='lat' dir='ltr'><em>ligibilem:</em></span> <span class='ocrx_word' id='word_1_220' title='bbox 486 1622 565 1653; x_wconf 92' lang='lat' dir='ltr'><em>dum</em></span> <span class='ocrx_word' id='word_1_221' title='bbox 587 1631 645 1662; x_wconf 92' lang='lat' dir='ltr'><em>per</em></span> <span class='ocrx_word' id='word_1_222' title='bbox 668 1627 845 1661; x_wconf 90' lang='lat' dir='ltr'><em>utrumque</em></span> <span class='ocrx_word' id='word_1_223' title='bbox 868 1620 983 1652; x_wconf 86' lang='lat' dir='ltr'><em>eadem</em></span> <span class='ocrx_word' id='word_1_224' title='bbox 1005 1626 1120 1651; x_wconf 90' lang='lat' dir='ltr'><em>natura</em></span> <span class='ocrx_word' id='word_1_225' title='bbox 1142 1627 1361 1662; x_wconf 71' lang='lat' dir='ltr'><em>repraesenta-</em></span> 
     </span>
     <span class='ocr_line' id='line_1_32' title="bbox 287 1665 1361 1708; baseline -0.003 -8"><span class='ocrx_word' id='word_1_226' title='bbox 287 1676 349 1707; x_wconf 91' lang='lat' dir='ltr'><em>tur,</em></span> <span class='ocrx_word' id='word_1_227' title='bbox 373 1668 429 1700; x_wconf 89' lang='lat' dir='ltr'><em>sed</em></span> <span class='ocrx_word' id='word_1_228' title='bbox 451 1677 508 1708; x_wconf 91' lang='lat' dir='ltr'><em>per</em></span> <span class='ocrx_word' id='word_1_229' title='bbox 531 1667 720 1708; x_wconf 86' lang='lat' dir='ltr'><em>phantasma</em></span> <span class='ocrx_word' id='word_1_230' title='bbox 743 1665 986 1706; x_wconf 83' lang='lat' dir='ltr'><em>particulariter,</em></span> <span class='ocrx_word' id='word_1_231' title='bbox 1002 1675 1062 1706; x_wconf 90' lang='lat' dir='ltr'><em>per</em></span> <span class='ocrx_word' id='word_1_232' title='bbox 1084 1667 1227 1706; x_wconf 87' lang='lat' dir='ltr'><em>speciem</em></span> <span class='ocrx_word' id='word_1_233' title='bbox 1251 1672 1361 1698; x_wconf 89' lang='lat' dir='ltr'><em>autem</em></span> 
     </span>
     <span class='ocr_line' id='line_1_33' title="bbox 288 1712 515 1746; baseline -0.018 0"><span class='ocrx_word' id='word_1_234' title='bbox 288 1712 515 1746; x_wconf 87' lang='lat' dir='ltr'><em>universaliter.</em></span> 
     </span>
    </p>

    <p class='ocr_par' dir='ltr' id='par_1_6' title="bbox 285 1754 1363 2601">
     <span class='ocr_line' id='line_1_34' title="bbox 345 1754 1362 1796; baseline -0.002 -7"><span class='ocrx_word' id='word_1_235' title='bbox 345 1758 374 1789; x_wconf 87' lang='lat'><em>3.</em></span> <span class='ocrx_word' id='word_1_236' title='bbox 398 1757 449 1788; x_wconf 87' lang='lat' dir='ltr'><em>Ad</em></span> <span class='ocrx_word' id='word_1_237' title='bbox 465 1755 639 1787; x_wconf 88' lang='lat' dir='ltr'><em>secundam</em></span> <span class='ocrx_word' id='word_1_238' title='bbox 655 1754 876 1786; x_wconf 91' lang='lat' dir='ltr'><em>obiectionem</em></span> <span class='ocrx_word' id='word_1_239' title='bbox 896 1754 1013 1786; x_wconf 87' lang='lat' dir='ltr'><em>dicitur</em></span> <span class='ocrx_word' id='word_1_240' title='bbox 1036 1754 1127 1795; x_wconf 91' lang='lat' dir='ltr'><em>quod</em></span> <span class='ocrx_word' id='word_1_241' title='bbox 1149 1755 1310 1796; x_wconf 86' lang='lat' dir='ltr'><em>inspicere</em></span> <span class='ocrx_word' id='word_1_242' title='bbox 1327 1756 1362 1786; x_wconf 91' lang='lat' dir='ltr'><em>in</em></span> 
     </span>
     <span class='ocr_line' id='line_1_35' title="bbox 288 1799 1362 1844; baseline -0.003 -10"><span class='ocrx_word' id='word_1_243' title='bbox 288 1803 438 1844; x_wconf 85' lang='lat' dir='ltr'><em>singulari</em></span> <span class='ocrx_word' id='word_1_244' title='bbox 454 1807 600 1832; x_wconf 89' lang='lat' dir='ltr'><em>naturam</em></span> <span class='ocrx_word' id='word_1_245' title='bbox 614 1799 842 1836; x_wconf 78' lang='lat' dir='ltr'><em>universalem,</em></span> <span class='ocrx_word' id='word_1_246' title='bbox 863 1799 955 1840; x_wconf 91' lang='lat' dir='ltr'><em>quod</em></span> <span class='ocrx_word' id='word_1_247' title='bbox 970 1805 1018 1830; x_wconf 90' lang='lat' dir='ltr'><em>est</em></span> <span class='ocrx_word' id='word_1_248' title='bbox 1041 1799 1202 1840; x_wconf 78' lang='lat' dir='ltr'><em>inspicere</em></span> <span class='ocrx_word' id='word_1_249' title='bbox 1217 1800 1362 1832; x_wconf 81' lang='lat' dir='ltr'><em>immate-</em></span> 
     </span>
     <span class='ocr_line' id='line_1_36' title="bbox 289 1843 1361 1887; baseline -0.003 -8"><span class='ocrx_word' id='word_1_250' title='bbox 289 1849 372 1879; x_wconf 83' lang='lat' dir='ltr'><em>riale</em></span> <span class='ocrx_word' id='word_1_251' title='bbox 387 1848 420 1877; x_wconf 89' lang='lat' dir='ltr'><em>in</em></span> <span class='ocrx_word' id='word_1_252' title='bbox 437 1847 546 1887; x_wconf 84' lang='lat' dir='ltr'><em>aliquo</em></span> <span class='ocrx_word' id='word_1_253' title='bbox 559 1844 734 1880; x_wconf 83' lang='lat' dir='ltr'><em>materiali,</em></span> <span class='ocrx_word' id='word_1_254' title='bbox 748 1843 921 1885; x_wconf 89' lang='lat' dir='ltr'><em>dupliciter</em></span> <span class='ocrx_word' id='word_1_255' title='bbox 937 1849 1046 1884; x_wconf 91' lang='lat' dir='ltr'><em>potest</em></span> <span class='ocrx_word' id='word_1_256' title='bbox 1062 1853 1142 1875; x_wconf 87' lang='lat' dir='ltr'><em>esse.</em></span> <span class='ocrx_word' id='word_1_257' title='bbox 1157 1845 1232 1876; x_wconf 91' lang='lat' dir='ltr'><em>Uno</em></span> <span class='ocrx_word' id='word_1_258' title='bbox 1248 1845 1361 1881; x_wconf 90' lang='lat' dir='ltr'><em>modo,</em></span> 
     </span>
     <span class='ocr_line' id='line_1_37' title="bbox 289 1888 1362 1934; baseline -0.003 -11"><span class='ocrx_word' id='word_1_259' title='bbox 289 1892 378 1934; x_wconf 91' lang='lat' dir='ltr'><em>quod</em></span> <span class='ocrx_word' id='word_1_260' title='bbox 394 1895 607 1932; x_wconf 85' lang='lat' dir='ltr'><em>cognoscatur</em></span> <span class='ocrx_word' id='word_1_261' title='bbox 622 1894 737 1920; x_wconf 87' lang='lat' dir='ltr'><em>natura</em></span> <span class='ocrx_word' id='word_1_262' title='bbox 751 1888 935 1920; x_wconf 86' lang='lat' dir='ltr'><em>secundum</em></span> <span class='ocrx_word' id='word_1_263' title='bbox 951 1898 1021 1920; x_wconf 88' lang='lat' dir='ltr'><em>esse</em></span> <span class='ocrx_word' id='word_1_264' title='bbox 1037 1888 1129 1929; x_wconf 87' lang='lat' dir='ltr'><em>quod</em></span> <span class='ocrx_word' id='word_1_265' title='bbox 1152 1890 1249 1920; x_wconf 89' lang='lat' dir='ltr'><em>habet</em></span> <span class='ocrx_word' id='word_1_266' title='bbox 1272 1891 1307 1920; x_wconf 90' lang='lat' dir='ltr'><em>in</em></span> <span class='ocrx_word' id='word_1_267' title='bbox 1326 1898 1362 1920; x_wconf 89' lang='lat' dir='ltr'><em>re</em></span> 
     </span>
     <span class='ocr_line' id='line_1_38' title="bbox 288 1933 1361 1977; baseline -0.004 -9"><span class='ocrx_word' id='word_1_268' title='bbox 288 1937 448 1977; x_wconf 86' lang='lat' dir='ltr'><em>singulari,</em></span> <span class='ocrx_word' id='word_1_269' title='bbox 463 1936 507 1966; x_wconf 91' lang='lat' dir='ltr'><em>ita</em></span> <span class='ocrx_word' id='word_1_270' title='bbox 524 1933 615 1976; x_wconf 93' lang='lat' dir='ltr'><em>quod</em></span> <span class='ocrx_word' id='word_1_271' title='bbox 631 1943 700 1965; x_wconf 86' lang='lat' dir='ltr'><em>esse</em></span> <span class='ocrx_word' id='word_1_272' title='bbox 717 1933 878 1974; x_wconf 85' lang='lat' dir='ltr'><em>singulare</em></span> <span class='ocrx_word' id='word_1_273' title='bbox 901 1934 1002 1974; x_wconf 90' lang='lat' dir='ltr'><em>ipsius</em></span> <span class='ocrx_word' id='word_1_274' title='bbox 1017 1939 1152 1965; x_wconf 88' lang='lat' dir='ltr'><em>naturae</em></span> <span class='ocrx_word' id='word_1_275' title='bbox 1175 1934 1216 1964; x_wconf 90' lang='lat' dir='ltr'><em>sit</em></span> <span class='ocrx_word' id='word_1_276' title='bbox 1237 1943 1297 1975; x_wconf 90' lang='lat' dir='ltr'><em>per</em></span> <span class='ocrx_word' id='word_1_277' title='bbox 1311 1935 1361 1964; x_wconf 90' lang='lat' dir='ltr'><em>in-</em></span> 
     </span>
     <span class='ocr_line' id='line_1_39' title="bbox 286 1977 1363 2020; baseline -0.003 -8"><span class='ocrx_word' id='word_1_278' title='bbox 286 1982 451 2012; x_wconf 89' lang='lat' dir='ltr'><em>tellectum</em></span> <span class='ocrx_word' id='word_1_279' title='bbox 475 1980 654 2020; x_wconf 86' lang='lat' dir='ltr'><em>cognitum.</em></span> <span class='ocrx_word' id='word_1_280' title='bbox 682 1978 758 2009; x_wconf 88' lang='lat' dir='ltr'><em>Alio</em></span> <span class='ocrx_word' id='word_1_281' title='bbox 788 1977 902 2015; x_wconf 90' lang='lat' dir='ltr'><em>modo,</em></span> <span class='ocrx_word' id='word_1_282' title='bbox 929 1987 998 2009; x_wconf 90' lang='lat' dir='ltr'><em>non</em></span> <span class='ocrx_word' id='word_1_283' title='bbox 1026 1977 1118 2019; x_wconf 87' lang='lat' dir='ltr'><em>quod</em></span> <span class='ocrx_word' id='word_1_284' title='bbox 1145 1984 1363 2019; x_wconf 87' lang='lat' dir='ltr'><em>cognoscatur</em></span> 
     </span>
     <span class='ocr_line' id='line_1_40' title="bbox 286 2022 1361 2064; baseline -0.003 -7"><span class='ocrx_word' id='word_1_285' title='bbox 286 2031 399 2057; x_wconf 90' lang='lat' dir='ltr'><em>natura</em></span> <span class='ocrx_word' id='word_1_286' title='bbox 414 2024 595 2056; x_wconf 89' lang='lat' dir='ltr'><em>secundum</em></span> <span class='ocrx_word' id='word_1_287' title='bbox 612 2032 682 2055; x_wconf 90' lang='lat' dir='ltr'><em>esse</em></span> <span class='ocrx_word' id='word_1_288' title='bbox 701 2023 873 2063; x_wconf 85' lang='lat' dir='ltr'><em>singulare,</em></span> <span class='ocrx_word' id='word_1_289' title='bbox 889 2022 946 2054; x_wconf 88' lang='lat' dir='ltr'><em>sed</em></span> <span class='ocrx_word' id='word_1_290' title='bbox 962 2023 1039 2064; x_wconf 83' lang='lat' dir='ltr'><em>quia</em></span> <span class='ocrx_word' id='word_1_291' title='bbox 1058 2023 1128 2063; x_wconf 84' lang='lat' dir='ltr'><em>ipsa</em></span> <span class='ocrx_word' id='word_1_292' title='bbox 1142 2029 1256 2054; x_wconf 87' lang='lat' dir='ltr'><em>natura</em></span> <span class='ocrx_word' id='word_1_293' title='bbox 1277 2032 1361 2064; x_wconf 90' lang='lat' dir='ltr'><em>quae</em></span> 
     </span>
     <span class='ocr_line' id='line_1_41' title="bbox 287 2067 1360 2110; baseline -0.003 -8"><span class='ocrx_word' id='word_1_294' title='bbox 287 2076 335 2102; x_wconf 89' lang='lat' dir='ltr'><em>est</em></span> <span class='ocrx_word' id='word_1_295' title='bbox 349 2071 383 2101; x_wconf 90' lang='lat' dir='ltr'><em>in</em></span> <span class='ocrx_word' id='word_1_296' title='bbox 406 2079 440 2101; x_wconf 94' lang='lat' dir='ltr'><em>re</em></span> <span class='ocrx_word' id='word_1_297' title='bbox 463 2069 626 2110; x_wconf 84' lang='lat' dir='ltr'><em>singulari,</em></span> <span class='ocrx_word' id='word_1_298' title='bbox 644 2067 855 2108; x_wconf 85' lang='lat' dir='ltr'><em>cognoscitur</em></span> <span class='ocrx_word' id='word_1_299' title='bbox 877 2068 911 2098; x_wconf 92' lang='lat' dir='ltr'><em>in</em></span> <span class='ocrx_word' id='word_1_300' title='bbox 933 2077 968 2098; x_wconf 91' lang='lat' dir='ltr'><em>re</em></span> <span class='ocrx_word' id='word_1_301' title='bbox 988 2067 1142 2108; x_wconf 81' lang='lat' dir='ltr'><em>singulari</em></span> <span class='ocrx_word' id='word_1_302' title='bbox 1165 2068 1235 2099; x_wconf 83' lang='lat' dir='ltr'><em>eius</em></span> <span class='ocrx_word' id='word_1_303' title='bbox 1253 2073 1360 2100; x_wconf 83' lang='lat' dir='ltr'><em>tamen</em></span> 
     </span>
     <span class='ocr_line' id='line_1_42' title="bbox 285 2111 1362 2157; baseline -0.002 -11"><span class='ocrx_word' id='word_1_304' title='bbox 285 2115 517 2157; x_wconf 83' lang='lat' dir='ltr'><em>singularitate</em></span> <span class='ocrx_word' id='word_1_305' title='bbox 533 2123 598 2144; x_wconf 87' lang='lat' dir='ltr'><em>non</em></span> <span class='ocrx_word' id='word_1_306' title='bbox 615 2112 841 2144; x_wconf 80' lang='lat' dir='ltr'><em>considerata:</em></span> <span class='ocrx_word' id='word_1_307' title='bbox 855 2113 939 2143; x_wconf 89' lang='lat' dir='ltr'><em>sicut</em></span> <span class='ocrx_word' id='word_1_308' title='bbox 955 2111 1163 2143; x_wconf 89' lang='lat' dir='ltr'><em>dulcedinem</em></span> <span class='ocrx_word' id='word_1_309' title='bbox 1173 2113 1267 2153; x_wconf 88' lang='lat' dir='ltr'><em>pomi</em></span> <span class='ocrx_word' id='word_1_310' title='bbox 1282 2122 1362 2144; x_wconf 88' lang='lat' dir='ltr'><em>con·</em></span> 
     </span>
     <span class='ocr_line' id='line_1_43' title="bbox 286 2157 1360 2198; baseline -0.003 -7"><span class='ocrx_word' id='word_1_311' title='bbox 286 2161 429 2191; x_wconf 89' lang='lat' dir='ltr'><em>iunctam</em></span> <span class='ocrx_word' id='word_1_312' title='bbox 453 2159 593 2190; x_wconf 84' lang='lat' dir='ltr'><em>albedini</em></span> <span class='ocrx_word' id='word_1_313' title='bbox 615 2158 754 2198; x_wconf 88' lang='lat' dir='ltr'><em>percipit</em></span> <span class='ocrx_word' id='word_1_314' title='bbox 783 2162 906 2198; x_wconf 83' lang='lat' dir='ltr'><em>gustus,</em></span> <span class='ocrx_word' id='word_1_315' title='bbox 927 2166 997 2188; x_wconf 89' lang='lat' dir='ltr'><em>non</em></span> <span class='ocrx_word' id='word_1_316' title='bbox 1020 2162 1174 2198; x_wconf 86' lang='lat' dir='ltr'><em>percepta</em></span> <span class='ocrx_word' id='word_1_317' title='bbox 1201 2157 1360 2189; x_wconf 84' lang='lat' dir='ltr'><em>albedine.</em></span> 
     </span>
     <span class='ocr_line' id='line_1_44' title="bbox 285 2202 1361 2243; baseline -0.003 -8"><span class='ocrx_word' id='word_1_318' title='bbox 285 2205 394 2235; x_wconf 88' lang='lat' dir='ltr'><em>Primo</em></span> <span class='ocrx_word' id='word_1_319' title='bbox 410 2203 523 2240; x_wconf 90' lang='lat' dir='ltr'><em>modo,</em></span> <span class='ocrx_word' id='word_1_320' title='bbox 548 2211 747 2243; x_wconf 83' lang='lat' dir='ltr'><em>cognoscere</em></span> <span class='ocrx_word' id='word_1_321' title='bbox 762 2207 911 2232; x_wconf 88' lang='lat' dir='ltr'><em>naturam</em></span> <span class='ocrx_word' id='word_1_322' title='bbox 930 2202 964 2232; x_wconf 91' lang='lat' dir='ltr'><em>in</em></span> <span class='ocrx_word' id='word_1_323' title='bbox 980 2202 1134 2242; x_wconf 83' lang='lat' dir='ltr'><em>singulari</em></span> <span class='ocrx_word' id='word_1_324' title='bbox 1148 2211 1218 2232; x_wconf 90' lang='lat' dir='ltr'><em>non</em></span> <span class='ocrx_word' id='word_1_325' title='bbox 1241 2208 1289 2233; x_wconf 88' lang='lat' dir='ltr'><em>est</em></span> <span class='ocrx_word' id='word_1_326' title='bbox 1305 2211 1361 2233; x_wconf 93' lang='lat' dir='ltr'><em>co-</em></span> 
     </span>
     <span class='ocr_line' id='line_1_45' title="bbox 285 2246 1361 2290; baseline -0.002 -10"><span class='ocrx_word' id='word_1_327' title='bbox 285 2258 441 2290; x_wconf 89' lang='lat' dir='ltr'><em>gnoscere</em></span> <span class='ocrx_word' id='word_1_328' title='bbox 464 2249 569 2289; x_wconf 88' lang='lat' dir='ltr'><em>ipsam</em></span> <span class='ocrx_word' id='word_1_329' title='bbox 591 2257 649 2288; x_wconf 88' lang='lat' dir='ltr'><em>per</em></span> <span class='ocrx_word' id='word_1_330' title='bbox 678 2247 928 2277; x_wconf 86' lang='lat' dir='ltr'><em>abstractionem</em></span> <span class='ocrx_word' id='word_1_331' title='bbox 951 2256 969 2277; x_wconf 86' lang='lat' dir='ltr'><em>a</em></span> <span class='ocrx_word' id='word_1_332' title='bbox 992 2246 1217 2287; x_wconf 86' lang='lat' dir='ltr'><em>singularibus,</em></span> <span class='ocrx_word' id='word_1_333' title='bbox 1241 2246 1298 2277; x_wconf 90' lang='lat' dir='ltr'><em>sed</em></span> <span class='ocrx_word' id='word_1_334' title='bbox 1325 2252 1361 2278; x_wconf 92' lang='lat' dir='ltr'><em>ut</em></span> 
     </span>
     <span class='ocr_line' id='line_1_46' title="bbox 285 2291 1361 2333; baseline -0.003 -8"><span class='ocrx_word' id='word_1_335' title='bbox 285 2294 454 2324; x_wconf 88' lang='lat' dir='ltr'><em>limitatam</em></span> <span class='ocrx_word' id='word_1_336' title='bbox 477 2292 644 2333; x_wconf 87' lang='lat' dir='ltr'><em>principiis</em></span> <span class='ocrx_word' id='word_1_337' title='bbox 659 2291 949 2322; x_wconf 85' lang='lat' dir='ltr'><em>individuantibus:</em></span> <span class='ocrx_word' id='word_1_338' title='bbox 967 2295 999 2321; x_wconf 88' lang='lat' dir='ltr'><em>et</em></span> <span class='ocrx_word' id='word_1_339' title='bbox 1014 2291 1060 2322; x_wconf 86' lang='lat' dir='ltr'><em>sic</em></span> <span class='ocrx_word' id='word_1_340' title='bbox 1079 2291 1218 2332; x_wconf 88' lang='lat' dir='ltr'><em>pertinet</em></span> <span class='ocrx_word' id='word_1_341' title='bbox 1236 2291 1277 2322; x_wconf 90' lang='lat' dir='ltr'><em>ad</em></span> <span class='ocrx_word' id='word_1_342' title='bbox 1300 2300 1361 2331; x_wconf 93' lang='lat' dir='ltr'><em>po-</em></span> 
     </span>
     <span class='ocr_line' id='line_1_47' title="bbox 285 2335 1360 2376; baseline -0.002 -7"><span class='ocrx_word' id='word_1_343' title='bbox 285 2339 420 2369; x_wconf 88' lang='lat' dir='ltr'><em>tentiam</em></span> <span class='ocrx_word' id='word_1_344' title='bbox 443 2338 638 2372; x_wconf 86' lang='lat' dir='ltr'><em>sensitivam,</em></span> <span class='ocrx_word' id='word_1_345' title='bbox 662 2341 700 2367; x_wconf 91' lang='lat' dir='ltr'><em>ut</em></span> <span class='ocrx_word' id='word_1_346' title='bbox 722 2335 838 2366; x_wconf 87' lang='lat' dir='ltr'><em>dicitur</em></span> <span class='ocrx_word' id='word_1_347' title='bbox 853 2335 970 2372; x_wconf 89' lang='lat' dir='ltr'><em>Prima,</em></span> <span class='ocrx_word' id='word_1_348' title='bbox 991 2344 1024 2376; x_wconf 87' lang='lat' dir='ltr'><em>q.</em></span> <span class='ocrx_word' id='word_1_349' title='bbox 1041 2345 1094 2372; x_wconf 85' lang='lat' dir='ltr'><em>xn,</em></span> <span class='ocrx_word' id='word_1_350' title='bbox 1111 2345 1139 2366; x_wconf 90' lang='lat' dir='ltr'><em>a.</em></span> <span class='ocrx_word' id='word_1_351' title='bbox 1155 2345 1187 2375; x_wconf 86' lang='lat'><em>4.</em></span> <span class='ocrx_word' id='word_1_352' title='bbox 1208 2335 1360 2367; x_wconf 90' lang='lat' dir='ltr'><em>Secundo</em></span> 
     </span>
     <span class='ocr_line' id='line_1_48' title="bbox 287 2380 1360 2422; baseline -0.001 -9"><span class='ocrx_word' id='word_1_353' title='bbox 287 2388 397 2413; x_wconf 91' lang='lat' dir='ltr'><em>autem</em></span> <span class='ocrx_word' id='word_1_354' title='bbox 420 2382 522 2412; x_wconf 92' lang='lat' dir='ltr'><em>modo</em></span> <span class='ocrx_word' id='word_1_355' title='bbox 545 2382 649 2422; x_wconf 89' lang='lat' dir='ltr'><em>ipsam</em></span> <span class='ocrx_word' id='word_1_356' title='bbox 673 2389 872 2421; x_wconf 87' lang='lat' dir='ltr'><em>cognoscere</em></span> <span class='ocrx_word' id='word_1_357' title='bbox 896 2385 944 2411; x_wconf 88' lang='lat' dir='ltr'><em>est</em></span> <span class='ocrx_word' id='word_1_358' title='bbox 965 2380 1071 2420; x_wconf 83' lang='lat' dir='ltr'><em>ipsam</em></span> <span class='ocrx_word' id='word_1_359' title='bbox 1094 2389 1152 2421; x_wconf 87' lang='lat' dir='ltr'><em>per</em></span> <span class='ocrx_word' id='word_1_360' title='bbox 1174 2381 1360 2412; x_wconf 84' lang='lat' dir='ltr'><em>abstractio-</em></span> 
     </span>
     <span class='ocr_line' id='line_1_49' title="bbox 286 2424 1360 2467; baseline -0.002 -9"><span class='ocrx_word' id='word_1_361' title='bbox 286 2436 364 2458; x_wconf 89' lang='lat' dir='ltr'><em>nem</em></span> <span class='ocrx_word' id='word_1_362' title='bbox 380 2437 398 2457; x_wconf 91' lang='lat' dir='ltr'><em>a</em></span> <span class='ocrx_word' id='word_1_363' title='bbox 413 2426 579 2467; x_wconf 84' lang='lat' dir='ltr'><em>principiis</em></span> <span class='ocrx_word' id='word_1_364' title='bbox 601 2425 888 2461; x_wconf 84' lang='lat' dir='ltr'><em>individuantibus,</em></span> <span class='ocrx_word' id='word_1_365' title='bbox 903 2424 1086 2456; x_wconf 86' lang='lat' dir='ltr'><em>secundum</em></span> <span class='ocrx_word' id='word_1_366' title='bbox 1109 2425 1248 2466; x_wconf 88' lang='lat' dir='ltr'><em>primam</em></span> <span class='ocrx_word' id='word_1_367' title='bbox 1266 2426 1360 2456; x_wconf 90' lang='lat' dir='ltr'><em>intel-</em></span> 
     </span>
     <span class='ocr_line' id='line_1_50' title="bbox 286 2469 1362 2511; baseline -0.001 -9"><span class='ocrx_word' id='word_1_368' title='bbox 286 2471 389 2502; x_wconf 88' lang='lat' dir='ltr'><em>lectus</em></span> <span class='ocrx_word' id='word_1_369' title='bbox 413 2471 648 2511; x_wconf 86' lang='lat' dir='ltr'><em>operationem,</em></span> <span class='ocrx_word' id='word_1_370' title='bbox 672 2469 924 2510; x_wconf 91' lang='lat' dir='ltr'><em>apprehendere.</em></span> <span class='ocrx_word' id='word_1_371' title='bbox 948 2469 1134 2510; x_wconf 90' lang='lat' dir='ltr'><em>Propositio</em></span> <span class='ocrx_word' id='word_1_372' title='bbox 1150 2479 1228 2510; x_wconf 88' lang='lat' dir='ltr'><em>ergo</em></span> <span class='ocrx_word' id='word_1_373' title='bbox 1252 2469 1362 2502; x_wconf 87' lang='lat' dir='ltr'><em>Sancti</em></span> 
     </span>
     <span class='ocr_line' id='line_1_51' title="bbox 287 2513 1360 2555; baseline 0 -9"><span class='ocrx_word' id='word_1_374' title='bbox 287 2516 436 2546; x_wconf 90' lang='lat' dir='ltr'><em>Thomae</em></span> <span class='ocrx_word' id='word_1_375' title='bbox 459 2514 668 2555; x_wconf 87' lang='lat' dir='ltr'><em>intelligenda</em></span> <span class='ocrx_word' id='word_1_376' title='bbox 691 2519 739 2545; x_wconf 90' lang='lat' dir='ltr'><em>est</em></span> <span class='ocrx_word' id='word_1_377' title='bbox 765 2514 830 2545; x_wconf 88' lang='lat' dir='ltr'><em>hoc</em></span> <span class='ocrx_word' id='word_1_378' title='bbox 853 2513 999 2545; x_wconf 90' lang='lat' dir='ltr'><em>secundo</em></span> <span class='ocrx_word' id='word_1_379' title='bbox 1022 2513 1135 2550; x_wconf 90' lang='lat' dir='ltr'><em>modo,</em></span> <span class='ocrx_word' id='word_1_380' title='bbox 1158 2523 1228 2546; x_wconf 90' lang='lat' dir='ltr'><em>non</em></span> <span class='ocrx_word' id='word_1_381' title='bbox 1251 2520 1360 2546; x_wconf 90' lang='lat' dir='ltr'><em>autem</em></span> 
     </span>
     <span class='ocr_line' id='line_1_52' title="bbox 287 2559 531 2601; baseline -0.004 -10"><span class='ocrx_word' id='word_1_382' title='bbox 287 2561 394 2601; x_wconf 87' lang='lat' dir='ltr'><em>primo</em></span> <span class='ocrx_word' id='word_1_383' title='bbox 418 2559 531 2590; x_wconf 92' lang='lat' dir='ltr'><em>modo.</em></span> 
     </span>
    </p>

    <p class='ocr_par' dir='ltr' id='par_1_7' title="bbox 287 2602 1362 2912">
     <span class='ocr_line' id='line_1_53' title="bbox 343 2602 1361 2644; baseline 0 -9"><span class='ocrx_word' id='word_1_384' title='bbox 343 2603 439 2636; x_wconf 88' lang='lat' dir='ltr'><em>Unde</em></span> <span class='ocrx_word' id='word_1_385' title='bbox 462 2603 696 2644; x_wconf 82' lang='lat' dir='ltr'><em>consequentia</em></span> <span class='ocrx_word' id='word_1_386' title='bbox 710 2608 874 2644; x_wconf 87' lang='lat' dir='ltr'><em>assumpta</em></span> <span class='ocrx_word' id='word_1_387' title='bbox 889 2602 967 2634; x_wconf 87' lang='lat' dir='ltr'><em>falsa</em></span> <span class='ocrx_word' id='word_1_388' title='bbox 983 2608 1041 2634; x_wconf 86' lang='lat' dir='ltr'><em>est.</em></span> <span class='ocrx_word' id='word_1_389' title='bbox 1061 2603 1130 2634; x_wconf 85' lang='lat' dir='ltr'><em>Stat</em></span> <span class='ocrx_word' id='word_1_390' title='bbox 1153 2604 1241 2634; x_wconf 89' lang='lat' dir='ltr'><em>enim</em></span> <span class='ocrx_word' id='word_1_391' title='bbox 1263 2604 1361 2635; x_wconf 89' lang='lat' dir='ltr'><em>simul</em></span> 
     </span>
     <span class='ocr_line' id='line_1_54' title="bbox 288 2648 1362 2690; baseline -0.002 -10"><span class='ocrx_word' id='word_1_392' title='bbox 288 2649 378 2690; x_wconf 92' lang='lat' dir='ltr'><em>quod</em></span> <span class='ocrx_word' id='word_1_393' title='bbox 400 2648 580 2679; x_wconf 82' lang='lat' dir='ltr'><em>universale</em></span> <span class='ocrx_word' id='word_1_394' title='bbox 604 2653 820 2688; x_wconf 88' lang='lat' dir='ltr'><em>cognoscatur</em></span> <span class='ocrx_word' id='word_1_395' title='bbox 834 2657 893 2688; x_wconf 91' lang='lat' dir='ltr'><em>per</em></span> <span class='ocrx_word' id='word_1_396' title='bbox 915 2648 1164 2679; x_wconf 89' lang='lat' dir='ltr'><em>abstractionem</em></span> <span class='ocrx_word' id='word_1_397' title='bbox 1187 2658 1206 2679; x_wconf 90' lang='lat' dir='ltr'><em>a</em></span> <span class='ocrx_word' id='word_1_398' title='bbox 1228 2649 1362 2679; x_wconf 88' lang='lat' dir='ltr'><em>materia</em></span> 
     </span>
     <span class='ocr_line' id='line_1_55' title="bbox 287 2692 1361 2734; baseline -0.001 -10"><span class='ocrx_word' id='word_1_399' title='bbox 287 2693 486 2731; x_wconf 85' lang='lat' dir='ltr'><em>individuali,</em></span> <span class='ocrx_word' id='word_1_400' title='bbox 499 2698 531 2724; x_wconf 92' lang='lat' dir='ltr'><em>et</em></span> <span class='ocrx_word' id='word_1_401' title='bbox 542 2698 651 2723; x_wconf 86' lang='lat' dir='ltr'><em>tamen</em></span> <span class='ocrx_word' id='word_1_402' title='bbox 663 2693 698 2723; x_wconf 91' lang='lat' dir='ltr'><em>in</em></span> <span class='ocrx_word' id='word_1_403' title='bbox 709 2693 763 2724; x_wconf 87' lang='lat' dir='ltr'><em>tali</em></span> <span class='ocrx_word' id='word_1_404' title='bbox 779 2692 912 2723; x_wconf 86' lang='lat' dir='ltr'><em>materia</em></span> <span class='ocrx_word' id='word_1_405' title='bbox 924 2698 1153 2733; x_wconf 87' lang='lat' dir='ltr'><em>cognoscatur:</em></span> <span class='ocrx_word' id='word_1_406' title='bbox 1165 2693 1361 2734; x_wconf 89' lang='lat' dir='ltr'><em>inquantum</em></span> 
     </span>
     <span class='ocr_line' id='line_1_56' title="bbox 289 2737 1362 2778; baseline -0.001 -9"><span class='ocrx_word' id='word_1_407' title='bbox 289 2739 395 2769; x_wconf 88' lang='lat' dir='ltr'><em>anima</em></span> <span class='ocrx_word' id='word_1_408' title='bbox 410 2747 468 2778; x_wconf 88' lang='lat' dir='ltr'><em>per</em></span> <span class='ocrx_word' id='word_1_409' title='bbox 492 2737 694 2768; x_wconf 89' lang='lat' dir='ltr'><em>intellectum</em></span> <span class='ocrx_word' id='word_1_410' title='bbox 716 2738 750 2768; x_wconf 89' lang='lat' dir='ltr'><em>in</em></span> <span class='ocrx_word' id='word_1_411' title='bbox 766 2747 800 2768; x_wconf 91' lang='lat' dir='ltr'><em>re</em></span> <span class='ocrx_word' id='word_1_412' title='bbox 817 2737 969 2778; x_wconf 84' lang='lat' dir='ltr'><em>singulari</em></span> <span class='ocrx_word' id='word_1_413' title='bbox 985 2737 1199 2778; x_wconf 89' lang='lat' dir='ltr'><em>apprehendit</em></span> <span class='ocrx_word' id='word_1_414' title='bbox 1213 2743 1362 2769; x_wconf 88' lang='lat' dir='ltr'><em>naturam</em></span> 
     </span>
     <span class='ocr_line' id='line_1_57' title="bbox 289 2781 1362 2823; baseline 0 -10"><span class='ocrx_word' id='word_1_415' title='bbox 289 2783 418 2823; x_wconf 90' lang='lat' dir='ltr'><em>speciei,</em></span> <span class='ocrx_word' id='word_1_416' title='bbox 434 2792 503 2813; x_wconf 89' lang='lat' dir='ltr'><em>non</em></span> <span class='ocrx_word' id='word_1_417' title='bbox 526 2781 735 2812; x_wconf 87' lang='lat' dir='ltr'><em>consideratis</em></span> <span class='ocrx_word' id='word_1_418' title='bbox 751 2782 821 2812; x_wconf 92' lang='lat' dir='ltr'><em>eius</em></span> <span class='ocrx_word' id='word_1_419' title='bbox 844 2781 1088 2812; x_wconf 88' lang='lat' dir='ltr'><em>conditionibus</em></span> <span class='ocrx_word' id='word_1_420' title='bbox 1110 2782 1362 2813; x_wconf 81' lang='lat' dir='ltr'><em>individualibus</em></span> 
     </span>
     <span class='ocr_line' id='line_1_58' title="bbox 289 2826 1362 2867; baseline 0 -9"><span class='ocrx_word' id='word_1_421' title='bbox 289 2828 406 2867; x_wconf 87' lang='lat' dir='ltr'><em>quibus</em></span> <span class='ocrx_word' id='word_1_422' title='bbox 430 2832 478 2858; x_wconf 91' lang='lat' dir='ltr'><em>est</em></span> <span class='ocrx_word' id='word_1_423' title='bbox 501 2827 686 2862; x_wconf 84' lang='lat' dir='ltr'><em>coniuncta,</em></span> <span class='ocrx_word' id='word_1_424' title='bbox 714 2827 789 2857; x_wconf 91' lang='lat' dir='ltr'><em>licet</em></span> <span class='ocrx_word' id='word_1_425' title='bbox 815 2835 874 2867; x_wconf 90' lang='lat' dir='ltr'><em>per</em></span> <span class='ocrx_word' id='word_1_426' title='bbox 900 2835 1033 2857; x_wconf 90' lang='lat' dir='ltr'><em>sensum</em></span> <span class='ocrx_word' id='word_1_427' title='bbox 1059 2827 1129 2857; x_wconf 86' lang='lat' dir='ltr'><em>illas</em></span> <span class='ocrx_word' id='word_1_428' title='bbox 1156 2826 1362 2858; x_wconf 87' lang='lat' dir='ltr'><em>conditiones</em></span> 
     </span>
     <span class='ocr_line' id='line_1_59' title="bbox 290 2870 780 2912; baseline -0.002 -10"><span class='ocrx_word' id='word_1_429' title='bbox 290 2872 399 2912; x_wconf 92' lang='lat' dir='ltr'><em>aliquo</em></span> <span class='ocrx_word' id='word_1_430' title='bbox 423 2871 525 2902; x_wconf 92' lang='lat' dir='ltr'><em>modo</em></span> <span class='ocrx_word' id='word_1_431' title='bbox 549 2870 780 2912; x_wconf 88' lang='lat' dir='ltr'><em>apprehendat.</em></span> 
     </span>
    </p>

    <p class='ocr_par' dir='ltr' id='par_1_8' title="bbox 290 2914 1367 3713">
     <span class='ocr_line' id='line_1_60' title="bbox 344 2914 1362 2957; baseline 0.001 -11"><span class='ocrx_word' id='word_1_432' title='bbox 344 2916 442 2947; x_wconf 86' lang='lat' dir='ltr'>XVII.</span> <span class='ocrx_word' id='word_1_433' title='bbox 467 2915 636 2954; x_wconf 84' lang='lat' dir='ltr'><em>Quantum</em></span> <span class='ocrx_word' id='word_1_434' title='bbox 659 2915 700 2945; x_wconf 89' lang='lat' dir='ltr'><em>ad</em></span> <span class='ocrx_word' id='word_1_435' title='bbox 723 2914 811 2946; x_wconf 90' lang='lat' dir='ltr'><em>aliud</em></span> <span class='ocrx_word' id='word_1_436' title='bbox 834 2914 981 2952; x_wconf 88' lang='lat' dir='ltr'><em>dubium,</em></span> <span class='ocrx_word' id='word_1_437' title='bbox 999 2916 1083 2946; x_wconf 89' lang='lat' dir='ltr'><em>circa</em></span> <span class='ocrx_word' id='word_1_438' title='bbox 1102 2916 1262 2946; x_wconf 87' lang='lat' dir='ltr'><em>rationem</em></span> <span class='ocrx_word' id='word_1_439' title='bbox 1285 2925 1362 2957; x_wconf 90' lang='lat' dir='ltr'><em>pro-</em></span> 
     </span>
     <span class='ocr_line' id='line_1_61' title="bbox 290 2959 1362 3001; baseline 0 -10"><span class='ocrx_word' id='word_1_440' title='bbox 290 2961 460 3001; x_wconf 88' lang='lat' dir='ltr'><em>positionis</em></span> <span class='ocrx_word' id='word_1_441' title='bbox 475 2965 659 3000; x_wconf 86' lang='lat' dir='ltr'><em>assumptae</em></span> <span class='ocrx_word' id='word_1_442' title='bbox 673 2960 701 2996; x_wconf 81' lang='lat'><em>&#39;,</em></span> <span class='ocrx_word' id='word_1_443' title='bbox 717 2959 989 2991; x_wconf 88' lang='lat' dir='ltr'><em>considerandum</em></span> <span class='ocrx_word' id='word_1_444' title='bbox 1005 2960 1105 3000; x_wconf 90' lang='lat' dir='ltr'><em>quod,</em></span> <span class='ocrx_word' id='word_1_445' title='bbox 1122 2970 1199 2992; x_wconf 91' lang='lat' dir='ltr'><em>cum</em></span> <span class='ocrx_word' id='word_1_446' title='bbox 1215 2962 1362 3001; x_wconf 90' lang='lat' dir='ltr'><em>operatio</em></span> 
     </span>
     <span class='ocr_line' id='line_1_62' title="bbox 291 3003 1362 3045; baseline 0.001 -10"><span class='ocrx_word' id='word_1_447' title='bbox 291 3005 330 3035; x_wconf 91' lang='lat' dir='ltr'><em>sit</em></span> <span class='ocrx_word' id='word_1_448' title='bbox 353 3005 444 3045; x_wconf 87' lang='lat' dir='ltr'><em>quasi</em></span> <span class='ocrx_word' id='word_1_449' title='bbox 467 3004 614 3035; x_wconf 88' lang='lat' dir='ltr'><em>medium</em></span> <span class='ocrx_word' id='word_1_450' title='bbox 637 3003 805 3044; x_wconf 90' lang='lat' dir='ltr'><em>quoddam</em></span> <span class='ocrx_word' id='word_1_451' title='bbox 827 3004 912 3035; x_wconf 90' lang='lat' dir='ltr'><em>inter</em></span> <span class='ocrx_word' id='word_1_452' title='bbox 926 3010 1117 3045; x_wconf 85' lang='lat' dir='ltr'><em>operantem</em></span> <span class='ocrx_word' id='word_1_453' title='bbox 1141 3011 1173 3035; x_wconf 90' lang='lat' dir='ltr'><em>et</em></span> <span class='ocrx_word' id='word_1_454' title='bbox 1195 3005 1362 3036; x_wconf 90' lang='lat' dir='ltr'><em>obiectum</em></span> 
     </span>
     <span class='ocr_line' id='line_1_63' title="bbox 291 3049 1363 3090; baseline 0.002 -11"><span class='ocrx_word' id='word_1_455' title='bbox 291 3050 496 3090; x_wconf 88' lang='lat' dir='ltr'><em>operationis,</em></span> <span class='ocrx_word' id='word_1_456' title='bbox 521 3054 636 3090; x_wconf 91' lang='lat' dir='ltr'><em>utpote</em></span> <span class='ocrx_word' id='word_1_457' title='bbox 659 3049 698 3079; x_wconf 89' lang='lat' dir='ltr'><em>ab</em></span> <span class='ocrx_word' id='word_1_458' title='bbox 723 3054 838 3089; x_wconf 86' lang='lat' dir='ltr'><em>agente</em></span> <span class='ocrx_word' id='word_1_459' title='bbox 860 3050 1056 3090; x_wconf 84' lang='lat' dir='ltr'><em>proveniens</em></span> <span class='ocrx_word' id='word_1_460' title='bbox 1079 3055 1111 3080; x_wconf 92' lang='lat' dir='ltr'><em>et</em></span> <span class='ocrx_word' id='word_1_461' title='bbox 1133 3049 1173 3080; x_wconf 87' lang='lat' dir='ltr'><em>ad</em></span> <span class='ocrx_word' id='word_1_462' title='bbox 1196 3050 1363 3081; x_wconf 87' lang='lat' dir='ltr'><em>obiectum</em></span> 
     </span>
     <span class='ocr_line' id='line_1_64' title="bbox 291 3093 1362 3135; baseline 0.001 -11"><span class='ocrx_word' id='word_1_463' title='bbox 291 3094 468 3130; x_wconf 89' lang='lat' dir='ltr'><em>terminata,</em></span> <span class='ocrx_word' id='word_1_464' title='bbox 485 3093 604 3134; x_wconf 88' lang='lat' dir='ltr'><em>duplex</em></span> <span class='ocrx_word' id='word_1_465' title='bbox 619 3093 739 3124; x_wconf 86' lang='lat' dir='ltr'><em>modus</em></span> <span class='ocrx_word' id='word_1_466' title='bbox 762 3094 796 3123; x_wconf 92' lang='lat' dir='ltr'><em>in</em></span> <span class='ocrx_word' id='word_1_467' title='bbox 814 3093 883 3133; x_wconf 87' lang='lat' dir='ltr'><em>ipsa</em></span> <span class='ocrx_word' id='word_1_468' title='bbox 899 3093 1034 3133; x_wconf 88' lang='lat' dir='ltr'><em>intelligi</em></span> <span class='ocrx_word' id='word_1_469' title='bbox 1057 3099 1179 3135; x_wconf 89' lang='lat' dir='ltr'><em>potest:</em></span> <span class='ocrx_word' id='word_1_470' title='bbox 1203 3103 1290 3125; x_wconf 89' lang='lat' dir='ltr'><em>unus</em></span> <span class='ocrx_word' id='word_1_471' title='bbox 1313 3104 1362 3126; x_wconf 86' lang='lat' dir='ltr'><em>se-</em></span> 
     </span>
     <span class='ocr_line' id='line_1_65' title="bbox 293 3137 1363 3180; baseline 0.002 -12"><span class='ocrx_word' id='word_1_472' title='bbox 293 3137 435 3168; x_wconf 90' lang='lat' dir='ltr'><em>cundum</em></span> <span class='ocrx_word' id='word_1_473' title='bbox 459 3137 550 3178; x_wconf 93' lang='lat' dir='ltr'><em>quod</em></span> <span class='ocrx_word' id='word_1_474' title='bbox 574 3137 735 3178; x_wconf 89' lang='lat' dir='ltr'><em>egreditur</em></span> <span class='ocrx_word' id='word_1_475' title='bbox 754 3138 793 3168; x_wconf 88' lang='lat' dir='ltr'><em>ab</em></span> <span class='ocrx_word' id='word_1_476' title='bbox 817 3143 946 3178; x_wconf 84' lang='lat' dir='ltr'><em>agente;</em></span> <span class='ocrx_word' id='word_1_477' title='bbox 971 3138 1052 3168; x_wconf 90' lang='lat' dir='ltr'><em>alius</em></span> <span class='ocrx_word' id='word_1_478' title='bbox 1075 3138 1256 3170; x_wconf 89' lang='lat' dir='ltr'><em>secundum</em></span> <span class='ocrx_word' id='word_1_479' title='bbox 1273 3139 1363 3180; x_wconf 92' lang='lat' dir='ltr'><em>quod</em></span> 
     </span>
     <span class='ocr_line' id='line_1_66' title="bbox 293 3182 1363 3225; baseline 0.003 -13"><span class='ocrx_word' id='word_1_480' title='bbox 293 3182 332 3212; x_wconf 85' lang='lat' dir='ltr'><em>ad</em></span> <span class='ocrx_word' id='word_1_481' title='bbox 348 3183 512 3213; x_wconf 90' lang='lat' dir='ltr'><em>obiectum</em></span> <span class='ocrx_word' id='word_1_482' title='bbox 528 3183 726 3213; x_wconf 90' lang='lat' dir='ltr'><em>terminatur.</em></span> <span class='ocrx_word' id='word_1_483' title='bbox 743 3182 870 3213; x_wconf 86' lang='lat' dir='ltr'><em>Primus</em></span> <span class='ocrx_word' id='word_1_484' title='bbox 885 3183 1152 3223; x_wconf 66' lang='lat' dir='ltr'><em>proportionetur</em></span> <span class='ocrx_word' id='word_1_485' title='bbox 1166 3183 1267 3214; x_wconf 91' lang='lat' dir='ltr'><em>modo</em></span> <span class='ocrx_word' id='word_1_486' title='bbox 1283 3193 1363 3225; x_wconf 90' lang='lat' dir='ltr'><em>ope-</em></span> 
     </span>
     <span class='ocr_line' id='line_1_67' title="bbox 293 3226 1363 3267; baseline 0.003 -11"><span class='ocrx_word' id='word_1_487' title='bbox 293 3227 398 3263; x_wconf 89' lang='lat' dir='ltr'><em>rantis,</em></span> <span class='ocrx_word' id='word_1_488' title='bbox 415 3236 482 3257; x_wconf 89' lang='lat' dir='ltr'><em>non</em></span> <span class='ocrx_word' id='word_1_489' title='bbox 499 3227 686 3267; x_wconf 91' lang='lat' dir='ltr'><em>simpliciter</em></span> <span class='ocrx_word' id='word_1_490' title='bbox 701 3233 860 3267; x_wconf 89' lang='lat' dir='ltr'><em>quantum</em></span> <span class='ocrx_word' id='word_1_491' title='bbox 872 3226 912 3257; x_wconf 89' lang='lat' dir='ltr'><em>ad</em></span> <span class='ocrx_word' id='word_1_492' title='bbox 928 3227 1066 3258; x_wconf 91' lang='lat' dir='ltr'><em>modum</em></span> <span class='ocrx_word' id='word_1_493' title='bbox 1083 3227 1208 3258; x_wconf 89' lang='lat' dir='ltr'><em>essendi</em></span> <span class='ocrx_word' id='word_1_494' title='bbox 1219 3234 1363 3265; x_wconf 85' lang='lat' dir='ltr'><em>naturae,</em></span> 
     </span>
     <span class='ocr_line' id='line_1_68' title="bbox 294 3270 1363 3312; baseline 0.003 -12"><span class='ocrx_word' id='word_1_495' title='bbox 294 3270 349 3300; x_wconf 89' lang='lat' dir='ltr'><em>sed</em></span> <span class='ocrx_word' id='word_1_496' title='bbox 380 3276 537 3311; x_wconf 90' lang='lat' dir='ltr'><em>quantum</em></span> <span class='ocrx_word' id='word_1_497' title='bbox 567 3271 607 3301; x_wconf 92' lang='lat' dir='ltr'><em>ad</em></span> <span class='ocrx_word' id='word_1_498' title='bbox 637 3272 834 3312; x_wconf 88' lang='lat' dir='ltr'><em>principium</em></span> <span class='ocrx_word' id='word_1_499' title='bbox 865 3280 933 3312; x_wconf 91' lang='lat' dir='ltr'><em>quo</em></span> <span class='ocrx_word' id='word_1_500' title='bbox 963 3272 1111 3312; x_wconf 90' lang='lat' dir='ltr'><em>proxime</em></span> <span class='ocrx_word' id='word_1_501' title='bbox 1139 3273 1363 3312; x_wconf 89' lang='lat' dir='ltr'><em>operationem</em></span> 
     </span>
     <span class='ocr_line' id='line_1_69' title="bbox 296 3315 1365 3358; baseline 0.003 -14"><span class='ocrx_word' id='word_1_502' title='bbox 296 3315 394 3345; x_wconf 87' lang='lat' dir='ltr'><em>elicit:</em></span> <span class='ocrx_word' id='word_1_503' title='bbox 419 3316 504 3355; x_wconf 90' lang='lat' dir='ltr'><em>quia,</em></span> <span class='ocrx_word' id='word_1_504' title='bbox 529 3316 554 3345; x_wconf 86' lang='lat' dir='ltr'><em>si</em></span> <span class='ocrx_word' id='word_1_505' title='bbox 578 3315 658 3346; x_wconf 89' lang='lat' dir='ltr'><em>illud</em></span> <span class='ocrx_word' id='word_1_506' title='bbox 681 3316 878 3356; x_wconf 90' lang='lat' dir='ltr'><em>principium</em></span> <span class='ocrx_word' id='word_1_507' title='bbox 894 3317 982 3346; x_wconf 90' lang='lat' dir='ltr'><em>sitin</em></span> <span class='ocrx_word' id='word_1_508' title='bbox 999 3325 1122 3357; x_wconf 85' lang='lat' dir='ltr'><em>organo</em></span> <span class='ocrx_word' id='word_1_509' title='bbox 1145 3317 1316 3358; x_wconf 90' lang='lat' dir='ltr'><em>corporali,</em></span> <span class='ocrx_word' id='word_1_510' title='bbox 1333 3323 1365 3348; x_wconf 91' lang='lat' dir='ltr'><em>et</em></span> 
     </span>
     <span class='ocr_line' id='line_1_70' title="bbox 296 3358 1365 3401; baseline 0.004 -13"><span class='ocrx_word' id='word_1_511' title='bbox 296 3359 439 3399; x_wconf 86' lang='lat' dir='ltr'><em>operatio</em></span> <span class='ocrx_word' id='word_1_512' title='bbox 463 3358 518 3389; x_wconf 84' lang='lat' dir='ltr'><em>fiet</em></span> <span class='ocrx_word' id='word_1_513' title='bbox 541 3359 703 3390; x_wconf 90' lang='lat' dir='ltr'><em>mediante</em></span> <span class='ocrx_word' id='word_1_514' title='bbox 720 3370 843 3400; x_wconf 91' lang='lat' dir='ltr'><em>organo</em></span> <span class='ocrx_word' id='word_1_515' title='bbox 860 3360 1038 3401; x_wconf 86' lang='lat' dir='ltr'><em>corporali;</em></span> <span class='ocrx_word' id='word_1_516' title='bbox 1062 3361 1089 3391; x_wconf 90' lang='lat' dir='ltr'><em>si</em></span> <span class='ocrx_word' id='word_1_517' title='bbox 1107 3366 1216 3391; x_wconf 88' lang='lat' dir='ltr'><em>autem</em></span> <span class='ocrx_word' id='word_1_518' title='bbox 1241 3371 1308 3392; x_wconf 89' lang='lat' dir='ltr'><em>non</em></span> <span class='ocrx_word' id='word_1_519' title='bbox 1325 3362 1365 3392; x_wconf 90' lang='lat' dir='ltr'><em>sit</em></span> 
     </span>
     <span class='ocr_line' id='line_1_71' title="bbox 296 3402 1365 3446; baseline 0.004 -14"><span class='ocrx_word' id='word_1_520' title='bbox 296 3402 329 3432; x_wconf 90' lang='lat' dir='ltr'><em>in</em></span> <span class='ocrx_word' id='word_1_521' title='bbox 353 3412 474 3443; x_wconf 88' lang='lat' dir='ltr'><em>organo</em></span> <span class='ocrx_word' id='word_1_522' title='bbox 499 3404 668 3444; x_wconf 86' lang='lat' dir='ltr'><em>corporali,</em></span> <span class='ocrx_word' id='word_1_523' title='bbox 684 3414 792 3444; x_wconf 91' lang='lat' dir='ltr'><em>neque</em></span> <span class='ocrx_word' id='word_1_524' title='bbox 815 3406 883 3445; x_wconf 87' lang='lat' dir='ltr'><em>ipsa</em></span> <span class='ocrx_word' id='word_1_525' title='bbox 899 3405 1046 3446; x_wconf 82' lang='lat' dir='ltr'><em>operatio</em></span> <span class='ocrx_word' id='word_1_526' title='bbox 1061 3405 1223 3436; x_wconf 81' lang='lat' dir='ltr'><em>mediante</em></span> <span class='ocrx_word' id='word_1_527' title='bbox 1247 3415 1365 3446; x_wconf 90' lang='lat' dir='ltr'><em>corpo-</em></span> 
     </span>
     <span class='ocr_line' id='line_1_72' title="bbox 297 3446 1365 3490; baseline 0.004 -14"><span class='ocrx_word' id='word_1_528' title='bbox 297 3446 353 3476; x_wconf 89' lang='lat' dir='ltr'><em>rali</em></span> <span class='ocrx_word' id='word_1_529' title='bbox 369 3457 491 3487; x_wconf 90' lang='lat' dir='ltr'><em>organo</em></span> <span class='ocrx_word' id='word_1_530' title='bbox 507 3448 713 3488; x_wconf 89' lang='lat' dir='ltr'><em>producetur.</em></span> <span class='ocrx_word' id='word_1_531' title='bbox 731 3468 752 3472; x_wconf 92' lang='lat'><em>-</em></span> <span class='ocrx_word' id='word_1_532' title='bbox 770 3449 939 3480; x_wconf 88' lang='lat' dir='ltr'><em>Secundus</em></span> <span class='ocrx_word' id='word_1_533' title='bbox 962 3455 1072 3480; x_wconf 87' lang='lat' dir='ltr'><em>autem</em></span> <span class='ocrx_word' id='word_1_534' title='bbox 1094 3449 1212 3481; x_wconf 86' lang='lat' dir='ltr'><em>modus</em></span> <span class='ocrx_word' id='word_1_535' title='bbox 1228 3459 1365 3490; x_wconf 89' lang='lat' dir='ltr'><em>propor-</em></span> 
     </span>
     <span class='ocr_line' id='line_1_73' title="bbox 297 3490 1365 3535; baseline 0.005 -15"><span class='ocrx_word' id='word_1_536' title='bbox 297 3490 437 3522; x_wconf 89' lang='lat' dir='ltr'><em>tionatur</em></span> <span class='ocrx_word' id='word_1_537' title='bbox 463 3492 648 3532; x_wconf 87' lang='lat' dir='ltr'><em>simpliciter</em></span> <span class='ocrx_word' id='word_1_538' title='bbox 678 3493 779 3524; x_wconf 92' lang='lat' dir='ltr'><em>modo</em></span> <span class='ocrx_word' id='word_1_539' title='bbox 812 3493 938 3525; x_wconf 88' lang='lat' dir='ltr'><em>essendi</em></span> <span class='ocrx_word' id='word_1_540' title='bbox 966 3495 1162 3526; x_wconf 86' lang='lat' dir='ltr'><em>substantiae</em></span> <span class='ocrx_word' id='word_1_541' title='bbox 1192 3495 1365 3535; x_wconf 87' lang='lat' dir='ltr'><em>operantis,</em></span> 
     </span>
     <span class='ocr_line' id='line_1_74' title="bbox 299 3534 1367 3579; baseline 0.007 -16"><span class='ocrx_word' id='word_1_542' title='bbox 299 3534 398 3564; x_wconf 91' lang='lat' dir='ltr'><em>modo</em></span> <span class='ocrx_word' id='word_1_543' title='bbox 422 3535 495 3565; x_wconf 91' lang='lat' dir='ltr'><em>dico</em></span> <span class='ocrx_word' id='word_1_544' title='bbox 515 3537 639 3567; x_wconf 90' lang='lat' dir='ltr'><em>essendi</em></span> <span class='ocrx_word' id='word_1_545' title='bbox 662 3547 730 3567; x_wconf 90' lang='lat' dir='ltr'><em>non</em></span> <span class='ocrx_word' id='word_1_546' title='bbox 746 3539 886 3578; x_wconf 88' lang='lat' dir='ltr'><em>speciali,</em></span> <span class='ocrx_word' id='word_1_547' title='bbox 906 3538 962 3569; x_wconf 86' lang='lat' dir='ltr'><em>sed</em></span> <span class='ocrx_word' id='word_1_548' title='bbox 978 3539 1133 3579; x_wconf 82' lang='lat' dir='ltr'><em>generali:</em></span> <span class='ocrx_word' id='word_1_549' title='bbox 1159 3539 1235 3579; x_wconf 89' lang='lat' dir='ltr'><em>quia</em></span> <span class='ocrx_word' id='word_1_550' title='bbox 1251 3549 1367 3570; x_wconf 89' lang='lat' dir='ltr'><em>secun-</em></span> 
     </span>
     <span class='ocr_line' id='line_1_75' title="bbox 300 3577 1366 3624; baseline 0.007 -17"><span class='ocrx_word' id='word_1_551' title='bbox 300 3577 377 3607; x_wconf 90' lang='lat' dir='ltr'><em>dum</em></span> <span class='ocrx_word' id='word_1_552' title='bbox 401 3579 621 3611; x_wconf 88' lang='lat' dir='ltr'><em>conditionem</em></span> <span class='ocrx_word' id='word_1_553' title='bbox 644 3582 839 3613; x_wconf 89' lang='lat' dir='ltr'><em>substantiae</em></span> <span class='ocrx_word' id='word_1_554' title='bbox 855 3584 1018 3623; x_wconf 88' lang='lat' dir='ltr'><em>operantis</em></span> <span class='ocrx_word' id='word_1_555' title='bbox 1041 3589 1171 3624; x_wconf 84' lang='lat' dir='ltr'><em>oportet</em></span> <span class='ocrx_word' id='word_1_556' title='bbox 1194 3584 1253 3614; x_wconf 83' lang='lat' dir='ltr'><em>sibi</em></span> <span class='ocrx_word' id='word_1_557' title='bbox 1277 3584 1366 3614; x_wconf 88' lang='lat' dir='ltr'><em>obie-</em></span> 
     </span>
     <span class='ocr_line' id='line_1_76' title="bbox 301 3625 1367 3669; baseline 0.008 -19"><span class='ocrx_word' id='word_1_558' title='bbox 301 3626 388 3651; x_wconf 89' lang='lat' dir='ltr'><em>ctum</em></span> <span class='ocrx_word' id='word_1_559' title='bbox 405 3625 610 3655; x_wconf 86' lang='lat' dir='ltr'><em>connaturale</em></span> <span class='ocrx_word' id='word_1_560' title='bbox 626 3626 831 3665; x_wconf 90' lang='lat' dir='ltr'><em>respondere.</em></span> <span class='ocrx_word' id='word_1_561' title='bbox 848 3627 924 3658; x_wconf 90' lang='lat' dir='ltr'><em>Non</em></span> <span class='ocrx_word' id='word_1_562' title='bbox 941 3628 1027 3658; x_wconf 90' lang='lat' dir='ltr'><em>enim</em></span> <span class='ocrx_word' id='word_1_563' title='bbox 1044 3627 1166 3668; x_wconf 90' lang='lat' dir='ltr'><em>aliquid</em></span> <span class='ocrx_word' id='word_1_564' title='bbox 1182 3633 1291 3669; x_wconf 86' lang='lat' dir='ltr'><em>potest</em></span> <span class='ocrx_word' id='word_1_565' title='bbox 1309 3637 1367 3659; x_wconf 86' lang='lat' dir='ltr'><em>sua</em></span> 
     </span>
     <span class='ocr_line' id='line_1_77' title="bbox 301 3667 1367 3713; baseline 0.009 -19"><span class='ocrx_word' id='word_1_566' title='bbox 301 3667 489 3705; x_wconf 87' lang='lat' dir='ltr'><em>operatione</em></span> <span class='ocrx_word' id='word_1_567' title='bbox 503 3669 686 3699; x_wconf 86' lang='lat' dir='ltr'><em>naturaliter</em></span> <span class='ocrx_word' id='word_1_568' title='bbox 701 3671 855 3710; x_wconf 87' lang='lat' dir='ltr'><em>attingere</em></span> <span class='ocrx_word' id='word_1_569' title='bbox 871 3672 1004 3712; x_wconf 90' lang='lat' dir='ltr'><em>aliquod</em></span> <span class='ocrx_word' id='word_1_570' title='bbox 1021 3672 1112 3712; x_wconf 88' lang='lat' dir='ltr'><em>quod</em></span> <span class='ocrx_word' id='word_1_571' title='bbox 1135 3673 1175 3703; x_wconf 86' lang='lat' dir='ltr'><em>sit</em></span> <span class='ocrx_word' id='word_1_572' title='bbox 1193 3673 1367 3713; x_wconf 88' lang='lat' dir='ltr'><em>superioris</em></span> 
     </span>
    </p>
   </div>
   <div class='ocr_carea' id='block_1_4' title="bbox 765 291 2025 342">
    <p class='ocr_par' dir='ltr' id='par_1_9' title="bbox 765 291 2025 342">
     <span class='ocr_line' id='line_1_78' title="bbox 765 291 2025 342; baseline -0.006 -5"><span class='ocrx_word' id='word_1_573' title='bbox 765 300 952 338; x_wconf 93' lang='lat' dir='ltr'><em>SUMMA</em></span> <span class='ocrx_word' id='word_1_574' title='bbox 982 299 1204 336; x_wconf 91' lang='lat' dir='ltr'>CONTRA</span> <span class='ocrx_word' id='word_1_575' title='bbox 1233 296 1509 342; x_wconf 87' lang='lat' dir='ltr'><em>GENTILES,</em></span> <span class='ocrx_word' id='word_1_576' title='bbox 1537 295 1632 332; x_wconf 93' lang='lat' dir='ltr'><em>LIB.</em></span> <span class='ocrx_word' id='word_1_577' title='bbox 1654 293 1695 341; x_wconf 91' lang='lat'><em>11,</em></span> <span class='ocrx_word' id='word_1_578' title='bbox 1726 294 1838 331; x_wconf 90' lang='lat' dir='ltr'><em>CAP.</em></span> <span class='ocrx_word' id='word_1_579' title='bbox 1858 291 2025 331; x_wconf 84' lang='lat' dir='ltr'><em>LXXIII&#39;.</em></span> 
     </span>
    </p>
   </div>
   <div class='ocr_carea' id='block_1_5' title="bbox 1412 371 2495 3711">
    <p class='ocr_par' dir='ltr' id='par_1_10' title="bbox 1415 371 2495 670">
     <span class='ocr_line' id='line_1_79' title="bbox 1418 371 2493 412; baseline 0.003 -8"><span class='ocrx_word' id='word_1_580' title='bbox 1418 373 1554 404; x_wconf 87' lang='lat' dir='ltr'><em>ordinis:</em></span> <span class='ocrx_word' id='word_1_581' title='bbox 1579 373 1663 402; x_wconf 87' lang='lat' dir='ltr'><em>sicut</em></span> <span class='ocrx_word' id='word_1_582' title='bbox 1685 371 1839 402; x_wconf 88' lang='lat' dir='ltr'><em>inferiora</em></span> <span class='ocrx_word' id='word_1_583' title='bbox 1862 380 2002 411; x_wconf 88' lang='lat' dir='ltr'><em>corpora</em></span> <span class='ocrx_word' id='word_1_584' title='bbox 2024 381 2094 402; x_wconf 88' lang='lat' dir='ltr'><em>non</em></span> <span class='ocrx_word' id='word_1_585' title='bbox 2115 380 2255 412; x_wconf 89' lang='lat' dir='ltr'><em>possunt</em></span> <span class='ocrx_word' id='word_1_586' title='bbox 2280 380 2493 407; x_wconf 87' lang='lat' dir='ltr'><em>transmutare</em></span> 
     </span>
     <span class='ocr_line' id='line_1_80' title="bbox 1418 415 2492 461; baseline 0.004 -13"><span class='ocrx_word' id='word_1_587' title='bbox 1418 426 1556 457; x_wconf 90' lang='lat' dir='ltr'><em>corpora</em></span> <span class='ocrx_word' id='word_1_588' title='bbox 1575 416 1733 452; x_wconf 90' lang='lat' dir='ltr'><em>caelestia,</em></span> <span class='ocrx_word' id='word_1_589' title='bbox 1756 415 1832 446; x_wconf 89' lang='lat' dir='ltr'><em>licet</em></span> <span class='ocrx_word' id='word_1_590' title='bbox 1847 416 1964 446; x_wconf 89' lang='lat' dir='ltr'><em>oculus</em></span> <span class='ocrx_word' id='word_1_591' title='bbox 1979 417 2157 456; x_wconf 87' lang='lat' dir='ltr'><em>corporalis</em></span> <span class='ocrx_word' id='word_1_592' title='bbox 2179 418 2234 448; x_wconf 87' lang='lat' dir='ltr'><em>illa</em></span> <span class='ocrx_word' id='word_1_593' title='bbox 2257 419 2365 451; x_wconf 88' lang='lat' dir='ltr'><em>videre</em></span> <span class='ocrx_word' id='word_1_594' title='bbox 2379 422 2492 461; x_wconf 83' lang='lat' dir='ltr'><em>possit,</em></span> 
     </span>
     <span class='ocr_line' id='line_1_81' title="bbox 1418 460 2493 505; baseline 0.004 -13"><span class='ocrx_word' id='word_1_595' title='bbox 1418 462 1503 502; x_wconf 92' lang='lat' dir='ltr'><em>quia,</em></span> <span class='ocrx_word' id='word_1_596' title='bbox 1524 467 1561 491; x_wconf 90' lang='lat' dir='ltr'><em>ut</em></span> <span class='ocrx_word' id='word_1_597' title='bbox 1583 460 1838 491; x_wconf 86' lang='lat' dir='ltr'><em>transmutabilia</em></span> <span class='ocrx_word' id='word_1_598' title='bbox 1861 466 1947 497; x_wconf 89' lang='lat' dir='ltr'><em>sunt,</em></span> <span class='ocrx_word' id='word_1_599' title='bbox 1963 460 2005 491; x_wconf 90' lang='lat' dir='ltr'><em>ad</em></span> <span class='ocrx_word' id='word_1_600' title='bbox 2023 461 2226 501; x_wconf 87' lang='lat' dir='ltr'><em>superiorem</em></span> <span class='ocrx_word' id='word_1_601' title='bbox 2249 463 2397 495; x_wconf 90' lang='lat' dir='ltr'><em>ordinem</em></span> <span class='ocrx_word' id='word_1_602' title='bbox 2420 474 2493 505; x_wconf 90' lang='lat' dir='ltr'><em>per-</em></span> 
     </span>
     <span class='ocr_line' id='line_1_82' title="bbox 1416 505 2493 542; baseline 0.005 -7"><span class='ocrx_word' id='word_1_603' title='bbox 1416 507 1529 542; x_wconf 87' lang='lat' dir='ltr'><em>tinent,</em></span> <span class='ocrx_word' id='word_1_604' title='bbox 1544 510 1575 535; x_wconf 94' lang='lat' dir='ltr'><em>et</em></span> <span class='ocrx_word' id='word_1_605' title='bbox 1590 505 1711 535; x_wconf 92' lang='lat' dir='ltr'><em>habent</em></span> <span class='ocrx_word' id='word_1_606' title='bbox 1722 505 1890 536; x_wconf 89' lang='lat' dir='ltr'><em>materiam</em></span> <span class='ocrx_word' id='word_1_607' title='bbox 1902 505 2031 536; x_wconf 90' lang='lat' dir='ltr'><em>alterius</em></span> <span class='ocrx_word' id='word_1_608' title='bbox 2046 506 2180 536; x_wconf 91' lang='lat' dir='ltr'><em>rationis</em></span> <span class='ocrx_word' id='word_1_609' title='bbox 2196 516 2214 537; x_wconf 91' lang='lat' dir='ltr'><em>a</em></span> <span class='ocrx_word' id='word_1_610' title='bbox 2229 508 2363 538; x_wconf 87' lang='lat' dir='ltr'><em>materia</em></span> <span class='ocrx_word' id='word_1_611' title='bbox 2374 509 2493 540; x_wconf 89' lang='lat' dir='ltr'><em>horum</em></span> 
     </span>
     <span class='ocr_line' id='line_1_83' title="bbox 1415 549 2491 591; baseline 0.004 -11"><span class='ocrx_word' id='word_1_612' title='bbox 1415 549 1622 587; x_wconf 86' lang='lat' dir='ltr'><em>inferiorum;</em></span> <span class='ocrx_word' id='word_1_613' title='bbox 1643 555 1680 580; x_wconf 91' lang='lat' dir='ltr'><em>ut</em></span> <span class='ocrx_word' id='word_1_614' title='bbox 1703 549 1838 580; x_wconf 88' lang='lat' dir='ltr'><em>visibilia</em></span> <span class='ocrx_word' id='word_1_615' title='bbox 1854 555 1974 587; x_wconf 88' lang='lat' dir='ltr'><em>autem,</em></span> <span class='ocrx_word' id='word_1_616' title='bbox 1993 559 2062 580; x_wconf 90' lang='lat' dir='ltr'><em>non</em></span> <span class='ocrx_word' id='word_1_617' title='bbox 2078 555 2154 581; x_wconf 91' lang='lat' dir='ltr'><em>sunt</em></span> <span class='ocrx_word' id='word_1_618' title='bbox 2169 552 2344 591; x_wconf 89' lang='lat' dir='ltr'><em>superioris</em></span> <span class='ocrx_word' id='word_1_619' title='bbox 2360 552 2491 590; x_wconf 85' lang='lat' dir='ltr'><em>ordinis,</em></span> 
     </span>
     <span class='ocr_line' id='line_1_84' title="bbox 1416 594 2493 636; baseline 0.004 -12"><span class='ocrx_word' id='word_1_620' title='bbox 1416 603 1492 625; x_wconf 88' lang='lat' dir='ltr'><em>cum</em></span> <span class='ocrx_word' id='word_1_621' title='bbox 1515 595 1550 625; x_wconf 92' lang='lat' dir='ltr'><em>in</em></span> <span class='ocrx_word' id='word_1_622' title='bbox 1574 595 1704 625; x_wconf 89' lang='lat' dir='ltr'><em>obiecto</em></span> <span class='ocrx_word' id='word_1_623' title='bbox 1728 594 1815 625; x_wconf 89' lang='lat' dir='ltr'><em>visus</em></span> <span class='ocrx_word' id='word_1_624' title='bbox 1831 604 1908 626; x_wconf 91' lang='lat' dir='ltr'><em>cum</em></span> <span class='ocrx_word' id='word_1_625' title='bbox 1932 595 2124 636; x_wconf 89' lang='lat' dir='ltr'><em>corporibus</em></span> <span class='ocrx_word' id='word_1_626' title='bbox 2144 595 2349 626; x_wconf 86' lang='lat' dir='ltr'><em>inferioribus</em></span> <span class='ocrx_word' id='word_1_627' title='bbox 2373 605 2493 628; x_wconf 89' lang='lat' dir='ltr'><em>conve-</em></span> 
     </span>
     <span class='ocr_line' id='line_1_85' title="bbox 1415 639 2495 670; baseline 0 -1"><span class='ocrx_word' id='word_1_628' title='bbox 1415 639 1572 669; x_wconf 88' lang='lat' dir='ltr'><em>nientiam</em></span> <span class='ocrx_word' id='word_1_629' title='bbox 1595 639 1744 670; x_wconf 86' lang='lat' dir='ltr'><em>habeant.</em></span> <span class='ocrx_word' id='word_1_630' title='bbox 2492 651 2495 653; x_wconf 52' lang='lat'>&gt;</span> 
     </span>
    </p>

    <p class='ocr_par' dir='ltr' id='par_1_11' title="bbox 1412 683 2494 1038">
     <span class='ocr_line' id='line_1_86' title="bbox 1471 683 2492 720; baseline 0.003 -6"><span class='ocrx_word' id='word_1_631' title='bbox 1471 683 1577 720; x_wconf 91' lang='lat' dir='ltr'><em>Unde,</em></span> <span class='ocrx_word' id='word_1_632' title='bbox 1602 692 1679 714; x_wconf 90' lang='lat' dir='ltr'><em>cum</em></span> <span class='ocrx_word' id='word_1_633' title='bbox 1702 684 1811 714; x_wconf 89' lang='lat' dir='ltr'><em>anima</em></span> <span class='ocrx_word' id='word_1_634' title='bbox 1828 684 2024 715; x_wconf 88' lang='lat' dir='ltr'><em>intellectiva</em></span> <span class='ocrx_word' id='word_1_635' title='bbox 2042 683 2203 715; x_wconf 84' lang='lat' dir='ltr'><em>sit-forma</em></span> <span class='ocrx_word' id='word_1_636' title='bbox 2220 685 2342 715; x_wconf 87' lang='lat' dir='ltr'><em>habens</em></span> <span class='ocrx_word' id='word_1_637' title='bbox 2365 694 2435 717; x_wconf 88' lang='lat' dir='ltr'><em>esse</em></span> <span class='ocrx_word' id='word_1_638' title='bbox 2458 687 2492 717; x_wconf 88' lang='lat' dir='ltr'><em>in</em></span> 
     </span>
     <span class='ocr_line' id='line_1_87' title="bbox 1414 729 2494 770; baseline 0.002 -11"><span class='ocrx_word' id='word_1_639' title='bbox 1414 729 1557 765; x_wconf 87' lang='lat' dir='ltr'><em>materia,</em></span> <span class='ocrx_word' id='word_1_640' title='bbox 1581 738 1649 759; x_wconf 91' lang='lat' dir='ltr'><em>non</em></span> <span class='ocrx_word' id='word_1_641' title='bbox 1673 733 1782 769; x_wconf 88' lang='lat' dir='ltr'><em>potest</em></span> <span class='ocrx_word' id='word_1_642' title='bbox 1804 738 1862 759; x_wconf 89' lang='lat' dir='ltr'><em>sua</em></span> <span class='ocrx_word' id='word_1_643' title='bbox 1885 729 2106 763; x_wconf 87' lang='lat' dir='ltr'><em>intellectione</em></span> <span class='ocrx_word' id='word_1_644' title='bbox 2128 730 2284 770; x_wconf 88' lang='lat' dir='ltr'><em>attingere</em></span> <span class='ocrx_word' id='word_1_645' title='bbox 2306 731 2494 761; x_wconf 89' lang='lat' dir='ltr'><em>naturaliter</em></span> 
     </span>
     <span class='ocr_line' id='line_1_88' title="bbox 1414 773 2492 814; baseline 0.003 -11"><span class='ocrx_word' id='word_1_646' title='bbox 1414 773 1476 804; x_wconf 89' lang='lat' dir='ltr'><em>nisi</em></span> <span class='ocrx_word' id='word_1_647' title='bbox 1500 783 1537 804; x_wconf 87' lang='lat' dir='ltr'><em>ea</em></span> <span class='ocrx_word' id='word_1_648' title='bbox 1561 783 1646 814; x_wconf 89' lang='lat' dir='ltr'><em>quae</em></span> <span class='ocrx_word' id='word_1_649' title='bbox 1669 774 1790 804; x_wconf 89' lang='lat' dir='ltr'><em>habent</em></span> <span class='ocrx_word' id='word_1_650' title='bbox 1812 783 1881 804; x_wconf 90' lang='lat' dir='ltr'><em>esse</em></span> <span class='ocrx_word' id='word_1_651' title='bbox 1907 775 1941 804; x_wconf 91' lang='lat' dir='ltr'><em>in</em></span> <span class='ocrx_word' id='word_1_652' title='bbox 1963 774 2106 810; x_wconf 89' lang='lat' dir='ltr'><em>materia,</em></span> <span class='ocrx_word' id='word_1_653' title='bbox 2134 779 2171 804; x_wconf 93' lang='lat' dir='ltr'><em>ut</em></span> <span class='ocrx_word' id='word_1_654' title='bbox 2199 783 2315 805; x_wconf 88' lang='lat' dir='ltr'><em>eorum</em></span> <span class='ocrx_word' id='word_1_655' title='bbox 2339 776 2492 806; x_wconf 83' lang='lat' dir='ltr'><em>essentias</em></span> 
     </span>
     <span class='ocr_line' id='line_1_89' title="bbox 1414 817 2493 860; baseline 0.003 -12"><span class='ocrx_word' id='word_1_656' title='bbox 1414 817 1536 849; x_wconf 89' lang='lat' dir='ltr'><em>videat:</em></span> <span class='ocrx_word' id='word_1_657' title='bbox 1568 818 1717 859; x_wconf 91' lang='lat' dir='ltr'><em>quamvis</em></span> <span class='ocrx_word' id='word_1_658' title='bbox 1739 819 1843 858; x_wconf 87' lang='lat' dir='ltr'><em>possit</em></span> <span class='ocrx_word' id='word_1_659' title='bbox 1865 818 2046 860; x_wconf 85' lang='lat' dir='ltr'><em>aliqualiter</em></span> <span class='ocrx_word' id='word_1_660' title='bbox 2069 817 2186 848; x_wconf 87' lang='lat' dir='ltr'><em>elevari</em></span> <span class='ocrx_word' id='word_1_661' title='bbox 2211 819 2246 850; x_wconf 91' lang='lat' dir='ltr'><em>in</em></span> <span class='ocrx_word' id='word_1_662' title='bbox 2269 820 2493 860; x_wconf 88' lang='lat' dir='ltr'><em>cognitionem</em></span> 
     </span>
     <span class='ocr_line' id='line_1_90' title="bbox 1413 862 2492 903; baseline 0.002 -10"><span class='ocrx_word' id='word_1_663' title='bbox 1413 862 1638 903; x_wconf 87' lang='lat' dir='ltr'><em>imperfectam</em></span> <span class='ocrx_word' id='word_1_664' title='bbox 1661 863 1913 894; x_wconf 88' lang='lat' dir='ltr'><em>substantiarum</em></span> <span class='ocrx_word' id='word_1_665' title='bbox 1928 867 2147 903; x_wconf 85' lang='lat' dir='ltr'><em>separatarum</em></span> <span class='ocrx_word' id='word_1_666' title='bbox 2164 872 2203 894; x_wconf 84' lang='lat' dir='ltr'><em>ex</em></span> <span class='ocrx_word' id='word_1_667' title='bbox 2218 873 2327 895; x_wconf 90' lang='lat' dir='ltr'><em>rerum</em></span> <span class='ocrx_word' id='word_1_668' title='bbox 2344 866 2492 896; x_wconf 85' lang='lat' dir='ltr'><em>materia·-</em></span> 
     </span>
     <span class='ocr_line' id='line_1_91' title="bbox 1413 907 2492 946; baseline 0.002 -8"><span class='ocrx_word' id='word_1_669' title='bbox 1413 907 1495 938; x_wconf 89' lang='lat' dir='ltr'><em>lium</em></span> <span class='ocrx_word' id='word_1_670' title='bbox 1523 907 1793 939; x_wconf 85' lang='lat' dir='ltr'><em>consideratione.</em></span> <span class='ocrx_word' id='word_1_671' title='bbox 1824 908 1866 938; x_wconf 91' lang='lat' dir='ltr'><em>Et</em></span> <span class='ocrx_word' id='word_1_672' title='bbox 1893 908 1979 939; x_wconf 91' lang='lat' dir='ltr'><em>sicut</em></span> <span class='ocrx_word' id='word_1_673' title='bbox 2010 907 2118 938; x_wconf 84' lang='lat' dir='ltr'><em>anima</em></span> <span class='ocrx_word' id='word_1_674' title='bbox 2146 913 2194 938; x_wconf 87' lang='lat' dir='ltr'><em>est</em></span> <span class='ocrx_word' id='word_1_675' title='bbox 2221 909 2256 939; x_wconf 93' lang='lat' dir='ltr'><em>in</em></span> <span class='ocrx_word' id='word_1_676' title='bbox 2279 910 2422 946; x_wconf 87' lang='lat' dir='ltr'><em>materia,</em></span> <span class='ocrx_word' id='word_1_677' title='bbox 2448 910 2492 940; x_wconf 87' lang='lat' dir='ltr'><em>ita</em></span> 
     </span>
     <span class='ocr_line' id='line_1_92' title="bbox 1413 952 2493 994; baseline 0.003 -12"><span class='ocrx_word' id='word_1_678' title='bbox 1413 952 1669 983; x_wconf 88' lang='lat' dir='ltr'><em>intellectionem</em></span> <span class='ocrx_word' id='word_1_679' title='bbox 1692 957 1823 993; x_wconf 83' lang='lat' dir='ltr'><em>oportet</em></span> <span class='ocrx_word' id='word_1_680' title='bbox 1846 952 1887 983; x_wconf 88' lang='lat' dir='ltr'><em>ad</em></span> <span class='ocrx_word' id='word_1_681' title='bbox 1909 958 2038 983; x_wconf 89' lang='lat' dir='ltr'><em>naturas</em></span> <span class='ocrx_word' id='word_1_682' title='bbox 2056 952 2254 984; x_wconf 84' lang='lat' dir='ltr'><em>universales</em></span> <span class='ocrx_word' id='word_1_683' title='bbox 2277 953 2433 994; x_wconf 84' lang='lat' dir='ltr'><em>attingere</em></span> <span class='ocrx_word' id='word_1_684' title='bbox 2456 959 2493 988; x_wconf 88' lang='lat' dir='ltr'><em>ut</em></span> 
     </span>
     <span class='ocr_line' id='line_1_93' title="bbox 1412 997 2335 1038; baseline 0 -10"><span class='ocrx_word' id='word_1_685' title='bbox 1412 997 1446 1027; x_wconf 93' lang='lat' dir='ltr'><em>in</em></span> <span class='ocrx_word' id='word_1_686' title='bbox 1470 998 1603 1028; x_wconf 89' lang='lat' dir='ltr'><em>materia</em></span> <span class='ocrx_word' id='word_1_687' title='bbox 1625 1003 1710 1034; x_wconf 89' lang='lat' dir='ltr'><em>sunt,</em></span> <span class='ocrx_word' id='word_1_688' title='bbox 1733 998 1822 1028; x_wconf 83' lang='lat' dir='ltr'><em>iuxta</em></span> <span class='ocrx_word' id='word_1_689' title='bbox 1843 1006 1976 1028; x_wconf 87' lang='lat' dir='ltr'><em>sensum</em></span> <span class='ocrx_word' id='word_1_690' title='bbox 1998 997 2117 1038; x_wconf 71' lang='lat' dir='ltr'><em>prius*</em></span> <span class='ocrx_word' id='word_1_691' title='bbox 2140 998 2335 1038; x_wconf 84' lang='lat' dir='ltr'><em>expositum.</em></span> 
     </span>
    </p>

    <p class='ocr_par' dir='ltr' id='par_1_12' title="bbox 1414 1042 2494 1753">
     <span class='ocr_line' id='line_1_94' title="bbox 1469 1042 2493 1083; baseline 0.002 -11"><span class='ocrx_word' id='word_1_692' title='bbox 1469 1042 1654 1083; x_wconf 87' lang='lat' dir='ltr'><em>Propositio</em></span> <span class='ocrx_word' id='word_1_693' title='bbox 1679 1051 1756 1083; x_wconf 85' lang='lat' dir='ltr'><em>ergo</em></span> <span class='ocrx_word' id='word_1_694' title='bbox 1781 1042 1890 1073; x_wconf 88' lang='lat' dir='ltr'><em>Sancti</em></span> <span class='ocrx_word' id='word_1_695' title='bbox 1913 1042 2063 1072; x_wconf 89' lang='lat' dir='ltr'><em>Thomae</em></span> <span class='ocrx_word' id='word_1_696' title='bbox 2078 1042 2114 1072; x_wconf 90' lang='lat' dir='ltr'><em>in</em></span> <span class='ocrx_word' id='word_1_697' title='bbox 2133 1047 2275 1083; x_wconf 88' lang='lat' dir='ltr'><em>utroque</em></span> <span class='ocrx_word' id='word_1_698' title='bbox 2297 1051 2395 1074; x_wconf 84' lang='lat' dir='ltr'><em>sensu</em></span> <span class='ocrx_word' id='word_1_699' title='bbox 2418 1052 2493 1074; x_wconf 83' lang='lat' dir='ltr'><em>vera</em></span> 
     </span>
     <span class='ocr_line' id='line_1_95' title="bbox 1414 1086 2493 1127; baseline 0.001 -10"><span class='ocrx_word' id='word_1_700' title='bbox 1414 1092 1471 1118; x_wconf 90' lang='lat' dir='ltr'><em>est.</em></span> <span class='ocrx_word' id='word_1_701' title='bbox 1481 1087 1569 1125; x_wconf 93' lang='lat' dir='ltr'><em>Quia</em></span> <span class='ocrx_word' id='word_1_702' title='bbox 1577 1096 1795 1127; x_wconf 89' lang='lat' dir='ltr'><em>unaquaeque</em></span> <span class='ocrx_word' id='word_1_703' title='bbox 1807 1087 1985 1118; x_wconf 86' lang='lat' dir='ltr'><em>substantia</em></span> <span class='ocrx_word' id='word_1_704' title='bbox 1996 1092 2150 1127; x_wconf 87' lang='lat' dir='ltr'><em>operatur</em></span> <span class='ocrx_word' id='word_1_705' title='bbox 2161 1086 2343 1118; x_wconf 89' lang='lat' dir='ltr'><em>secundum</em></span> <span class='ocrx_word' id='word_1_706' title='bbox 2354 1087 2493 1118; x_wconf 89' lang='lat' dir='ltr'><em>modum</em></span> 
     </span>
     <span class='ocr_line' id='line_1_96' title="bbox 1414 1130 2492 1173; baseline 0.001 -11"><span class='ocrx_word' id='word_1_707' title='bbox 1414 1141 1492 1162; x_wconf 90' lang='lat' dir='ltr'><em>suae</em></span> <span class='ocrx_word' id='word_1_708' title='bbox 1515 1137 1659 1168; x_wconf 86' lang='lat' dir='ltr'><em>naturae,</em></span> <span class='ocrx_word' id='word_1_709' title='bbox 1677 1137 1709 1162; x_wconf 92' lang='lat' dir='ltr'><em>et</em></span> <span class='ocrx_word' id='word_1_710' title='bbox 1732 1136 1893 1172; x_wconf 88' lang='lat' dir='ltr'><em>quantum</em></span> <span class='ocrx_word' id='word_1_711' title='bbox 1909 1131 1949 1162; x_wconf 92' lang='lat' dir='ltr'><em>ad</em></span> <span class='ocrx_word' id='word_1_712' title='bbox 1964 1130 2103 1162; x_wconf 91' lang='lat' dir='ltr'><em>modum</em></span> <span class='ocrx_word' id='word_1_713' title='bbox 2125 1137 2259 1162; x_wconf 88' lang='lat' dir='ltr'><em>naturae</em></span> <span class='ocrx_word' id='word_1_714' title='bbox 2283 1137 2319 1163; x_wconf 89' lang='lat' dir='ltr'><em>ut</em></span> <span class='ocrx_word' id='word_1_715' title='bbox 2342 1137 2390 1163; x_wconf 88' lang='lat' dir='ltr'><em>est</em></span> <span class='ocrx_word' id='word_1_716' title='bbox 2404 1133 2492 1173; x_wconf 90' lang='lat' dir='ltr'><em>prin-</em></span> 
     </span>
     <span class='ocr_line' id='line_1_97' title="bbox 1415 1176 2493 1218; baseline 0.001 -11"><span class='ocrx_word' id='word_1_717' title='bbox 1415 1177 1539 1217; x_wconf 87' lang='lat' dir='ltr'><em>cipium</em></span> <span class='ocrx_word' id='word_1_718' title='bbox 1562 1176 1741 1207; x_wconf 88' lang='lat' dir='ltr'><em>elicitivum</em></span> <span class='ocrx_word' id='word_1_719' title='bbox 1768 1176 1978 1217; x_wconf 82' lang='lat' dir='ltr'><em>operationis,</em></span> <span class='ocrx_word' id='word_1_720' title='bbox 2006 1177 2204 1216; x_wconf 88' lang='lat' dir='ltr'><em>inquantum</em></span> <span class='ocrx_word' id='word_1_721' title='bbox 2231 1177 2380 1217; x_wconf 87' lang='lat' dir='ltr'><em>operatio</em></span> <span class='ocrx_word' id='word_1_722' title='bbox 2404 1186 2493 1218; x_wconf 89' lang='lat' dir='ltr'><em>egre-</em></span> 
     </span>
     <span class='ocr_line' id='line_1_98' title="bbox 1415 1220 2493 1261; baseline 0.002 -10"><span class='ocrx_word' id='word_1_723' title='bbox 1415 1220 1501 1251; x_wconf 90' lang='lat' dir='ltr'><em>ditur</em></span> <span class='ocrx_word' id='word_1_724' title='bbox 1524 1221 1563 1251; x_wconf 87' lang='lat' dir='ltr'><em>ab</em></span> <span class='ocrx_word' id='word_1_725' title='bbox 1587 1226 1760 1261; x_wconf 87' lang='lat' dir='ltr'><em>operante;</em></span> <span class='ocrx_word' id='word_1_726' title='bbox 1784 1226 1817 1251; x_wconf 88' lang='lat' dir='ltr'><em>et</em></span> <span class='ocrx_word' id='word_1_727' title='bbox 1839 1225 2000 1261; x_wconf 82' lang='lat' dir='ltr'><em>quantum</em></span> <span class='ocrx_word' id='word_1_728' title='bbox 2029 1220 2070 1251; x_wconf 91' lang='lat' dir='ltr'><em>ad</em></span> <span class='ocrx_word' id='word_1_729' title='bbox 2092 1220 2234 1252; x_wconf 88' lang='lat' dir='ltr'><em>modum</em></span> <span class='ocrx_word' id='word_1_730' title='bbox 2259 1226 2394 1252; x_wconf 87' lang='lat' dir='ltr'><em>naturae</em></span> <span class='ocrx_word' id='word_1_731' title='bbox 2416 1222 2493 1253; x_wconf 85' lang='lat' dir='ltr'><em>sim-</em></span> 
     </span>
     <span class='ocr_line' id='line_1_99' title="bbox 1414 1265 2492 1306; baseline 0.002 -10"><span class='ocrx_word' id='word_1_732' title='bbox 1414 1265 1550 1306; x_wconf 91' lang='lat' dir='ltr'><em>pliciter,</em></span> <span class='ocrx_word' id='word_1_733' title='bbox 1574 1266 1770 1306; x_wconf 89' lang='lat' dir='ltr'><em>inquantum</em></span> <span class='ocrx_word' id='word_1_734' title='bbox 1793 1266 1941 1306; x_wconf 86' lang='lat' dir='ltr'><em>operatio</em></span> <span class='ocrx_word' id='word_1_735' title='bbox 1957 1265 1998 1296; x_wconf 87' lang='lat' dir='ltr'><em>ad</em></span> <span class='ocrx_word' id='word_1_736' title='bbox 2014 1265 2182 1296; x_wconf 90' lang='lat' dir='ltr'><em>obiectum</em></span> <span class='ocrx_word' id='word_1_737' title='bbox 2200 1266 2402 1297; x_wconf 86' lang='lat' dir='ltr'><em>terminatur.</em></span> <span class='ocrx_word' id='word_1_738' title='bbox 2418 1266 2492 1303; x_wconf 86' lang='lat' dir='ltr'><em>Sed,</em></span> 
     </span>
     <span class='ocr_line' id='line_1_100' title="bbox 1414 1310 2493 1352; baseline 0.002 -12"><span class='ocrx_word' id='word_1_739' title='bbox 1414 1310 1490 1341; x_wconf 90' lang='lat' dir='ltr'><em>licet</em></span> <span class='ocrx_word' id='word_1_740' title='bbox 1511 1315 1654 1351; x_wconf 87' lang='lat' dir='ltr'><em>utroque</em></span> <span class='ocrx_word' id='word_1_741' title='bbox 1676 1310 1779 1341; x_wconf 91' lang='lat' dir='ltr'><em>modo</em></span> <span class='ocrx_word' id='word_1_742' title='bbox 1802 1319 1878 1341; x_wconf 89' lang='lat' dir='ltr'><em>vera</em></span> <span class='ocrx_word' id='word_1_743' title='bbox 1901 1310 1951 1347; x_wconf 90' lang='lat' dir='ltr'><em>sit,</em></span> <span class='ocrx_word' id='word_1_744' title='bbox 1974 1315 2084 1341; x_wconf 89' lang='lat' dir='ltr'><em>tamen</em></span> <span class='ocrx_word' id='word_1_745' title='bbox 2107 1310 2197 1341; x_wconf 90' lang='lat' dir='ltr'><em>illam</em></span> <span class='ocrx_word' id='word_1_746' title='bbox 2215 1311 2334 1352; x_wconf 88' lang='lat' dir='ltr'><em>accipit</em></span> <span class='ocrx_word' id='word_1_747' title='bbox 2356 1310 2493 1342; x_wconf 86' lang='lat' dir='ltr'><em>Sanctus</em></span> 
     </span>
     <span class='ocr_line' id='line_1_101' title="bbox 1415 1354 2493 1396; baseline 0.002 -11"><span class='ocrx_word' id='word_1_748' title='bbox 1415 1354 1562 1385; x_wconf 87' lang='lat' dir='ltr'><em>Thomas</em></span> <span class='ocrx_word' id='word_1_749' title='bbox 1577 1355 1643 1385; x_wconf 90' lang='lat' dir='ltr'><em>hoc</em></span> <span class='ocrx_word' id='word_1_750' title='bbox 1657 1354 1733 1385; x_wconf 93' lang='lat' dir='ltr'><em>loco</em></span> <span class='ocrx_word' id='word_1_751' title='bbox 1749 1354 1896 1386; x_wconf 89' lang='lat' dir='ltr'><em>secundo</em></span> <span class='ocrx_word' id='word_1_752' title='bbox 1911 1354 2025 1391; x_wconf 91' lang='lat' dir='ltr'><em>modo,</em></span> <span class='ocrx_word' id='word_1_753' title='bbox 2041 1354 2166 1386; x_wconf 88' lang='lat' dir='ltr'><em>scilicet</em></span> <span class='ocrx_word' id='word_1_754' title='bbox 2180 1360 2342 1396; x_wconf 83' lang='lat' dir='ltr'><em>quantum</em></span> <span class='ocrx_word' id='word_1_755' title='bbox 2364 1355 2406 1386; x_wconf 89' lang='lat' dir='ltr'><em>ad</em></span> <span class='ocrx_word' id='word_1_756' title='bbox 2419 1364 2493 1387; x_wconf 87' lang='lat' dir='ltr'><em>mo-</em></span> 
     </span>
     <span class='ocr_line' id='line_1_102' title="bbox 1415 1398 2493 1441; baseline 0.002 -11"><span class='ocrx_word' id='word_1_757' title='bbox 1415 1399 1495 1430; x_wconf 91' lang='lat' dir='ltr'><em>dum</em></span> <span class='ocrx_word' id='word_1_758' title='bbox 1518 1398 1645 1430; x_wconf 91' lang='lat' dir='ltr'><em>essendi</em></span> <span class='ocrx_word' id='word_1_759' title='bbox 1667 1405 1801 1430; x_wconf 87' lang='lat' dir='ltr'><em>naturae</em></span> <span class='ocrx_word' id='word_1_760' title='bbox 1824 1400 2022 1440; x_wconf 90' lang='lat' dir='ltr'><em>simpliciter,</em></span> <span class='ocrx_word' id='word_1_761' title='bbox 2039 1405 2071 1430; x_wconf 92' lang='lat' dir='ltr'><em>et</em></span> <span class='ocrx_word' id='word_1_762' title='bbox 2087 1405 2247 1440; x_wconf 84' lang='lat' dir='ltr'><em>quantum</em></span> <span class='ocrx_word' id='word_1_763' title='bbox 2270 1399 2312 1431; x_wconf 91' lang='lat' dir='ltr'><em>ad</em></span> <span class='ocrx_word' id='word_1_764' title='bbox 2329 1401 2493 1441; x_wconf 77' lang='lat' dir='ltr'><em>operatio-</em></span> 
     </span>
     <span class='ocr_line' id='line_1_103' title="bbox 1414 1443 2493 1486; baseline 0.001 -11"><span class='ocrx_word' id='word_1_765' title='bbox 1414 1453 1492 1475; x_wconf 89' lang='lat' dir='ltr'><em>nem</em></span> <span class='ocrx_word' id='word_1_766' title='bbox 1507 1449 1545 1475; x_wconf 93' lang='lat' dir='ltr'><em>ut</em></span> <span class='ocrx_word' id='word_1_767' title='bbox 1558 1444 1749 1475; x_wconf 87' lang='lat' dir='ltr'><em>terminatur</em></span> <span class='ocrx_word' id='word_1_768' title='bbox 1764 1443 1805 1474; x_wconf 90' lang='lat' dir='ltr'><em>ad</em></span> <span class='ocrx_word' id='word_1_769' title='bbox 1821 1444 1998 1475; x_wconf 86' lang='lat' dir='ltr'><em>obiectum.</em></span> <span class='ocrx_word' id='word_1_770' title='bbox 2016 1443 2112 1476; x_wconf 89' lang='lat' dir='ltr'><em>Unde</em></span> <span class='ocrx_word' id='word_1_771' title='bbox 2127 1453 2240 1475; x_wconf 84' lang='lat' dir='ltr'><em>sensus</em></span> <span class='ocrx_word' id='word_1_772' title='bbox 2258 1445 2493 1486; x_wconf 83' lang='lat' dir='ltr'><em>propositionis</em></span> 
     </span>
     <span class='ocr_line' id='line_1_104' title="bbox 1416 1488 2494 1530; baseline 0.002 -11"><span class='ocrx_word' id='word_1_773' title='bbox 1416 1494 1464 1520; x_wconf 90' lang='lat' dir='ltr'><em>est</em></span> <span class='ocrx_word' id='word_1_774' title='bbox 1486 1488 1578 1530; x_wconf 91' lang='lat' dir='ltr'><em>quod</em></span> <span class='ocrx_word' id='word_1_775' title='bbox 1599 1488 1866 1530; x_wconf 89' lang='lat' dir='ltr'><em>unumquodque</em></span> <span class='ocrx_word' id='word_1_776' title='bbox 1889 1497 1948 1520; x_wconf 86' lang='lat' dir='ltr'><em>sua</em></span> <span class='ocrx_word' id='word_1_777' title='bbox 1971 1490 2163 1529; x_wconf 86' lang='lat' dir='ltr'><em>operatione</em></span> <span class='ocrx_word' id='word_1_778' title='bbox 2184 1489 2320 1530; x_wconf 82' lang='lat' dir='ltr'><em>atn’ngit,</em></span> <span class='ocrx_word' id='word_1_779' title='bbox 2335 1495 2494 1530; x_wconf 77' lang='lat' dir='ltr'><em>tanqum</em></span> 
     </span>
     <span class='ocr_line' id='line_1_105' title="bbox 1415 1533 2493 1575; baseline 0.001 -11"><span class='ocrx_word' id='word_1_780' title='bbox 1415 1533 1560 1564; x_wconf 86' lang='lat' dir='ltr'><em>naturale</em></span> <span class='ocrx_word' id='word_1_781' title='bbox 1576 1533 1754 1570; x_wconf 91' lang='lat' dir='ltr'><em>obiectum,</em></span> <span class='ocrx_word' id='word_1_782' title='bbox 1770 1533 1804 1565; x_wconf 92' lang='lat' dir='ltr'><em>id</em></span> <span class='ocrx_word' id='word_1_783' title='bbox 1820 1533 1912 1575; x_wconf 89' lang='lat' dir='ltr'><em>quod</em></span> <span class='ocrx_word' id='word_1_784' title='bbox 1935 1542 2012 1565; x_wconf 91' lang='lat' dir='ltr'><em>cum</em></span> <span class='ocrx_word' id='word_1_785' title='bbox 2029 1533 2133 1564; x_wconf 83' lang='lat' dir='ltr'><em>modo</em></span> <span class='ocrx_word' id='word_1_786' title='bbox 2149 1533 2276 1564; x_wconf 81' lang='lat' dir='ltr'><em>essendi</em></span> <span class='ocrx_word' id='word_1_787' title='bbox 2294 1534 2397 1575; x_wconf 83' lang='lat' dir='ltr'><em>ipsius</em></span> <span class='ocrx_word' id='word_1_788' title='bbox 2413 1543 2493 1575; x_wconf 73' lang='lat' dir='ltr'><em>ope-</em></span> 
     </span>
     <span class='ocr_line' id='line_1_106' title="bbox 1414 1577 2494 1615; baseline 0.001 -6"><span class='ocrx_word' id='word_1_789' title='bbox 1414 1579 1514 1609; x_wconf 88' lang='lat' dir='ltr'><em>rantis</em></span> <span class='ocrx_word' id='word_1_790' title='bbox 1541 1578 1805 1610; x_wconf 85' lang='lat' dir='ltr'><em>convenientiam</em></span> <span class='ocrx_word' id='word_1_791' title='bbox 1831 1579 1942 1615; x_wconf 85' lang='lat' dir='ltr'><em>habet,</em></span> <span class='ocrx_word' id='word_1_792' title='bbox 1967 1583 2000 1610; x_wconf 87' lang='lat' dir='ltr'><em>et</em></span> <span class='ocrx_word' id='word_1_793' title='bbox 2022 1583 2059 1610; x_wconf 92' lang='lat' dir='ltr'><em>ut</em></span> <span class='ocrx_word' id='word_1_794' title='bbox 2081 1578 2175 1609; x_wconf 88' lang='lat' dir='ltr'><em>illum</em></span> <span class='ocrx_word' id='word_1_795' title='bbox 2201 1578 2329 1610; x_wconf 80' lang='lat' dir='ltr'><em>essendi</em></span> <span class='ocrx_word' id='word_1_796' title='bbox 2354 1577 2494 1610; x_wconf 86' lang='lat' dir='ltr'><em>modum</em></span> 
     </span>
     <span class='ocr_line' id='line_1_107' title="bbox 1415 1623 2494 1665; baseline 0.002 -12"><span class='ocrx_word' id='word_1_797' title='bbox 1415 1623 1525 1654; x_wconf 87' lang='lat' dir='ltr'><em>habet:</em></span> <span class='ocrx_word' id='word_1_798' title='bbox 1550 1632 1619 1654; x_wconf 92' lang='lat' dir='ltr'><em>non</em></span> <span class='ocrx_word' id='word_1_799' title='bbox 1635 1623 1770 1664; x_wconf 91' lang='lat' dir='ltr'><em>quidem</em></span> <span class='ocrx_word' id='word_1_800' title='bbox 1785 1629 1822 1660; x_wconf 81' lang='lat' dir='ltr'><em>ut</em></span> <span class='ocrx_word' id='word_1_801' title='bbox 1836 1623 1890 1655; x_wconf 90' lang='lat' dir='ltr'><em>ille</em></span> <span class='ocrx_word' id='word_1_802' title='bbox 1905 1623 2025 1655; x_wconf 88' lang='lat' dir='ltr'><em>modus</em></span> <span class='ocrx_word' id='word_1_803' title='bbox 2041 1623 2168 1654; x_wconf 87' lang='lat' dir='ltr'><em>essendi</em></span> <span class='ocrx_word' id='word_1_804' title='bbox 2183 1623 2224 1654; x_wconf 88' lang='lat' dir='ltr'><em>sit</em></span> <span class='ocrx_word' id='word_1_805' title='bbox 2240 1623 2398 1655; x_wconf 89' lang='lat' dir='ltr'><em>terminus</em></span> <span class='ocrx_word' id='word_1_806' title='bbox 2413 1632 2494 1665; x_wconf 86' lang='lat' dir='ltr'><em>ope·</em></span> 
     </span>
     <span class='ocr_line' id='line_1_108' title="bbox 1414 1667 2494 1708; baseline 0.001 -10"><span class='ocrx_word' id='word_1_807' title='bbox 1414 1668 1557 1705; x_wconf 88' lang='lat' dir='ltr'><em>rationis,</em></span> <span class='ocrx_word' id='word_1_808' title='bbox 1578 1667 1634 1699; x_wconf 90' lang='lat' dir='ltr'><em>sed</em></span> <span class='ocrx_word' id='word_1_809' title='bbox 1657 1673 1694 1698; x_wconf 92' lang='lat' dir='ltr'><em>ut</em></span> <span class='ocrx_word' id='word_1_810' title='bbox 1716 1669 1757 1699; x_wconf 89' lang='lat' dir='ltr'><em>sit</em></span> <span class='ocrx_word' id='word_1_811' title='bbox 1771 1668 1918 1699; x_wconf 88' lang='lat' dir='ltr'><em>conditio</em></span> <span class='ocrx_word' id='word_1_812' title='bbox 1934 1669 2054 1699; x_wconf 89' lang='lat' dir='ltr'><em>obiecti</em></span> <span class='ocrx_word' id='word_1_813' title='bbox 2077 1668 2147 1699; x_wconf 86' lang='lat' dir='ltr'><em>sine</em></span> <span class='ocrx_word' id='word_1_814' title='bbox 2170 1676 2237 1708; x_wconf 88' lang='lat' dir='ltr'><em>qua</em></span> <span class='ocrx_word' id='word_1_815' title='bbox 2258 1677 2328 1699; x_wconf 90' lang='lat' dir='ltr'><em>non</em></span> <span class='ocrx_word' id='word_1_816' title='bbox 2342 1668 2494 1700; x_wconf 87' lang='lat' dir='ltr'><em>terminat</em></span> 
     </span>
     <span class='ocr_line' id='line_1_109' title="bbox 1416 1713 1653 1753; baseline 0 -10"><span class='ocrx_word' id='word_1_817' title='bbox 1416 1713 1653 1753; x_wconf 86' lang='lat' dir='ltr'><em>operationem.</em></span> 
     </span>
    </p>

    <p class='ocr_par' dir='ltr' id='par_1_13' title="bbox 1414 1756 2493 2020">
     <span class='ocr_line' id='line_1_110' title="bbox 1473 1756 2493 1798; baseline 0 -10"><span class='ocrx_word' id='word_1_818' title='bbox 1473 1766 1503 1788; x_wconf 91' lang='lat'><em>2.</em></span> <span class='ocrx_word' id='word_1_819' title='bbox 1527 1757 1580 1788; x_wconf 85' lang='lat' dir='ltr'><em>Ad</em></span> <span class='ocrx_word' id='word_1_820' title='bbox 1602 1758 1741 1798; x_wconf 87' lang='lat' dir='ltr'><em>primam</em></span> <span class='ocrx_word' id='word_1_821' title='bbox 1765 1765 1842 1798; x_wconf 87' lang='lat' dir='ltr'><em>ergo</em></span> <span class='ocrx_word' id='word_1_822' title='bbox 1866 1757 2088 1788; x_wconf 87' lang='lat' dir='ltr'><em>obiectionem</em></span> <span class='ocrx_word' id='word_1_823' title='bbox 2115 1756 2234 1788; x_wconf 87' lang='lat' dir='ltr'><em>dicitur</em></span> <span class='ocrx_word' id='word_1_824' title='bbox 2255 1757 2374 1798; x_wconf 89' lang='lat' dir='ltr'><em>primo,</em></span> <span class='ocrx_word' id='word_1_825' title='bbox 2401 1756 2493 1798; x_wconf 87' lang='lat' dir='ltr'><em>quod</em></span> 
     </span>
     <span class='ocr_line' id='line_1_111' title="bbox 1414 1801 2492 1842; baseline 0.001 -10"><span class='ocrx_word' id='word_1_826' title='bbox 1414 1811 1483 1833; x_wconf 89' lang='lat' dir='ltr'><em>non</em></span> <span class='ocrx_word' id='word_1_827' title='bbox 1499 1801 1643 1842; x_wconf 87' lang='lat' dir='ltr'><em>arguitur</em></span> <span class='ocrx_word' id='word_1_828' title='bbox 1658 1807 1772 1833; x_wconf 87' lang='lat' dir='ltr'><em>contra</em></span> <span class='ocrx_word' id='word_1_829' title='bbox 1786 1802 1959 1833; x_wconf 88' lang='lat' dir='ltr'><em>intentum.</em></span> <span class='ocrx_word' id='word_1_830' title='bbox 1975 1801 2063 1841; x_wconf 87' lang='lat' dir='ltr'><em>Quia</em></span> <span class='ocrx_word' id='word_1_831' title='bbox 2078 1802 2224 1842; x_wconf 88' lang='lat' dir='ltr'><em>loquitur</em></span> <span class='ocrx_word' id='word_1_832' title='bbox 2247 1801 2385 1833; x_wconf 87' lang='lat' dir='ltr'><em>Sanctus</em></span> <span class='ocrx_word' id='word_1_833' title='bbox 2400 1801 2492 1833; x_wconf 83' lang='lat' dir='ltr'><em>&#39;rho-</em></span> 
     </span>
     <span class='ocr_line' id='line_1_112' title="bbox 1414 1846 2492 1887; baseline 0.001 -11"><span class='ocrx_word' id='word_1_834' title='bbox 1414 1855 1484 1877; x_wconf 89' lang='lat' dir='ltr'><em>mas</em></span> <span class='ocrx_word' id='word_1_835' title='bbox 1499 1846 1540 1877; x_wconf 92' lang='lat' dir='ltr'><em>de</em></span> <span class='ocrx_word' id='word_1_836' title='bbox 1564 1846 1756 1887; x_wconf 84' lang='lat' dir='ltr'><em>operatione</em></span> <span class='ocrx_word' id='word_1_837' title='bbox 1771 1851 1809 1877; x_wconf 92' lang='lat' dir='ltr'><em>ut</em></span> <span class='ocrx_word' id='word_1_838' title='bbox 1822 1847 2013 1878; x_wconf 87' lang='lat' dir='ltr'><em>terminatur</em></span> <span class='ocrx_word' id='word_1_839' title='bbox 2028 1846 2069 1878; x_wconf 88' lang='lat' dir='ltr'><em>ad</em></span> <span class='ocrx_word' id='word_1_840' title='bbox 2084 1846 2265 1878; x_wconf 88' lang='lat' dir='ltr'><em>obiectum:</em></span> <span class='ocrx_word' id='word_1_841' title='bbox 2289 1855 2359 1878; x_wconf 91' lang='lat' dir='ltr'><em>non</em></span> <span class='ocrx_word' id='word_1_842' title='bbox 2382 1851 2492 1878; x_wconf 70' lang='lat' dir='ltr'><em>autem</em></span> 
     </span>
     <span class='ocr_line' id='line_1_113' title="bbox 1414 1890 2493 1932; baseline 0.001 -10"><span class='ocrx_word' id='word_1_843' title='bbox 1414 1896 1452 1922; x_wconf 86' lang='lat' dir='ltr'><em>ut</em></span> <span class='ocrx_word' id='word_1_844' title='bbox 1474 1890 1637 1931; x_wconf 86' lang='lat' dir='ltr'><em>egreditur</em></span> <span class='ocrx_word' id='word_1_845' title='bbox 1659 1891 1700 1921; x_wconf 89' lang='lat' dir='ltr'><em>ab</em></span> <span class='ocrx_word' id='word_1_846' title='bbox 1724 1896 1890 1932; x_wconf 82' lang='lat' dir='ltr'><em>operante,</em></span> <span class='ocrx_word' id='word_1_847' title='bbox 1907 1891 1983 1922; x_wconf 89' lang='lat' dir='ltr'><em>licet</em></span> <span class='ocrx_word' id='word_1_848' title='bbox 2006 1896 2038 1922; x_wconf 89' lang='lat' dir='ltr'><em>et</em></span> <span class='ocrx_word' id='word_1_849' title='bbox 2053 1891 2099 1922; x_wconf 87' lang='lat' dir='ltr'><em>sic</em></span> <span class='ocrx_word' id='word_1_850' title='bbox 2122 1890 2234 1932; x_wconf 82' lang='lat' dir='ltr'><em>aliquo</em></span> <span class='ocrx_word' id='word_1_851' title='bbox 2250 1890 2353 1923; x_wconf 88' lang='lat' dir='ltr'><em>modo</em></span> <span class='ocrx_word' id='word_1_852' title='bbox 2376 1891 2493 1923; x_wconf 60' lang='lat' dir='ltr'><em>hamt</em></span> 
     </span>
     <span class='ocr_line' id='line_1_114' title="bbox 1414 1933 2492 1977; baseline 0.001 -11"><span class='ocrx_word' id='word_1_853' title='bbox 1414 1935 1591 1966; x_wconf 85' lang='lat' dir='ltr'><em>veritatem.</em></span> <span class='ocrx_word' id='word_1_854' title='bbox 1617 1933 1768 1966; x_wconf 86' lang='lat' dir='ltr'><em>Obiectio</em></span> <span class='ocrx_word' id='word_1_855' title='bbox 1792 1940 1903 1966; x_wconf 88' lang='lat' dir='ltr'><em>autern</em></span> <span class='ocrx_word' id='word_1_856' title='bbox 1926 1934 2075 1977; x_wconf 86' lang='lat' dir='ltr'><em>procedit</em></span> <span class='ocrx_word' id='word_1_857' title='bbox 2100 1935 2142 1967; x_wconf 89' lang='lat' dir='ltr'><em>de</em></span> <span class='ocrx_word' id='word_1_858' title='bbox 2163 1935 2492 1976; x_wconf 30' lang='lat' dir='ltr'><em>modo-operationi·</em></span> 
     </span>
     <span class='ocr_line' id='line_1_115' title="bbox 1415 1979 2492 2020; baseline 0.001 -10"><span class='ocrx_word' id='word_1_859' title='bbox 1415 1985 1452 2010; x_wconf 94' lang='lat' dir='ltr'><em>ut</em></span> <span class='ocrx_word' id='word_1_860' title='bbox 1474 1979 1637 2020; x_wconf 85' lang='lat' dir='ltr'><em>egreditur</em></span> <span class='ocrx_word' id='word_1_861' title='bbox 1660 1979 1700 2010; x_wconf 90' lang='lat' dir='ltr'><em>ab</em></span> <span class='ocrx_word' id='word_1_862' title='bbox 1725 1985 1892 2020; x_wconf 88' lang='lat' dir='ltr'><em>operante.</em></span> <span class='ocrx_word' id='word_1_863' title='bbox 2490 1994 2492 1997; x_wconf 37' lang='lat' dir='ltr'>v</span> 
     </span>
    </p>

    <p class='ocr_par' dir='ltr' id='par_1_14' title="bbox 1414 2023 2493 2412">
     <span class='ocr_line' id='line_1_116' title="bbox 1471 2023 2492 2066; baseline 0.001 -11"><span class='ocrx_word' id='word_1_864' title='bbox 1471 2024 1598 2055; x_wconf 90' lang='lat' dir='ltr'><em>Dicitur</em></span> <span class='ocrx_word' id='word_1_865' title='bbox 1620 2023 1777 2061; x_wconf 89' lang='lat' dir='ltr'><em>secundo,</em></span> <span class='ocrx_word' id='word_1_866' title='bbox 1801 2023 1971 2065; x_wconf 89' lang='lat' dir='ltr'><em>loquendo</em></span> <span class='ocrx_word' id='word_1_867' title='bbox 1995 2024 2036 2056; x_wconf 92' lang='lat' dir='ltr'><em>de</em></span> <span class='ocrx_word' id='word_1_868' title='bbox 2066 2025 2258 2066; x_wconf 81' lang='lat' dir='ltr'><em>operatione</em></span> <span class='ocrx_word' id='word_1_869' title='bbox 2289 2029 2327 2056; x_wconf 87' lang='lat' dir='ltr'><em>ut</em></span> <span class='ocrx_word' id='word_1_870' title='bbox 2349 2024 2390 2056; x_wconf 89' lang='lat' dir='ltr'><em>ab</em></span> <span class='ocrx_word' id='word_1_871' title='bbox 2412 2033 2492 2066; x_wconf 80' lang='lat' dir='ltr'><em>ope·</em></span> 
     </span>
     <span class='ocr_line' id='line_1_117' title="bbox 1414 2068 2492 2110; baseline 0.001 -11"><span class='ocrx_word' id='word_1_872' title='bbox 1414 2074 1504 2100; x_wconf 88' lang='lat' dir='ltr'><em>rante</em></span> <span class='ocrx_word' id='word_1_873' title='bbox 1530 2068 1707 2109; x_wconf 85' lang='lat' dir='ltr'><em>egreditur,</em></span> <span class='ocrx_word' id='word_1_874' title='bbox 1735 2068 1842 2110; x_wconf 86' lang='lat' dir='ltr'><em>quod,</em></span> <span class='ocrx_word' id='word_1_875' title='bbox 1873 2070 1899 2100; x_wconf 91' lang='lat' dir='ltr'><em>si</em></span> <span class='ocrx_word' id='word_1_876' title='bbox 1930 2069 2073 2100; x_wconf 86' lang='lat' dir='ltr'><em>obiectio</em></span> <span class='ocrx_word' id='word_1_877' title='bbox 2100 2069 2258 2110; x_wconf 88' lang='lat' dir='ltr'><em>procedat</em></span> <span class='ocrx_word' id='word_1_878' title='bbox 2283 2074 2398 2100; x_wconf 83' lang='lat' dir='ltr'><em>contra</em></span> <span class='ocrx_word' id='word_1_879' title='bbox 2418 2077 2492 2100; x_wconf 79' lang='lat' dir='ltr'><em>sen-</em></span> 
     </span>
     <span class='ocr_line' id='line_1_118' title="bbox 1415 2113 2493 2154; baseline 0.002 -10"><span class='ocrx_word' id='word_1_880' title='bbox 1415 2122 1494 2144; x_wconf 31' lang='lat' dir='ltr'><em>sum*</em></span> <span class='ocrx_word' id='word_1_881' title='bbox 1511 2113 1746 2154; x_wconf 86' lang='lat' dir='ltr'><em>propositionis</em></span> <span class='ocrx_word' id='word_1_882' title='bbox 1769 2113 1976 2150; x_wconf 81' lang='lat' dir='ltr'><em>declaratum,</em></span> <span class='ocrx_word' id='word_1_883' title='bbox 2001 2114 2110 2145; x_wconf 89' lang='lat' dir='ltr'><em>minor</em></span> <span class='ocrx_word' id='word_1_884' title='bbox 2129 2119 2178 2145; x_wconf 83' lang='lat' dir='ltr'><em>est</em></span> <span class='ocrx_word' id='word_1_885' title='bbox 2199 2113 2288 2145; x_wconf 80' lang='lat' dir='ltr'><em>falsa.</em></span> <span class='ocrx_word' id='word_1_886' title='bbox 2312 2113 2390 2145; x_wconf 79' lang='lat' dir='ltr'><em>Non</em></span> <span class='ocrx_word' id='word_1_887' title='bbox 2402 2114 2493 2146; x_wconf 63' lang='lat' dir='ltr'><em>mim</em></span> 
     </span>
     <span class='ocr_line' id='line_1_119' title="bbox 1414 2158 2493 2199; baseline 0.002 -11"><span class='ocrx_word' id='word_1_888' title='bbox 1414 2158 1532 2194; x_wconf 88' lang='lat' dir='ltr'><em>anima,</em></span> <span class='ocrx_word' id='word_1_889' title='bbox 1557 2163 1594 2189; x_wconf 89' lang='lat' dir='ltr'><em>ut</em></span> <span class='ocrx_word' id='word_1_890' title='bbox 1616 2158 1815 2199; x_wconf 86' lang='lat' dir='ltr'><em>principium</em></span> <span class='ocrx_word' id='word_1_891' title='bbox 1838 2158 2015 2189; x_wconf 87' lang='lat' dir='ltr'><em>elicitivum</em></span> <span class='ocrx_word' id='word_1_892' title='bbox 2038 2159 2248 2199; x_wconf 85' lang='lat' dir='ltr'><em>operationis,</em></span> <span class='ocrx_word' id='word_1_893' title='bbox 2271 2163 2320 2189; x_wconf 89' lang='lat' dir='ltr'><em>est</em></span> <span class='ocrx_word' id='word_1_894' title='bbox 2333 2159 2368 2190; x_wconf 88' lang='lat' dir='ltr'><em>in</em></span> <span class='ocrx_word' id='word_1_895' title='bbox 2390 2163 2493 2191; x_wconf 53' lang='lat' dir='ltr'><em>mate*</em></span> 
     </span>
     <span class='ocr_line' id='line_1_120' title="bbox 1414 2202 2492 2244; baseline 0 -10"><span class='ocrx_word' id='word_1_896' title='bbox 1414 2204 1470 2239; x_wconf 84' lang='lat' dir='ltr'><em>ria,</em></span> <span class='ocrx_word' id='word_1_897' title='bbox 1484 2208 1644 2243; x_wconf 84' lang='lat' dir='ltr'><em>quantum</em></span> <span class='ocrx_word' id='word_1_898' title='bbox 1656 2202 1779 2234; x_wconf 88' lang='lat' dir='ltr'><em>scilicet</em></span> <span class='ocrx_word' id='word_1_899' title='bbox 1793 2202 1834 2234; x_wconf 86' lang='lat' dir='ltr'><em>ad</em></span> <span class='ocrx_word' id='word_1_900' title='bbox 1856 2203 2039 2244; x_wconf 84' lang='lat' dir='ltr'><em>potentiam</em></span> <span class='ocrx_word' id='word_1_901' title='bbox 2055 2212 2119 2244; x_wconf 87' lang='lat' dir='ltr'><em>qua</em></span> <span class='ocrx_word' id='word_1_902' title='bbox 2142 2203 2399 2234; x_wconf 87' lang='lat' dir='ltr'><em>intellectionem</em></span> <span class='ocrx_word' id='word_1_903' title='bbox 2414 2211 2492 2244; x_wconf 82' lang='lat' dir='ltr'><em>pro-</em></span> 
     </span>
     <span class='ocr_line' id='line_1_121' title="bbox 1414 2247 2493 2289; baseline 0.001 -11"><span class='ocrx_word' id='word_1_904' title='bbox 1414 2247 1514 2284; x_wconf 87' lang='lat' dir='ltr'><em>ducit,</em></span> <span class='ocrx_word' id='word_1_905' title='bbox 1530 2257 1607 2278; x_wconf 90' lang='lat' dir='ltr'><em>cum</em></span> <span class='ocrx_word' id='word_1_906' title='bbox 1622 2247 1801 2288; x_wconf 87' lang='lat' dir='ltr'><em>intelligere</em></span> <span class='ocrx_word' id='word_1_907' title='bbox 1815 2247 1876 2278; x_wconf 82' lang='lat' dir='ltr'><em>sibi</em></span> <span class='ocrx_word' id='word_1_908' title='bbox 1892 2248 2067 2278; x_wconf 85' lang='lat' dir='ltr'><em>conveniat</em></span> <span class='ocrx_word' id='word_1_909' title='bbox 2084 2253 2121 2279; x_wconf 91' lang='lat' dir='ltr'><em>ut</em></span> <span class='ocrx_word' id='word_1_910' title='bbox 2139 2247 2266 2279; x_wconf 87' lang='lat' dir='ltr'><em>excedit</em></span> <span class='ocrx_word' id='word_1_911' title='bbox 2280 2247 2493 2289; x_wconf 67' lang='lat' dir='ltr'><em>capacitatem</em></span> 
     </span>
     <span class='ocr_line' id='line_1_122' title="bbox 1414 2292 2492 2334; baseline 0.001 -12"><span class='ocrx_word' id='word_1_912' title='bbox 1414 2293 1566 2323; x_wconf 84' lang='lat' dir='ltr'><em>materiae</em></span> <span class='ocrx_word' id='word_1_913' title='bbox 1590 2297 1622 2323; x_wconf 90' lang='lat' dir='ltr'><em>et</em></span> <span class='ocrx_word' id='word_1_914' title='bbox 1644 2297 1681 2323; x_wconf 94' lang='lat' dir='ltr'><em>ut</em></span> <span class='ocrx_word' id='word_1_915' title='bbox 1706 2292 1804 2323; x_wconf 87' lang='lat' dir='ltr'><em>habet</em></span> <span class='ocrx_word' id='word_1_916' title='bbox 1828 2292 2010 2332; x_wconf 82' lang='lat' dir='ltr'><em>potentiam</em></span> <span class='ocrx_word' id='word_1_917' title='bbox 2033 2302 2051 2322; x_wconf 87' lang='lat' dir='ltr'><em>a</em></span> <span class='ocrx_word' id='word_1_918' title='bbox 2073 2292 2230 2323; x_wconf 70' lang='lat' dir='ltr'><em>materiali</em></span> <span class='ocrx_word' id='word_1_919' title='bbox 2252 2301 2376 2333; x_wconf 82' lang='lat' dir='ltr'><em>organo</em></span> <span class='ocrx_word' id='word_1_920' title='bbox 2400 2301 2492 2334; x_wconf 78' lang='lat' dir='ltr'><em>sepa-</em></span> 
     </span>
     <span class='ocr_line' id='line_1_123' title="bbox 1414 2336 2493 2378; baseline 0.001 -11"><span class='ocrx_word' id='word_1_921' title='bbox 1414 2342 1529 2368; x_wconf 88' lang='lat' dir='ltr'><em>ratam:</em></span> <span class='ocrx_word' id='word_1_922' title='bbox 1555 2337 1630 2368; x_wconf 90' lang='lat' dir='ltr'><em>licet</em></span> <span class='ocrx_word' id='word_1_923' title='bbox 1652 2336 1835 2368; x_wconf 88' lang='lat' dir='ltr'><em>secundum</em></span> <span class='ocrx_word' id='word_1_924' title='bbox 1858 2337 2069 2368; x_wconf 85' lang='lat' dir='ltr'><em>substantiam</em></span> <span class='ocrx_word' id='word_1_925' title='bbox 2093 2337 2243 2368; x_wconf 79' lang='lat' dir='ltr'><em>absolute</em></span> <span class='ocrx_word' id='word_1_926' title='bbox 2265 2341 2433 2378; x_wconf 75' lang='lat' dir='ltr'><em>acceptam</em></span> <span class='ocrx_word' id='word_1_927' title='bbox 2451 2337 2493 2368; x_wconf 68' lang='lat' dir='ltr'><em>nit</em></span> 
     </span>
     <span class='ocr_line' id='line_1_124' title="bbox 1415 2381 1750 2412; baseline 0 0"><span class='ocrx_word' id='word_1_928' title='bbox 1415 2381 1520 2412; x_wconf 84' lang='lat' dir='ltr'><em>forma</em></span> <span class='ocrx_word' id='word_1_929' title='bbox 1543 2382 1576 2412; x_wconf 91' lang='lat' dir='ltr'><em>in</em></span> <span class='ocrx_word' id='word_1_930' title='bbox 1600 2381 1750 2412; x_wconf 63' lang='lat' dir='ltr'><em>materia.⁴</em></span> 
     </span>
    </p>

    <p class='ocr_par' dir='ltr' id='par_1_15' title="bbox 1415 2424 2492 2556">
     <span class='ocr_line' id='line_1_125' title="bbox 1471 2424 2492 2466; baseline 0 -10"><span class='ocrx_word' id='word_1_931' title='bbox 1471 2426 1523 2457; x_wconf 90' lang='lat' dir='ltr'><em>Ad</em></span> <span class='ocrx_word' id='word_1_932' title='bbox 1546 2425 1733 2463; x_wconf 80' lang='lat' dir='ltr'><em>secundam,</em></span> <span class='ocrx_word' id='word_1_933' title='bbox 1757 2431 1846 2466; x_wconf 70' lang='lat' dir='ltr'><em>patet</em></span> <span class='ocrx_word' id='word_1_934' title='bbox 1868 2434 1908 2456; x_wconf 83' lang='lat' dir='ltr'><em>ex</em></span> <span class='ocrx_word' id='word_1_935' title='bbox 1931 2425 2024 2456; x_wconf 86' lang='lat' dir='ltr'><em>dietis</em></span> <span class='ocrx_word' id='word_1_936' title='bbox 2050 2424 2142 2466; x_wconf 91' lang='lat' dir='ltr'><em>quod</em></span> <span class='ocrx_word' id='word_1_937' title='bbox 2164 2425 2254 2457; x_wconf 82' lang='lat' dir='ltr'><em>nulla</em></span> <span class='ocrx_word' id='word_1_938' title='bbox 2277 2425 2492 2457; x_wconf 81' lang='lat' dir='ltr'><em>committitur</em></span> 
     </span>
     <span class='ocr_line' id='line_1_126' title="bbox 1415 2469 2492 2512; baseline 0 -11"><span class='ocrx_word' id='word_1_939' title='bbox 1415 2470 1557 2502; x_wconf 86' lang='lat' dir='ltr'><em>fallacia:</em></span> <span class='ocrx_word' id='word_1_940' title='bbox 1581 2471 1658 2512; x_wconf 85' lang='lat' dir='ltr'><em>quia</em></span> <span class='ocrx_word' id='word_1_941' title='bbox 1684 2476 1751 2502; x_wconf 86' lang='lat' dir='ltr'><em>tam</em></span> <span class='ocrx_word' id='word_1_942' title='bbox 1777 2471 1811 2501; x_wconf 89' lang='lat' dir='ltr'><em>in</em></span> <span class='ocrx_word' id='word_1_943' title='bbox 1838 2469 2051 2502; x_wconf 88' lang='lat' dir='ltr'><em>antecedente</em></span> <span class='ocrx_word' id='word_1_944' title='bbox 2078 2479 2179 2511; x_wconf 89' lang='lat' dir='ltr'><em>quam</em></span> <span class='ocrx_word' id='word_1_945' title='bbox 2206 2470 2241 2501; x_wconf 92' lang='lat' dir='ltr'><em>in</em></span> <span class='ocrx_word' id='word_1_946' title='bbox 2269 2474 2492 2511; x_wconf 80' lang='lat' dir='ltr'><em>consequente</em></span> 
     </span>
     <span class='ocr_line' id='line_1_127' title="bbox 1415 2513 2449 2556; baseline 0 -10"><span class='ocrx_word' id='word_1_947' title='bbox 1415 2516 1553 2547; x_wconf 89' lang='lat' dir='ltr'><em>sumitur</em></span> <span class='ocrx_word' id='word_1_948' title='bbox 1576 2516 1776 2556; x_wconf 87' lang='lat' dir='ltr'><em>operationis</em></span> <span class='ocrx_word' id='word_1_949' title='bbox 1798 2514 1918 2546; x_wconf 80' lang='lat' dir='ltr'><em>modus</em></span> <span class='ocrx_word' id='word_1_950' title='bbox 1936 2520 1974 2546; x_wconf 86' lang='lat' dir='ltr'><em>ut</em></span> <span class='ocrx_word' id='word_1_951' title='bbox 1996 2513 2037 2546; x_wconf 90' lang='lat' dir='ltr'><em>ad</em></span> <span class='ocrx_word' id='word_1_952' title='bbox 2061 2515 2236 2546; x_wconf 89' lang='lat' dir='ltr'><em>obiectum.</em></span> <span class='ocrx_word' id='word_1_953' title='bbox 2245 2515 2449 2546; x_wconf 70' lang='lat' dir='ltr'><em>terminatur.</em></span> 
     </span>
    </p>

    <p class='ocr_par' dir='ltr' id='par_1_16' title="bbox 1415 2558 2493 2681">
     <span class='ocr_line' id='line_1_128' title="bbox 1471 2558 2492 2601; baseline -0.001 -10"><span class='ocrx_word' id='word_1_954' title='bbox 1471 2559 1585 2591; x_wconf 87' lang='lat' dir='ltr'>XVIII.</span> <span class='ocrx_word' id='word_1_955' title='bbox 1602 2559 1726 2591; x_wconf 73' lang='lat' dir='ltr'><em>Octavo</em></span> <span class='ocrx_word' id='word_1_956' title='bbox 1738 2559 1970 2601; x_wconf 57' lang='lat' dir='ltr'><em>principaliter</em></span> <span class='ocrx_word' id='word_1_957' title='bbox 1984 2559 2144 2601; x_wconf 80' lang='lat' dir='ltr'><em>arguitur</em></span> <span class='ocrx_word' id='word_1_958' title='bbox 2157 2560 2184 2590; x_wconf 58' lang='grc' dir='ltr'><em>θ.</em></span> <span class='ocrx_word' id='word_1_959' title='bbox 2202 2559 2244 2590; x_wconf 79' lang='lat' dir='ltr'><em>Et</em></span> <span class='ocrx_word' id='word_1_960' title='bbox 2258 2559 2378 2600; x_wconf 85' lang='lat' dir='ltr'><em>primo,</em></span> <span class='ocrx_word' id='word_1_961' title='bbox 2389 2558 2492 2590; x_wconf 59' lang='lat' dir='ltr'><em>adda»</em></span> 
     </span>
     <span class='ocr_line' id='line_1_129' title="bbox 1415 2604 2493 2645; baseline -0.001 -9"><span class='ocrx_word' id='word_1_962' title='bbox 1415 2604 1499 2636; x_wconf 86' lang='lat' dir='ltr'><em>citur</em></span> <span class='ocrx_word' id='word_1_963' title='bbox 1513 2605 1610 2641; x_wconf 67' lang='lat' dir='ltr'><em>ratim</em></span> <span class='ocrx_word' id='word_1_964' title='bbox 1635 2604 1792 2641; x_wconf 87' lang='lat' dir='ltr'><em>secundo,</em></span> <span class='ocrx_word' id='word_1_965' title='bbox 1808 2605 1842 2635; x_wconf 91' lang='lat' dir='ltr'><em>in</em></span> <span class='ocrx_word' id='word_1_966' title='bbox 1858 2605 1964 2645; x_wconf 88' lang='lat' dir='ltr'><em>capite</em></span> <span class='ocrx_word' id='word_1_967' title='bbox 1979 2604 2139 2645; x_wconf 87' lang='lat' dir='ltr'><em>sequenti,</em></span> <span class='ocrx_word' id='word_1_968' title='bbox 2155 2604 2291 2645; x_wconf 87' lang='lat' dir='ltr'><em>ponitur</em></span> <span class='ocrx_word' id='word_1_969' title='bbox 2304 2604 2493 2635; x_wconf 73' lang='lat' dir='ltr'><em>Avicennoe</em></span> 
     </span>
     <span class='ocr_line' id='line_1_130' title="bbox 1415 2649 1548 2681; baseline 0 -1"><span class='ocrx_word' id='word_1_970' title='bbox 1415 2649 1548 2681; x_wconf 89' lang='lat' dir='ltr'><em>solutio.</em></span> 
     </span>
    </p>

    <p class='ocr_par' dir='ltr' id='par_1_17' title="bbox 1415 2693 2494 3092">
     <span class='ocr_line' id='line_1_131' title="bbox 1475 2693 2492 2735; baseline 0 -11"><span class='ocrx_word' id='word_1_971' title='bbox 1475 2694 1628 2735; x_wconf 75' lang='lat' dir='ltr'><em>Arguitur</em></span> <span class='ocrx_word' id='word_1_972' title='bbox 1643 2699 1753 2724; x_wconf 88' lang='lat' dir='ltr'><em>autem</em></span> <span class='ocrx_word' id='word_1_973' title='bbox 1768 2693 1824 2724; x_wconf 87' lang='lat' dir='ltr'><em>sic.</em></span> <span class='ocrx_word' id='word_1_974' title='bbox 1848 2693 1883 2724; x_wconf 90' lang='lat' dir='ltr'><em>Si</em></span> <span class='ocrx_word' id='word_1_975' title='bbox 1906 2702 1992 2724; x_wconf 89' lang='lat' dir='ltr'><em>unus</em></span> <span class='ocrx_word' id='word_1_976' title='bbox 2008 2694 2048 2724; x_wconf 87' lang='lat' dir='ltr'><em>sit</em></span> <span class='ocrx_word' id='word_1_977' title='bbox 2063 2693 2215 2724; x_wconf 89' lang='lat' dir='ltr'><em>omnium</em></span> <span class='ocrx_word' id='word_1_978' title='bbox 2233 2693 2427 2729; x_wconf 85' lang='lat' dir='ltr'><em>intellectus,</em></span> <span class='ocrx_word' id='word_1_979' title='bbox 2441 2696 2492 2724; x_wconf 54' lang='lat' dir='ltr'><em>sed</em></span> 
     </span>
     <span class='ocr_line' id='line_1_132' title="bbox 1416 2738 2492 2779; baseline -0.002 -9"><span class='ocrx_word' id='word_1_980' title='bbox 1416 2739 1527 2779; x_wconf 89' lang='lat' dir='ltr'><em>quitur</em></span> <span class='ocrx_word' id='word_1_981' title='bbox 1549 2738 1642 2779; x_wconf 91' lang='lat' dir='ltr'><em>quod</em></span> <span class='ocrx_word' id='word_1_982' title='bbox 1665 2738 1802 2779; x_wconf 88' lang='lat' dir='ltr'><em>quilibet</em></span> <span class='ocrx_word' id='word_1_983' title='bbox 1824 2743 1973 2769; x_wconf 86' lang='lat' dir='ltr'><em>nostrum</em></span> <span class='ocrx_word' id='word_1_984' title='bbox 1996 2738 2156 2778; x_wconf 87' lang='lat' dir='ltr'><em>intelliget</em></span> <span class='ocrx_word' id='word_1_985' title='bbox 2178 2738 2290 2769; x_wconf 90' lang='lat' dir='ltr'><em>omnia</em></span> <span class='ocrx_word' id='word_1_986' title='bbox 2313 2746 2398 2779; x_wconf 89' lang='lat' dir='ltr'><em>quae</em></span> <span class='ocrx_word' id='word_1_987' title='bbox 2415 2741 2492 2768; x_wconf 77' lang='lat' dir='ltr'><em>sunt</em></span> 
     </span>
     <span class='ocr_line' id='line_1_133' title="bbox 1415 2782 2491 2824; baseline 0 -11"><span class='ocrx_word' id='word_1_988' title='bbox 1415 2783 1466 2814; x_wconf 93' lang='lat' dir='ltr'><em>vel</em></span> <span class='ocrx_word' id='word_1_989' title='bbox 1495 2783 1626 2814; x_wconf 86' lang='lat' dir='ltr'><em>fuerunt</em></span> <span class='ocrx_word' id='word_1_990' title='bbox 1656 2793 1674 2814; x_wconf 86' lang='lat' dir='ltr'><em>a</em></span> <span class='ocrx_word' id='word_1_991' title='bbox 1706 2783 1970 2824; x_wconf 87' lang='lat' dir='ltr'><em>quibuscumque</em></span> <span class='ocrx_word' id='word_1_992' title='bbox 1997 2782 2169 2814; x_wconf 86' lang='lat' dir='ltr'><em>intellecta.</em></span> <span class='ocrx_word' id='word_1_993' title='bbox 2197 2782 2273 2813; x_wconf 89' lang='lat' dir='ltr'><em>Hoc</em></span> <span class='ocrx_word' id='word_1_994' title='bbox 2300 2787 2392 2823; x_wconf 85' lang='lat' dir='ltr'><em>patet</em></span> <span class='ocrx_word' id='word_1_995' title='bbox 2421 2790 2491 2813; x_wconf 76' lang='lat' dir='ltr'><em>ease</em></span> 
     </span>
     <span class='ocr_line' id='line_1_134' title="bbox 1416 2826 2491 2868; baseline -0.002 -9"><span class='ocrx_word' id='word_1_996' title='bbox 1416 2827 1544 2859; x_wconf 84' lang='lat' dir='ltr'><em>falsum.</em></span> <span class='ocrx_word' id='word_1_997' title='bbox 1568 2828 1656 2868; x_wconf 88' lang='lat' dir='ltr'><em>Ergo</em></span> <span class='ocrx_word' id='word_1_998' title='bbox 1679 2832 1740 2858; x_wconf 88' lang='lat' dir='ltr'><em>etc.</em></span> <span class='ocrx_word' id='word_1_999' title='bbox 1763 2844 1787 2851; x_wconf 88' lang='lat'>-</span> <span class='ocrx_word' id='word_1_1000' title='bbox 1808 2827 1967 2858; x_wconf 86' lang='lat' dir='ltr'><em>Probatur</em></span> <span class='ocrx_word' id='word_1_1001' title='bbox 1990 2827 2234 2868; x_wconf 86' lang='lat' dir='ltr'><em>consequentia.</em></span> <span class='ocrx_word' id='word_1_1002' title='bbox 2261 2827 2359 2866; x_wconf 87' lang='lat' dir='ltr'><em>Quia,</em></span> <span class='ocrx_word' id='word_1_1003' title='bbox 2381 2826 2491 2868; x_wconf 80' lang='lat' dir='ltr'><em>posito</em></span> 
     </span>
     <span class='ocr_line' id='line_1_135' title="bbox 1416 2872 2492 2913; baseline -0.001 -10"><span class='ocrx_word' id='word_1_1004' title='bbox 1416 2872 1582 2903; x_wconf 90' lang='lat' dir='ltr'><em>intellectu</em></span> <span class='ocrx_word' id='word_1_1005' title='bbox 1606 2872 1752 2913; x_wconf 88' lang='lat' dir='ltr'><em>possibili</em></span> <span class='ocrx_word' id='word_1_1006' title='bbox 1776 2881 1844 2903; x_wconf 90' lang='lat' dir='ltr'><em>uno</em></span> <span class='ocrx_word' id='word_1_1007' title='bbox 1868 2877 1901 2903; x_wconf 89' lang='lat' dir='ltr'><em>et</em></span> <span class='ocrx_word' id='word_1_1008' title='bbox 1926 2877 2071 2909; x_wconf 86' lang='lat' dir='ltr'><em>aeterno,</em></span> <span class='ocrx_word' id='word_1_1009' title='bbox 2095 2872 2289 2913; x_wconf 88' lang='lat' dir='ltr'><em>oportet-in</em></span> <span class='ocrx_word' id='word_1_1010' title='bbox 2318 2872 2391 2912; x_wconf 86' lang='lat' dir='ltr'><em>ipso</em></span> <span class='ocrx_word' id='word_1_1011' title='bbox 2421 2879 2492 2902; x_wconf 74' lang='lat' dir='ltr'><em>esse</em></span> 
     </span>
     <span class='ocr_line' id='line_1_136' title="bbox 1416 2916 2493 2958; baseline -0.002 -10"><span class='ocrx_word' id='word_1_1012' title='bbox 1416 2918 1481 2948; x_wconf 87' lang='lat' dir='ltr'><em>iam</em></span> <span class='ocrx_word' id='word_1_1013' title='bbox 1504 2922 1650 2958; x_wconf 84' lang='lat' dir='ltr'><em>receptas</em></span> <span class='ocrx_word' id='word_1_1014' title='bbox 1683 2925 1798 2948; x_wconf 87' lang='lat' dir='ltr'><em>omnes</em></span> <span class='ocrx_word' id='word_1_1015' title='bbox 1827 2917 1952 2957; x_wconf 85' lang='lat' dir='ltr'><em>species</em></span> <span class='ocrx_word' id='word_1_1016' title='bbox 1978 2916 2197 2958; x_wconf 81' lang='lat' dir='ltr'><em>intelligibiles</em></span> <span class='ocrx_word' id='word_1_1017' title='bbox 2226 2925 2343 2947; x_wconf 87' lang='lat' dir='ltr'><em>eorum</em></span> <span class='ocrx_word' id='word_1_1018' title='bbox 2365 2923 2452 2957; x_wconf 84' lang='lat' dir='ltr'><em>quae</em></span> <span class='ocrx_word' id='word_1_1019' title='bbox 2473 2924 2493 2946; x_wconf 83' lang='lat' dir='ltr'><em>a</em></span> 
     </span>
     <span class='ocr_line' id='line_1_137' title="bbox 1416 2959 2494 3003; baseline -0.001 -11"><span class='ocrx_word' id='word_1_1020' title='bbox 1416 2962 1680 3003; x_wconf 86' lang='lat' dir='ltr'><em>quibuscumque</em></span> <span class='ocrx_word' id='word_1_1021' title='bbox 1702 2961 1891 2992; x_wconf 86' lang='lat' dir='ltr'><em>hominibus</em></span> <span class='ocrx_word' id='word_1_1022' title='bbox 1914 2966 1990 2992; x_wconf 85' lang='lat' dir='ltr'><em>sunt</em></span> <span class='ocrx_word' id='word_1_1023' title='bbox 2012 2961 2091 2992; x_wconf 87' lang='lat' dir='ltr'><em>scita</em></span> <span class='ocrx_word' id='word_1_1024' title='bbox 2112 2960 2166 2992; x_wconf 89' lang='lat' dir='ltr'><em>vel</em></span> <span class='ocrx_word' id='word_1_1025' title='bbox 2188 2959 2329 2991; x_wconf 80' lang='lat' dir='ltr'><em>fuerunt.</em></span> <span class='ocrx_word' id='word_1_1026' title='bbox 2345 2959 2494 2999; x_wconf 82' lang='lat' dir='ltr'><em>Quilibet</em></span> 
     </span>
     <span class='ocr_line' id='line_1_138' title="bbox 1416 3005 2492 3047; baseline -0.001 -10"><span class='ocrx_word' id='word_1_1027' title='bbox 1416 3012 1526 3037; x_wconf 88' lang='lat' dir='ltr'><em>autem</em></span> <span class='ocrx_word' id='word_1_1028' title='bbox 1549 3011 1698 3037; x_wconf 87' lang='lat' dir='ltr'><em>nostrum</em></span> <span class='ocrx_word' id='word_1_1029' title='bbox 1714 3015 1773 3047; x_wconf 88' lang='lat' dir='ltr'><em>per</em></span> <span class='ocrx_word' id='word_1_1030' title='bbox 1786 3005 1988 3037; x_wconf 84' lang='lat' dir='ltr'><em>intellectum</em></span> <span class='ocrx_word' id='word_1_1031' title='bbox 2002 3005 2191 3047; x_wconf 84' lang='lat' dir='ltr'><em>possibilem</em></span> <span class='ocrx_word' id='word_1_1032' title='bbox 2209 3005 2372 3046; x_wconf 82' lang='lat' dir='ltr'><em>intelligit:</em></span> <span class='ocrx_word' id='word_1_1033' title='bbox 2388 3005 2492 3036; x_wconf 78' lang='lat' dir='ltr'><em>immo</em></span> 
     </span>
     <span class='ocr_line' id='line_1_139' title="bbox 1416 3049 2443 3092; baseline -0.003 -10"><span class='ocrx_word' id='word_1_1034' title='bbox 1416 3050 1595 3092; x_wconf 86' lang='lat' dir='ltr'><em>intelligere</em></span> <span class='ocrx_word' id='word_1_1035' title='bbox 1617 3055 1766 3082; x_wconf 87' lang='lat' dir='ltr'><em>nostrum</em></span> <span class='ocrx_word' id='word_1_1036' title='bbox 1790 3055 1838 3081; x_wconf 89' lang='lat' dir='ltr'><em>est</em></span> <span class='ocrx_word' id='word_1_1037' title='bbox 1859 3050 2038 3091; x_wconf 83' lang='lat' dir='ltr'><em>intelligere</em></span> <span class='ocrx_word' id='word_1_1038' title='bbox 2059 3049 2242 3081; x_wconf 84' lang='lat' dir='ltr'><em>intellectus</em></span> <span class='ocrx_word' id='word_1_1039' title='bbox 2265 3049 2443 3090; x_wconf 82' lang='lat' dir='ltr'><em>possibilis..</em></span> 
     </span>
    </p>

    <p class='ocr_par' dir='ltr' id='par_1_18' title="bbox 1418 3092 2494 3711">
     <span class='ocr_line' id='line_1_140' title="bbox 1476 3092 2492 3135; baseline -0.001 -9"><span class='ocrx_word' id='word_1_1040' title='bbox 1476 3104 1505 3126; x_wconf 87' lang='lat'><em>2·.</em></span> <span class='ocrx_word' id='word_1_1041' title='bbox 1529 3095 1563 3126; x_wconf 93' lang='lat' dir='ltr'><em>Si</em></span> <span class='ocrx_word' id='word_1_1042' title='bbox 1587 3094 1720 3132; x_wconf 85' lang='lat' dir='ltr'><em>dicatur,</em></span> <span class='ocrx_word' id='word_1_1043' title='bbox 1743 3099 1781 3126; x_wconf 88' lang='lat' dir='ltr'><em>ut</em></span> <span class='ocrx_word' id='word_1_1044' title='bbox 1803 3095 1910 3135; x_wconf 87' lang='lat' dir='ltr'><em>inquit</em></span> <span class='ocrx_word' id='word_1_1045' title='bbox 1933 3094 2192 3131; x_wconf 87' lang='lat' dir='ltr'><em>Commentator,</em></span> <span class='ocrx_word' id='word_1_1046' title='bbox 2212 3093 2303 3135; x_wconf 90' lang='lat' dir='ltr'><em>quod</em></span> <span class='ocrx_word' id='word_1_1047' title='bbox 2321 3092 2406 3125; x_wconf 76' lang='lat' dir='ltr'><em>illud</em></span> <span class='ocrx_word' id='word_1_1048' title='bbox 2422 3101 2492 3125; x_wconf 72' lang='lat' dir='ltr'><em>nm</em></span> 
     </span>
     <span class='ocr_line' id='line_1_141' title="bbox 1418 3137 2491 3181; baseline -0.001 -11"><span class='ocrx_word' id='word_1_1049' title='bbox 1418 3140 1579 3181; x_wconf 86' lang='lat' dir='ltr'><em>sequitur:</em></span> <span class='ocrx_word' id='word_1_1050' title='bbox 1604 3140 1682 3180; x_wconf 80' lang='lat' dir='ltr'><em>quia</em></span> <span class='ocrx_word' id='word_1_1051' title='bbox 1703 3149 1772 3170; x_wconf 90' lang='lat' dir='ltr'><em>non</em></span> <span class='ocrx_word' id='word_1_1052' title='bbox 1787 3144 1864 3170; x_wconf 89' lang='lat' dir='ltr'><em>sunt</em></span> <span class='ocrx_word' id='word_1_1053' title='bbox 1887 3138 2001 3170; x_wconf 85' lang='lat' dir='ltr'><em>eadem</em></span> <span class='ocrx_word' id='word_1_1054' title='bbox 2024 3139 2248 3180; x_wconf 83' lang='lat' dir='ltr'><em>phantasmata</em></span> <span class='ocrx_word' id='word_1_1055' title='bbox 2262 3137 2351 3179; x_wconf 86' lang='lat' dir='ltr'><em>apud</em></span> <span class='ocrx_word' id='word_1_1056' title='bbox 2365 3144 2491 3173; x_wconf 61' lang='lat' dir='ltr'><em>omn.</em></span> 
     </span>
     <span class='ocr_line' id='line_1_142' title="bbox 1418 3182 2492 3224; baseline -0.003 -9"><span class='ocrx_word' id='word_1_1057' title='bbox 1418 3194 1479 3215; x_wconf 87' lang='lat' dir='ltr'><em>nec</em></span> <span class='ocrx_word' id='word_1_1058' title='bbox 1489 3184 1608 3215; x_wconf 90' lang='lat' dir='ltr'><em>eodem</em></span> <span class='ocrx_word' id='word_1_1059' title='bbox 1623 3182 1725 3215; x_wconf 88' lang='lat' dir='ltr'><em>modo</em></span> <span class='ocrx_word' id='word_1_1060' title='bbox 1741 3183 1913 3224; x_wconf 82' lang='lat' dir='ltr'><em>disposita;</em></span> <span class='ocrx_word' id='word_1_1061' title='bbox 1929 3193 1991 3215; x_wconf 91' lang='lat' dir='ltr'><em>nos</em></span> <span class='ocrx_word' id='word_1_1062' title='bbox 2005 3189 2115 3214; x_wconf 87' lang='lat' dir='ltr'><em>autem</em></span> <span class='ocrx_word' id='word_1_1063' title='bbox 2131 3192 2199 3214; x_wconf 90' lang='lat' dir='ltr'><em>non</em></span> <span class='ocrx_word' id='word_1_1064' title='bbox 2213 3182 2423 3223; x_wconf 76' lang='lat' dir='ltr'><em>intelligimus</em></span> <span class='ocrx_word' id='word_1_1065' title='bbox 2434 3187 2492 3222; x_wconf 86' lang='lat' dir='ltr'><em>per</em></span> 
     </span>
     <span class='ocr_line' id='line_1_143' title="bbox 1418 3226 2492 3269; baseline -0.004 -9"><span class='ocrx_word' id='word_1_1066' title='bbox 1418 3229 1619 3260; x_wconf 88' lang='lat' dir='ltr'><em>intellectum</em></span> <span class='ocrx_word' id='word_1_1067' title='bbox 1643 3228 1832 3269; x_wconf 87' lang='lat' dir='ltr'><em>possibilem</em></span> <span class='ocrx_word' id='word_1_1068' title='bbox 1847 3229 1909 3259; x_wconf 91' lang='lat' dir='ltr'><em>nisi</em></span> <span class='ocrx_word' id='word_1_1069' title='bbox 1932 3228 2114 3259; x_wconf 90' lang='lat' dir='ltr'><em>seeundum</em></span> <span class='ocrx_word' id='word_1_1070' title='bbox 2131 3227 2223 3268; x_wconf 87' lang='lat' dir='ltr'><em>quod</em></span> <span class='ocrx_word' id='word_1_1071' title='bbox 2245 3226 2340 3258; x_wconf 83' lang='lat' dir='ltr'><em>nobis</em></span> <span class='ocrx_word' id='word_1_1072' title='bbox 2355 3235 2414 3266; x_wconf 81' lang='lat' dir='ltr'><em>per</em></span> <span class='ocrx_word' id='word_1_1073' title='bbox 2430 3234 2492 3256; x_wconf 86' lang='lat' dir='ltr'><em>no·-</em></span> 
     </span>
     <span class='ocr_line' id='line_1_144' title="bbox 1418 3270 2492 3314; baseline -0.004 -10"><span class='ocrx_word' id='word_1_1074' title='bbox 1418 3279 1480 3304; x_wconf 85' lang='lat' dir='ltr'><em>stra</em></span> <span class='ocrx_word' id='word_1_1075' title='bbox 1503 3274 1726 3314; x_wconf 84' lang='lat' dir='ltr'><em>phantasmata</em></span> <span class='ocrx_word' id='word_1_1076' title='bbox 1757 3273 1981 3309; x_wconf 58' lang='lat' dir='ltr'><em>continuatum</em></span> <span class='ocrx_word' id='word_1_1077' title='bbox 2011 3282 2098 3310; x_wconf 88' lang='lat' dir='ltr'><em>nam,</em></span> <span class='ocrx_word' id='word_1_1078' title='bbox 2127 3273 2155 3303; x_wconf 85' lang='lat' dir='ltr'><em>si</em></span> <span class='ocrx_word' id='word_1_1079' title='bbox 2185 3271 2282 3302; x_wconf 81' lang='lat' dir='ltr'><em>etiam</em></span> <span class='ocrx_word' id='word_1_1080' title='bbox 2309 3270 2492 3301; x_wconf 85' lang='lat' dir='ltr'><em>intellectus</em></span> 
     </span>
     <span class='ocr_line' id='line_1_145' title="bbox 1418 3317 2492 3358; baseline -0.004 -10"><span class='ocrx_word' id='word_1_1081' title='bbox 1418 3318 1580 3358; x_wconf 85' lang='lat' dir='ltr'><em>possibilis</em></span> <span class='ocrx_word' id='word_1_1082' title='bbox 1602 3327 1671 3348; x_wconf 93' lang='lat' dir='ltr'><em>non</em></span> <span class='ocrx_word' id='word_1_1083' title='bbox 1695 3323 1743 3348; x_wconf 89' lang='lat' dir='ltr'><em>est</em></span> <span class='ocrx_word' id='word_1_1084' title='bbox 1765 3326 1862 3354; x_wconf 90' lang='lat' dir='ltr'><em>unus,</em></span> <span class='ocrx_word' id='word_1_1085' title='bbox 1885 3326 1954 3348; x_wconf 87' lang='lat' dir='ltr'><em>non</em></span> <span class='ocrx_word' id='word_1_1086' title='bbox 1969 3317 2181 3358; x_wconf 83' lang='lat' dir='ltr'><em>intelligimus</em></span> <span class='ocrx_word' id='word_1_1087' title='bbox 2195 3323 2233 3346; x_wconf 85' lang='lat' dir='ltr'><em>ea</em></span> <span class='ocrx_word' id='word_1_1088' title='bbox 2253 3323 2395 3355; x_wconf 88' lang='lat' dir='ltr'><em>quorum</em></span> <span class='ocrx_word' id='word_1_1089' title='bbox 2419 3323 2492 3355; x_wconf 81' lang='lat' dir='ltr'><em>spe-</em></span> 
     </span>
     <span class='ocr_line' id='line_1_146' title="bbox 1419 3358 2492 3402; baseline -0.004 -9"><span class='ocrx_word' id='word_1_1090' title='bbox 1419 3363 1484 3393; x_wconf 86' lang='lat' dir='ltr'><em>cies</em></span> <span class='ocrx_word' id='word_1_1091' title='bbox 1499 3362 1620 3393; x_wconf 85' lang='lat' dir='ltr'><em>suntin</em></span> <span class='ocrx_word' id='word_1_1092' title='bbox 1632 3362 1808 3398; x_wconf 87' lang='lat' dir='ltr'><em>intellectu,</em></span> <span class='ocrx_word' id='word_1_1093' title='bbox 1821 3362 1883 3392; x_wconf 89' lang='lat' dir='ltr'><em>nisi</em></span> <span class='ocrx_word' id='word_1_1094' title='bbox 1894 3361 2000 3393; x_wconf 86' lang='lat' dir='ltr'><em>adsint</em></span> <span class='ocrx_word' id='word_1_1095' title='bbox 2013 3361 2235 3402; x_wconf 79' lang='lat' dir='ltr'><em>phantasmata</em></span> <span class='ocrx_word' id='word_1_1096' title='bbox 2250 3358 2291 3389; x_wconf 83' lang='lat' dir='ltr'><em>ad</em></span> <span class='ocrx_word' id='word_1_1097' title='bbox 2306 3359 2370 3390; x_wconf 89' lang='lat' dir='ltr'><em>hoc</em></span> <span class='ocrx_word' id='word_1_1098' title='bbox 2383 3358 2492 3400; x_wconf 86' lang='lat' dir='ltr'><em>dispo-</em></span> 
     </span>
     <span class='ocr_line' id='line_1_147' title="bbox 1419 3403 2494 3447; baseline -0.002 -10"><span class='ocrx_word' id='word_1_1099' title='bbox 1419 3407 1492 3437; x_wconf 89' lang='lat' dir='ltr'><em>sita:</em></span> <span class='ocrx_word' id='word_1_1100' title='bbox 1508 3424 1532 3430; x_wconf 89' lang='lat'><em>—</em></span> <span class='ocrx_word' id='word_1_1101' title='bbox 1547 3411 1660 3437; x_wconf 86' lang='lat' dir='ltr'><em>contra</em></span> <span class='ocrx_word' id='word_1_1102' title='bbox 1676 3407 1829 3447; x_wconf 85' lang='lat' dir='ltr'><em>arguitur.</em></span> <span class='ocrx_word' id='word_1_1103' title='bbox 1848 3405 1945 3444; x_wconf 87' lang='lat' dir='ltr'><em>Quia,</em></span> <span class='ocrx_word' id='word_1_1104' title='bbox 1965 3406 1992 3436; x_wconf 87' lang='lat' dir='ltr'><em>si</em></span> <span class='ocrx_word' id='word_1_1105' title='bbox 2014 3405 2049 3436; x_wconf 88' lang='lat' dir='ltr'><em>in</em></span> <span class='ocrx_word' id='word_1_1106' title='bbox 2073 3403 2239 3434; x_wconf 85' lang='lat' dir='ltr'><em>intellectu</em></span> <span class='ocrx_word' id='word_1_1107' title='bbox 2261 3403 2406 3444; x_wconf 89' lang='lat' dir='ltr'><em>possibili</em></span> <span class='ocrx_word' id='word_1_1108' title='bbox 2428 3405 2494 3435; x_wconf 82' lang='lat' dir='ltr'><em>sint</em></span> 
     </span>
     <span class='ocr_line' id='line_1_148' title="bbox 1419 3447 2494 3492; baseline -0.002 -10"><span class='ocrx_word' id='word_1_1109' title='bbox 1419 3452 1543 3492; x_wconf 86' lang='lat' dir='ltr'><em>species</em></span> <span class='ocrx_word' id='word_1_1110' title='bbox 1567 3452 1717 3482; x_wconf 90' lang='lat' dir='ltr'><em>omnium</em></span> <span class='ocrx_word' id='word_1_1111' title='bbox 1740 3451 1957 3486; x_wconf 86' lang='lat' dir='ltr'><em>scientiarum,</em></span> <span class='ocrx_word' id='word_1_1112' title='bbox 1973 3448 2145 3480; x_wconf 82' lang='lat' dir='ltr'><em>necessitas</em></span> <span class='ocrx_word' id='word_1_1113' title='bbox 2168 3448 2430 3488; x_wconf 86' lang='lat' dir='ltr'><em>phantasmatum</em></span> <span class='ocrx_word' id='word_1_1114' title='bbox 2452 3447 2494 3480; x_wconf 75' lang='lat' dir='ltr'><em>ad</em></span> 
     </span>
     <span class='ocr_line' id='line_1_149' title="bbox 1419 3492 2492 3536; baseline -0.003 -10"><span class='ocrx_word' id='word_1_1115' title='bbox 1419 3495 1620 3526; x_wconf 86' lang='lat' dir='ltr'><em>intellectum</em></span> <span class='ocrx_word' id='word_1_1116' title='bbox 1643 3495 1831 3536; x_wconf 87' lang='lat' dir='ltr'><em>possibilem</em></span> <span class='ocrx_word' id='word_1_1117' title='bbox 1847 3494 1992 3526; x_wconf 76' lang='lat' dir='ltr'><em>eetaicut</em></span> <span class='ocrx_word' id='word_1_1118' title='bbox 2017 3492 2103 3523; x_wconf 88' lang='lat' dir='ltr'><em>illius</em></span> <span class='ocrx_word' id='word_1_1119' title='bbox 2126 3492 2183 3532; x_wconf 90' lang='lat' dir='ltr'><em>qui</em></span> <span class='ocrx_word' id='word_1_1120' title='bbox 2206 3492 2303 3523; x_wconf 90' lang='lat' dir='ltr'><em>habet</em></span> <span class='ocrx_word' id='word_1_1121' title='bbox 2325 3493 2492 3524; x_wconf 86' lang='lat' dir='ltr'><em>seientiam</em></span> 
     </span>
     <span class='ocr_line' id='line_1_150' title="bbox 1419 3536 2493 3577; baseline -0.002 -7"><span class='ocrx_word' id='word_1_1122' title='bbox 1419 3539 1459 3570; x_wconf 87' lang='lat' dir='ltr'><em>ad</em></span> <span class='ocrx_word' id='word_1_1123' title='bbox 1483 3539 1756 3571; x_wconf 85' lang='lat' dir='ltr'><em>considerandum</em></span> <span class='ocrx_word' id='word_1_1124' title='bbox 1779 3537 1960 3570; x_wconf 88' lang='lat' dir='ltr'><em>secundum</em></span> <span class='ocrx_word' id='word_1_1125' title='bbox 1976 3537 2143 3567; x_wconf 86' lang='lat' dir='ltr'><em>scientiam</em></span> <span class='ocrx_word' id='word_1_1126' title='bbox 2159 3536 2257 3573; x_wconf 87' lang='lat' dir='ltr'><em>illam,</em></span> <span class='ocrx_word' id='word_1_1127' title='bbox 2282 3537 2374 3577; x_wconf 90' lang='lat' dir='ltr'><em>quod</em></span> <span class='ocrx_word' id='word_1_1128' title='bbox 2395 3537 2493 3568; x_wconf 85' lang='lat' dir='ltr'><em>etiam</em></span> 
     </span>
     <span class='ocr_line' id='line_1_151' title="bbox 1419 3580 2492 3625; baseline -0.003 -10"><span class='ocrx_word' id='word_1_1129' title='bbox 1419 3585 1488 3615; x_wconf 91' lang='lat' dir='ltr'><em>sine</em></span> <span class='ocrx_word' id='word_1_1130' title='bbox 1511 3584 1787 3625; x_wconf 84' lang='lat' dir='ltr'><em>phantasmatibus</em></span> <span class='ocrx_word' id='word_1_1131' title='bbox 1808 3591 1878 3613; x_wconf 89' lang='lat' dir='ltr'><em>non</em></span> <span class='ocrx_word' id='word_1_1132' title='bbox 1899 3586 2019 3622; x_wconf 83' lang='lat' dir='ltr'><em>posset.</em></span> <span class='ocrx_word' id='word_1_1133' title='bbox 2041 3580 2105 3612; x_wconf 90' lang='lat' dir='ltr'><em>Sed</em></span> <span class='ocrx_word' id='word_1_1134' title='bbox 2128 3581 2309 3612; x_wconf 86' lang='lat' dir='ltr'><em>intellectus</em></span> <span class='ocrx_word' id='word_1_1135' title='bbox 2332 3581 2436 3612; x_wconf 79' lang='lat' dir='ltr'><em>factus</em></span> <span class='ocrx_word' id='word_1_1136' title='bbox 2458 3582 2492 3612; x_wconf 91' lang='lat' dir='ltr'><em>in</em></span> 
     </span>
     <span class='ocr_line' id='line_1_152' title="bbox 1421 3625 2494 3669; baseline -0.003 -10"><span class='ocrx_word' id='word_1_1137' title='bbox 1421 3634 1494 3659; x_wconf 87' lang='lat' dir='ltr'><em>actu</em></span> <span class='ocrx_word' id='word_1_1138' title='bbox 1518 3638 1577 3669; x_wconf 91' lang='lat' dir='ltr'><em>per</em></span> <span class='ocrx_word' id='word_1_1139' title='bbox 1598 3628 1752 3669; x_wconf 89' lang='lat' dir='ltr'><em>speciem,</em></span> <span class='ocrx_word' id='word_1_1140' title='bbox 1776 3630 1884 3667; x_wconf 77' lang='lat' dir='ltr'><em>potest</em></span> <span class='ocrx_word' id='word_1_1141' title='bbox 1912 3634 2014 3667; x_wconf 77' lang='lat' dir='ltr'><em>agere</em></span> <span class='ocrx_word' id='word_1_1142' title='bbox 2039 3635 2102 3666; x_wconf 82' lang='lat' dir='ltr'><em>per</em></span> <span class='ocrx_word' id='word_1_1143' title='bbox 2130 3626 2280 3667; x_wconf 80' lang='lat' dir='ltr'><em>seipsum,</em></span> <span class='ocrx_word' id='word_1_1144' title='bbox 2311 3631 2348 3657; x_wconf 87' lang='lat' dir='ltr'><em>ut</em></span> <span class='ocrx_word' id='word_1_1145' title='bbox 2377 3625 2494 3657; x_wconf 82' lang='lat' dir='ltr'><em>dieimr</em></span> 
     </span>
     <span class='ocr_line' id='line_1_153' title="bbox 1421 3669 2493 3711; baseline -0.002 -8"><span class='ocrx_word' id='word_1_1146' title='bbox 1421 3673 1463 3703; x_wconf 85' lang='lat'><em>111</em></span> <span class='ocrx_word' id='word_1_1147' title='bbox 1479 3673 1519 3703; x_wconf 84' lang='lat' dir='ltr'><em>de</em></span> <span class='ocrx_word' id='word_1_1148' title='bbox 1542 3673 1660 3703; x_wconf 83' lang='lat' dir='ltr'><em>Anima</em></span> <span class='ocrx_word' id='word_1_1149' title='bbox 1684 3677 1716 3702; x_wconf 87' lang='lat' dir='ltr'><em>et</em></span> <span class='ocrx_word' id='word_1_1150' title='bbox 1737 3670 1811 3702; x_wconf 85' lang='lat' dir='ltr'>VIII</span> <span class='ocrx_word' id='word_1_1151' title='bbox 1833 3670 1942 3711; x_wconf 70' lang='lat' dir='ltr'><em>Phys„</em></span> <span class='ocrx_word' id='word_1_1152' title='bbox 1967 3675 2057 3701; x_wconf 89' lang='lat' dir='ltr'><em>textu</em></span> <span class='ocrx_word' id='word_1_1153' title='bbox 2081 3670 2140 3701; x_wconf 83' lang='lat'><em>32:</em></span> <span class='ocrx_word' id='word_1_1154' title='bbox 2166 3676 2198 3701; x_wconf 89' lang='lat' dir='ltr'><em>et</em></span> <span class='ocrx_word' id='word_1_1155' title='bbox 2226 3679 2295 3702; x_wconf 89' lang='lat' dir='ltr'><em>non</em></span> <span class='ocrx_word' id='word_1_1156' title='bbox 2318 3669 2493 3711; x_wconf 87' lang='lat' dir='ltr'><em>impeditur</em></span> 
     </span>
    </p>
   </div>
   <div class='ocr_carea' id='block_1_6' title="bbox 2520 1003 2674 1026">
    <p class='ocr_par' dir='ltr' id='par_1_19' title="bbox 2520 1003 2674 1026">
     <span class='ocr_line' id='line_1_154' title="bbox 2520 1003 2674 1026; baseline 0 -1"><span class='ocrx_word' id='word_1_1157' title='bbox 2520 1006 2529 1014; x_wconf 86' lang='lat'>·</span> <span class='ocrx_word' id='word_1_1158' title='bbox 2544 1003 2614 1026; x_wconf 86' lang='lat' dir='ltr'><em>Num.</em></span> <span class='ocrx_word' id='word_1_1159' title='bbox 2625 1009 2674 1026; x_wconf 76' lang='lat' dir='ltr'><em>xvi.</em></span> 
     </span>
    </p>
   </div>
   <div class='ocr_carea' id='block_1_7' title="bbox 2518 2573 2670 2595">
    <p class='ocr_par' dir='ltr' id='par_1_20' title="bbox 2518 2573 2670 2595">
     <span class='ocr_line' id='line_1_155' title="bbox 2518 2573 2670 2595; baseline 0 0"><span class='ocrx_word' id='word_1_1160' title='bbox 2518 2574 2527 2584; x_wconf 84' lang='lat'>⁸</span> <span class='ocrx_word' id='word_1_1161' title='bbox 2543 2573 2580 2595; x_wconf 78' lang='lat' dir='ltr'><em>cf.</em></span> <span class='ocrx_word' id='word_1_1162' title='bbox 2595 2578 2620 2595; x_wconf 84' lang='lat' dir='ltr'><em>n.</em></span> <span class='ocrx_word' id='word_1_1163' title='bbox 2627 2578 2670 2595; x_wconf 78' lang='grc' dir='ltr'>ιιι.</span> 
     </span>
    </p>
   </div>
  </div>
 </body>
</html>
