2768 4134
44 3399 56 3410 ‘¹
69 3397 140 3420 Num.
157 3403 190 3420 iv.

847 290 1037 327 SUMMA
1067 290 1290 328 CONTRA
1318 291 1594 335 GENTILES,
1627 292 1737 329 CAP.
1759 294 1930 331 XXXIV.

287 373 440 407 respectu
465 369 522 409 qui
545 368 586 399 ad
609 369 714 409 ipsam
738 374 794 399 est.
819 368 972 399 Similiter
995 379 1052 399 ens
1076 370 1164 409 prius
1189 369 1304 400 dicitur
1328 369 1368 400 de

289 411 467 443 substantia
489 412 672 445 secundum
694 422 764 443 rem
788 422 887 453 quam
907 412 946 443 de
963 414 1140 453 quantitate
1157 419 1189 445 et
1205 414 1368 455 qualitate,

289 465 374 496 quae
398 456 550 488 dicuntur
566 458 652 488 entia
667 458 702 488 in
717 456 832 488 ordine
848 456 888 487 ad
906 457 1024 498 ipsam:
1050 464 1163 489 natura
1184 460 1271 489 enim
1287 459 1368 489 enti-

287 501 360 532 tatis
384 507 432 532 est
454 502 640 533 naturaliter
655 503 744 542 prior
768 507 800 532 et
822 501 996 542 perfectior
1018 503 1052 533 in
1076 503 1252 534 substantia
1268 513 1368 544 quam

287 545 323 575 in
349 546 502 586 qualitate
535 553 567 577 et
597 547 785 587 quantitate,
811 547 887 586 quia
917 547 986 587 ipsa
1017 549 1131 579 entitas
1161 546 1366 584 substantiae,

287 590 395 631 primo
412 596 444 621 et
459 590 637 622 formaliter
655 591 790 621 nomine
812 592 894 622 entis
917 591 1104 632 significata,
1120 593 1201 623 nihil
1216 592 1304 623 aliud
1321 598 1368 623 est

286 644 388 675 quam
410 636 481 676 ipsa
503 636 690 671 substantia,
710 645 795 676 quae
811 641 859 667 est
879 635 1044 667 accidente
1067 637 1253 668 naturaliter
1268 638 1366 678 prior.

344 679 488 720 Negamr
503 689 581 720 ergo
598 680 690 720 quod
705 689 821 711 sanum
838 681 967 711 animali
991 691 1059 712 non
1082 683 1171 723 prius
1195 683 1368 712 conveniat

287 723 470 755 secundum
490 734 559 755 rem
579 733 679 765 quam
695 725 774 756 aliis.
787 743 811 748 -—
826 725 878 755 Ad
893 727 1121 766 probationem
1134 725 1250 757 dicitur
1266 726 1367 767 quod,

287 768 364 799 licet
385 769 487 799 virtus
510 770 652 800 sanativa
675 770 715 800 sit
739 770 827 810 prior
850 771 1035 802 naturaliter
1057 772 1192 802 sanitate
1211 771 1366 807 animam,

287 812 342 843 illa
364 818 474 844 tamen
505 813 683 845 formaliter
713 820 745 845 et
774 815 881 855 primo
911 825 980 846 non
1009 816 1203 856 importatur
1231 816 1367 846 nomine

287 858 372 894 sani,
389 857 447 889 sed
466 864 593 889 tantum
619 860 736 889 sanitas
752 859 908 890 animalis.
933 860 1118 900 Loquimur
1132 865 1242 890 autem
1258 860 1310 890 hic
1327 859 1367 890 de

286 912 324 933 re
345 901 525 934 formaliter
549 909 580 934 et
603 905 710 944 primo
733 905 907 944 importata
929 905 1065 935 nomine
1088 904 1238 944 analogo.

343 947 384 978 V.
409 947 473 979 Sed
497 954 610 979 contra
632 948 697 979 hoc
719 948 847 979 videtur
862 958 931 979 esse
947 948 1039 988 quod
1058 948 1194 980 Sanctus
1210 948 1366 985 Thomas,

288 991 403 1022 volens
426 993 597 1024 ostendere
621 992 792 1033 quomodo
816 993 898 1024 ordo
921 993 968 1023 rei
990 1001 1060 1023 non
1084 999 1132 1023 est
1154 992 1241 1023 idem
1261 993 1367 1024 ordini

287 1037 442 1074 nominis,
466 1037 535 1068 vult
559 1037 651 1078 quod
672 1047 796 1068 nomen
818 1037 904 1074 sani,
929 1043 1089 1077 quantum
1105 1037 1145 1068 ad
1160 1038 1303 1068 nominis
1318 1048 1367 1068 ra-

288 1081 424 1118 tionem,
448 1083 537 1122 prius
561 1082 733 1113 conveniat
755 1082 895 1118 animali,
921 1087 1081 1121 quantum
1105 1088 1214 1113 autem
1238 1082 1279 1113 ad
1298 1092 1367 1114 rem

288 1125 511 1166 significatam,
535 1127 625 1167 prius
649 1126 823 1157 conveniat
845 1127 1000 1157 sanativo.

345 1171 472 1202 Dicitur
495 1170 587 1211 quod
609 1180 678 1201 non
701 1170 846 1211 loquitur
869 1170 1006 1202 Sanctus
1021 1171 1168 1202 Thomas
1184 1171 1224 1203 de
1240 1171 1368 1203 formali

290 1220 323 1245 et
343 1215 452 1256 primo
479 1214 661 1256 significato
684 1215 769 1252 sani,
794 1215 834 1246 de
865 1225 932 1256 quo
965 1216 1068 1247 locuti
1099 1226 1222 1253 sumus,
1247 1217 1303 1248 sed
1327 1217 1367 1248 de

288 1260 455 1296 materiali,
480 1265 512 1290 et
542 1259 756 1290 fundamento
785 1266 951 1300 respectus
982 1260 1022 1291 ad
1052 1262 1236 1292 sanitatem:
1267 1263 1368 1293 virtus

289 1304 378 1335 enim
400 1305 542 1339 sanativa
562 1314 633 1335 non
656 1304 854 1344 significatur
874 1304 1051 1336 formaliter
1065 1307 1200 1337 nomine
1216 1307 1295 1344 sani,
1311 1307 1368 1338 sed

277 1346 503 1380 marei-iffiter.
527 1348 623 1381 Unde
645 1349 750 1380 voluit
781 1349 886 1380 dicere
917 1350 1008 1391 quod
1035 1360 1162 1387 sanum,
1187 1351 1368 1383 secundum

289 1393 381 1434 quod
396 1393 520 1425 ‘dicitur
543 1393 584 1424 de
607 1395 763 1430 sanafivo,
788 1393 905 1425 dicitur
923 1394 964 1425 de
987 1405 1021 1426 re
1044 1396 1230 1426 naturaliter
1252 1397 1365 1437 priori:

287 1438 389 1470 virtus
411 1439 500 1469 enim
523 1439 666 1470 sanativa
690 1444 738 1469 est
760 1439 850 1479 prior
873 1440 1017 1470 sanitate.
1048 1440 1112 1471 Sed
1144 1446 1263 1477 tamen,
1292 1442 1368 1482 quia

287 1482 344 1514 illa
357 1492 409 1514 res
422 1493 492 1514 non
507 1482 706 1524 significatur
722 1483 908 1521 formaliter,
929 1483 985 1515 sed
1003 1490 1130 1516 tantum
1153 1486 1366 1522 materialiter,

287 1533 445 1569 tanquam
467 1527 718 1560 fundamentum
751 1534 916 1569 respectus
943 1528 983 1560 ad
1013 1530 1182 1560 sanitatem
1206 1531 1366 1567 animalis;

287 1571 364 1604 ideo
387 1582 504 1604 sanum
527 1572 652 1604 dictum
681 1572 722 1604 de
755 1573 886 1604 animali
910 1579 942 1604 et
965 1575 1120 1611 sanafivo,
1145 1580 1304 1615 quantum
1328 1575 1368 1606 ad

288 1616 539 1648 fundamentum
557 1617 646 1648 unde
662 1618 759 1648 habet
774 1619 954 1649 sanativum
970 1624 1007 1649 ut
1022 1618 1220 1659 significetur
1234 1620 1368 1650 nomine

288 1663 358 1693 sani
380 1671 439 1704 per
461 1661 686 1693 habitudinem
709 1662 750 1693 ad
773 1663 942 1693 sanitatem
966 1664 1122 1700 animalis,
1139 1665 1228 1704 prius
1252 1664 1369 1695 dicitur

287 1706 471 1738 secundum
493 1716 563 1738 rem
587 1706 628 1738 de
651 1708 797 1738 sanativo
821 1717 920 1748 quam
944 1707 984 1738 de
1007 1708 1152 1745 animali;
1177 1709 1253 1749 quia
1279 1710 1368 1740 vide-

287 1750 364 1782 licet
392 1752 493 1783 virtus
523 1752 666 1782 sanativa
695 1757 744 1782 est
774 1753 961 1783 naturaliter
988 1753 1078 1793 prior
1108 1753 1253 1790 sanitate,
1286 1754 1369 1785 sicut

288 1805 386 1828 σηοω
408 1795 537 1828 effectu.
561 1796 604 1827 Et
626 1796 691 1827 hoc
707 1796 885 1828 sufficiebat
908 1798 1079 1838 proposito
1095 1797 1369 1830 Sancti'Thomae

287 1841 428 1872 volentis
451 1841 623 1872 ostendere
645 1840 738 1881 quod
761 1841 843 1872 ordo
859 1841 1041 1873 secundum
1056 1851 1136 1879 rem,
1153 1849 1312 1883 quantum
1329 1843 1370 1874 ad

288 1895 424 1917 omnem
446 1895 516 1916 rem
539 1886 758 1926 importatam,
777 1896 847 1917 non
862 1892 910 1917 est
926 1896 1054 1927 semper
1075 1886 1162 1918 idem
1186 1887 1293 1918 ordini
1308 1898 1369 1919 no—

287 1930 395 1962 minis.
420 1929 508 1962 Cum
531 1931 597 1961 hoc
620 1936 730 1961 autem
753 1936 815 1961 stat
837 1930 937 1971 quod,
963 1937 1122 1972 quantum
1151 1931 1192 1962 ad
1222 1932 1369 1963 formalia

289 1974 455 2006 dumtaxat
477 1974 666 2016 significata,
682 1975 778 2005 etiam
801 1974 924 2006 dictum
940 1975 981 2006 de
996 1976 1127 2006 animali
1149 1977 1238 2016 prius
1254 1976 1370 2008 dicitur

289 2019 472 2051 secundum
494 2029 574 2051 rem.
605 2019 691 2050 Nam
713 2019 838 2050 dictum
861 2020 902 2050 de
925 2020 1055 2051 animali
1079 2020 1237 2060 significat
1263 2022 1367 2061 ipsam

289 2063 430 2095 formam
452 2065 611 2095 sanitatis:
636 2064 761 2095 dictum
783 2070 893 2095 autem
912 2064 953 2095 de
969 2065 1037 2095 aliis
1060 2064 1218 2105 significat
1240 2066 1367 2097 habitu-

289 2108 400 2140 dinem
424 2108 465 2139 ad
486 2110 606 2149 ipsum.
641 2108 779 2140 Constat
811 2115 921 2140 autem
950 2110 1054 2150 ipsam
1084 2119 1153 2140 rem
1182 2111 1368 2142 naturaliter

238 2174 247 2179 -
289 2154 434 2194 priorem
457 2163 526 2184 esse
548 2153 738 2184 habitudine
762 2153 802 2184 ad
825 2154 940 2194 ipsam.

347 2207 377 2229 2.
401 2197 606 2239 Responderi
628 2198 773 2229 secundo
797 2204 908 2239 posset
930 2198 1021 2239 quod
1035 2209 1158 2230 nomen
1173 2200 1247 2230 sani
1262 2200 1369 2241 dupli-

290 2243 369 2274 citer
382 2252 461 2274 *esse
485 2243 660 2283 analogum
683 2248 801 2283 potest,
826 2243 1041 2274 diversimode
1060 2243 1310 2275 consideratum.
1335 2245 1368 2276 Si

290 2287 378 2318 enim
394 2288 571 2328 accipiatur
586 2287 768 2318 secundum
786 2288 957 2328 proprium
973 2294 1004 2319 et
1020 2288 1156 2319 formale
1172 2298 1209 2319 ac
1224 2290 1368 2329 primum

289 2331 518 2373 significatum,
541 2331 634 2372 quod
657 2341 695 2362 ex
718 2337 809 2372 parte
831 2333 878 2363 rei
901 2338 949 2363 est
972 2342 1086 2370 unum,
1103 2333 1148 2363 sic
1171 2334 1310 2374 pertinet
1328 2333 1368 2364 ad

289 2377 433 2418 primum
456 2377 623 2417 analogiae
646 2376 795 2407 modum.
819 2377 862 2407 Et
884 2378 930 2408 sic
952 2387 1021 2408 non
1044 2383 1171 2408 tantum
1187 2378 1368 2409 secundum

289 2422 432 2452 nominis
454 2421 615 2452 rationem
639 2427 671 2452 et
693 2422 948 2462 impositionem,
973 2421 1030 2452 sed
1060 2423 1157 2453 etiam
1187 2422 1368 2454 secundum

289 2475 360 2497 rem
385 2465 598 2507 significatam
612 2466 701 2506 prius
717 2467 871 2497 convenit
887 2467 1017 2497 animali
1034 2476 1133 2507 quam
1149 2467 1232 2504 aliis;
1250 2473 1282 2498 et
1297 2468 1367 2505 alia,

288 2510 484 2551 inquantum
500 2520 586 2546 sana,
602 2511 723 2541 habent
738 2510 861 2551 aliquid
878 2512 967 2552 prius
990 2512 1068 2552 ipsis
1091 2511 1272 2543 secundum
1287 2522 1367 2550 rem,

288 2555 412 2586 scilicet
434 2555 580 2586 animalis
604 2555 788 2592 sanitatem;
812 2556 931 2586 animal
954 2557 1042 2587 enim
1068 2557 1173 2597 ipsam
1199 2557 1296 2588 habet
1319 2568 1368 2588 sa-

289 2600 435 2636 nitatem,
451 2600 513 2631 alia
527 2605 638 2631 autem
656 2599 879 2631 habitudinem
894 2606 1021 2631 tantum
1037 2601 1078 2631 ad
1092 2601 1191 2632 illam.
1209 2601 1242 2632 Si
1258 2608 1368 2633 autem

290 2645 466 2684 accipiatur
488 2650 645 2685 tanquam
667 2645 761 2685 plura
783 2646 891 2685 primo
915 2645 1098 2686 significans
1129 2656 1167 2677 ex
1197 2652 1287 2687 parte
1310 2648 1366 2684 rei,

289 2689 412 2720 scilicet
427 2694 459 2720 et
473 2690 578 2730 ipsam
591 2689 771 2720 humorum
785 2689 925 2720 debitam
941 2691 1200 2731 proportionem,
1214 2691 1305 2731 quod
1321 2697 1368 2722 est

290 2734 360 2764 eius
383 2734 552 2774 proprium
576 2733 804 2774 significatum,
821 2744 839 2764 a
855 2744 921 2775 qua
942 2735 1104 2766 medicina
1127 2736 1303 2766 extrinsece
1319 2736 1367 2766 di-

289 2778 373 2809 citur
395 2788 486 2815 sana;
511 2783 544 2809 et
563 2778 740 2809 sanativam
755 2779 917 2815 virtutem,
935 2779 1116 2810 secundum
1132 2789 1231 2820 quam
1254 2781 1367 2811 intrin-

289 2832 363 2854 sece
387 2828 419 2854 et
442 2822 630 2860 formaliter,
645 2823 722 2854 licet
743 2823 931 2864 improprie,
951 2824 1112 2855 medicina
1136 2824 1252 2854 dicitur
1274 2834 1365 2861 sana;

289 2868 335 2898 sic
358 2867 399 2899 ad
422 2867 604 2899 secundum
627 2868 794 2908 analogiae
817 2868 955 2899 modum
978 2869 1126 2909 pertinet,
1151 2874 1183 2899 et
1205 2870 1294 2909 pn'us
1317 2879 1366 2900 se-

290 2912 436 2943 cundum
458 2922 529 2943 rem
552 2911 669 2943 dicitur
691 2911 732 2943 de
755 2912 917 2943 medicina
940 2922 1039 2953 quam
1059 2913 1099 2944 de
1122 2914 1267 2950 animam
1291 2914 1367 2945 licet

289 2956 471 2987 secundum
500 2957 643 2987 nominis
673 2958 834 2988 rationem
856 2958 896 2987 sit
927 2967 945 2988 e
973 2967 1141 2994 converso,
1170 2958 1366 2998 inquantum

288 3000 378 3040 prius
401 3000 614 3031 formavimus
637 3007 836 3041 conceptum
859 3002 918 3031 sub
943 3011 1011 3041 quo
1034 3002 1212 3032 humorum
1227 3012 1366 3043 propor-

289 3045 414 3075 tionem
437 3044 606 3085 significat,
630 3054 730 3085 quam
753 3051 950 3085 conceptum
974 3046 1033 3076 sub
1057 3055 1125 3086 quo
1149 3047 1301 3078 virtutem
1325 3048 1366 3078 si-

288 3089 420 3129 gnificat
443 3090 628 3120 sanativam.
660 3089 729 3120 Nec
761 3095 809 3120 est
840 3090 1073 3120 inconveniens
1107 3090 1197 3130 quod
1229 3091 1365 3123 Sanctus

289 3134 436 3164 Thomas
459 3133 577 3164 eodem
600 3134 735 3164 nomine
750 3143 811 3174 pro
828 3134 979 3174 exemplo
1003 3134 1218 3166 diversimode
1241 3142 1363 3168 utatur:

288 3179 354 3210 hoc
377 3179 465 3210 enim
489 3178 565 3209 facit
588 3183 624 3209 ut
654 3178 803 3209 ostendat
831 3188 928 3218 posse
958 3178 1046 3209 idem
1075 3189 1208 3216 nomen,
1234 3180 1365 3212 diversi-

287 3222 388 3254 mode
411 3228 592 3264 acceptum‚
617 3222 657 3253 ad
681 3222 823 3253 diversos
853 3223 1020 3263 analogiae
1049 3224 1168 3255 modos
1193 3226 1363 3265 pertinere.

288 3267 384 3299 Unde
408 3274 440 3299 et
462 3268 497 3299 in
520 3267 775 3306 Quaestionibus
798 3267 838 3297 de
860 3268 1009 3298 Potentia
1024 3268 1097 3305 Dei,
1115 3278 1146 3309 q.
1158 3279 1213 3306 vn,
1230 3280 1258 3300 a.
1275 3280 1307 3310 7,
1325 3270 1365 3301 ad

289 3311 529 3343 ostendendum
545 3318 722 3352 utrumque
738 3312 904 3352 analogiae
927 3312 1075 3349 modum,
1093 3313 1308 3354 exemplificat
1324 3315 1364 3346 de

288 3357 424 3388 nomine
439 3357 522 3388 entis
537 3356 718 3388 secundum
735 3356 826 3397 quod
849 3356 1063 3388 diversimode
1087 3358 1317 3390 consideratur.

344 3401 399 3432 Vl.
423 3401 668 3432 Advertendum
684 3407 803 3437 autem,
821 3402 897 3442 quia
913 3401 1051 3432 diximus
1063 3403 1080 3419 ³*
1103 3402 1237 3433 formale
1258 3409 1290 3434 et
1305 3413 1364 3444 per

288 3455 323 3476 se
345 3445 562 3486 significatum
585 3446 728 3477 nominis
752 3446 879 3486 analogi
902 3446 1077 3486 aliquando
1093 3447 1230 3478 inveniri
1244 3448 1278 3478 in
1293 3458 1362 3479 uno

288 3495 425 3527 tantum,
450 3490 625 3531 aliquando
649 3500 727 3521 vero
750 3491 785 3521 in
808 3491 970 3527 omnibus,
996 3491 1086 3531 quod
1108 3491 1173 3522 hoc
1195 3502 1264 3522 non
1283 3502 1362 3523 con-

287 3535 434 3566 trariatur
457 3536 487 3566 ei
511 3535 602 3576 quod
624 3535 741 3566 dicitur
763 3536 869 3566 Prima
892 3536 994 3572 Parte,
1012 3545 1043 3576 q.
1060 3546 1122 3572 xvx,
1139 3546 1167 3566 a.
1185 3536 1215 3572 6,
1239 3537 1296 3567 ubi
1315 3538 1363 3568 vi-

288 3578 381 3610 detur
402 3580 486 3611 velle
515 3580 650 3611 Sanctus
674 3580 819 3611 Thomas
853 3580 943 3620 quod
973 3581 1006 3611 in
1038 3581 1189 3610 omnibus
1217 3581 1361 3622 analogis

289 3632 405 3654 nomen
421 3625 598 3656 secundum
609 3625 783 3666 propriam
801 3626 961 3655 rationem
978 3626 1142 3655 invenitur
1154 3625 1187 3655 in
1205 3635 1271 3656 uno
1289 3631 1360 3656 tan-

288 3671 366 3703 tum,
385 3677 406 3698 a
429 3678 494 3709 quo
517 3669 586 3700 alia
609 3669 873 3700 denominantur.
897 3670 981 3700 Nam
1002 3679 1060 3710 per
1078 3671 1240 3710 propriam
1264 3671 1361 3701 ratio-

431 3730 525 3755 Sumra
544 3731 655 3756 Con-ma
674 3731 807 3756 Gr-:NTmzs
827 3731 857 3755 D.
878 3732 993 3756 Tuomr.
1013 3732 1081 3757 Τοιι.
1098 3732 1115 3757 Ι.

2418 302 2486 338 105

1421 381 1499 402 nem
1515 371 1581 402 duo
1602 381 1775 411 possumus
1791 374 1979 414 intelligere:
2005 377 2124 408 scilicet
2143 379 2301 409 rationem
2317 379 2382 410 sive
2398 386 2491 411 natu-

1421 425 1490 446 ram
1506 416 1612 456 primo
1630 421 1661 446 et
1676 417 1892 457 principaliter
1907 419 2121 459 importatam‚
2138 432 2195 462 per
2215 425 2491 464 comparationem

1422 460 1463 491 ad
1487 468 1586 501 quarn
1609 460 1670 490 alia
1693 460 1843 492 dicuntur
1866 463 1949 499 talia,
1972 482 1995 486 -
2018 465 2097 496 haec
2121 467 2339 498 enim-dicitur
2361 471 2491 510 propria

1422 505 1502 535 ratio
1529 505 1682 541 nominis,
1708 506 1783 545 quia
1806 507 1911 545 primo
1937 513 1967 538 et
1990 509 2205 550 principaliter
2227 512 2431 552 importatur;
2460 520 2491 545 et

1421 558 1545 580 nomen
1569 549 1753 589 analogum,
1769 550 1914 581 absolute
1930 552 2102 591 prolatum,
2119 556 2272 596 accipitur
2295 567 2354 597 pro
2370 558 2430 588 illo
2450 559 2490 589 si-

1421 593 1584 634 gnificato,
1602 598 1638 624 ut
1662 593 1777 624 dicitur
1801 595 2087 627 IPerihermenias
2099 599 2125 634 ὕ,
2151 600 2231 630 sicut
2254 611 2374 632 nomen
2397 603 2488 640 entis,

1422 638 1568 669 absolute
1593 637 1726 674 dictum,
1751 639 1906 679 accipitur
1932 650 1991 680 pro
2019 642 2192 673 substantia
2211 662 2234 666 —
2257 651 2311 675 aut
2333 648 2490 678 rationem
2527 646 2532 651 “

1422 692 1556 714 omnem
1581 681 1755 713 formaliter
1778 693 1836 723 per
1865 694 1987 715 nomen
2014 686 2229 726 importatam.
2257 689 2363 721 Primo
2390 692 2490 722 modo

1421 728 1567 768 loquitur
1583 726 1719 758 Sanctus
1735 728 1880 758 Thomas
1896 729 1930 759 in
1946 729 2052 760 Prima
2068 731 2173 761 Parte:
2199 739 2321 764 certum
2338 742 2384 765 est
2404 737 2490 767 enim

1422 772 1512 813 quod
1536 772 1679 812 primum
1702 772 1917 812 significatum
1937 775 2078 805 nominis
2094 776 2220 816 analogi
2236 778 2269 807 in
2285 788 2351 809 uno
2367 786 2491 812 tantum

1422 817 1592 857 analogato
1605 817 1777 853 invenitur,
1795 817 1915 848 scilicet
1930 819 1964 848 in
1976 819 2091 859 primo.
2109 820 2259 851 Secundo
2273 828 2379 853 autem
2391 825 2490 855 modo

1421 862 1523 892 locuti
1547 871 1659 892 sumus
1675 862 1737 892 hic.
1762 862 1803 892 Et
1819 867 1867 892 est
1885 861 1926 892 de
1944 869 2053 893 mente
2077 864 2183 895 Sancti
2200 865 2346 897 Thomae
2372 868 2490 906 Primo,

1422 906 1452 937 d.
1464 912 1526 943 xix,
1544 916 1575 947 q.
1585 917 1616 942 v,
1634 917 1661 937 a.
1675 916 1704 942 2,
1722 906 1762 937 ad
1782 914 1793 936 1
1807 917 1813 936 :
1830 916 1906 937 nam
1923 913 2047 938 constat
2063 909 2152 948 quod
2171 919 2293 941 nomen
2309 912 2390 942 entis
2407 912 2491 950 dicit,

1421 951 1455 981 in
1471 960 1528 981 sua
1552 950 1784 992 significatione
1808 950 1946 987 formali,
1963 952 2083 992 aliquid
2108 954 2244 984 existens
2264 955 2297 985 in
2320 957 2493 988 substantia

1422 1001 1453 1026 et
1479 997 1513 1026 in
1541 995 1716 1032 accidente,
1746 995 1836 1036 quod
1861 1001 1908 1026 est
1936 1006 2040 1027 unum
2071 998 2246 1039 analogice,
2271 1005 2307 1030 ut
2329 1000 2460 1032 inferius
2476 1003 2492 1019 ⁴*

1422 1040 1619 1071 ostendetur.
1643 1041 1685 1071 Et
1711 1041 1856 1071 similiter
1879 1046 1926 1071 est
1949 1040 1988 1072 de
2011 1043 2198 1074 nominibus
2222 1051 2304 1084 quae
2328 1046 2493 1086 analogice

1422 1085 1462 1116 de
1485 1085 1557 1116 Deo
1582 1091 1613 1116 et
1638 1086 1788 1116 creaturis
1805 1085 1965 1116 dicuntur.

1481 1130 1591 1160 Potest
1607 1131 1703 1161 etiam
1720 1129 1783 1160 dici
1799 1130 1889 1170 quod
1904 1140 1973 1160 non
1989 1132 2106 1172 accipit
2128 1132 2172 1162 ibi
2196 1132 2331 1164 Sanctus
2348 1134 2491 1165 Thomas

1421 1175 1596 1215 analogum
1619 1175 1652 1205 in
1675 1180 1743 1205 tota
1773 1184 1830 1205 sua
1861 1175 2093 1207 communitate
2124 1182 2156 1207 et
2185 1178 2412 1216 universaliter,
2436 1179 2493 1210 sed

1420 1224 1546 1250 tantum
1570 1229 1630 1260 pro
1654 1219 1791 1259 analogo
1815 1219 1916 1260 quod,
1937 1220 2024 1250 iuxta
2047 1221 2183 1251 dicenda
2205 1222 2389 1254 immediate
2401 1225 2428 1260 ⁵,
2446 1223 2492 1254 di·-

1422 1265 1504 1294 citur
1526 1274 1649 1295 nomen
1672 1264 1712 1300 ab
1738 1274 1802 1294 uno
1827 1270 1886 1294 aut
1907 1265 1951 1295 ad
1975 1275 2084 1296 unum.
2114 1266 2188 1296 Hoc
2217 1268 2386 1298 enim-suo
2416 1278 2492 1309 pro-

1420 1310 1528 1349 posito
1558 1309 1768 1340 deserviebat:
1793 1310 1869 1349 quia
1899 1310 2024 1346 veritas,
2049 1310 2088 1341 de
2121 1320 2185 1350 qua
2213 1312 2258 1342 ibi
2288 1312 2491 1353 loquebatur,

1421 1354 1482 1384 isto
1506 1353 1607 1384 modo
1631 1353 1796 1394 analogice
1829 1354 1944 1384 dicitur
1974 1354 2013 1384 de
2043 1355 2207 1386 intellectu
2237 1362 2269 1386 et
2294 1358 2399 1388 rebus.
2423 1358 2492 1388 Nos

1421 1404 1530 1429 autem
1546 1398 1647 1429 locuti
1664 1407 1776 1429 sumus
1799 1399 2019 1430 universaliter
2035 1399 2074 1430 de
2091 1400 2238 1440 analogo.
2264 1401 2297 1431 Si
2318 1402 2404 1432 enim
2419 1403 2491 1432 uni-

1420 1443 1581 1474 versaliter
1601 1443 1786 1483 accipiatur,
1803 1448 1928 1473 constat
1945 1444 2035 1483 quod
2051 1444 2183 1484 aliquod
2198 1445 2359 1476 invenitur
2373 1447 2407 1476 in
2422 1441 2490 1477 uno

1421 1493 1547 1518 tantum
1566 1487 1746 1518 secundum
1763 1497 1859 1518 suum
1875 1487 2009 1519 formale
2026 1488 2250 1529 significatum,
2267 1490 2400 1530 aliquod
2414 1500 2491 1522 vero

1421 1533 1455 1563 in
1479 1533 1631 1563 omnibus
1655 1533 1825 1563 invenitur.

1477 1577 1545 1607 VII.
1570 1577 1621 1607 Ad
1642 1576 1835 1607 evidentiam
1851 1577 1985 1608 secundi
2002 1577 2090 1608 dubii
2106 1578 2133 1614 *‚
2158 1578 2324 1609 sciendum
2341 1585 2387 1609 est
2403 1580 2493 1620 quod

1422 1621 1601 1663 analogiae
1623 1631 1746 1652 nomen
1769 1631 1920 1661 graecum
1945 1627 1991 1652 est
2014 1622 2220 1659 vocabulum,
2246 1629 2277 1653 et
2300 1624 2388 1654 aliter
2411 1625 2492 1655 acci-

1421 1667 1508 1706 pitur
1531 1676 1550 1696 a
1574 1666 1714 1702 Graecis,
1740 1666 1876 1698 alitera
1907 1666 2073 1697 nonnullis
2096 1666 2227 1697 Latinis.
2257 1667 2371 1698 Graeci
2394 1669 2491 1706 enim,

1422 1716 1459 1742 ut
1481 1716 1570 1751 patet
1593 1720 1631 1741 ex
1655 1711 1834 1741 Ammonio
1865 1716 1896 1741 et
1926 1710 2093 1751 Simplicio
2122 1711 2155 1741 in
2188 1713 2388 1752 expositione
2415 1712 2493 1744 defi-

1421 1756 1554 1786 nitionis
1577 1756 1832 1795 aequivocorum
1856 1755 1988 1786 traditae
2012 1756 2050 1785 ab
2074 1755 2245 1786 Aristotele
2268 1757 2301 1787 in
2318 1758 2493 1798 Anteprae-

1422 1800 1612 1831 dicamentis
1627 1801 1654 1836 *,
1679 1800 1857 1841 aequivoca
1887 1809 1908 1830 a
1938 1800 2076 1830 consilio
2108 1799 2254 1831 dividunt
2284 1802 2318 1831 in
2350 1811 2387 1832 ea
2410 1811 2494 1842 quae

1422 1845 1575 1876 dicuntur
1590 1845 1630 1876 ab
1648 1854 1724 1880 uno,
1741 1850 1778 1874 ut
1792 1844 1832 1875 ab
1848 1850 1914 1874 arte
1938 1844 2117 1875 medicinae
2141 1844 2256 1875 dicitur
2279 1846 2358 1876 liber
2380 1846 2494 1887 aliquis

1423 1889 1626 1920 medicinalis
1637 1895 1670 1920 et
1684 1889 1934 1920 instrumentum
1947 1889 2079 1929 aliquod
2091 1889 2298 1927 medicinale;
2314 1896 2346 1921 et
2358 1901 2395 1921 ea
2411 1901 2494 1931 quae

1423 1934 1575 1965 dicuntur
1597 1933 1642 1964 ad
1665 1943 1775 1969 unum,
1800 1939 1836 1964 ut
1860 1933 1899 1964 de
1922 1933 2082 1964 medicina
2099 1939 2130 1964 et
2146 1934 2219 1965 cibo
2244 1934 2360 1966 dicitur
2377 1945 2494 1966 sanum

1422 1979 1455 2009 in
1480 1979 1593 2009 ordine
1610 1977 1650 2009 ad
1665 1979 1833 2008 sanitatem
1856 1978 2015 2014 animalis;
2041 1984 2072 2009 et
2094 1987 2131 2008 ea
2148 1988 2230 2018 quae
2247 1985 2320 2010 sunt
2336 1981 2492 2022 analoga,

1423 2023 1600 2063 dicuntque
1624 2023 1677 2053 illa
1700 2023 1835 2062 analoga
1859 2032 1927 2053 esse
1951 2032 2034 2063 quae
2058 2028 2132 2053 sunt
2156 2033 2254 2053 unum
2264 2025 2491 2064 proportione,

1421 2068 1504 2098 inter
1520 2077 1604 2108 quae
1619 2067 1741 2098 scilicet
1764 2073 1810 2097 est
1831 2067 2113 2107 proportionalitas
2134 2067 2302 2107 quaedam.
2327 2069 2421 2099 Unde
2444 2070 2492 2099 in-

1422 2113 1491 2153 quit
1504 2112 1700 2143 Ammonius
1712 2111 1802 2152 quod
1817 2111 1963 2152 analogia
1975 2112 2008 2142 in
2021 2117 2161 2152 quatuor
2172 2112 2212 2143 ad
2227 2113 2334 2144 minus
2349 2114 2492 2144 terminis

1423 2156 1656 2188 consideratur:
1681 2157 1764 2186 sicut
1781 2166 1841 2196 pes
1863 2156 2003 2186 hominis
2027 2162 2058 2187 et
2081 2166 2141 2197 pes
2165 2157 2297 2188 lecticae
2327 2158 2492 2199 analogice

1423 2201 1539 2232 dicitur
1556 2208 1632 2242 pes;
1656 2210 1754 2241 quam
1778 2201 1865 2231 enim
1889 2202 2135 2241 proportionem
2158 2201 2254 2232 habet
2272 2212 2331 2242 pes
2353 2203 2493 2234 hominis

1423 2246 1463 2277 ad
1485 2246 1656 2281 hominem,
1682 2245 1819 2276 eandem
1841 2245 1937 2275 habet
1954 2255 2014 2285 pes
2037 2245 2169 2276 lecticae
2192 2245 2231 2276 ad
2255 2247 2411 2277 lecticam.

1478 2290 1666 2321 Secundum
1682 2299 1759 2329 ergo
1775 2290 1943 2330 proprium
1959 2289 2184 2329 significatum,
2198 2291 2334 2331 analoga
2344 2290 2494 2322 dicuntur

1416 2334 1694 2376 proportionalia,
1718 2333 1810 2370 idest,
1834 2334 1984 2364 habentia
2006 2334 2089 2364 inter
2104 2344 2138 2364 se
2154 2335 2396 2366 similitudinem
2419 2345 2494 2376 pro-

1421 2380 1590 2420 portionis.
1608 2379 1650 2409 Et
1665 2388 1781 2409 nomen
1798 2378 1979 2419 analogum
1996 2378 2111 2409 dicitur
2127 2379 2216 2419 quod
2231 2379 2388 2419 significat
2403 2380 2495 2420 plura

1422 2430 1459 2455 ut
1481 2423 1737 2464 proportionalia
1760 2428 1849 2453 sunt:
1875 2423 1957 2453 sicut
1974 2433 2034 2463 pes
2058 2423 2173 2454 dicitur
2193 2423 2233 2454 de
2248 2424 2331 2464 pede
2353 2425 2495 2455 hominis

1423 2474 1455 2500 et
1477 2469 1620 2504 lecticae,
1638 2473 1670 2498 et
1685 2467 1772 2498 visus
1788 2467 1827 2498 de
1843 2468 1914 2498 visu
1931 2477 2090 2507 corporeo
2116 2474 2147 2498 et
2169 2468 2344 2505 intellectu,
2359 2475 2391 2500 et
2400 2470 2495 2510 prin-

1423 2514 1541 2555 cipium
1565 2513 1606 2543 de
1630 2511 1728 2543 corde
1752 2517 1784 2543 et
1807 2511 2020 2543 fundamento
2044 2512 2171 2543 domus.
2197 2513 2231 2543 ln
2256 2513 2315 2544 hac
2338 2513 2495 2554 significa—

1421 2559 1512 2589 tione
1536 2559 1636 2589 utitur
1659 2557 1847 2587 Aristoteles
1870 2557 2005 2587 nomine
2028 2558 2184 2599 analogi:
2207 2563 2243 2588 ut
2266 2563 2353 2598 patet
2374 2559 2404 2589 V
2425 2559 2494 2589 Me—

1423 2604 1562 2644 taphys„
1580 2612 1650 2642 cap.
1667 2601 1707 2632 de
1727 2602 1799 2632 Uno
1816 2602 1844 2637 *,
1869 2607 1900 2632 et
1923 2601 1936 2632 I
1951 2601 2067 2638 Ethic„
2085 2611 2154 2642 cap.
2171 2612 2215 2632 vn
2231 2603 2275 2632 tt.

1477 2648 1507 2678 A
1523 2647 1645 2677 Latinis
1661 2652 1771 2677 autem
1785 2646 1951 2676 nonnullis
1968 2646 2124 2686 accipitur
2138 2647 2318 2688 analogum
2330 2657 2389 2687 pro
2406 2648 2495 2678 omni

1422 2692 1554 2722 nomine
1577 2692 1772 2732 importante
1789 2691 1892 2731 plura
1907 2691 2081 2721 secundum
2098 2691 2260 2732 quandam
2276 2691 2493 2722 habitudinem

1422 2737 1473 2767 vel
1495 2736 1539 2767 ad
1563 2746 1664 2766 unum
1687 2736 1739 2766 vel
1762 2735 1848 2766 inter
1869 2745 1913 2772 se,
1937 2741 2002 2766 tam
2027 2745 2063 2766 ea
2079 2745 2162 2775 quae
2178 2741 2252 2766 sunt
2268 2736 2306 2766 ab
2322 2746 2390 2766 uno
2407 2742 2438 2767 et
2453 2735 2494 2767 ad

1421 2791 1536 2817 unum,
1561 2790 1660 2821 quam
1690 2780 1946 2821 proportionalia
1979 2780 2098 2816 omnia,
2123 2780 2243 2810 scilicet
2272 2781 2448 2821 aequivoca
2471 2791 2491 2811 a

1421 2826 1558 2856 consilio
1583 2825 1731 2856 absolute
1754 2825 1902 2866 analoga
1925 2830 2087 2855 vocantes.
2112 2824 2205 2855 Unde
2221 2825 2322 2855 multa
2342 2825 2491 2856 confusio

1420 2871 1454 2901 in
1478 2870 1692 2910 analogorum
1716 2870 1903 2910 cognitione
1926 2870 2084 2909 provenit.

1476 2915 1613 2946 Sanctus
1625 2914 1770 2945 Thomas
1783 2923 1860 2954 ergo
1873 2915 1907 2944 in
1924 2914 2177 2952 Quaestionibus
2193 2914 2232 2944 de
2249 2914 2395 2949 Veritate,
2413 2924 2491 2944 con-

1419 2959 1562 2990 siderans
1584 2969 1694 2990 veram
1718 2959 1885 2999 analogiae
1907 2959 2076 2994 rationem,
2102 2964 2133 2988 et
2154 2959 2288 2988 nomina
2309 2957 2349 2989 de
2364 2959 2435 2989 Deo
2460 2964 2492 2989 et

1420 3004 1572 3035 creaturis
1603 3004 1687 3035 dicta
1719 3003 1885 3043 analogice
1908 3013 1982 3034 vere
2013 3003 2086 3038 dici,
2110 3002 2188 3033 dixit
2216 3003 2298 3033 inter
2325 3003 2432 3033 Deum
2460 3008 2491 3033 et

1419 3054 1597 3080 creaturam
1627 3058 1695 3079 esse
1726 3048 1907 3088 analogiam
1931 3047 2262 3088 proportionalitatis,
2291 3057 2356 3077 non
2384 3052 2490 3078 autem

1413 3093 1652 3134 proportionis,
1678 3102 1761 3133 quae
1791 3093 1893 3132 magis
1917 3092 2033 3123 dicitur
2059 3092 2281 3132 aequivocatio
2309 3102 2329 3122 a
2353 3092 2488 3122 consilio

1419 3138 1459 3168 ab
1479 3148 1545 3169 uno
1561 3143 1620 3168 aut
1642 3137 1686 3168 ad
1709 3147 1820 3172 unum,
1845 3146 1945 3177 quam
1968 3136 2132 3176 analogica
2156 3135 2354 3176 significatio.

1476 3192 1506 3213 2.
1531 3182 1708 3214 Sciendum
1731 3182 1863 3212 ulterius
1888 3181 1978 3221 quod
2002 3181 2160 3222 analogia
2175 3190 2258 3221 quae
2274 3185 2321 3211 est
2335 3181 2431 3211 unius
2447 3181 2490 3211 ad

1418 3227 1568 3263 alterum,
1584 3227 1619 3257 in
1635 3227 1804 3257 communi
1821 3232 1852 3257 et
1867 3226 1981 3256 usitata
1997 3225 2083 3266 apud
2102 3225 2233 3255 Latinos
2257 3224 2488 3265 significatione

1418 3271 1608 3312 accipiendo
1633 3271 1823 3311 analogiam,
1841 3270 2010 3310 dupliciter
2025 3270 2127 3310 accipi
2142 3274 2262 3309 potest:
2287 3279 2354 3299 uno
2375 3269 2487 3307 modo,

1417 3322 1454 3347 ut
1469 3316 1674 3356 distinguitur
1690 3321 1802 3346 contra
1817 3315 2009 3356 analogiam
2022 3314 2161 3345 duorum
2173 3314 2216 3344 ad
2229 3324 2327 3344 unum
2341 3314 2489 3351 tertium;

1417 3361 1480 3391 alio
1496 3360 1609 3397 modo,
1626 3366 1662 3391 ut
1678 3360 1883 3400 distinguitur
1901 3365 2012 3390 contra
2027 3359 2217 3399 analogiam
2228 3358 2488 3398 proportionali-

1417 3406 1502 3436 tatis.
1527 3405 1612 3435 Nam
1642 3405 1788 3444 analogia
1819 3405 1915 3434 unius
1946 3403 1985 3434 ad
2015 3403 2149 3433 alterum
2182 3402 2346 3433 condivisa
2376 3409 2487 3433 contra

1416 3450 1598 3490 analogiam
1622 3449 1763 3480 duorum
1787 3449 1827 3479 ad
1849 3458 1953 3479 unum
1977 3448 2122 3483 tertium,
2150 3447 2304 3487 accipitur
2333 3452 2487 3487 tanquam

1417 3504 1594 3525 commune
1611 3493 1787 3534 quoddam,
1801 3499 1833 3523 et
1845 3492 1995 3523 dividitur
2009 3492 2043 3522 in
2059 3491 2238 3532 analogiam
2248 3492 2485 3532 proportionis,

1417 3544 1448 3569 et
1459 3539 1640 3579 analogiam
1647 3537 1980 3579 proportionalitatis.
2000 3536 2158 3576 Analogia
2167 3535 2395 3576 proportionis
2411 3536 2487 3567 dicit

1416 3583 1659 3614 determinatam
1688 3582 1850 3623 quandam
1878 3581 2058 3612 distantiam
2086 3586 2117 3611 et
2142 3580 2363 3611 habitudinem
2390 3582 2486 3612 unius

1415 3627 1455 3658 ad
1479 3628 1625 3664 alterum,
1642 3626 1822 3658 secundum
1846 3625 1935 3666 quod
1958 3626 2092 3655 nomine
2115 3625 2225 3665 aliquo
2250 3625 2484 3666 significantur:

1415 3672 1562 3712 analogia
1597 3678 1706 3703 autem
1735 3670 2059 3712 proportionalitatis
2090 3679 2159 3700 non
2194 3669 2271 3700 dicit
2303 3676 2422 3700 certam
2455 3675 2485 3700 et

2312 3741 2342 3764 ¹4

2517 605 2526 613 ·
2542 603 2634 626 Comm.
2655 611 2674 626 s.
2685 604 2728 626 Th.

2519 1005 2528 1014 ‘
2543 1003 2613 1026 Num.
2629 1010 2650 1025 xi
2669 1011 2720 1033 sqq.

2519 1222 2529 1231 '
2544 1220 2613 1242 Num.
2628 1227 2676 1249 seq.

2519 1580 2528 1589 ·
2543 1579 2614 1601 Num.
2629 1585 2664 1601 ιιι.

2522 1801 2531 1809 ·
2540 1799 2648 1827 Categ.c.
2659 1805 2674 1826 ι,
2683 1806 2704 1820 ιι.
2713 1806 2731 1821 ¹.

2522 2602 2530 2611 “
2543 2601 2641 2623 S.Th.1.
2650 2601 2671 2627 8;
2681 2601 2732 2622 Did.

2521 2627 2561 2653 lV,
2573 2634 2603 2651 vi.
2616 2634 2624 2649 ι
2641 2644 2646 2649 .

2521 2655 2540 2664 ·”
2549 2634 2671 2682 S.'1‘h.l.7;
2679 2653 2730 2675 Did.

2521 2687 2542 2703 c.
2552 2687 2581 2707 νι,
2595 2687 2625 2703 ¹2.
