2742 4152
38 2647 47 2656 .
64 2645 165 2694 cni-rso
193 2661 198 2667 .

40 2678 61 2720 g..
70 2679 159 2727 21:³4.
167 2705 183 2721 ιι
195 2674 251 2725 {7¹²6}

40 2725 69 2747 de
90 2725 160 2748 Vera.
186 2715 252 2753 vm,

39 2758 59 2774 a.
76 2759 94 2781 3.

288 262 332 299 16
901 252 1088 289 SUMMA
1118 248 1341 286 CONTRA
1370 245 1646 291 GENTILES‚
1678 244 1790 280 CAP.
1810 243 1858 279 V.

282 339 467 370 excedentia
490 340 729 377 proponuntur,
761 333 905 363 firmatur
935 332 969 361 in
1002 330 1097 361 nobis
1121 329 1234 368 opinio
1259 325 1349 378 quod

282 384 370 414 Deus
400 383 440 412 sit
467 380 588 422 aliquid
616 389 711 419 supra
742 387 841 408 omne
873 375 963 416 quod
993 382 1168 415 possumus
1197 377 1347 411 cogitare.

309 437 324 457 r
346 436 366 457 o
391 432 450 456 etc.

281 428 308 458 E
324 437 578 500 gAttendendum
594 466 695 508 quod,
716 467 792 507 quia
815 465 957 496 divinam
981 462 1151 493 essentiam
1168 459 1349 491 secundum

281 514 370 554 quod
392 515 426 544 in
450 522 483 543 se
507 518 554 543 est
575 511 684 543 videre
716 520 784 541 non
807 518 992 550 possumus,
1020 516 1082 537 nec
1109 506 1217 545 ipsum
1241 504 1349 553 Deum

281 557 488 598 quidditative
504 557 747 597 cognoscimus;
765 561 992 595 quaecumque
1008 550 1189 592 praedicata
1204 549 1249 579 illi
1262 553 1349 578 attri-

280 603 454 638 buerimus,
479 611 516 632 ea
533 611 551 631 a
573 601 680 632 divina
695 599 894 640 perfectione
911 606 1010 638 quam
1025 595 1165 626 maxime
1182 592 1347 642 deficiunt,

281 655 320 676 eo
345 646 435 686 quod
458 646 547 676 Deus
571 644 693 686 aliquid
716 643 922 674 excellentius
950 642 998 672 sit.
1029 639 1123 670 Unde
1151 639 1208 678 qui
1235 646 1348 676 oplna-

279 696 366 720 retur
389 699 458 721 esse
480 691 514 720 in
538 690 609 720 Deo
627 698 698 720 eam
718 688 882 718 dumtaxat
897 685 1130 727 perfectionem
1155 691 1239 722 quae
1254 686 1348 710 natu-

279 735 385 765 raliter
397 734 436 765 de
447 735 519 774 ipso
535 733 716 773 investigari
727 737 845 772 potest,
858 730 1068 770 deciperetur,
1081 727 1194 757 volens
1206 725 1349 755 divinam

279 785 427 810 naturam
451 784 557 809 creato
581 777 757 808 intellectui
772 775 960 815 adaequare.
978 772 1077 811 Quod
1101 772 1127 801 si
1151 779 1227 801 eum
1244 769 1348 819 excel-

279 823 451 854 lentiorem
475 832 543 854 esse
567 822 719 853 omnibus
743 830 826 860 quae
854 819 894 849 de
922 819 994 858 ipso
1018 815 1154 847 naturali
1177 815 1349 864 investiga-

280 868 370 898 tione
397 867 623 907 cognoscimus
653 864 888 899 existimaverit,
920 862 1080 892 veriorem
1107 860 1204 890 habet
1235 867 1348 899 cogni-

280 913 414 948 tionem,
447 916 560 951 utpote
590 910 631 941 ad
663 911 731 940 eius
760 914 907 938 naturam
937 906 1071 946 propius
1101 913 1159 934 sua
1190 903 1348 941 accedens

281 957 476 997 cognitione.
509 955 562 986 Ad
584 956 647 985 hoc
671 959 779 984 autem
804 949 1070 991 cognoscendum
1093 949 1184 979 iuvat
1206 957 1268 978 nos
1292 947 1348 978 ali-

281 1010 422 1041 quorum
453 999 637 1030 divinorum
669 997 821 1029 revelatio
853 1004 936 1036 quae
966 994 1075 1025 nullus
1108 1002 1255 1033 unquam
1286 1001 1347 1023 suo

279 1046 411 1086 ingenio
434 1044 541 1084 potuit
563 1043 762 1082 investigare.

336 1089 387 1119 III.
415 1088 525 1118 Tertia
542 1088 637 1118 ratio.
662 1085 859 1127 Reprimitur
875 1084 917 1114 ob
938 1084 1002 1114 hoc
1022 1083 1165 1113 humana
1181 1091 1348 1123 praesum-

278 1134 359 1174 ptio,
384 1142 468 1173 quae
491 1133 605 1163 erroris
629 1137 676 1162 est
698 1135 809 1161 mater.
841 1128 928 1168 Ergo
960 1133 1021 1158 etc.
1036 1145 1060 1150 -
1075 1127 1235 1166 Probatur
1257 1131 1348 1157 ante-

280 1177 408 1208 cedens.
444 1177 610 1215 Quoniam
637 1181 712 1206 sunt
735 1173 867 1214 quidam
890 1178 1018 1203 tantum
1050 1171 1091 1202 de
1118 1171 1183 1202 'suo
1213 1172 1347 1212 ingenio

278 1227 518 1262 praesumentes
541 1226 576 1251 ut
598 1219 678 1251 illud
700 1224 826 1250 tantum
850 1217 890 1248 de
913 1217 985 1248 Deo
1009 1226 1124 1247 verum
1147 1225 1217 1247 esse
1232 1221 1349 1257 putent

280 1265 370 1307 quod
394 1266 439 1296 eis
462 1265 597 1300 videtur,
628 1264 745 1295 falsum
776 1268 886 1293 autem
910 1261 1001 1302 quod
1034 1262 1080 1292 eis
1109 1271 1178 1292 non
1209 1260 1347 1292 videtur.

277 1310 473 1350 Reprimitur
502 1316 611 1340 autem
642 1310 720 1340 haec
746 1307 919 1342 temeritas,
944 1306 1023 1337 dum
1050 1306 1159 1347 aliqua
1188 1306 1228 1337 ab
1255 1305 1348 1336 infal-

277 1355 355 1384 libili
378 1355 508 1384 veritate
539 1358 769 1395 proponuntur
801 1361 885 1393 quae
918 1351 1119 1382 intellectum
1148 1360 1263 1382 eorum
1294 1360 1348 1381 ex·

278 1398 406 1429 cedunt.

335 1442 462 1479 Quarta
490 1443 586 1473 ratio.
623 1442 764 1473 Multum
792 1440 1000 1482 perfectionis
1034 1440 1196 1470 humanae
1231 1440 1349 1481 rationi

277 1488 451 1528 acquiritur
485 1497 524 1518 ex
557 1487 670 1518 talium
711 1486 942 1527 qualicumque
976 1485 1164 1526 cognitione
1203 1490 1235 1515 et
1273 1483 1348 1515 fide.

277 1532 363 1573 Ergo
388 1538 449 1563 etc.
464 1550 483 1554 -
502 1532 660 1563 Probatur
682 1530 875 1562 antecedens
891 1539 929 1560 ex
954 1530 1144 1560 auctoritate
1166 1529 1349 1560 Aristotelis

276 1576 306 1607 X
331 1576 448 1612 Ethic„
486 1582 598 1607 contra
629 1575 832 1608 Simonidem
863 1574 998 1605 dicentis
1030 1573 1147 1605 debere
1179 1574 1349 1606 hominem

278 1630 311 1652 se
335 1621 375 1652 ad
398 1622 591 1652 immortalia
625 1627 656 1652 et
688 1621 796 1652 divina
826 1624 986 1661 quantum
1015 1624 1124 1659 potest
1153 1619 1293 1655 trahere;
1317 1624 1350 1650 et

276 1665 321 1696 XI
337 1666 376 1697 de
391 1666 543 1703 Animal„
567 1665 657 1707 quod
678 1665 847 1697 modicum
864 1663 904 1695 de
920 1664 1105 1694 substantiis
1128 1663 1349 1704 superioribus

277 1716 468 1752 perceptum
488 1716 535 1741 est
556 1712 658 1751 magis
673 1716 818 1741 amatum
834 1714 866 1740 et
889 1707 1105 1740 desideratum
1129 1709 1221 1739 omni
1236 1709 1349 1749 cogni-

277 1756 367 1786 tione
379 1765 478 1796 quam
494 1755 534 1786 de
550 1756 734 1786 substantiis
749 1754 956 1786 inferioribus
967 1753 1142 1790 habemus;
1156 1758 1188 1784 et
1203 1752 1229 1783 11
1245 1753 1347 1790 Caeli,

278 1799 379 1841 quod,
406 1810 482 1831 cum
512 1800 551 1831 de
580 1801 771 1841 corporibus
803 1798 995 1830 caelestibus
1026 1798 1234 1839 quaestiones
1266 1798 1348 1829 solvi

278 1845 404 1885 possint
433 1854 529 1885 parva
560 1850 591 1875 et
621 1845 731 1886 topica
755 1844 931 1879 solutione,
957 1843 1117 1883 contingit
1149 1842 1290 1873 auditori
1313 1848 1350 1874 ut

277 1890 452 1921 vehemens
467 1890 507 1919 sit
528 1889 684 1930 gaudium
708 1890 788 1921 eius.
811 1888 861 1921 Ex
883 1888 922 1918 iis
939 1888 1027 1918 enim
1050 1888 1187 1918 habetur
1203 1886 1294 1927 quod
1309 1886 1350 1918 de

277 1934 373 1965 rebus
403 1933 611 1965 nobilissimis
642 1939 947 1975 quantumcumque
979 1931 1169 1973 imperfecta
1202 1932 1347 1972 cognitio

277 1979 451 2009 maximam
473 1979 598 2010 animae
622 1978 858 2020 perfectionem
882 1975 1019 2008 confert.

333 2023 386 2053 IV.
421 2022 664 2055 Attendendum
702 2022 793 2065 quod
822 2022 982 2053 rationem
1020 2020 1060 2052 ad
1095 2021 1286 2062 oppositum
1316 2021 1350 2053 in

275 2067 436 2108 principio
454 2068 586 2108 capituli
609 2068 727 2100 factam
750 2067 887 2099 Sanctus
909 2065 1056 2097 Thomas
1074 2075 1143 2096 non
1163 2064 1270 2102 solvit,
1294 2065 1351 2097 sed

277 2112 417 2143 solutam
443 2112 596 2153 relinquit
623 2123 661 2144 ex
688 2112 790 2144 dictis.
818 2111 962 2152 Negatur
992 2111 1080 2141 enim
1105 2111 1349 2151 consequentia.

277 2155 363 2195 Quia
378 2157 466 2187 enim
482 2163 595 2188 natura
606 2157 749 2188 hominis
765 2166 823 2198 per
834 2155 977 2187 divinam
992 2154 1231 2195 providentiam
1247 2161 1295 2186 est
1311 2155 1351 2187 ad

277 2201 553 2241 supernaturalem
565 2200 665 2232 finem
681 2200 837 2236 ordinata,
849 2200 924 2231 ideo
937 2198 1045 2230 divina
1061 2198 1263 2239 providentia
1274 2209 1350 2240 pro-

276 2245 356 2276 vidit
379 2246 439 2276 sibi
463 2242 502 2276 de
526 2246 760 2286 supernaturali
777 2244 975 2285 cognitione,
991 2243 1075 2274 sicut
1090 2242 1130 2274 ad
1146 2252 1351 2284 consequen·

278 2290 357 2321 dum
380 2290 560 2321 naturalem
580 2289 680 2321 finem
696 2289 737 2321 de
752 2289 918 2330 principiis
939 2287 1139 2319 naturalibus
1154 2287 1305 2328 providit.

333 2334 372 2365 V.
398 2333 526 2371 Scotus,
550 2345 561 2365 1
585 2344 640 2375 qu.
669 2334 801 2375 Prologi
833 2333 846 2364 1
869 2332 968 2368 Sent„
992 2332 1166 2363 nobiscum
1197 2334 1351 2365 convenit

278 2379 311 2409 in
335 2378 478 2410 duobus:
509 2379 628 2420 primo,
653 2378 743 2419 quod
772 2378 991 2409 necessarium
1020 2382 1068 2408 est
1090 2377 1185 2409 nobis
1209 2379 1351 2420 aliquam

278 2424 427 2454 notitiam
458 2424 740 2464 supernaturaliter
769 2421 865 2459 tradi;
896 2420 1053 2458 secundo,
1085 2422 1176 2462 quod
1207 2422 1281 2454 finis
1311 2422 1352 2454 ad

279 2477 378 2508 quem
397 2473 511 2499 natura
525 2469 668 2499 humana
687 2474 734 2499 est
757 2466 913 2503 ordinata,
925 2466 1048 2498 scilicet
1063 2465 1153 2497 Deus
1169 2476 1227 2508 per
1243 2477 1351 2499 essen-

278 2513 356 2543 tiam
372 2513 469 2549 visus,
486 2523 504 2543 a
519 2513 613 2544 nobis
629 2522 690 2554 pro
706 2518 790 2544 statu
805 2513 867 2542 isto
879 2521 948 2542 non
964 2516 1012 2542 est
1026 2511 1212 2543 naturaliter
1228 2522 1351 2553 cogno-

279 2557 406 2588 scibilis.
432 2557 468 2588 In
491 2558 555 2588 hoc
583 2563 692 2589 autem
718 2555 889 2592 discordat,
914 2555 991 2596 quia
1013 2556 1108 2596 ponit
1131 2554 1232 2588 finem
1258 2557 1351 2588 illum

278 2602 457 2632 naturalem
470 2611 548 2638 esse,
561 2602 636 2633 licet
648 2600 930 2643 supernaturaliter
946 2599 1203 2641 adipiscendum.
1215 2600 1352 2633 Sanctus

279 2646 424 2677 Thomas
448 2652 567 2683 autem,
583 2647 617 2678 in
639 2647 743 2687 prima
766 2646 891 2677 ratione
905 2644 1002 2676 huius
1021 2645 1154 2685 capituli
1178 2651 1210 2676 et
1232 2646 1307 2677 alibi
1323 2647 1351 2683 ⁹,

279 2696 367 2722 tenet
390 2691 542 2722 ultimum
561 2690 662 2722 finem
676 2691 830 2727 hominis,
847 2690 904 2731 qui
924 2694 972 2721 est
987 2689 1087 2726 Deus,
1105 2695 1136 2721 et
1159 2696 1351 2732 supernatu-

279 2735 379 2766 ralem
403 2745 482 2772 esse,
499 2741 531 2767 et
546 2735 829 2777 supernaturaliter
844 2733 1089 2775 acquirendum.

333 2780 453 2811 Probat
468 2786 577 2811 autem
600 2780 723 2812 dictum
747 2789 844 2811 suum
868 2778 986 2811 Scotus
1015 2778 1133 2820 primo,
1162 2780 1351 2811 auctoritate

279 2825 463 2865 Augustini,
489 2825 501 2855 1
524 2824 579 2855 lib.
603 2824 643 2856 de
665 2824 783 2857 Praed.
807 2823 929 2859 Sanct„
947 2833 975 2854 c.
991 2833 1022 2859 v,
1046 2823 1103 2854 ubi
1127 2823 1184 2854 ait:
1209 2824 1352 2856 Pminde

274 2879 373 2910 posse
395 2869 633 2910 haberefidem,
650 2869 735 2900 sicut
751 2879 850 2910 posse
868 2868 987 2900 habere
1005 2867 1185 2903 caritatem,
1212 2874 1352 2901 naturae

280 2919 327 2945 est
342 2914 522 2944 hominum:
543 2913 661 2945 habere
683 2920 791 2945 autem
804 2913 920 2955 fidem,
944 2912 1215 2954 quemadmodum
1234 2914 1352 2945 habere

280 2958 459 2994 caritatem,
482 2959 614 3000 gratiae
629 2963 677 2989 est
688 2958 852 3000 fidelium.
878 2958 977 2999 Igitur
1000 2966 1097 2998 posse
1119 2957 1237 2989 habere
1253 2957 1351 2990 fidem

281 3008 312 3034 et
335 3004 499 3034 caritatem
526 3003 710 3034 naturaliter
734 3003 888 3034 convenit
910 3001 1047 3033 homini.
1081 3001 1168 3043 Ergo
1200 3007 1232 3034 et
1254 3012 1351 3044 posse

279 3047 397 3078 habere
423 3046 524 3078 finem
547 3046 588 3078 ad
612 3057 711 3088 quem
734 3046 814 3079 fides
837 3047 1017 3088 caritasque
1041 3046 1194 3088 disponit.

336 3091 498 3124 Secundo.
529 3091 642 3123 Homo
672 3092 858 3123 naturaliter
880 3092 979 3123 istum
1009 3089 1110 3122 finem
1140 3100 1240 3132 quem
1273 3091 1352 3124 dicis

280 3136 566 3177 supernaturalem,
591 3137 722 3178 appetit.
747 3137 846 3178 Igitur
873 3135 914 3168 ad
937 3136 1035 3167 istum
1058 3135 1244 3167 naturaliter
1266 3136 1352 3168 ordi-

280 3187 383 3212 natur.
408 3181 450 3212 Et
472 3190 530 3222 per
553 3191 759 3223 consequens
783 3187 830 3212 est
853 3180 1006 3212 naturalis
1029 3179 1112 3212 finis.

338 3235 367 3256 2.
393 3225 456 3258 Sed
480 3231 592 3257 contra
614 3226 698 3258 hanc
722 3226 922 3267 positionem
946 3225 1046 3261 Scoti‚
1071 3230 1231 3266 quantum
1255 3225 1295 3257 ad
1318 3225 1352 3257 id

282 3269 315 3300 in
339 3279 405 3310 quo
430 3270 591 3302 discordat
614 3280 632 3301 a
656 3270 775 3302 Sancto
800 3270 941 3307 Thoma,
965 3269 1109 3310 arguitur
1125 3270 1180 3300 sic.
1205 3269 1239 3301 Si
1262 3270 1352 3302 Deus

283 3320 364 3344 esset
390 3314 462 3345 finis
492 3314 655 3352 naturalis,
680 3315 762 3347 idest
793 3314 827 3346 in
859 3324 960 3356 quem
983 3319 1096 3346 natura
1128 3313 1271 3352 inclinat,
1296 3314 1352 3346 sed

283 3360 562 3398 supernaturaliter
578 3359 804 3401 acquirendus,
820 3365 1010 3401 sequeretur
1026 3358 1116 3400 quod
1132 3364 1245 3390 natura
1260 3359 1352 3390 incli-

282 3409 372 3434 naret
395 3413 491 3435 suum
514 3405 696 3436 subiectum
720 3404 760 3436 ad
783 3403 916 3445 aliquod
939 3403 980 3435 ad
1007 3403 1098 3444 quod
1122 3409 1204 3435 esset
1227 3403 1351 3445 impos-

1405 324 1496 354 sibile
1513 328 1549 353 ut
1564 323 1765 363 perduceret.
1782 321 1858 352 Hoc
1874 326 1983 351 autem
1999 321 2032 351 in
2049 321 2202 351 omnibus
2217 321 2340 351 naturis
2356 319 2482 351 videtur

1405 368 1532 398 falsum.
1564 367 1606 398 Et
1630 367 1728 397 etiam
1757 371 1918 406 repugnat
1946 365 2079 395 rationi:
2111 370 2190 395 tunc
2214 365 2302 395 enim
2328 365 2482 396 naturalis

1405 412 1567 452 appetitus
1592 416 1675 442 esset
1697 410 1814 440 frustra
1835 410 1870 440 in
1893 415 2017 446 natura,
2042 410 2118 450 quia
2133 409 2226 440 nullo
2245 408 2347 440 modo
2370 415 2482 450 posset

1405 465 1462 497 per
1484 461 1633 486 naturam
1657 454 1834 495 adimpleri.
1858 454 1945 494 Ergo
1970 459 2031 485 etc.

1463 499 1491 530 3.
1509 499 1573 530 Sed
1590 500 1674 530 circa
1689 499 1753 530 hoc
1770 499 1907 530 dubium
1923 499 2072 530 occurrit.
2086 497 2222 529 Videtur
2238 498 2327 528 enim
2342 497 2480 529 Sanctus

1405 544 1551 574 Thomas
1567 544 1686 574 sentire
1706 553 1782 574 cum
1793 543 1904 580 Scoto,
1914 553 2013 584 super
2024 543 2116 574 Boet.
2130 543 2231 579 Trin„
2245 552 2276 583 q.
2287 543 2357 579 ult.‚
2370 552 2398 573 a.
2411 542 2481 578 ult.,

1405 587 1445 618 ad
1461 589 1518 619 ult.
1531 589 1548 605 ³*
1572 587 1620 618 Ibi
1636 589 1724 619 enim
1740 589 1784 618 ait
1799 588 1901 628 quod,
1913 589 2061 628 quamvis
2075 588 2174 618 homo
2191 587 2369 618 inclinetur
2387 592 2482 618 natu-

1405 632 1522 663 raliter
1545 633 1578 662 in
1591 633 1699 674 finem
1723 633 1883 670 ultimum,
1915 642 1980 663 non
2003 638 2114 674 potest
2145 638 2251 674 tamen
2284 632 2484 663 naturaliter

1405 677 1498 707 illum
1522 677 1686 718 consequi,
1709 677 1767 707 sed
1789 677 1896 708 solum
1914 687 1979 718 per
2000 678 2157 719 gratiam.

1460 722 1690 762 Respondetur
1714 721 1805 762 quod
1821 722 1912 752 aliter
1927 722 2045 762 accipit
2060 722 2178 753 Scotus
2193 721 2374 752 naturalem
2389 720 2482 751 incli-

1404 767 1573 797 nationem
1600 763 1635 797 et
1654 765 1755 797 finem
1779 766 1970 803 naturalem,
1995 771 2027 797 et
2050 766 2140 797 aliter
2164 766 2300 797 Sanctus
2324 765 2482 796 Thomas.

1405 810 1477 851 Ipse
1494 812 1582 842 enim
1594 811 1713 842 Scotus
1724 811 1843 851 accipit
1857 810 2038 842 naturalem
2053 811 2299 842 inclinationem
2311 820 2372 851 pro
2388 810 2483 841 incli-

1404 856 1538 887 natione
1560 865 1650 887 mere
1673 856 1811 886 naturali
1828 861 2051 896 consequente
2070 860 2219 886 naturam
2243 861 2275 886 et
2290 855 2483 887 excludente

1405 901 1640 941 cognitionem,
1674 910 1759 941 quae
1789 909 1859 931 non
1891 905 1939 931 est
1968 905 2059 931 actus
2091 899 2228 937 elicitus,
2251 905 2288 930 ut
2310 905 2401 941 patet
2424 909 2483 940 per

1404 945 1514 986 ipsum
1537 945 1676 984 Quarto,
1700 944 1730 976 d.
1751 955 1835 982 xmx,
1859 954 1890 985 q.
1915 954 1944 975 x.
1975 945 2055 976 Item
2079 945 2149 985 ipse
2172 945 2320 986 loquitur
2347 944 2388 976 de
2414 944 2481 975 fine

1404 990 1522 1021 ultimo
1546 990 1763 1027 materialiter,
1787 989 1910 1020 scilicet
1933 988 1974 1020 de
1998 999 2039 1020 eo
2062 989 2098 1020 in
2122 998 2190 1029 quo
2213 989 2378 1020 invenitur
2399 989 2482 1020 ratio

1404 1034 1511 1065 ultimi
1534 1034 1618 1066 finis.
1643 1034 1781 1078 Sanctus
1804 1034 1951 1065 Thomas
1975 1040 2085 1065 autem
2107 1043 2166 1075 per
2188 1033 2369 1065 naturalem
2391 1033 2483 1066 incli-

1404 1080 1572 1110 nationem
1595 1079 1746 1120 intelligit
1768 1088 1837 1110 non
1863 1079 2110 1111 inclinationem
2137 1084 2271 1121 naturae
2295 1077 2483 1120 oppositam

1403 1124 1607 1155 inclinationi
1622 1134 1707 1165 quae
1722 1124 1869 1164 sequitur
1884 1124 2119 1165 cognitionem,
2136 1123 2202 1154 sed·
2213 1129 2323 1155 actum
2339 1123 2484 1154 elicitum

1404 1179 1423 1199 a
1445 1169 1613 1200 voluntate
1638 1169 1695 1210 qui
1718 1174 1767 1200 est
1788 1168 1941 1199 naturalis
1958 1174 1989 1200 et
2005 1168 2237 1200 determinatus
2260 1173 2422 1209 quantum
2441 1168 2482 1200 ad

1404 1213 1683 1254 specificationem
1706 1218 1807 1250 actm,
1822 1222 1892 1244 non
1907 1219 2018 1245 autem
2034 1219 2196 1255 quantum
2218 1212 2260 1244 ad
2283 1213 2482 1245 exercitium.

1405 1258 1486 1290 Item
1508 1258 1656 1299 loquitur
1679 1257 1719 1290 de
1742 1258 1860 1289 ultimo
1876 1256 1942 1289 fine
1965 1259 2000 1289 in
2022 1258 2165 1299 generali
2189 1263 2221 1289 et
2235 1258 2296 1289 sub
2313 1258 2484 1290 communi

1404 1303 1530 1335 ratione
1560 1303 1667 1335 ultimi
1696 1302 1771 1334 finis
1799 1308 1831 1334 et
1861 1302 2079 1340 beatitudinis,
2109 1309 2146 1334 ut
2175 1302 2311 1334 inferius
2341 1301 2483 1334 declara-

1404 1348 1501 1379 bitur.
1525 1347 1567 1379 Et
1591 1354 1639 1380 est
1661 1357 1775 1379 sensus
1798 1348 1973 1380 verborum
1997 1348 2067 1379 eius
2097 1347 2199 1389 quod,
2229 1348 2256 1379 si
2278 1353 2484 1389 proponatur

1404 1393 1565 1424 voluntati
1588 1393 1723 1424 ultimus
1746 1390 1820 1423 finis
1836 1398 1868 1424 et
1891 1392 2060 1424 beatitudo
2084 1392 2117 1424 in
2135 1394 2316 1430 communi,
2332 1391 2484 1424 voluntas

1405 1437 1539 1479 quidem
1551 1443 1660 1478 potest
1675 1437 1791 1468 elicere
1807 1442 1840 1468 et
1854 1447 1923 1468 non
1940 1438 2056 1469 elicere
2072 1443 2181 1469 actum
2197 1438 2282 1470 circa
2296 1437 2378 1470 illud
2393 1437 2484 1468 obie-

1405 1488 1506 1519 ctum,
1529 1482 1586 1514 sed
1609 1483 1635 1513 si
1658 1482 1764 1514 eliciat
1787 1487 1896 1513 actum
1913 1482 1998 1513 circa
2019 1483 2111 1521 illud,
2134 1483 2189 1514 ille
2211 1489 2302 1515 actus
2326 1482 2386 1514 erit
2406 1491 2483 1524 pro-

1405 1527 1541 1564 secutio,
1566 1532 1598 1559 et
1622 1537 1692 1558 non
1715 1532 1824 1568 potest
1850 1527 2002 1558 voluntas
2033 1527 2096 1559 tale
2128 1528 2295 1559 obiectum
2324 1526 2483 1568 refugere,

1404 1571 1480 1603 licet
1502 1572 1606 1604 homo
1630 1581 1699 1603 non
1714 1571 1818 1613 possit
1833 1571 1874 1603 ad
1889 1571 1970 1603 illud
1985 1572 2112 1604 bonum
2127 1573 2261 1614 propria
2276 1573 2394 1604 virtute
2409 1581 2483 1613 per-

1404 1617 1524 1648 venire.
1548 1617 1626 1648 Non
1641 1622 1690 1648 est
1705 1622 1815 1648 autem
1829 1616 2064 1648 inconveniens
2080 1617 2173 1659 quod
2186 1618 2290 1649 homo
2311 1618 2347 1648 in
2361 1616 2484 1660 aliquid

1404 1661 1579 1693 inclinetur
1601 1671 1660 1702 per
1683 1667 1792 1693 actum
1807 1661 1984 1693 voluntatis
2002 1663 2184 1694 naturalem
2206 1662 2310 1694 modo
2334 1661 2434 1699 dicto,
2451 1667 2484 1694 et

1405 1712 1515 1738 tamen
1538 1705 1619 1738 illud
1642 1715 1711 1738 non
1734 1707 1838 1747 possit
1852 1707 1971 1738 virtute
1985 1708 2118 1749 propria
2137 1707 2285 1748 adipisci:
2311 1706 2389 1747 quia
2407 1706 2484 1738 licet

1405 1750 1446 1782 ad
1468 1750 1549 1783 illud
1572 1751 1672 1782 virtus
1700 1751 1854 1782 naturalis
1876 1761 1946 1782 non
1976 1751 2124 1789 sufficiat,
2154 1752 2351 1793 proponitur
2373 1757 2484 1783 tamen

1405 1795 1566 1827 voluntati
1589 1796 1650 1827 sub
1666 1796 1792 1827 ratione
1809 1796 1992 1837 appetibilis
2015 1806 2054 1828 ex
2078 1798 2170 1829 omni
2193 1802 2284 1838 parte
2307 1801 2340 1827 et
2353 1795 2483 1828 nullum

1405 1841 1553 1872 habentis
1576 1840 1655 1871 boni
1688 1839 1863 1877 defectum,
1893 1850 1931 1872 ex
1960 1850 2028 1882 quo
2059 1842 2158 1873 habet
2180 1842 2332 1873 voluntas
2354 1846 2392 1872 ut
2413 1850 2483 1873 non

1405 1886 1509 1927 possit
1531 1884 1612 1916 illud
1627 1894 1789 1926 respuere.
1807 1885 1871 1917 Sed
1885 1886 1970 1917 bene
1987 1892 2035 1917 est
2049 1886 2285 1918 inconveniens
2300 1891 2337 1916 ut
2360 1884 2484 1927 aliquid

1407 1935 1577 1971 appetatur
1599 1929 1787 1960 naturaliter
1809 1930 1957 1972 appetitu
1984 1931 2042 1972 qui
2073 1937 2121 1963 est
2143 1931 2213 1963 sola
2235 1935 2369 1962 natiuae
2390 1929 2484 1964 incli-

1406 1975 1507 2011 natio,
1533 1980 1565 2006 et
1587 1979 1697 2005 tamen
1719 1974 1823 2005 homo
1848 1974 1889 2006 ad
1910 1974 1992 2006 illud
2014 1985 2084 2007 non
2106 1976 2211 2017 possit
2234 1975 2344 2016 aliqua
2365 1974 2485 2007 virtute

1407 2018 1546 2051 naturali
1569 2019 1752 2060 pervenire:
1778 2019 1855 2059 quia
1881 2025 1997 2051 natura
2019 2020 2204 2053 secundum
2231 2030 2267 2052 se
2293 2028 2364 2051 non
2386 2019 2485 2052 habet

1406 2064 1654 2096 inclinationem
1675 2063 1737 2094 nisi
1760 2062 1844 2095 infra
1866 2069 2000 2096 naturae
2022 2065 2152 2097 limites.

1462 2117 1493 2148 4.
1519 2109 1720 2149 Argumenta
1750 2114 1860 2140 autem
1891 2108 1981 2141 Scoti
2010 2119 2080 2141 non
2104 2115 2238 2152 cogunt.
2269 2108 2372 2148 Quod
2395 2108 2484 2142 enirn

1406 2154 1512 2195 inquit
1534 2154 1736 2194 Augustinus
1752 2162 1848 2194 posse
1871 2153 1990 2186 habere
2005 2153 2104 2186 fidem
2129 2164 2198 2186 esse
2221 2159 2354 2186 naturae
2375 2153 2484 2185 homi-

1406 2207 1498 2235 num,
1522 2207 1590 2229 non
1613 2197 1689 2229 ideo
1722 2197 1839 2229 dicitur
1872 2199 2031 2239 quoniam
2059 2199 2094 2230 in
2117 2199 2251 2231 homine
2275 2199 2315 2230 sit
2338 2198 2484 2240 potentia

1407 2242 1560 2274 naturalis
1576 2242 1616 2273 ad
1639 2241 1738 2274 fidem
1762 2248 1794 2274 et
1817 2243 1982 2275 caritatem
2004 2242 2172 2285 finemque
2190 2242 2483 2285 supernaturalem:

1407 2286 1464 2318 sed
1487 2287 1564 2327 quia
1586 2287 1620 2318 in
1636 2293 1750 2318 natura
1774 2293 1805 2318 et
1828 2288 2006 2320 substantia
2020 2289 2164 2321 hominis
2180 2294 2228 2320 est
2242 2288 2390 2330 potentia
2405 2287 2484 2320 obe-

1407 2331 1554 2363 dientalis
1584 2330 1624 2362 ad
1646 2331 1711 2368 illa,
1736 2333 1948 2374 potentiaque
1974 2333 2091 2374 logica,
2116 2343 2200 2375 quae
2228 2339 2275 2364 est
2302 2341 2422 2364 non-re
2447 2341 2484 2363 u-

1407 2377 1547 2417 gnantia.
1564 2376 1641 2407 Non
1658 2377 1746 2407 enim
1761 2383 1921 2418 repugnat
1935 2383 2068 2410 naturae
2091 2377 2234 2409 hominis
2251 2378 2369 2409 habere
2385 2375 2408 2408 fi
2431 2385 2484 2408 em

1408 2426 1440 2452 et
1463 2421 1638 2457 caritatem,
1663 2422 1746 2452 sicut
1761 2427 1895 2454 naturae
1909 2422 2035 2463 lapidis.
2061 2422 2166 2454 Immo
2190 2423 2333 2454 hominis
2349 2427 2483 2454 naturae

1408 2464 1481 2496 data
1512 2471 1559 2496 est
1589 2466 1748 2506 capacitas
1772 2465 1812 2496 ad
1840 2476 1877 2498 ea
1905 2467 2024 2508 quibus
2052 2467 2155 2499 homo
2183 2467 2287 2509 possit
2320 2465 2360 2498 ad
2383 2465 2484 2498 finem

1407 2509 1686 2551 supernaturalem
1716 2511 1902 2551 pervenire:
1927 2517 1964 2543 ut
1993 2512 2103 2543 haberi
2132 2518 2241 2553 potest
2269 2521 2308 2543 ex
2337 2511 2376 2543 iis
2399 2519 2485 2553 quae

1408 2554 1560 2586 dicuntur
1580 2554 1676 2587 Verit.
1694 2564 1726 2595 q.
1743 2565 1806 2592 xxv,
1823 2565 1851 2587 a.
1873 2564 1924 2592 ιο,
1941 2555 1982 2587 ad
2003 2565 2029 2588 ι.
2050 2556 2146 2588 Unde
2169 2566 2283 2588 sensus
2307 2557 2338 2587 A
2438 2556 2445 2563 '
2474 2555 2481 2562 '

1409 2605 1456 2631 est
1472 2599 1563 2640 quod
1578 2599 1612 2630 in
1627 2605 1742 2631 natura
1759 2599 1934 2632 hominum
1957 2607 2005 2632 est
2028 2602 2187 2642 capacitas
2215 2607 2246 2632 et
2270 2599 2419 2642 aptitudo
2442 2598 2484 2631 ad

1407 2643 1507 2676 fidem
1531 2650 1563 2676 et
1586 2644 1761 2681 caritatem,
1779 2654 1863 2686 quae
1879 2646 1913 2676 in
1937 2646 2007 2677 aliis
2026 2647 2149 2678 naturis
2172 2646 2391 2678 materialibus
2414 2653 2483 2676 non

1408 2689 1580 2721 invenitur.

1462 2733 1514 2764 Ad
1537 2733 1729 2770 secundum,
1752 2740 1888 2775 negatur
1910 2734 2116 2772 antecedens,
2140 2734 2167 2766 si
2189 2734 2378 2776 simpliciter
2399 2733 2485 2765 acci·

1407 2777 1514 2819 piatur
1536 2779 1640 2810 homo
1665 2785 1824 2819 quantum
1841 2778 1881 2810 ad
1896 2779 2063 2812 naturalia.
2087 2780 2164 2811 Non
2188 2779 2276 2811 enim
2299 2777 2485 2811 naturaliter

1408 2823 1530 2864 appetit
1545 2823 1659 2860 homo,
1675 2824 1709 2854 in
1726 2833 1783 2854 sua
1798 2830 1912 2855 natura
1928 2824 2160 2861 consideratus,
2176 2824 2338 2857 visionem
2356 2820 2484 2855 divinae

1408 2868 1564 2899 essentiae
1587 2873 1624 2899 ut
1640 2874 1687 2899 est
1710 2878 1877 2900 summum
1892 2869 2019 2900 bonum
2043 2875 2075 2900 et
2096 2869 2231 2901 ultimus
2254 2867 2328 2899 finis
2343 2866 2384 2900 ad
2399 2876 2484 2909 quae

1407 2918 1521 2943 natura
1552 2913 1776 2944 intellectualis
1808 2919 1855 2944 est
1886 2923 1944 2954 per
1967 2913 2110 2945 divinam
2133 2911 2372 2955 providentiam
2396 2911 2483 2944 ordi-

1407 2962 1497 2988 nata:
1521 2974 1544 2980 -
1566 2958 1612 2988 sic
1642 2958 1730 2989 enim
1760 2967 1848 2989 nunc
1879 2957 1919 2989 de
1948 2959 2074 2990 visione
2104 2957 2232 2990 divinae
2255 2957 2412 2989 essentiae
2434 2956 2484 2988 lo—

1408 3001 1549 3042 quimur.
1574 3001 1607 3033 Si
1631 3008 1741 3034 autem
1764 3002 1939 3044 accipiatur
1961 3003 2064 3034 horno
2088 3009 2125 3034 ut
2147 3001 2340 3034 informatus
2363 3000 2484 3033 revela-

1407 3046 1497 3077 tione
1521 3046 1630 3078 divina
1653 3052 1685 3078 et
1707 3045 1772 3078 fide
1796 3047 1887 3088 quod
1910 3047 2044 3080 ultimus
2068 3047 2138 3080 eius
2165 3045 2239 3079 finis
2262 3053 2294 3078 et
2316 3054 2483 3078 summum

1408 3091 1478 3122 eius
1500 3091 1627 3123 bonum
1650 3092 1690 3123 sit
1721 3091 1849 3124 divinae
1875 3093 2031 3124 essentiae
2054 3092 2137 3124 visio
2161 3092 2245 3123 clara
2269 3097 2301 3122 et
2329 3089 2482 3132 perfecta,

1408 3135 1453 3166 sic
1476 3135 1564 3167 illam
1588 3135 1774 3168 naturaliter
1798 3137 1931 3178 appetit,
1956 3137 2039 3168 sicut
2062 3142 2095 3168 et
2117 3144 2284 3168 summum
2306 3135 2433 3166 bonum
2447 3133 2482 3165 in

1407 3180 1589 3212 universali.
1614 3180 1678 3212 Sed
1701 3186 1779 3212 tunc
1802 3187 1938 3222 negatur
1961 3181 2204 3222 consequentia,
2228 3178 2359 3215 scilicet,
2387 3177 2482 3220 Ergo

1408 3230 1455 3255 est
1478 3225 1651 3261 naturalis,
1676 3225 1716 3256 ad
1739 3225 1878 3257 modurn
1904 3235 1972 3267 quo
2002 3225 2168 3267 loquimur
2190 3223 2244 3255 hic
2267 3223 2308 3254 de
2334 3223 2483 3260 naturali,

1409 3269 1448 3300 de
1472 3279 1512 3300 eo
1536 3270 1658 3301 scilicet
1673 3269 1738 3302 fine
1756 3270 1813 3311 qui
1827 3276 1961 3302 naturae
1985 3268 2260 3312 proportionatur‚
2278 3274 2310 3299 et
2326 3268 2420 3299 cuius
2436 3272 2484 3299 est

1408 3315 1566 3355 capacitas
1581 3315 1743 3352 naturalis,
1768 3321 1866 3356 atque
1880 3315 1915 3346 in
1939 3323 2038 3355 quem
2053 3312 2192 3354 propriis
2215 3313 2336 3343 viribus
2351 3317 2484 3344 naturae

1407 3364 1515 3400 potest
1538 3360 1716 3400 perveniri:
1742 3359 1787 3391 sic
1814 3359 1902 3391 enim
1926 3357 2043 3390 dicitur
2071 3356 2194 3398 aliquid
2224 3357 2369 3388 naturale
2396 3355 2484 3398 apud

1407 3403 1633 3445 philosophos,
1658 3404 1720 3436 nisi
1743 3404 1832 3435 abuti
1855 3401 2023 3435 vocabulis
2046 3402 2257 3433 voluerimus.

2509 587 2519 596 ·
2529 586 2568 608 ΑΙ.
2577 586 2629 608 lect.
2640 591 2723 614 2,q.11‚

2510 619 2531 634 a.
2545 620 2570 640 4,
2585 613 2614 634 ad
2628 613 2669 635 ult.
