2768 4134
763 306 951 343 SUMMA
981 307 1202 347 CONTRA
1231 309 1507 359 GENTILES,
1538 312 1650 350 CAP.
1671 313 1821 362 LXXII,
1842 316 2008 354 LXXIII.

283 381 405 413 ordinis
429 384 554 414 entium
578 393 654 414 cum
678 385 749 425 ipso
774 383 849 421 fine,
875 386 950 425 quia
973 386 1122 418 videlicet
1145 398 1241 429 agens
1265 395 1358 420 natu-

282 427 347 457 rale
371 428 435 468 agit
465 434 598 469 propter
627 428 766 466 formam
796 431 985 468 naturalem,
1010 437 1041 462 et
1071 442 1168 474 agens
1195 433 1357 465 artificiale

265 470 416 512 *propter
445 471 596 515 formam>
612 471 823 511 artificiatam‚
848 480 880 505 et
902 475 947 505 sic
971 475 1011 506 de
1035 477 1122 514 aliis3-
1140 474 1220 509 nihil
1236 478 1357 512 „autem

282 516 462 547 collocetur
477 517 511 547 in
527 527 595 548 uno
619 517 733 548 ordine
757 528 833 549 cum
858 519 939 555 Deo,
957 530 997 550 eo
1014 521 1104 561 quod
1125 522 1213 553 solus
1234 523 1302 563 ipse
1318 524 1358 554 sit

281 561 425 600 primum
442 562 581 592 entium:
607 567 737 602 oportet
752 562 858 594 dicere
875 564 981 595 Deum
997 575 1065 596 non
1081 576 1149 597 esse
1166 566 1265 598 finem
1281 577 1357 608 pro—

281 605 407 636 ximum
429 605 564 637 alicuius
585 607 708 646 agentis
729 609 836 644 creati,
854 618 914 639 nec
936 609 1078 650 aliquem
1097 610 1196 642 finem
1213 618 1356 643 creatum

281 659 351 680 esse
373 651 659 690 proportionatum
683 653 790 692 agenti
813 652 934 690 divino,
958 654 1014 685 sed
1037 655 1143 696 ipsum
1160 656 1268 687 Deum
1287 666 1355 688 esse

280 693 382 724 finem
399 694 506 735 'ipsius
529 695 591 725 Dei
615 697 747 736 agentis,
772 702 805 727 et
827 697 934 728 Deum
958 709 1051 739 agere
1074 706 1207 741 propter
1229 710 1263 731 se
1287 707 1356 732 tan—

280 747 380 778 quam
403 745 538 779 propter
560 739 659 771 finem
683 742 741 771 sibi
765 743 1058 782 proportionatum.
1083 745 1125 775 Et
1141 746 1300 785 cumipse
1317 747 1357 776 sit

279 781 353 814 finis
376 783 594 824 intelligibilis,
619 794 750 816 necesse
774 792 822 817 est
844 793 880 817 ut
907 788 1147 829 intelligibiliter
1175 795 1354 830 appetatur.

279 826 381 866 Quod
405 834 453 859 est
475 838 533 869 per
556 829 756 861 voluntatem
780 838 941 872 appetere.

2408 320 2488 357 213

1467 391 1607 423 Adverte
1631 394 1727 424 etiam
1751 395 1851 435 quod,
1872 405 1947 427 cum
1971 396 2048 427 dixit
2064 397 2198 429 Sanctus
2214 399 2358 430 Thomas
2375 401 2483 432 Deum

1412 442 1563 476 appetere
1579 447 1612 468 se
1628 437 1738 474 finem,
1756 439 1886 477 addidit,
1911 445 1950 479 ut⁴
1969 441 2014 478 ita
2038 442 2175 478 dicatur.
2201 443 2287 482 Quia
2302 445 2483 476 secundum

1409 481 1640 521 proprietatem
1663 483 1823 522 vocabuli,
1847 490 1998 525 appetere
2021 491 2068 516 est
2090 492 2238 528 respectu
2261 489 2307 519 rei
2329 499 2398 520 non
2425 490 2482 520 ha-

1411 524 1505 561 bitae,
1530 531 1562 555 et
1585 526 1740 566 accipitur
1771 534 1868 568 prout
1898 528 1983 559 idem
2016 536 2062 560 est
2085 532 2176 571 quod
2198 532 2392 564 desiderare.
2418 534 2482 565 Sed

1410 573 1519 600 tamen
1535 570 1710 610 aliquando
1727 572 1795 602 eius
1812 573 1992 604 extenditur
2007 574 2209 614 significatio,
2222 582 2258 607 ut
2270 578 2375 608 omnis
2391 584 2481 609 actus

1409 613 1584 644 voluntatis
1600 614 1723 646 dicatur
1738 621 1899 657 appetere.
1917 617 1958 647 Et
1973 618 2036 649 hoc
2052 619 2153 650 modo
2169 621 2222 651 hic
2238 622 2392 662 accipitur
2404 632 2480 653 cum

1410 657 1526 689 dicitur
1541 658 1649 694 Deum
1665 665 1815 700 appetere
1831 670 1865 691 se
1881 660 1990 692 finem.
2007 662 2139 694 Addidit
2155 674 2231 705 ergo
2247 665 2381 697 Sanctus
2389 666 2479 697 Tho-

1409 711 1477 732 mas
1493 703 1546 733 illa
1559 703 1658 734 verba
1674 710 1710 735 ut
1725 705 2001 746 improprietatem
2017 707 2190 739 locutionis
2207 709 2397 741 ostenderet.

1465 746 1698 779 Cournuurtm
1713 755 1879 789 postremo
1896 751 2084 782 auctoritate
2101 752 2227 789 Psalmi,
2249 753 2366 785 Omnia
2381 765 2479 796 quae-

1409 800 1545 832 cumque
1567 792 1672 823 voluit
1694 798 1770 830 etc.;
1794 799 1826 825 et
1848 795 2009 835 Apostoli,
2033 796 2126 829 Rom.
2153 807 2195 833 xx,
2224 798 2388 829 Voluntati
2409 800 2480 831 eius

1408 835 1480 876 quis
1504 836 1652 867 resistit?
1676 844 1736 868 etc.
2368 854 2370 856 ’
2408 857 2412 862 ·

1330 983 1431 1028 mm

555 1175 1042 1261 cAP1TULUM
1079 1194 1796 1254 SEPTUAGESIMUM
1833 1199 2233 1266 TERT1UM

409 1344 442 1349 ,μ
857 1327 860 1330 ’
1147 1320 1177 1350 Α
1209 1330 1278 1351 22r
1316 1321 1391 1361 b42
1418 1322 1485 1352 sine
1510 1323 1614 1354 titulo.

709 1414 885 1468 QUOD
919 1417 1257 1460 VOLUNTAS
1291 1420 1395 1460 DEI
1428 1421 1544 1462 EST
1579 1422 1716 1463 EIUS
1750 1422 2050 1465 ESSENTIA

371 1580 443 1616 Τ
468 1586 470 1590 ,
489 1574 512 1600 x
532 1562 608 1600 hoc
627 1570 760 1600 autem
780 1572 941 1614 apparet
954 1565 1062 1616 quod
1082 1578 1153 1604 sua
1172 1568 1353 1605 voluntas

442 1660 449 1662 ξ
472 1617 474 1620 ’
502 1628 585 1654 non
613 1624 670 1653 est
698 1616 802 1654 aliud
832 1629 953 1668 quarn
983 1631 1054 1656 sua
1082 1619 1256 1657 essentia.

440 1666 457 1678 ⁰
556 1670 643 1708 Deo
658 1669 765 1708 enim
779 1671 964 1709 convenit
982 1684 1065 1709 esse
1080 1674 1277 1710 volentem
1297 1673 1353 1710 in-

502 1731 696 1774 quantum
729 1731 786 1761 est
819 1724 1042 1774 intelligens,
1075 1727 1119 1764 ut
1151 1734 1353 1765 ostensum

1463 1569 1652 1619 Amplius,
1683 1570 1786 1607 Cum
1822 1582 1939 1608 omne
1978 1583 2094 1620 agens
2129 1580 2214 1619 agat
2247 1572 2479 1622 inquantum

1409 1629 1496 1659 actu
1516 1630 1584 1670 est,
1605 1630 1756 1672 oportet
1784 1624 1892 1673 quod
1920 1625 2038 1671 Deus,
2058 1624 2126 1674 qui
2145 1632 2201 1661 est
2219 1633 2325 1662 actus
2344 1637 2478 1675 puruS,

1409 1687 1480 1724 per
1507 1687 1620 1713 suam
1649 1676 1853 1713 essentiam
1882 1685 1977 1725 agat.
2006 1678 2113 1714 Velle
2137 1686 2269 1715 autem
2287 1686 2343 1715 est
2362 1691 2480 1728 quae-

1409 1728 1501 1765 dam
1531 1728 1603 1766 Dei
1631 1729 1816 1779 operatio.
1848 1730 2011 1780 Oportet
2030 1730 2141 1779 igitur
2159 1731 2267 1781 quod
2285 1731 2393 1768 Deus
2412 1744 2482 1781 per

274 1775 376 1814 esi!
406 1777 476 1815 Est
500 1783 635 1815 autem
663 1777 875 1827 intelligens
903 1790 975 1829 per
1001 1779 1208 1817 essentiam
1227 1793 1352 1828 suam,
1377 1795 1386 1815 ς
1409 1782 1616 1820 essentiam
1649 1795 1761 1820 suam
1790 1783 1836 1820 sit
1863 1784 2010 1821 volens.
2049 1784 2128 1821 Sua
2163 1784 2275 1832 igitur
2301 1785 2480 1822 voluntas

273 1837 318 1868 ut
328 1842 450 1880 supra
466 1831 487 1853 ⁸
505 1831 716 1882 probatum
731 1839 798 1869 est.
820 1832 923 1881 Ergo
939 1840 975 1870 et
989 1834 1137 1870 volens.
1159 1834 1228 1871 Est
1241 1833 1355 1884 igitur

273 1883 456 1922 v‘oluntas
475 1884 548 1922 Dei
567 1884 651 1934 ipsa
669 1884 753 1922 eius
772 1885 947 1923 essentia.

308 1944 310 1954 ¹
329 1937 482 1975 Adhuc.
511 1937 619 1975 Si'cut
638 1937 845 1987 intelligere
865 1946 922 1976 est
939 1939 1122 1989 perfectio
1142 1939 1352 1989 intelligen-

273 1990 333 2039 tis,
353 1990 405 2028 ita
423 1999 462 2028 et
479 1992 578 2028 velle
597 1991 777 2029 volentis:
807 1999 1022 2042 utrumque
1050 1992 1156 2030 enim
1176 2001 1232 2030 est
1251 1993 1351 2031 actio

274 2043 315 2082 in
335 2052 471 2093 agente
490 2057 668 2090 manens,
684 2057 766 2082 non
785 2053 918 2082 autem
935 2045 1125 2083 transiens
1144 2045 1183 2083 in
1205 2045 1350 2096 aliquid

274 2109 449 2148 passum,
478 2098 576 2135 sicut
603 2098 811 2136 calefactio.
842 2099 920 2136 Sed
954 2098 1160 2148 intelligere
1193 2100 1266 2137 Dei
1295 2107 1351 2137 est

271 2150 358 2190 'eius
376 2162 473 2196 esse,
493 2159 536 2189 ut
555 2163 673 2202 supra
686 2151 707 2174 '¹‘
725 2152 935 2201 probatum
955 2159 1026 2189 est:
1048 2165 1096 2190 eo
1116 2154 1237 2202 quod,
1258 2164 1349 2190 cum

275 2216 358 2242 esse
387 2204 567 2242 divinum
605 2205 824 2243 secundum
857 2217 898 2243 se
932 2205 978 2243 sit
1014 2206 1349 2255 perfectissimum,

273 2259 423 2296 nullam
449 2258 790 2308 supervenientem
816 2259 1094 2308 perfectionem
1114 2259 1287 2307 admittit,
1308 2268 1351 2297 ut

1409 1843 1465 1872 est
1493 1847 1563 1873 sua
1592 1836 1767 1874 essentia.

1462 1890 1568 1926 Item.
1592 1889 1632 1926 Si
1651 1891 1831 1927 voluntas
1850 1897 1949 1926 esset
1967 1889 2111 1939 aliquid
2131 1890 2307 1928 additum
2326 1890 2479 1928 divinae

1407 1942 1653 1989 substantiae,
1683 1955 1775 1980 curn
1803 1942 1934 1980 divina
1962 1943 2171 1980 substantia
2196 1943 2242 1980 sit
2260 1943 2354 1993 quid
2373 1955 2479 1981 com-

1406 1995 1555 2044 pletum
1584 1995 1623 2032 in
1652 2007 1747 2041 esse,
1768 2003 1995 2044 sequeretur
2019 1996 2126 2046 quod
2154 1997 2334 2034 voluntas
2362 1997 2477 2034 adve-

1406 2047 1505 2084 niret
1523 2048 1558 2085 ei
1578 2048 1688 2097 quasi
1708 2048 1885 2086 accidens
1905 2049 2093 2094 subiecto;
2123 2057 2348 2099 sequeretur
2368 2051 2476 2099 quod

1407 2100 1538 2138 divina
1573 2101 1784 2139 substantia
1818 2110 2109 2152 compararetur
2135 2103 2184 2139 ad
2212 2102 2337 2152 ipsam
2365 2103 2476 2152 quasi

1406 2154 1577 2203 potentia
1605 2154 1654 2192 ad
1683 2163 1829 2200 actum;
1859 2162 1895 2192 et
1923 2155 2030 2204 quod
2059 2164 2157 2192 esset
2184 2155 2414 2205 compositio
2436 2156 2475 2194 in

1406 2208 1503 2245 Deo.
1535 2208 1647 2254 Quae
1676 2208 1810 2245 omnia
1829 2208 1980 2258 supra*
2008 2208 2224 2258 improbata
2252 2217 2352 2247 sunt.
2382 2210 2475 2246 Non

1407 2268 1462 2298 est
1490 2260 1602 2309 igitur
1630 2261 1810 2310 possibile
1839 2262 1947 2311 quod
1975 2261 2107 2299 divina
2130 2263 2309 2300 voluntas
2337 2262 2382 2300 sit
2410 2262 2475 2300 ali—

222 2334 230 2346 ,
274 2311 427 2362 supra*
446 2319 647 2350 ostensum
667 2320 734 2349 est.
765 2313 833 2350 Est
858 2312 972 2362 igitur
994 2321 1031 2350 et
1054 2312 1232 2350 divinum
1251 2314 1349 2350 velle
1367 2331 1389 2351 ις
1406 2313 1500 2364 quid
1530 2314 1706 2351 additum
1734 2314 1888 2352 divinae
1917 2315 2113 2352 essentiae.

274 2376 358 2404 esse
377 2364 510 2415 ipsius.
532 2366 636 2414 Ergo
656 2373 692 2404 et
708 2367 888 2404 voluntas
903 2366 976 2404 Dei
995 2374 1051 2403 est
1070 2366 1154 2404 eius
1174 2366 1348 2404 essentia.

329 2480 363 2506 13
382 2481 531 2506 secundum
547 2488 579 2507 ne
597 2480 640 2506 hic
659 2481 682 2505 Α
699 2481 784 2511 solim
801 2484 865 2513 post
883 2480 925 2506 sit.

1017 2487 1050 2512 14
1069 2480 1188 2514 admittit]
1209 2481 1329 2506 admittat
1346 2481 1398 2506 ab.

1490 2481 1523 2507 16
1542 2486 1583 2507 est
1601 2483 1624 2506 Α
1643 2482 1728 2512 solnm
1748 2490 1801 2507 om.

329 2523 364 2541 ιο
381 2515 546 2550 sequeretur]
565 2522 721 2550 sequeretur
739 2518 818 2542 etiam
835 2524 895 2542 cum
916 2518 956 2550 ΡΑ
975 2523 1075 2546 omnes,
1095 2517 1142 2542 sed
1161 2516 1238 2542 etiam
1256 2520 1331 2542 certo
1350 2517 1434 2541 deleri
1452 2517 1568 2544 videtur.

1040 2604 1376 2638 Commeat-,aria
1403 2605 1715 2638 Fen-ariensis

318 2712 454 2739 acauno,
479 2703 544 2743 agit
567 2702 608 2733 de
630 2702 797 2734 voluntate
813 2703 921 2734 divina
937 2709 1096 2744 quantum
1113 2703 1152 2734 ad
1169 2704 1237 2734 eius
1257 2703 1350 2743 quid-

318 2747 451 2778 ditatem
466 2748 493 2778 ἦ
519 2747 561 2777 Et
582 2748 677 2788 ponit
700 2747 784 2778 hanc
814 2748 1075 2778 conclusionem:
1107 2748 1262 2778 Voluntas
1288 2747 1352 2778 Dei

239 2799 245 2806 ·
276 2802 342 2823 non
367 2797 415 2823 est
436 2792 529 2822 aliud
550 2801 648 2832 quam
671 2801 733 2822 sua
756 2792 906 2822 essentia.

330 2837 496 2867 Probatur
505 2837 627 2877 primo.
644 2836 733 2867 Deus
746 2842 794 2867 est
805 2837 985 2877 intelligens
997 2846 1055 2876 per
1066 2837 1236 2867 essentiam
1248 2845 1350 2866 suam.

275 2882 363 2922 Ergo
381 2887 412 2912 et
428 2881 551 2912 volens.
575 2881 662 2921 Ergo
678 2880 829 2911 voluntas
845 2886 894 2911 est
909 2881 978 2911 eius
994 2881 1140 2911 essentia.
1156 2899 1180 2902 —
1195 2880 1352 2910 Probatur

275 2926 380 2967 prima
403 2926 646 2966 consequentia.
670 2924 757 2963 Quia
780 2925 852 2956 Deo
869 2925 1022 2956 convenit
1038 2934 1106 2955 esse
1122 2924 1287 2955 volentem
1302 2925 1351 2954 in-

276 2976 437 3011 quantum
460 2976 508 3001 est
531 2970 722 3010 intelligens.

331 3014 576 3046 Advertendum
600 3013 701 3054 quod,
726 3023 802 3044 cum
825 3013 975 3044 voluntas
998 3023 1067 3044 non
1091 3013 1263 3043 conveniat
1279 3013 1351 3043 Deo

275 3060 338 3091 nisi
352 3061 548 3100 inquantum
562 3065 696 3090 naturae
712 3058 925 3088 intellectivae
950 3063 1011 3094 est;
1036 3063 1067 3088 et
1090 3057 1222 3088 actualis
1237 3057 1351 3088 volitio

276 3105 336 3135 sibi
358 3114 428 3135 non
451 3104 623 3135 conveniat
645 3103 707 3134 nisi
729 3103 923 3143 inquantum
947 3107 1021 3133 actu
1036 3101 1198 3142 intelligit:
1223 3107 1353 3142 oportet

276 3155 315 3180 ut
329 3149 411 3180 ordo
430 3148 605 3179 voluntatis
621 3147 661 3178 ad
677 3148 848 3178 essentiam
864 3146 1174 3177 ordini‘intellectus
1189 3145 1230 3177 ad
1249 3147 1352 3187 ipsam

276 3194 553 3234 proportionetur.
581 3193 623 3223 Et
645 3192 731 3228 ideo,
756 3192 782 3222 si
805 3191 986 3222 intellectus
1010 3196 1058 3222 est
1079 3190 1167 3221 idem
1191 3190 1281 3231 quod
1304 3200 1352 3220 es-

276 3239 380 3269 sentia
401 3239 436 3269 in
460 3239 543 3274 Deo,
567 3238 611 3268 ita
634 3236 726 3277 quod
749 3237 837 3267 Deus
861 3245 920 3276 per
941 3245 1034 3266 suam
1064 3235 1234 3266 essentiam
1260 3235 1353 3265 intel·

277 3282 364 3323 ligat,
387 3293 457 3314 non
480 3292 538 3324 per
560 3281 682 3322 aliquid
705 3280 962 3322 superadditum;
987 3289 1118 3310 necesse
1133 3285 1182 3310 est
1196 3285 1234 3310 ut
1248 3285 1281 3309 et
1294 3289 1353 3309 vo·

277 3327 384 3358 luntas
400 3329 440 3358 sit
454 3329 524 3368 ipsa
536 3328 681 3363 essentia,
696 3332 727 3357 et
738 3327 781 3356 ita
794 3325 884 3366 quod
896 3325 984 3355 Deus
1001 3334 1059 3365 per
1074 3333 1166 3354 suam
1182 3324 1352 3354 essentiam

278 3372 366 3403 velit.
389 3372 432 3403 Et
454 3373 518 3403 hoc
542 3378 590 3403 est
612 3372 710 3402 huius
732 3370 864 3401 rationis
888 3369 1147 3400 fundamentum.

1461 2702 1620 2733 Secundo.
1638 2702 1728 2733 Velle
1752 2707 1800 2733 est
1822 2702 1977 2743 perfectio
1992 2703 2145 2733 volentis:
2169 2712 2245 2733 cum
2260 2704 2300 2733 sit
2315 2704 2398 2733 actio
2415 2704 2475 2734 im-

1405 2756 1550 2782 manem,
1571 2748 1654 2777 sicut
1676 2747 1862 2787 intelligere.
1887 2747 1973 2787 Ergo
1989 2747 2071 2777 velle
2088 2746 2233 2777 divinum
2248 2752 2295 2777 est
2311 2748 2379 2777 eius
2395 2757 2474 2778 esse.

1406 2791 1492 2831 Ergo
1507 2791 1658 2821 voluntas
1674 2792 1743 2821 eius
1759 2791 1904 2822 essentia.
1918 2809 1943 2814 —
1957 2791 2115 2822 Probatur
2129 2792 2232 2831 prima
2243 2793 2475 2832 consequentia

1406 2845 1445 2866 ex
1471 2836 1683 2876 proportione
1706 2835 1747 2866 ad
1768 2835 1959 2876 intelligere:
1983 2836 2059 2876 quia
2084 2836 2260 2876 intelligere
2281 2841 2328 2867 est
2343 2845 2411 2866 esse
2427 2836 2474 2866 di-

1406 2881 1529 2916 vinum,
1554 2889 1594 2910 eo
1622 2879 1712 2920 quod
1743 2889 1811 2911 esse
1842 2879 1997 2916 divinum,
2021 2890 2098 2911 curn
2127 2880 2166 2910 sit
2195 2879 2473 2920 perfectissimum,

1405 2924 1528 2955 nullam
1551 2925 1832 2964 supervenientem
1855 2923 2088 2965 perfectionem
2112 2924 2265 2955 admittat.

1466 2968 1585 2999 Tertio.
1611 2969 1699 2999 Deus
1721 2978 1779 3009 per
1802 2978 1893 2999 suam
1918 2970 2087 3000 essentiam
2110 2969 2186 3009 agit:
2212 2978 2287 2999 cum
2317 2969 2356 2999 sit
2385 2974 2474 2998 actus

1406 3022 1517 3053 purus.
1541 3013 1628 3053 Ergo
1643 3022 1703 3054 per
1717 3014 1887 3044 essentiam
1903 3023 1994 3044 suam
2010 3019 2057 3044 est
2072 3013 2197 3044 volens:
2223 3013 2394 3043 cumvelle
2413 3013 2475 3043 Dei

1406 3058 1447 3088 sit
1469 3057 1636 3098 quoddam
1659 3058 1796 3098 operari.
1821 3058 1908 3098 Ergo
1933 3064 1992 3088 etc.

1466 3101 1604 3138 Quarto.
1629 3102 1699 3132 Nisi
1714 3103 1759 3133 sic
1783 3108 1875 3139 esset,
1895 3107 2083 3142 sequeretur
2103 3101 2194 3142 quod
2215 3101 2364 3132 voluntas
2380 3100 2473 3131 adve-

1406 3146 1490 3177 niret
1511 3147 1583 3177 Deo
1607 3147 1690 3177 sicut
1713 3146 1874 3177 accidens:
1899 3156 1975 3177 cum
1999 3146 2105 3177 divina
2131 3146 2305 3176 substantia
2334 3146 2373 3175 sit
2396 3145 2474 3187 quid

1408 3191 1610 3231 completum
1633 3192 1666 3221 in
1690 3200 1768 3221 esse.
1800 3191 1995 3231 Sequeretur
2024 3191 2119 3221 etiam
2150 3189 2240 3230 quod
2269 3189 2375 3220 divina
2396 3190 2474 3220 sub-

1406 3236 1522 3265 stantia
1545 3241 1785 3275 compararetur
1807 3235 1847 3266 ad
1870 3236 1973 3275 ipsam
1997 3241 2033 3265 ut
2055 3235 2199 3274 potentia
2222 3233 2262 3264 ad
2284 3239 2402 3264 actum.
2433 3234 2474 3264 Et

1407 3279 1499 3319 quod
1522 3285 1605 3310 esset
1628 3281 1823 3320 compositio
1839 3281 1873 3310 in
1889 3280 1970 3310 Deo.
1996 3279 2088 3317 Quae
2112 3279 2221 3309 omnia
2235 3279 2381 3318 superius
2399 3283 2475 3308 sunt

1407 3324 1598 3364 improbata.
1622 3324 1708 3364 Ergo
1733 3330 1793 3354 etc.

2503 2213 2511 2221 ·
2518 2211 2591 2239 Capp.
2597 2217 2645 2238 xvi,
2650 2217 2719 2237 xviu,

2503 2244 2570 2260 xxm.
