2756 4322
28 734 36 742 ·
53 731 104 752 Vid.
120 731 147 752 ad
164 732 208 752 los.

19 1403 66 1426 37¹·
81 1398 233 1425 b⁴¹·V-‡{t><-

15 2075 39 2098 37
51 2076 60 2090 r
77 2070 89 2089 b
106 2076 143 2096 nie
159 2070 200 2090 int.

13 2331 62 2354 37⁸¹
77 2331 118 2347 ni.

15 3711 46 3730 lb.
65 3710 78 3730 'o
93 3717 109 3732 ι.

276 181 347 219 50*

272 262 399 292 habere.
426 260 532 291 Omne
549 266 655 290 autern
681 258 771 299 quod
795 257 835 288 de
858 267 947 288 novo
971 256 1085 296 incipit
1103 263 1173 285 esse
1191 258 1246 284 alio
1266 257 1345 281 modo

273 322 340 343 non
354 312 470 342 eodem
482 310 583 341 modo
596 319 630 340 se
646 309 741 339 habet
756 317 844 339 nunc
861 313 893 338 et
907 307 1007 348 prius.
1025 305 1165 346 Oportet
1180 305 1277 344 igitur
1290 327 1297 334 .
1314 327 1321 334 .
1336 327 1343 333 .

273 369 362 393 actus
377 361 516 392 mobilis.
535 360 621 391 Cum
638 365 746 390 autem
766 365 875 388 motus
892 358 931 388 sit
954 358 1043 398 prius
1059 365 1100 386 eo
1125 354 1216 395 quod
1236 354 1271 385 fit
1287 363 1345 395 per

272 419 400 444 motum
424 417 491 440 sicut
510 415 588 440 etiam
607 414 664 447 ipse
686 414 770 438 forma
795 413 866 446 prior
890 417 938 442 est,
963 411 1058 436 mobile
1083 412 1173 435 autem
1198 411 1239 434 est
1263 408 1345 433 simu!

270 475 329 493 cum
350 470 405 492 mot
425 463 514 504 (cum
533 462 572 492 ad
589 462 651 492 hoc
664 461 854 491 terminetur
870 457 994 497 motus)
1014 463 1121 494 oportet
1138 459 1247 486 cuilibet
1263 460 1344 492 sacto

267 512 526 555 praes‘(oportet)
551 518 624 543 ante
641 511 810 552 quodlibet
826 510 947 540 factum
972 509 1186 550 praeexistere
1210 506 1343 547 aliquod

270 568 451 598 subiectum
474 564 605 595 mobile.
631 564 671 594 Et
688 573 762 594 cum
783 563 847 593 hoc
865 586 872 592 .
888 585 894 592 .
908 585 914 592 .
932 570 1060 602 semper
1077 560 1226 591 existens.
1243 559 1261 597 §
1277 558 1343 589 Ad-

269 620 342 649 huc.
360 617 467 648 Omne
485 615 574 656 quod
591 615 630 645 de
647 624 735 645 novo
753 623 821 644 esse
837 614 961 654 incipit,
974 615 1248 652 antequamsuerit
1260 616 1343 640 esset

268 681 324 698 esse
338 672 429 705 potuit
447 667 600 708 possibile
625 671 690 696 erat
713 666 820 705 ipsum
846 674 924 695 esse.
950 664 982 694 Si
1000 664 1086 694 enim
1116 672 1194 699 non,
1219 663 1342 702 impos-

1366 473 1375 493 5

268 721 359 751 sibile
376 726 441 750 erat
457 720 563 759 ipsum
582 727 649 748 esse
668 723 698 747 et
715 726 847 746 necesse
864 725 931 746 non
950 725 1018 746 esse
1031 716 1057 745 ἲ.
1084 715 1124 744 Et
1140 715 1186 744 sic
1204 737 1210 744 .
1226 737 1233 743 .
1249 737 1255 743 .
1274 722 1340 743 non
1360 732 1383 745 ω

268 772 412 812 incoepit
436 780 503 801 esse
521 770 560 800 de
576 779 675 799 novo.
693 769 711 806 §
727 769 817 798 Item.
843 767 939 798 Nulla
955 766 1132 798 substantia
1147 774 1341 806 permanens

268 829 314 853 est
339 822 416 852 dum
442 821 492 852 tit:
519 820 558 851 ad
582 821 646 850 hoc
670 821 757 851 enim
782 818 818 849 fit
842 824 878 849 ut
901 819 950 849 sit.
980 817 1054 848 Non
1080 817 1178 857 igitur
1200 816 1292 846 fieret
1315 816 1341 845 si

268 871 359 915 (iarn)
385 878 476 903 esset.
502 871 564 902 Sed
590 871 667 902 dum
693 870 728 901 fit
745 893 752 901 .
769 894 775 901 .
792 894 797 900 .
817 879 885 900 esse
902 879 969 900 non
987 869 1098 909 possit.
1123 868 1140 906 §
1157 867 1228 898 Hae
1245 867 1341 907 igitur

266 926 405 955 rationes
422 930 496 954 sunt
513 924 632 964 quibus
648 922 747 963 aliqui
765 928 919 961 tanquam
936 919 1269 951 demonstrationibus
1292 919 1341 948 in-

266 977 431 1007 haerentes
445 975 557 1006 dicunt
576 978 738 1010 impossibile
756 984 811 1002 esse
830 973 1046 1003 necessarium
1061 981 1110 1002 res
1124 976 1244 1001 creatas
1257 979 1340 1000 sern-

265 1037 323 1068 per
347 1027 454 1058 fuisse.
481 1027 514 1057 ln
541 1036 677 1069 quo.
696 1025 802 1055 Deum
829 1030 1006 1054 aeternum.

347 1154 427 1193 Cap.
453 1153 582 1182 XXXV.
603 1152 742 1182 Somno
769 1161 926 1180 aurosum
953 1160 1048 1180 smum
1073 1158 1258 1179 pessumum.

376 1203 421 1233 Εϊ
439 1213 532 1233 paruo
550 1212 652 1232 mium
671 1212 753 1231 ‹atAE
771 1211 971 1231 StJMI-:BANTUR
990 1211 1027 1230 ax
1046 1210 1145 1230 mit-ra
1162 1199 1231 1229 Dm.

679 1283 914 1323 Fragmentum
920 1306 926 1311 .

307 1388 434 1418 Solutio
460 1388 621 1416 rationum
648 1396 741 1426 supra
760 1386 939 1425 positarum
959 1396 1035 1422 quae.
1057 1390 1087 1414 et
1105 1385 1212 1425 primo
1230 1393 1340 1414 earum

263 1449 345 1479 quae
370 1439 579 1469 sumebantur
604 1448 639 1468 ex
666 1444 754 1477 parte
780 1437 849 1467 Dei.
876 1455 897 1458 Ν
914 1438 931 1475 §
949 1436 1087 1477 Oportet
1111 1436 1207 1476 igitur
1232 1441 1341 1466 osten-

262 1491 336 1521 dere
367 1491 556 1531 praemissas
585 1490 725 1519 ratione<
757 1499 823 1519 non
850 1499 887 1518 ex
912 1489 1103 1519 necessitate
1131 1487 1340 1518 concludere.

262 1542 302 1572 Et
325 1543 431 1582 primo
455 1541 525 1572 illas
549 1550 632 1581 quae
657 1550 694 1570 ex
720 1546 809 1580 parte
834 1540 956 1580 agentis
987 1545 1171 1570 sumuntur.
1195 1543 1223 1568 ln
1243 1543 1341 1577 quibus

260 1597 362 1630 primus
380 1605 454 1623 error
471 1597 562 1622 accidit
585 1603 615 1621 ex
639 1596 689 1621 hoc
714 1596 786 1630 quod
812 1603 888 1620 mens
912 1603 964 1620 non
990 1596 1107 1621 elevatur
1135 1603 1216 1629 supra
1238 1595 1340 1628 agentia

261 1657 329 1683 quae
347 1654 427 1683 agunt
445 1649 471 1674 in
491 1654 619 1681 tempore,
639 1648 664 1673 in
686 1647 783 1680 quibus
807 1647 908 1672 novitas
928 1646 1046 1672 accidere
1065 1652 1155 1680 potest
1173 1652 1198 1671 et
1217 1654 1247 1671 ex
1267 1651 1340 1679 parte

261 1701 368 1734 agentis,
381 1701 453 1734 quod
468 1700 500 1725 de
514 1708 583 1725 novo
597 1699 684 1732 incipit
695 1706 780 1732 agere,
794 1699 866 1732 quod
880 1698 981 1732 absque
995 1698 1100 1732 aliquali
1119 1698 1263 1724 mutatione
1282 1698 1340 1723 eius

260 1752 377 1777 accidere
401 1759 453 1776 non
477 1755 576 1784 potest,
602 1755 627 1775 et
651 1751 728 1775 etiam
754 1757 783 1775 ex
810 1755 882 1783 parte
909 1749 978 1779 facti,
1006 1750 1078 1783 quod
1103 1750 1135 1775 de
1159 1757 1228 1774 novo
1252 1749 1341 1782 incipit

260 1811 328 1830 esse.
349 1804 466 1828 Primum
486 1808 571 1828 autem
593 1810 683 1835 agenS,
703 1802 774 1835 quod
794 1806 835 1827 est
849 1801 930 1832 Deus,
950 1807 991 1827 est
1007 1802 1116 1827 omnino
1135 1809 1215 1835 supra
1235 1807 1339 1836 tempus

260 1857 399 1886 elevatum,
420 1862 446 1881 ut
465 1855 490 1880 in
515 1855 601 1887 primo
619 1853 758 1887 probatum
779 1858 827 1878 est.
847 1853 922 1878 Unde
942 1853 969 1878 in
989 1853 1046 1879 eius
1059 1861 1111 1878 non
1131 1859 1218 1886 potest
1237 1854 1338 1878 novitas

260 1909 376 1934 accidere
389 1908 413 1932 in
435 1907 490 1931 eius
510 1906 618 1936 actione,
634 1913 702 1939 quae
718 1911 758 1930 est
777 1913 856 1938 supra
875 1910 990 1938 tempus,
1005 1904 1080 1938 quasi
1095 1904 1127 1929 de
1147 1912 1217 1928 novo
1235 1904 1339 1938 incipiat

259 1967 344 1993 agere,
363 1963 391 1983 ut
411 1959 448 1983 sic
468 1959 499 1982 sit
519 1964 627 1982 necesse
648 1956 734 1989 ipsum
755 1956 849 1981 mutari
867 1956 909 1980 vel
930 1963 977 1989 per
995 1963 1024 1980 se
1036 1956 1077 1980 vel
1097 1963 1144 1988 per
1162 1956 1292 1986 accidens,
1310 1962 1339 1981 ut

258 2011 341 2044 prima
359 2010 424 2035 ratio
439 2009 618 2035 concludebat.
632 2007 739 2037 Accidit
758 2007 837 2038 Quod
850 2007 957 2040 quidem
976 2012 1131 2039 sequeretur
1150 2007 1171 2031 si
1187 2015 1255 2032 nova
1272 2007 1338 2032 actio
1369 2019 1375 2037 ς

258 2064 284 2088 in
303 2070 335 2088 eo
354 2062 488 2095 inciperet.
513 2058 529 2073 ᾗ
547 2055 634 2091 (Non
661 2056 748 2086 enim
773 2060 963 2096 oportet...
979 2055 1156 2085 novitatem
1189 2055 1336 2085 actionis.

256 2111 331 2142 Non
358 2111 444 2140 enim
477 2115 583 2149 potest
616 2118 683 2138 csse
716 2108 804 2147 quod
839 2107 900 2147 [in]
930 2114 1043 2147 agente
1074 2107 1112 2137 sit
1142 2117 1226 2137 nova
1251 2108 1337 2138 actio

258 2164 316 2193 nisi
337 2165 435 2198 aliquis
454 2168 541 2189 motus
561 2160 671 2199 aliquo
693 2159 798 2190 modo
823 2165 1003 2194 moveatur,
1030 2159 1133 2189 saltim
1159 2158 1198 2189 de
1217 2159 1286 2189 otio
1303 2159 1335 2190 in

257 2221 374 2245 actum.
394 2213 526 2243 Novitas
540 2218 647 2242 autem
663 2211 761 2241 divini
777 2209 909 2240 effectus
923 2234 929 2240 .
942 2233 949 2239 .
963 2234 969 2240 .
984 2217 1151 2240 ostensum
1166 2216 1223 2240 est.
1242 2209 1336 2241 Unde

256 2276 362 2306 neque
392 2265 516 2294 novitas
541 2267 602 2299 {divi
631 2262 763 2292 effectus
793 2263 1006 2292 mutationem
1042 2262 1102 2292 Dei
1130 2262 1253 2301 agentis
1281 2261 1335 2292 de—

257 2323 434 2348 monstrare
454 2316 584 2356 potest.l
608 2316 623 2331 '³‘
641 2316 658 2352 ,ξ
674 2315 742 2344 Nec
760 2321 868 2344 tamen
887 2319 1076 2355 oportet...
1091 2315 1175 2345 sicut
1192 2315 1222 2344 in
1241 2314 1336 2345 nobis

255 2370 339 2399 actio
361 2369 482 2399 virtutis
508 2368 647 2397 motivae
673 2372 719 2396 est
745 2365 850 2396 media
875 2366 957 2396 inter
975 2369 1064 2395 action
1090 2372 1197 2397 actum
1220 2367 1335 2397 voiun-

256 2422 327 2451 tatis
352 2427 381 2450 et
407 2419 567 2454 effectum,
587 2425 621 2449 ut
646 2419 677 2448 in
703 2417 971 2457 praecedentibus
996 2424 1162 2449 ostensum
1190 2424 1246 2448 est.
1272 2417 1334 2449 Sed

256 2477 385 2512 oportet
402 2494 409 2501 .
426 2495 431 2501 .
447 2494 454 2500 .
473 2477 612 2510 tempus.
639 2469 712 2499 Non
734 2480 746 2497 s
773 2469 859 2499 enim
886 2469 992 2499 solum
1011 2479 1059 2499 ars
1084 2469 1276 2499 determinat
1301 2475 1336 2499 ut

255 2523 317 2553 hoc
342 2522 403 2552 tale
429 2522 477 2557 sit,
498 2520 552 2552 sed
572 2526 605 2550 ut
630 2526 707 2550 tunc
732 2521 781 2555 sit,
807 2521 888 2550 sicut
914 2520 1059 2550 medicus
1082 2526 1115 2550 ut
1140 2526 1218 2551 tunc
1242 2521 1335 2560 potio

254 2574 355 2605 detur.
375 2573 467 2604 Unde
493 2573 517 2602 si
539 2584 615 2600 suum
634 2572 731 2609 (eius)
751 2571 831 2602 velle
852 2572 921 2613 (per
938 2574 984 2609 se)
1004 2575 1085 2602 esset
1103 2571 1214 2602 efficax
1233 2573 1271 2602 ad
1289 2572 1335 2603 ef—

254 2626 372 2656 fectum
392 2623 651 2666 producendum,
669 2629 857 2663 sequeretur
874 2623 912 2654 de
937 2633 1026 2654 novo
1043 2623 1176 2654 effectus
1201 2623 1254 2666 (ab
1279 2634 1334 2655 an-

253 2679 342 2718 tiqua
368 2677 547 2708 voluntate)
580 2675 666 2706 nulla
696 2676 825 2705 actione
854 2675 893 2706 de
926 2685 1014 2705 novo
1047 2677 1214 2706 existente.
1247 2676 1334 2707 Nihil

253 2731 347 2769 igitur
366 2753 372 2760 .
389 2754 394 2759 .
412 2754 417 2759 .
437 2729 605 2769 disposuit.
631 2729 648 2765 ἓ
667 2728 711 2758 Ex
738 2738 804 2767 quo
823 2728 918 2758 etiam
946 2734 1028 2768 patet
1048 2753 1053 2758 .
1070 2751 1077 2758 .
1093 2751 1100 2758 .
1113 2739 1153 2758 eo
1178 2729 1334 2760 existente

253 2787 384 2811 aeterno
405 2780 451 2821 (ut
470 2781 559 2810 tertia
579 2780 658 2809 ratio
677 2778 918 2813 concludebat.)
938 2779 1043 2809 Posita
1062 2781 1147 2810 enirn
1167 2790 1262 2811 causa
1282 2805 1287 2811 .
1305 2805 1310 2811 .
1327 2806 1332 2811 .

253 2831 405 2871 disponit.
432 2831 464 2860 ln
484 2831 530 2860 liis
547 2836 654 2860 autem
677 2839 760 2869 quae
778 2839 793 2859 a
813 2840 907 2860 causa
925 2831 1111 2861 naturaliter
1128 2838 1242 2870 agente
1260 2841 1334 2872 pro-

254 2883 383 2918 cedunt,
400 2893 443 2918 seq
464 2892 556 2912 secus
581 2889 637 2912 est.
657 2881 741 2919 Quia
761 2882 844 2911 actio
870 2889 1002 2912 naturae
1016 2906 1022 2913 .
1040 2907 1044 2912 .
1063 2907 1068 2913 .
1084 2883 1247 2914 effectum.
1269 2885 1333 2914 Vo-

253 2935 358 2966 luntas
387 2941 493 2964 autem
523 2934 585 2973 agit
616 2943 681 2963 non
715 2933 896 2964 secundum
925 2934 1060 2964 modum
1086 2935 1134 2965 sui
1165 2945 1244 2971 esse,
1278 2936 1333 2966 sed

253 2985 430 3016 secundum
449 2985 584 3015 modum
612 2985 659 3015 sui
678 2989 749 3013 votiti
771 2984 971 3025 (propositi.)
991 2986 1030 3015 Et
1054 2986 1140 3022 ideo,
1159 2987 1238 3018 sicut
1257 2987 1333 3018 eti’e-

253 3043 322 3067 ctus
347 3037 498 3066 naturalis
523 3036 646 3076 agentis
671 3036 818 3075 sequitur
839 3045 906 3066 esse
925 3037 1058 3075 agentis,
1080 3041 1126 3067 tta.
1147 3038 1171 3067 si
1190 3039 1228 3068 sit
1246 3038 1333 3069 suffi-

254 3090 350 3124 ciens,
369 3089 410 3118 ita
427 3087 559 3118 effectus
576 3087 698 3126 agentis
724 3096 780 3126 per
798 3087 999 3118 voluntatem
1025 3089 1171 3128 sequitur
1196 3089 1331 3120 modum

252 3143 323 3168 voliti
345 3138 542 3179 (propositi).
561 3138 635 3175 §Ex
655 3138 702 3167 liis
716 3138 811 3168 etiam
827 3144 914 3178 patet
927 3138 1016 3179 quod
1031 3142 1124 3167 diuina
1144 3145 1267 3172 voluntas·
1287 3140 1333 3171 di-

254 3192 344 3221 vinae
364 3191 535 3220 voluntatis
554 3199 618 3219 non
638 3189 814 3220 retardatur
831 3189 974 3226 effecum,
993 3192 1140 3231 quamvis
1158 3202 1223 3222 non
1250 3203 1333 3223 sem-

254 3252 310 3282 per
327 3241 431 3277 fuerit,
450 3241 614 3271 voluntate
633 3241 797 3276 existente,
824 3247 859 3271 ut
878 3245 995 3270 secunda
1015 3248 1126 3282 quarta
1153 3244 1232 3273 ratio
1257 3253 1334 3284 sup-

254 3295 427 3334 ponebant.
447 3293 528 3323 Nam
547 3293 606 3322 sub
626 3293 790 3323 voluntate
808 3293 913 3323 divina
932 3294 1016 3324 cadit
1033 3304 1099 3325 non
1118 3295 1224 3326 solum
1243 3296 1334 3336 quod

254 3356 296 3374 res
317 3347 386 3375 eius
404 3345 536 3376 effectus
554 3345 602 3380 sit,
628 3344 682 3374 sed
709 3345 797 3384 quod
823 3351 900 3376 tunc
930 3347 978 3376 sit.
1008 3351 1072 3376 Cum
1097 3354 1187 3376 autem
1213 3354 1276 3378 tunc
1295 3352 1335 3377 in-

253 3402 318 3433 cipit
330 3408 392 3426 ·esse
414 3400 529 3435 εἶπαι»
550 3396 622 3426 Hoc
648 3397 743 3434 igitur
762 3421 767 3426 .
784 3421 789 3426 .
806 3420 811 3427 .
832 3397 870 3427 ab
888 3404 1019 3428 aeterno
1038 3398 1207 3439 disposuit.
1225 3401 1242 3437 ξ
1259 3400 1332 3431 Non

255 3454 296 3477 est
325 3453 432 3477 autem
451 3453 523 3476 ante
549 3447 646 3476 totius
666 3453 827 3477 creaturae
854 3449 1097 3479 inchoationem
1116 3448 1333 3481 diversitatem

255 3499 394 3538 aliquam
420 3499 558 3538 partium
577 3498 711 3527 alicuius
729 3498 908 3529 durationis
925 3501 1071 3540 accipere
1092 3500 1139 3541 (ut
1164 3502 1195 3531 iu
1222 3502 1334 3541 quinta

255 3551 376 3580 ratione
394 3550 662 3589 supponebatui·.l
682 3550 762 3579 Nam
782 3550 858 3580 nibil
878 3560 1062 3582 mensuram
1080 3562 1146 3583 non
1165 3553 1260 3584 habet
1274 3564 1334 3585 nec

256 3600 470 3630 durationem.
498 3601 554 3630 Dei
581 3607 688 3630 autem
716 3601 854 3637 duratio,
880 3612 962 3642 quae
989 3610 1033 3632 est
1061 3605 1241 3641 aeternitas,
1267 3615 1332 3636 non

256 3652 350 3701 habft
375 3657 479 3691 partes
504 3651 559 3681 sed
587 3658 633 3681 est
665 3652 799 3692 simplex
830 3653 967 3684 omnino
992 3658 1080 3683 Partes
1101 3659 1170 3684 enim
1190 3659 1334 3686 durationis

254 3712 283 3731 se
302 3705 399 3730 habent
420 3706 436 3722 ⁴¹
450 3705 567 3731 diversae
587 3706 732 3731 secundum
753 3707 825 3740 prius
849 3713 874 3732 et
899 3709 1028 3740 posterius
1047 3709 1248 3743 distinguuntur,
1273 3718 1332 3736 cum

255 3756 419 3790 impossibile
439 3757 472 3782 sit
491 3757 556 3782 duas
575 3763 663 3790 partes
683 3758 825 3784 durationis
846 3760 923 3784 simul
949 3767 1008 3785 esse
1034 3761 1081 3785 nisi
1105 3761 1184 3786 altera
1203 3762 1333 3788 contineat

255 3809 372 3838 alteram,
385 3809 450 3832 sicut
465 3815 548 3833 annus
561 3810 674 3833 continet
689 3810 767 3835 diem.
783 3810 826 3842 <ln
842 3811 897 3835 Deo
912 3813 1016 3844 autem>
1037 3811 1075 3844 (ln
1091 3812 1226 3838 duratione
1245 3818 1332 3839 autem

256 3857 315 3893 nei)
340 3858 412 3891 prius
436 3862 461 3883 et
484 3858 615 3890 posterius
636 3866 695 3883 esse
715 3867 766 3883 non
788 3865 881 3891 potest,
904 3868 962 3885 cum
984 3862 1017 3886 sit
1039 3861 1148 3886 omnino
1171 3862 1332 3888 immobilis:

257 3909 327 3942 prius
347 3909 416 3934 enim
437 3913 462 3933 et
480 3909 611 3941 posterius
632 3909 657 3934 in
677 3914 796 3942 tempore
816 3916 936 3935 causatur
955 3918 984 3936 ex
1005 3911 1083 3944 priori
1103 3917 1128 3937 et
1148 3912 1287 3944 posteriori
1307 3913 1331 3937 in

1358 1246 1384 1260 20

1355 1505 1379 1526 ²5

1357 1764 1381 1783 30

1352 2277 1378 2296 40

1352 2538 1373 2558 >05

1352 2793 1377 2812 50

1350 3050 1372 3070 55

1349 3309 1376 3324 bo

1349 3563 1372 3589 ⁶5

1348 3823 1374 3842 70

1241 174 1508 212 APPENDIX

1403 261 1476 281 motu
1488 256 1502 271 *
1522 250 1603 294 (non
1620 252 1742 282 habens
1758 251 1848 292 prius
1865 256 1896 281 et
1911 251 2084 291 posterius,
2103 261 2179 282 cum
2198 252 2289 283 Deus
2308 253 2348 283 sit
2364 253 2483 283 immo-

1402 304 1484 340 bilis,
1508 309 1545 334 ut
1571 303 1605 333 in
1629 303 1736 342 primo
1761 307 1930 332 ostensum
1957 300 2031 341 est.)
2060 302 2167 334 'Non
2192 308 2241 334 est
2263 304 2361 344 igitur
2377 328 2384 335 .
2400 328 2406 334 .
2422 328 2429 335 .
2447 310 2484 335 ut

1401 359 1551 395 oporteat
1582 353 1742 383 rationem
1774 361 1843 383 esse
1873 352 1961 393 apud
1985 358 2136 393 agentem
2167 363 2267 395 quare
2298 356 2331 386 in
2351 359 2402 385 hac
2415 362 2484 392 part

1399 406 1464 436 hoc
1488 406 1615 446 signato
1639 404 1725 435 illius
1741 403 1920 435 durationis
1943 409 2124 436 creaturam
2140 406 2173 436 in
2197 415 2268 437 esse
2283 407 2482 447 produxerit,

1401 462 1432 487 et
1455 466 1523 486 non
1548 456 1580 486 in
1612 455 1677 486 alio
1708 454 1916 496 praecedenti
1945 456 1995 486 vel
2027 457 2188 496 sequenti.
2220 456 2316 495 Quae
2348 458 2482 498 quidem

1399 508 1481 538 ratio
1499 531 1505 537 .
1521 531 1527 536 .
1543 531 1550 537 .
1568 513 1599 537 et
1619 512 1798 537 creaturam
1824 511 1856 536 et
1879 511 2020 547 tempus.
2044 506 2122 538 Non
2146 513 2195 538 est
2217 508 2314 548 igitur
2332 514 2410 546 apud.
2420 520 2482 540 eum

1399 558 1480 588 ratio
1505 567 1606 598 quare
1629 566 1719 588 nunc
1743 562 1775 587 et
1799 566 1866 587 non
1891 557 1982 597 prius
2005 557 2040 588 in
2063 557 2128 588 hoc
2156 558 2401 597 consideranda,
2425 561 2482 592 sed

1399 609 1507 639 solum
1532 618 1632 649 quare
1657 618 1725 639 non
1756 617 1895 649 semper.
1921 607 2014 639 Sicut
2037 619 2096 650 per
2119 610 2224 641 simile
2251 611 2285 641 in
2318 611 2395 643 loco
2425 622 2482 652 ap-

1398 666 1498 700 paret.
1521 663 1551 688 In
1572 663 1630 695 ipso
1649 659 1857 690 Particularia
1887 659 1975 690 enim
1993 683 2000 690 .
2015 683 2023 690 .
2039 683 2045 690 .
2063 660 2256 701 producitur
2277 663 2294 679 θ
2317 672 2418 703 quam
2447 664 2482 694 in

1398 711 1471 741 alio.
1499 711 1534 741 ln
1566 717 1638 741 toto
1662 717 1772 742 autem
1803 711 1906 748 caelo,
1939 717 2027 743 extra
2051 722 2152 753 quem
2168 714 2185 731 θ
2209 724 2279 745 non
2313 721 2362 745 est
2388 715 2482 747 locus

1399 768 1522 793 etcum
1555 773 1623 804 quo
1655 762 1845 794 universalis
1871 763 1965 794 locus
1997 765 2147 796 omnium
2178 766 2381 807 producitur,
2413 777 2482 799 non

1397 821 1506 850 oportet
1523 826 1654 851 quaerere
1684 820 1732 845 est
1765 815 1846 845 ratio
1878 815 2114 847 consideranda
2144 827 2244 858 quare
2272 819 2324 849 hic
2357 825 2390 850 et
2413 829 2482 851 non

1397 879 1480 903 supra
1500 868 1543 898 ibi
1569 871 1732 896 constitutus
1753 866 1996 908 (constitutum)
2025 873 2083 898 est.
2111 867 2222 907 Quam
2249 871 2408 902 rationem
2427 895 2434 902 .
2451 895 2480 902 ..

1398 928 1474 949 cum
1491 918 1602 959 aliquo
1620 918 1791 959 principio.
1817 919 1836 956 §
1851 917 1903 949 Ad
1926 918 1991 949 hoc
2011 924 2121 950 autem
2145 920 2379 961 inquirendum
2395 929 2483 954 sexta

1373 985 1380 990 ·
1399 972 1480 1001 ratio
1505 970 1720 1001 inducebatur
1750 981 1781 999 ex
1799 973 1900 999 ratione
1926 970 1979 1011 (ex
2002 969 2106 1013 parte)
2130 970 2214 1008 finis,
2239 973 2295 1013 qui
2321 973 2410 1004 solus
2433 975 2483 1005 in-

1398 1022 1516 1053 ducere
1547 1027 1655 1063 potest
1682 1022 1907 1052 necessitatem
1940 1022 1974 1053 in
1997 1023 2047 1053 his
2076 1032 2161 1063 quae
2190 1024 2357 1056 voluntate
2381 1035 2483 1067 agun-

1397 1080 1458 1105 tur.
1484 1074 1573 1104 Finis
1597 1080 1763 1105 autem...
1778 1074 1915 1105 bonitas.
1941 1074 2015 1105 Non
2041 1081 2150 1106 autem
2175 1077 2259 1116 agit.
2275 1100 2282 1107 .
2298 1100 2304 1108 .
2323 1087 2400 1108 cum
2423 1078 2483 1109 bo-

1397 1127 1480 1157 nitas
1505 1126 1574 1156 eius
1598 1126 1639 1156 sit
1661 1131 1791 1156 aeterna
1816 1131 1848 1156 et
1871 1129 1898 1155 ei
1919 1129 1998 1156 etiam
2031 1127 2252 1165 immutabilis,
2276 1129 2321 1159 ita
2345 1129 2436 1170 quod
2452 1131 2483 1162 ei

1397 1177 1478 1208 nihil
1494 1186 1676 1208 accrescere
1693 1182 1811 1218 potest.
1831 1177 1899 1209 Nec
1916 1178 2013 1209 etiarn
2029 1203 2035 1209 .
2052 1203 2058 1209 .
2074 1203 2080 1209 .
2099 1179 2382 1221 participationem
2398 1181 2483 1214 finis.

1400 1231 1430 1256 In
1450 1232 1501 1257 hac
1522 1228 1564 1258 ln·
1581 1227 1797 1268 producendo
1825 1229 1922 1269 igitur
1953 1238 2004 1259 res
2034 1230 2080 1260 sic
2109 1236 2243 1271 propter
2270 1230 2381 1268 finem,
2410 1233 2483 1264 uni-

1398 1279 1511 1310 formis
1535 1279 1692 1311 habitudo
1718 1290 1756 1316 ag
1775 1278 1848 1310 finis
1871 1279 1912 1311 ad
1936 1287 2086 1321 agentem
2110 1290 2178 1312 non
2203 1288 2251 1314 est
2270 1286 2383 1322 (sotum)
2403 1294 2483 1316 con-

1398 1331 1567 1362 sideranda
1587 1338 1622 1362 ut
1647 1333 1728 1362 ratio
1753 1333 1862 1372 operis
1877 1335 1926 1362 sed
1943 1344 1988 1362 ma
2005 1334 2204 1374 sempiterni,
2229 1334 2286 1366 sed
2309 1337 2412 1377 magis
2435 1341 2484 1368 est

1397 1383 1594 1415 attendenda
1618 1384 1776 1415 habitudo
1801 1383 1874 1416 finis
1899 1385 1939 1416 ad
1968 1384 2123 1417 effectum
2146 1386 2203 1426 qui
2227 1386 2264 1418 fit
2287 1393 2422 1428 propter
2444 1387 2483 1420 fi-

1397 1445 1484 1471 nem,
1510 1441 1546 1466 ut
1561 1435 1666 1467 taliter
1689 1435 1889 1476 producatur
1913 1435 2048 1468 effectus
2072 1437 2211 1478 qualiter
2233 1439 2484 1471 convenientius

1397 1487 1565 1518 ordinetur
1589 1487 1630 1518 ad
1653 1487 1764 1518 finem.
1783 1487 1879 1519 Unde
1903 1497 1961 1529 per
1984 1489 2050 1519 hoc
2066 1488 2157 1530 quod
2179 1488 2254 1520 finis
2277 1489 2484 1524 uniformiter

1396 1549 1430 1570 se
1447 1540 1541 1570 habet
1559 1539 1599 1570 ad
1615 1545 1765 1579 agentem
1783 1549 1850 1570 non
1872 1546 1980 1580 potest
1996 1540 2151 1572 concludi
2172 1540 2264 1582 quod
2281 1552 2388 1578 semper
2405 1542 2483 1575 effe·

1397 1596 1467 1622 ctus
1484 1591 1523 1622 sit
1539 1591 1767 1631 sempiternus.
1792 1591 1811 1629 §
1827 1591 1896 1622 Nec
1915 1595 1994 1620 etiam
2013 1596 2062 1622 est
2085 1593 2303 1624 necessarium
2329 1592 2483 1626 effectum

1396 1641 1542 1672 divinum
1567 1651 1696 1683 semper
1720 1641 1818 1672 fuisse
1846 1648 1980 1683 propter
2007 1642 2072 1674 boc
2097 1643 2189 1684 quod
2211 1644 2259 1675 sic
2282 1645 2484 1677 convenien-

1395 1694 1459 1724 tius
1483 1693 1652 1724 ordinetur
1668 1693 1707 1724 ad
1731 1693 1831 1724 finem
1858 1695 1909 1733 (ut
1931 1694 2070 1735 septima
2086 1695 2168 1726 ratio
2192 1696 2370 1736 procedere
2393 1697 2483 1729 vide·

1396 1743 1503 1784 batur)
1519 1745 1576 1776 sed
1600 1746 1852 1776 convenientius
1875 1745 2044 1777 ordinatur
2060 1746 2099 1777 ad
2115 1745 2216 1778 finem
2233 1757 2291 1789 per
2310 1748 2375 1780 hoc
2391 1747 2483 1790 quod

1396 1802 1443 1826 est
1467 1806 1533 1827 non
1551 1805 1680 1836 semper
1699 1795 1808 1827 fuisse.
1835 1796 1944 1828 Omne
1966 1795 2081 1838 (enirn)
2103 1807 2202 1839 agens
2225 1799 2412 1840 producens
2435 1798 2482 1832 ef·

1396 1846 1499 1878 sectus
1512 1849 1528 1864 ⁴*
1547 1871 1554 1877 .
1570 1871 1575 1877 .
1592 1871 1598 1877 .
1614 1847 1872 1878 similitudinem.
1897 1847 1950 1879 Sic
1967 1849 2064 1889 igitur
2081 1848 2209 1880 divinae
2225 1850 2384 1881 voluntati
2401 1860 2482 1882 con-

1396 1899 1528 1929 veniens
1553 1898 1614 1930 fuit
1638 1899 1670 1929 in
1690 1909 1767 1928 suam
1793 1898 1898 1938 (suae)
1923 1899 2078 1930 bonitatis
2093 1891 2481 1942 participationemcren-

1394 1955 1499 1980 turam
1525 1949 1718 1990 producere,
1745 1956 1779 1981 ut
1804 1960 1860 1980 sua
1886 1950 2098 1982 similitudine

1719 2038 1739 2060 εὗ
1822 2039 1842 2061 *
1924 2039 1945 2062 ³³
2027 2039 2048 2061 ³3
2130 2039 2151 2062 ²1²

2466 2131 2480 2141 ι

1462 2148 1543 2188 Cap.
1571 2148 1745 2179 XXXVlll.
1771 2149 1934 2181 Rmoxns
1959 2160 2071 2181 ‹auracs
2097 2161 2218 2181 animm
2243 2161 2412 2183 commun

1573 2205 1762 2231 osrexnmva'
1781 2210 1912 2231 numum
1938 2211 2002 2232 son
2027 2212 2097 2232 ussa
2119 2212 2296 2234 Αετιιικωι.

1814 2270 2063 2313 Fragmentum.

1390 2401 1395 2406 ·
1437 2389 1444 2395 .
1460 2389 1466 2395 .
1482 2388 1489 2396 .
1503 2365 1646 2403 Quidam
1664 2374 1808 2406 namque
1823 2366 2046 2397 aeternitatem
2066 2366 2182 2398 mundi
2199 2368 2394 2408 ponentium
2417 2377 2479 2411 po-

1391 2422 1525 2447 suerunt
1542 2417 1639 2447 etiam
1657 2416 1816 2447 humanas
1833 2417 1957 2448 animas
1973 2427 2040 2448 non
2059 2426 2130 2449 esse
2145 2423 2220 2459 post
2243 2428 2374 2459 corpus.
2395 2419 2478 2460 Qui-

1392 2468 1466 2499 dam
1484 2477 1561 2498 vero
1579 2467 1671 2508 quod
1687 2478 1725 2498 ex
1751 2468 1906 2499 omnibus
1929 2469 2101 2500 animabus
2117 2478 2185 2500 non
2202 2477 2313 2501 manet
2329 2471 2390 2502 nisi
2409 2481 2480 2503 unu

1391 2519 1575 2550 intellectus
1611 2525 1787 2559 separatus,
1812 2519 1862 2551 vel
1894 2521 2213 2561 agens.secundum·
2230 2521 2403 2562 quosdam,
2426 2522 2479 2556 ve!

1392 2571 1488 2601 etiam
1506 2570 1669 2611 possibilis
1693 2571 1875 2602 secundum
1892 2571 1983 2602 alios.
2009 2571 2152 2609 Quidam
2169 2577 2279 2604 autem
2297 2579 2480 2614 posuerunt

1391 2627 1464 2659 quod
1482 2633 1524 2652 est
1537 2623 1783 2654 circulationem
1801 2624 1832 2653 in
1850 2624 2020 2654 animabus
2033 2647 2040 2654 .
2056 2647 2063 2654 .
2076 2646 2083 2655 .
2097 2623 2246 2656 ordinem
2263 2634 2330 2656 non
2347 2625 2478 2659 habent.

1391 2676 1409 2713 ξ
1427 2674 1537 2705 Potest
1561 2678 1670 2704 autem
1696 2673 1860 2705 efficacius
1884 2675 2017 2716 procedi
2036 2675 2075 2706 ad
2091 2676 2156 2707 hoc
2181 2675 2424 2709 ostendendum
2439 2686 2479 2709 ex

1392 2725 1457 2757 tine
1481 2726 1609 2757 divinae
1634 2726 1810 2758 voluntatis
1834 2730 1868 2757 Si·
1884 2730 1955 2757 enim
1976 2733 2010 2758 ut
2027 2737 2123 2768 supra
2145 2733 2268 2759 tactum
2285 2734 2343 2760 est.
2361 2732 2479 2761 siut-n

1392 2778 1481 2809 Finis
1506 2779 1592 2809 enim
1619 2777 1746 2809 divinae
1772 2778 1949 2809 voluntatis
1974 2779 2005 2809 in
2038 2788 2147 2810 rerum
2179 2779 2398 2821 productione
2429 2786 2479 2813 eut

1391 2830 1460 2860 eius
1485 2829 1614 2859 bonitas
1638 2830 1834 2873 inquantum
1859 2839 1917 2871 per
1934 2840 1981 2859 cre
2000 2836 2130 2861 causata
2154 2829 2390 2863 manifestatur.
2414 2830 2478 2864 Po-

1391 2881 1513 2912 tissime
1545 2888 1703 2912 autem..
1718 2905 1725 2912 .
1745 2882 1942 2923 principium
1975 2882 2155 2913 durationis
2186 2882 2285 2914 daret.
2309 2883 2328 2922 5
2352 2882 2401 2914 Ex
2427 2882 2478 2916 his

1391 2939 1499 2964 autern
1525 2943 1610 2974 quae
1642 2933 1805 2974 praedicta
1830 2939 1907 2965 sunt
1925 2937 2074 2963 liberamur
2093 2934 2193 2965 vitare
2223 2943 2402 2975 possumus
2428 2933 2478 2968 di-

1392 2994 1499 3014 versos
1525 2994 1649 3015 errores
1664 2984 1836 3025 gentilium
1853 2984 2140 3026 philosophorum.
2164 2984 2318 3024 Quorum
2342 2984 2478 3027 quidem

1390 3042 1571 3076 posuerunt
1595 3035 1758 3067 mundum
1782 3042 1964 3067 aeternum.
1995 3036 2140 3075 Quidam
2167 3037 2335 3069 materiam
2360 3035 2476 3070 mundi

1390 3093 1565 3121 aeternam,
1591 3097 1628 3118 ex
1654 3097 1718 3128 qua
1744 3097 1781 3118 ex
1806 3087 1919 3128 aliquo
1944 3094 2094 3129 tempore
2118 3087 2263 3120 mundus
2287 3088 2398 3130 coepit
2419 3097 2476 3131 ge-

1390 3138 1504 3174 nerari,
1531 3137 1581 3169 vel
1599 3142 1634 3168 ab
1651 3142 1706 3175 aliq
1726 3149 1743 3169 a
1761 3148 1837 3170 casu
1855 3139 1905 3170 vel
1921 3139 1961 3170 ab
1979 3138 2091 3181 aliquo
2111 3139 2288 3176 intellectu,
2307 3141 2476 3178 autetiam

1391 3199 1502 3220 amore
1527 3189 1595 3230 (aut
1621 3189 1701 3229 lite).
1728 3191 1778 3221 Ab
1802 3190 1957 3221 omnibus
1974 3214 1982 3222 .
1998 3214 2004 3221 .
2020 3214 2027 3222 .
2045 3197 2227 3231 repugnat.-

1414 3341 1496 3381 Cap.
1522 3339 1665 3370 xxxix.
1691 3339 1788 3377 Quoi»
1815 3349 1991 3370 unsrrmrrio
2024 3349 2127 3370 annun
2152 3349 2216 3370 nou
2241 3349 2295 3370 nsr
2319 3349 2338 3369 A
2363 3349 2450 3370 mse.

1436 3448 1536 3486 Quod
1552 3472 1558 3478 .
1573 3471 1580 3478 .
1597 3472 1603 3478 .
1619 3458 1705 3479 casu.
1730 3466 1752 3471 -
1775 3449 1794 3487 §
1810 3448 1976 3489 Expeditis
1993 3454 2102 3480 autern
2121 3449 2169 3479 his
2193 3457 2278 3488 quae
2302 3447 2341 3479 ad
2364 3458 2473 3480 rerum

1391 3500 1644 3541 productionem
1661 3500 1833 3541 pertinent,
1849 3506 1954 3537 oportet
1968 3505 2064 3532 restat
2075 3499 2230 3541 prosequi
2247 3509 2284 3530 ea
2301 3509 2386 3540 quae
2398 3506 2473 3532 sunt

1391 3551 1624 3582 consideranda
1649 3552 1681 3582 in
1708 3560 1814 3582 rerum
1837 3551 2055 3582 distinctione.
2074 3549 2108 3581 ln
2127 3550 2246 3591 quibus
2263 3574 2270 3581 .
2286 3574 2291 3581 .
2309 3574 2314 3580 .
2333 3560 2400 3582 non
2425 3557 2473 3582 est

1391 3613 1406 3631 a
1425 3612 1511 3633 casu.
1538 3602 1642 3633 Casus
1667 3602 1821 3633 enim...
1841 3611 1908 3633 non
1933 3607 1981 3633 est
2005 3611 2021 3632 a
2046 3611 2133 3632 casu.
2158 3602 2176 3640 §
2198 3602 2358 3643 Amplius,
2384 3601 2471 3633 Cum

1391 3663 1482 3684 casus
1511 3654 1550 3684 sit
1578 3659 1703 3684 tantum
1733 3654 1766 3684 in
1791 3652 1999 3695 possibilibus
2023 3653 2114 3683 aliter
2138 3663 2171 3683 se
2199 3653 2327 3689 habere,
2353 3654 2471 3695 princi-

1389 3706 1479 3746 pium
1495 3711 1602 3736 autern
1621 3704 1809 3736 huiusmodi
1826 3702 2047 3746 possibilitatis
2060 3710 2107 3735 est
2124 3705 2266 3745 materia,
2281 3714 2348 3736 non
2361 3710 2469 3736 sutem

1390 3756 1503 3793 forma,
1527 3768 1587 3786 cum
1609 3761 1693 3793 magis
1712 3759 1867 3786 determinet
1891 3755 1989 3796 (quae
2009 3756 2111 3796 magis
2135 3754 2339 3798 determinat)
2366 3752 2471 3798 possi-

1389 3808 1544 3839 bilitatem
1574 3808 1726 3839 materiae
1751 3805 1791 3838 ad
1814 3814 1930 3843 unum,
1963 3817 2056 3836 eorum
2081 3818 2149 3844 quae
2178 3811 2324 3838 ‚mudum
2346 3811 2469 3846 somam

1388 3862 1597 3896 distinguuntur
1617 3868 1653 3889 ea
1676 3865 1816 3899 quorum
1835 3856 1999 3888 distinctio
2025 3863 2071 3888 est
2095 3868 2112 3888 a
2137 3857 2252 3896 forma,
2269 3867 2336 3889 non
2359 3857 2470 3890 distin-

1387 3915 1531 3950 guuntur
1547 3919 1634 3946 casu,
1651 3909 1707 3940 sed
1724 3907 1806 3941 forte
1824 3918 1860 3939 ea
1877 3917 2019 3948 quorum
2042 3908 2205 3940 distinctio
2230 3914 2277 3941 est
2293 3919 2310 3940 a
2327 3909 2468 3940 materia.

327 4016 344 4040 b
356 4015 392 4048 48
412 4017 502 4042 Potest
521 4019 611 4042 autem
631 4015 690 4049 αα]
710 4016 785 4041 Hunc
805 4016 890 4041 locum
911 4018 938 4042 S.
956 4017 1074 4043 Thomas
1088 4018 1216 4044 inchoavit
1229 4019 1254 4044 in
1271 4027 1337 4045 nova
1353 4021 1427 4050 linea,
1447 4020 1506 4045 alba
1524 4020 1613 4046 relicta
1631 4018 1747 4045 ulteriori
1767 4023 1839 4052 parte
1859 4018 1942 4044 tineae
1962 4019 2151 4052 praecedentia.
2170 4019 2247 4046 Unde
2260 4023 2368 4053 apparet
2380 4019 2468 4058 ipsum

256 4061 287 4085 de
309 4067 378 4085 novo
397 4061 510 4093 capitulo
530 4060 712 4086 constituendo
731 4060 868 4093 cogitasse.
886 4061 976 4086 Statim
996 4069 1059 4087 vero
1078 4063 1244 4097 propositum
1265 4065 1382 4095 mutavit,
1402 4064 1470 4090 linea
1489 4065 1566 4090 duct·
1584 4064 1616 4088 ad
1636 4062 1749 4096 apetium
1769 4069 1879 4087 vacuum
1900 4062 2072 4096 implendum.

2511 264 2560 287 37v
2573 264 2587 280 ι
2602 265 2642 287 mg
2658 259 2698 281 inf.

2512 313 2521 322 ·
2536 312 2570 333 lb.
2586 312 2611 334 b.
2620 312 2643 334 6.

2510 669 2519 678 ·
2534 667 2596 691 Cam
2616 675 2660 698 pro
2691 675 2728 692 ro-

2509 694 2667 744 sstmmxi
2685 697 2735 719 ,nd-

2509 749 2519 759 ·
2530 747 2647 798 Οιιυῖτο
2655 749 2734 778 quod..
2747 788 2749 790 q

2511 775 2565 799 Vid.
2581 782 2594 798 ι
2625 775 2672 798 loc.

2509 1857 2519 1868 ·
2534 1856 2634 1880 vuffa
2651 1858 2701 1883 loe.

2505 2372 2726 2430 greum-335⁸,
