2768 4134
70 1198 79 1208 ·
96 1197 169 1228 :Lo-c..
192 1196 230 1218 cit.
259 1196 283 1218 in

71 1229 186 1252 prlnclpm
199 1228 281 1245 textus.

69 2095 78 2103 ·
94 2093 130 2115 Cf.
146 2099 167 2116 n.
180 2099 219 2115 vu.

311 320 388 367 432

311 397 457 429 ordinem
475 401 506 426 et
528 393 751 424 habitudinem
767 392 863 423 unius
880 390 920 421 ad
936 390 1082 421 alterum.
1108 390 1149 420 Et
1164 390 1386 420 universaliter

310 443 343 471 in
368 441 459 471 omni
481 439 657 479 recipiente
681 442 729 468 est
758 436 839 467 ordo
864 441 895 466 et
918 434 1074 465 habitudo
1105 434 1146 465 ad
1169 444 1227 465 sua
1249 435 1385 475 recepti-

310 485 395 516 bilia.
426 484 468 514 Et
490 483 576 519 ideo,
601 483 627 512 si
652 482 762 512 omnia
790 489 874 520 quae
903 479 1054 510 dicuntur
1084 480 1124 510 ab
1147 479 1321 510 Aristotele
1345 478 1385 509 de

310 529 476 559 intellectu
499 526 655 568 possibili,
673 526 874 556 conveniunt
890 525 920 554 ei
942 525 1139 565 inquantum
1159 530 1205 554 est
1228 523 1385 554 habitudo

311 579 341 604 et
358 572 438 603 ordo
456 571 496 602 ad
511 570 718 610 receptibilia,
735 579 803 600 non
819 574 928 600 autem
945 578 983 599 ex
998 573 1113 599 natura
1136 569 1271 599 subiecti
1294 577 1386 609 prae-

309 618 420 658 parati,
445 615 558 647 eadem
582 615 778 645 convenient
801 614 919 650 sensui,
945 618 976 644 et
1000 614 1091 644 omni
1115 613 1194 643 aliae
1217 622 1386 654 praepara-

309 662 401 698 tioni,
426 662 460 691 in
484 660 598 690 ordine
621 659 662 690 ad
685 669 743 690 sua
766 658 981 699 receptibilia:
1007 657 1098 698 quod
1121 658 1209 688 enim
1234 658 1387 688 convenit

310 706 406 737 alicui
428 706 624 746 inquantum
647 703 720 741 tale,
745 704 900 734 convenit
929 703 1020 742 omni
1043 703 1109 732 tali.
1138 702 1180 732 Et
1203 702 1248 732 sic
1271 703 1387 733 incon—

309 751 475 781 venienter
490 749 679 780 Aristoteles
694 749 778 779 inter
792 748 1014 788 receptionem
1030 756 1142 777 sensus
1159 752 1190 777 et
1206 747 1388 778 intellectus

310 794 523 826 differentiam
544 794 650 834 ponit,
673 793 824 833 inquiens
849 792 939 833 quod
967 801 1005 822 ex
1029 791 1217 821 excellentia
1241 791 1386 822 obiecto-

309 849 383 871 rum
406 839 626 879 corrumpitur
649 847 772 874 sensus,
797 842 866 867 non
890 841 999 867 autem
1023 835 1217 866 intellectus.

366 883 420 914 IV.
441 884 562 914 Tertio.
579 883 629 913 De
645 882 811 913 intellectu
827 880 973 921 possibili
989 879 1067 910 dicit
1085 879 1274 911 Aristoteles
1298 879 1389 920 quod

304 929 434 969 patitur
457 929 496 959 ab
520 927 722 967 intelligibili,
747 926 838 967 quod
853 925 987 965 suscipit
1005 925 1129 964 species
1145 925 1388 961 intellectuales,

310 972 402 1014 quod
424 978 472 1004 est
487 973 520 1003 in
531 972 680 1013 potentia
703 970 743 1001 ad
767 980 829 1006 eas,
847 969 938 1010 quod
959 974 1006 1000 est
1024 969 1109 999 sicut
1131 969 1242 1000 tabula
1266 969 1298 999 in
1323 978 1388 1010 qua

312 1018 393 1048 nihil
416 1023 463 1049 est
484 1018 649 1057 scriptum.
668 1015 731 1046 Sed
754 1015 833 1045 haec
849 1023 917 1044 non
940 1018 1079 1054 possunt
1103 1013 1166 1044 dici
1190 1013 1230 1044 de
1253 1023 1388 1054 praepa-

311 1063 446 1099 ratione,
470 1061 526 1092 sed
550 1061 590 1091 de
614 1061 759 1091 subiecto
783 1063 984 1099 praeparato.
1009 1057 1097 1098 Ergo
1122 1063 1182 1088 etc.

367 1106 508 1137 Adverte
532 1105 621 1146 quod
644 1103 836 1140 Alexander,
853 1104 887 1133 in
903 1112 963 1133 suo
987 1102 1071 1133 libro
1095 1102 1135 1133 de
1158 1101 1287 1138 Anima,
1313 1102 1390 1133 dicit

311 1151 512 1182 intellectum
535 1149 637 1190 magis
662 1148 828 1179 assimilari
852 1147 1018 1178 carentiae
1042 1147 1265 1188 inscriptionis
1288 1155 1389 1188 quam

312 1195 440 1226 tabulae
463 1194 613 1225 nondum
638 1194 784 1234 scriptae.
802 1192 854 1223 Sic
871 1193 959 1223 enim
975 1192 1082 1232 inquit
1098 1193 1129 1221 *t
1147 1192 1261 1222 Solum
1285 1192 1390 1234 igitur

311 1240 492 1270 materialis
516 1239 696 1270 intellectus
703 1237 856 1280 facultas
872 1242 903 1268 et
911 1235 1139 1277 promptitudo
1164 1236 1324 1277 quaedam
1344 1242 1391 1268 est

311 1285 355 1315 ad
368 1284 505 1326 formas
521 1283 739 1324 excipiendas,
765 1282 896 1313 tabulae
920 1282 1066 1312 nondum
1089 1281 1232 1322 scriptae
1253 1281 1390 1313 similis:

310 1329 488 1370 quinimmo
506 1328 606 1369 ipsius
618 1327 756 1358 tabellae
768 1326 928 1368 agraphO,
943 1326 1024 1357 idest
1040 1325 1263 1367 inscriptionis
1273 1335 1389 1357 caren-

311 1374 385 1410 tiae,
410 1383 506 1415 quam
531 1373 668 1404 tabellae
690 1372 839 1403 similior.
861 1371 994 1402 Tabella
1011 1371 1095 1401 enim
1113 1371 1177 1401 iam
1194 1371 1227 1401 in
1253 1380 1388 1402 numero

311 1418 431 1450 entium
448 1423 504 1449 est.
525 1417 733 1459 Quapropter
756 1416 790 1447 id
812 1416 900 1457 quod
922 1416 1033 1447 anima
1051 1415 1240 1457 praeditum
1264 1421 1320 1452 est,
1342 1421 1390 1447 ta-

310 1463 414 1494 bellae
430 1464 544 1504 potius
563 1462 752 1503 comparari
762 1465 890 1502 potest:
907 1461 977 1502 ipsa
994 1470 1072 1492 vero
1097 1461 1320 1501 inscriptionis
1335 1470 1389 1492 ca-

311 1508 416 1539 rentia
431 1509 512 1550 fere
536 1507 716 1539 intellectus
732 1511 788 1537 est.
808 1506 857 1537 Ex
874 1507 992 1546 quibus
1008 1511 1096 1546 patet
1113 1515 1150 1536 ea
1166 1515 1250 1546 quae
1265 1506 1390 1536 Aristo-

310 1553 389 1595 teles
413 1552 454 1584 de
477 1552 644 1583 intellectu
668 1551 755 1588 dicit,
780 1550 820 1582 de
843 1551 913 1592 ipsa
936 1551 1182 1592 praeparatione
1198 1559 1298 1591 quam
1313 1551 1390 1582 Ale-

310 1597 429 1628 xander
452 1598 556 1638 ponit,
581 1596 646 1628 dici
668 1606 736 1627 non
752 1605 864 1636 posse:
890 1605 966 1626 cum
982 1595 1036 1626 illa
1052 1595 1247 1626 conveniant
1262 1595 1390 1626 tabulae

310 1648 526 1683 praeparatae,
542 1651 611 1672 non
635 1647 745 1672 autem
769 1641 927 1672 carentiae
951 1646 983 1671 et
1005 1640 1172 1681 negationi
1196 1641 1389 1681 scriptionis.

366 1687 457 1718 Patet
480 1687 577 1717 etiam
600 1686 673 1717 illos
696 1685 870 1716 Alexandri
893 1691 1038 1716 mentem
1057 1685 1142 1716 male
1164 1685 1391 1726 interpretatos

312 1741 380 1763 esse
404 1732 461 1773 qui
485 1731 597 1762 dicunt
619 1730 840 1761 Alexandrum
849 1730 1120 1771 praeparationis
1138 1731 1274 1761 nomine
1296 1730 1390 1761 intel—

311 1777 425 1808 lexisse
448 1777 579 1807 animae
596 1775 789 1816 potentiam,
813 1780 845 1806 et
860 1775 943 1806 hanc
961 1784 1029 1806 esse
1053 1774 1251 1815 qualitatem,
1274 1780 1390 1816 utpote

310 1822 492 1862 potentiam
515 1820 695 1852 naturalem
711 1830 776 1860 qua
790 1820 955 1851 rationalis
971 1819 1078 1850 anima
1099 1819 1139 1850 ad
1163 1820 1274 1850 omnia
1297 1820 1391 1851 intel-

311 1866 443 1907 ligibilia
467 1871 515 1896 est
537 1870 733 1906 praeparata,
759 1863 1039 1905 quemadmodum
1068 1865 1200 1895 materia
1225 1865 1267 1895 ob
1299 1874 1390 1896 suam

310 1911 491 1951 potentiam
508 1910 548 1940 ad
564 1919 637 1941 suas
654 1908 858 1950 excipiendas
874 1909 994 1939 formas
1010 1915 1227 1949 praeparatur.
1252 1908 1285 1940 Si
1302 1909 1390 1940 enim

307 1954 574 1997 praeparationis
589 1954 724 1985 nomine
739 1953 931 1994 intelligeret
951 1953 1139 1994 qualitatem
1155 1959 1187 1984 et
1209 1955 1390 1994 potentiam

310 1999 499 2036 naturalem,
522 1999 624 2039 magis
641 2007 712 2029 earn
727 1998 855 2029 tabulae
871 1997 1022 2029 nondum
1045 1998 1181 2038 scriptae
1202 1998 1390 2029 assimilaret

312 2053 411 2085 quam
434 2044 584 2085 agrapho
608 2043 675 2074 sive
699 2043 865 2073 carentiae
889 2042 1120 2083 inscriptionis.

366 2089 405 2119 V.
433 2088 561 2125 Quarto
574 2089 600 2118 '.
626 2087 828 2128 Impossibile
848 2093 895 2118 est
918 2097 936 2118 a
960 2087 1194 2118 commixtione
1210 2087 1389 2118 elemento-

310 2143 383 2164 rum
407 2133 529 2164 causari
557 2132 698 2173 aliquam
722 2132 874 2163 virtutem
898 2132 1163 2172 cognoscitivam.
1184 2131 1271 2173 Ergo
1295 2132 1388 2163 intel-

309 2179 413 2209 lectus
432 2187 501 2209 non
525 2183 674 2208 causatur
690 2187 729 2208 ex
745 2177 980 2208 commixtione
996 2177 1244 2208 elementorum.
1260 2195 1282 2199 -
1298 2176 1388 2208 Patet

311 2223 554 2263 consequentia.
572 2222 657 2260 Quia
673 2221 855 2252 intellectus
871 2221 1033 2263 possibilis
1050 2227 1097 2252 est
1121 2230 1272 2262 suprema
1286 2222 1387 2253 virtus

311 2268 531 2308 cognoscitiva
547 2267 581 2297 in
597 2267 701 2303 nobis,
719 2271 755 2297 ut
773 2272 861 2307 patet
886 2266 926 2297 111
943 2266 982 2297 de
997 2266 1127 2297 Anima.
1143 2284 1166 2288 —
1181 2266 1387 2298 Antecedens

310 2322 387 2343 vero
411 2312 575 2353 probatur.
601 2310 687 2349 Quia
711 2309 843 2341 effectus
866 2320 934 2341 non
958 2316 1066 2352 potest
1097 2320 1165 2342 esse
1192 2311 1387 2342 immateria-

310 2357 371 2387 lior
395 2366 452 2387 sua
476 2365 588 2387 causa:
614 2365 688 2386 cum
706 2364 808 2397 agens
826 2355 868 2386 sit
889 2355 1029 2386 nobilius
1039 2355 1186 2396 patiente
1208 2361 1240 2386 et
1252 2355 1388 2398 faciens

301 2401 410 2443 facto,
435 2401 518 2431 sicut
541 2406 631 2431 actus
653 2400 813 2440 potentia;
835 2406 957 2440 quanto
981 2406 1090 2431 autem
1111 2399 1233 2440 aliquid
1257 2406 1304 2431 est
1326 2401 1387 2431 im-

309 2445 515 2482 materialius,
531 2450 622 2476 tanto
639 2450 688 2475 est
709 2444 860 2475 nobilius.
879 2444 995 2475 Omnis
1011 2451 1120 2476 autem
1139 2445 1241 2475 virtus
1264 2454 1388 2486 cogno-

310 2491 431 2527 scitiva‚
454 2490 650 2530 inquantum
681 2489 880 2526 huiusmodi,
912 2495 959 2520 est
982 2489 1217 2520 immaterialis:
1246 2490 1334 2521 unde
1357 2495 1389 2521 et

310 2544 432 2572 sensus,
457 2534 543 2575 apud
566 2533 784 2571 Aristotelem,
813 2539 860 2565 est
885 2534 1084 2575 susceptivus
1107 2534 1286 2575 specierum
1318 2535 1389 2565 sine

310 2579 458 2610 materia.
483 2579 569 2619 Ergo
594 2584 654 2609 etc.

364 2623 416 2654 Ad
432 2623 626 2654 evidentiam
642 2623 738 2654 huius
757 2623 1001 2664 propositionis,
1024 2623 1132 2654 Virtus
1151 2623 1386 2664 cognoscitiva,

310 2668 501 2709 inquantum
525 2667 721 2704 huiusmodi,
747 2673 795 2699 est
818 2668 1054 2704 immaterialis,
1079 2667 1323 2705 advertendum,
1349 2677 1387 2699 ex

310 2712 456 2744 doctrina
483 2713 592 2744 Sancti
621 2712 771 2743 Thomae
800 2713 923 2750 Prima,
953 2721 984 2753 q.
1009 2722 1072 2749 xlv,
1099 2723 1126 2743 a.
1156 2720 1183 2749 1,
1213 2718 1245 2743 et
1273 2713 1386 2750 Ver-it„

309 2767 340 2799 q.
358 2768 390 2794 11,
408 2767 435 2788 a.
455 2767 485 2794 2,
508 2757 600 2799 quod
614 2757 867 2788 immaterialitas
891 2766 975 2798 quae
999 2758 1239 2788 concomitatur
1258 2758 1387 2789 univer-

309 2802 424 2843 saliter,
437 2803 504 2833 vim
527 2802 795 2843 cognoscitivam,
811 2811 879 2833 non
905 2807 951 2833 est
975 2802 1167 2833 omnimoda
1190 2803 1350 2843 separatio
1369 2812 1387 2833 a

308 2847 450 2884 materia,
475 2846 531 2878 sed
555 2852 611 2884 est,
635 2852 672 2878 ut
695 2847 916 2878 universaliter
939 2846 1124 2887 loquamur,
1153 2856 1303 2878 excessus
1326 2847 1387 2878 ali-

308 2891 380 2933 quis
386 2892 525 2934 formae
539 2900 641 2932 supra
657 2891 837 2922 materiam.
855 2890 1044 2922 Secundum
1061 2892 1148 2922 enim
1165 2891 1256 2932 quod
1279 2892 1387 2933 aliqua

309 2937 411 2976 magis
435 2935 723 2977 supergrediuntur
751 2936 930 2972 materiam,
956 2937 1031 2976 quia
1060 2935 1182 2966 scilicet
1211 2946 1279 2967 non
1311 2942 1387 2968 sunt

309 2980 450 3011 totaliter
471 2981 624 3012 immersa
651 2981 814 3017 materiae,
839 2981 883 3011 sic
910 2986 988 3011 sunt
1018 2981 1150 3011 maioris
1178 2981 1384 3021 cognitionis.

309 3024 405 3057 Unde
427 3025 620 3062 intellectus,
645 3026 700 3066 qui
724 3026 864 3056 totaliter
886 3026 1054 3056 materiam
1070 3025 1320 3066 supergreditur,
1337 3027 1386 3057 in-

311 3075 470 3110 quantum
492 3070 574 3101 nulli
597 3079 720 3110 organo
748 3069 905 3100 materiali
935 3075 983 3100 est
1013 3069 1135 3106 affixus,
1165 3071 1386 3110 cognoscendi

310 3115 484 3145 maximam
507 3114 574 3145 vim
601 3114 707 3145 habet.
740 3113 866 3145 Dicitur
897 3119 1007 3144 autem
1038 3113 1142 3144 forma
1174 3124 1258 3155 quae
1282 3120 1330 3146 est
1351 3115 1386 3146 in

310 3159 443 3190 materia
465 3158 661 3201 supergredi
683 3159 864 3195 materiam,
890 3167 958 3189 non
983 3159 1059 3198 quia
1083 3158 1190 3199 aliqua
1220 3168 1293 3200 pars
1316 3160 1386 3191 eius

312 3203 486 3234 essentialis
509 3213 578 3234 non
608 3204 648 3234 sit
671 3204 705 3234 in
729 3204 871 3240 materia,
896 3202 952 3233 sed
976 3203 1063 3243 quia,
1092 3212 1167 3234 cum
1192 3208 1261 3234 tota
1288 3204 1328 3236 sit
1351 3205 1385 3235 in

310 3248 452 3285 materia,
476 3257 545 3278 non
574 3253 685 3278 tamen
715 3248 856 3279 totaliter
885 3247 1174 3288 comprehenditur
1197 3257 1214 3278 a
1237 3249 1384 3280 materia:

311 3298 455 3323 remanet
478 3293 564 3323 enim
589 3293 623 3323 in
640 3302 677 3323 ea
700 3293 800 3323 virtus
817 3292 857 3323 ad
873 3291 996 3333 aliquid
1019 3301 1115 3332 supra
1138 3294 1290 3324 materiae
1307 3303 1386 3325 con-

313 3336 479 3374 ditionem,
500 3336 590 3378 quod
607 3342 655 3368 est
675 3337 804 3377 signum
820 3337 993 3368 essentiam
1014 3335 1138 3367 formae
1158 3346 1226 3368 non
1246 3347 1315 3369 esse
1335 3343 1386 3369 to-

311 3381 413 3412 taliter
443 3391 461 3411 a
491 3382 624 3413 materia
656 3382 940 3422 comprehensam;
964 3390 1041 3412 nam
1063 3381 1164 3412 virtus
1188 3381 1387 3413 demonstrat

314 3426 483 3456 essentiam
505 3426 562 3457 rei.
737 3462 748 3472 δ

367 3469 486 3500 Sensus
519 3479 594 3511 ergo
628 3471 862 3511 propositionis
893 3470 1001 3502 Sancti
1037 3469 1186 3501 Th0mae
1222 3477 1268 3502 est
1297 3471 1387 3512 quod

313 3513 412 3544 virtus
436 3515 542 3545 omnis
566 3516 796 3555 cognoscitiva,
820 3516 1016 3556 inquantum
1044 3515 1243 3552 huiusmodi,
1274 3525 1386 3557 super-

314 3557 454 3596 greditur
477 3560 654 3597 materiam,
671 3560 747 3600 quia
771 3565 879 3600 potest
902 3560 935 3591 in
960 3559 1083 3600 aliquid
1106 3559 1197 3600 quod
1220 3565 1267 3590 est
1291 3569 1387 3601 supra

315 3603 464 3633 materiae
489 3603 720 3635 conditionem.
746 3604 847 3643 Quod
871 3614 947 3637 sane
971 3604 1162 3641 ostenditur,
1179 3605 1256 3645 quia
1279 3605 1386 3635 omnis

315 3645 414 3676 virtus
445 3649 680 3687 cognoscitiva‚
710 3654 746 3679 ut
777 3649 999 3689 cognoscitiva
1029 3655 1087 3686 est,
1115 3649 1229 3690 recipit
1263 3650 1386 3689 species

315 3689 436 3730 absque
463 3693 605 3729 materia,
636 3692 717 3723 idest
745 3694 866 3734 absque
895 3703 963 3724 esse
995 3693 1207 3724 determinato
1235 3693 1325 3734 quod
1352 3694 1384 3724 in

807 314 996 352 SUMMA
1025 313 1247 350 CONTRA
1276 311 1552 357 GENTILES,
1581 312 1675 348 LIB.
1697 312 1739 358 ΙΙ,
1770 312 1881 349 CAP.
1899 313 2015 350 LXII.

1438 389 1571 420 materia
1594 389 1724 420 habent.
1749 389 1868 420 Forma
1887 390 1974 421 enim
1990 392 2219 430 cognoscibilis
2233 395 2386 435 recipitur
2401 397 2436 428 in
2459 407 2515 429 co·

1439 439 1617 474 gnoscente
1639 443 1709 464 non
1733 434 1915 465 secundum
1938 443 2007 465 esse
2031 434 2281 468 determinatum
2303 449 2371 480 quo
2395 444 2514 473 consti-

1438 479 1500 509 tuit
1519 487 1589 508 rem
1603 478 1639 508 in
1661 484 1785 515 natura,
1806 478 1863 509 sed
1884 484 1994 519 prout,
2019 479 2157 510 existens
2179 481 2337 521 perfectio
2360 486 2458 518 unius
2480 487 2514 518 in

1438 528 1562 560 natura,
1586 528 1660 553 nata
1684 528 1732 553 est
1755 532 1824 554 esse
1847 523 1882 553 in
1905 523 1969 554 alio
1994 529 2026 554 et
2047 523 2118 555 fieri
2142 534 2245 556 unum
2269 537 2346 559 cum
2367 528 2436 560 illo.

1494 567 1550 597 Vl.
1575 567 1611 597 In
1634 567 1695 597 hac
1718 573 1827 598 autern
1851 568 1987 605 ratione,
2011 569 2095 599 circa
2124 569 2213 600 illam
2243 573 2516 612 propositionem,

1440 612 1516 642 Non
1535 616 1647 652 potest
1668 611 1801 652 effectus
1825 621 1893 643 esse
1917 613 2169 644 immaterialior
2195 624 2257 645 sua
2286 625 2397 654 causa,
2422 617 2516 650 dubi-

1439 662 1533 687 tatur.
1555 656 1642 694 Quia
1664 655 1770 686 forma
1785 657 1832 687 rei
1854 657 2012 688 sensibilis
2027 658 2062 688 in
2085 667 2182 689 sensu
2205 665 2254 690 est
2275 661 2518 694 immaterialior

1441 710 1541 742 quam
1571 706 1658 731 extra
1689 710 1831 731 sensum.
1862 701 1904 732 Et
1932 707 2052 739 tamen,
2081 703 2263 736 secundum
2294 706 2385 746 quod
2413 712 2461 738 est
2482 708 2517 738 in

1441 755 1548 783 sensu,
1573 750 1723 776 causatur
1738 755 1757 776 a
1772 745 1877 776 forma
1901 746 2057 778 existente
2080 751 2176 779 extra.
2201 748 2289 790 Ergo
2313 750 2447 782 effectus
2462 751 2518 783 ali-

1441 790 1514 831 quis
1539 795 1586 821 est
1601 790 1843 820 immaterialior
1858 800 1916 821 sua
1932 800 2038 822 causa.
2054 790 2097 822 Et
2118 792 2239 833 loquor
2254 794 2294 826 de
2318 805 2414 827 causa
2429 796 2518 837 prin-

1442 835 1547 876 cipali,
1572 834 1612 865 de
1637 844 1702 875 qua
1724 834 1863 865 intendit
1886 834 2023 866 Sanctus
2046 835 2203 868 Thomas.

1499 889 1529 910 2.
1547 878 1599 909 Ad
1614 879 1713 910 huius
1730 878 1935 917 evidentiam,
1952 879 2227 913 considerandum
2242 889 2290 914 est
2306 884 2397 925 quod
2412 885 2517 926 dupli-

1443 925 1520 954 citer
1536 923 1653 955 dicitur
1668 924 1777 964 aliqua
1792 929 1907 955 natura
1929 925 2165 956 immaterialis:
2190 927 2314 959 scilicet
2331 934 2388 960 aut
2402 939 2518 962 secun-

1443 968 1523 1000 dum
1550 978 1643 1000 suam
1669 969 1896 1006 substantium
1928 974 1984 1000 aut
2011 970 2193 1001 secundum
2220 980 2300 1004 esse.
2329 973 2518 1006 Secundum

1442 1014 1654 1045 substantiam
1670 1013 1786 1044 dicitur
1801 1019 1915 1044 natura
1930 1014 2149 1046 immaterialis
2165 1024 2249 1056 quae
2264 1026 2334 1048 non
2357 1024 2406 1050 est
2427 1029 2519 1051 com-

1442 1059 1548 1099 posita
1572 1068 1610 1089 ex
1633 1059 1766 1089 materia
1790 1064 1821 1089 et
1844 1057 1964 1089 forma:
1995 1059 2078 1090 sicut
2093 1059 2313 1101 intelligentia.
2331 1061 2519 1096 Secundum

1443 1112 1512 1134 esse
1535 1108 1662 1133 tantum
1686 1103 1804 1134 dicitur
1819 1103 2037 1134 immaterialis
2053 1104 2106 1134 illa
2130 1113 2224 1145 quae,
2241 1105 2317 1137 licet
2339 1107 2373 1138 in
2397 1117 2455 1139 sua
2470 1118 2520 1140 ra-

1443 1148 1533 1178 tione
1557 1148 1725 1178 materiam
1751 1147 1906 1185 includat,
1931 1153 2040 1179 tamen
2068 1149 2165 1180 habet
2192 1159 2262 1181 esse
2290 1151 2518 1184 immateriale:

1443 1193 1526 1223 sicut
1548 1197 1662 1223 natura
1685 1192 1801 1233 lapidis
1823 1193 1858 1223 in
1873 1193 2052 1224 intellectu.
2068 1193 2201 1234 Lapidis
2224 1195 2312 1226 enim
2334 1201 2449 1228 natura
2472 1204 2520 1229 est

1444 1237 1653 1268 essentialiter
1668 1237 1852 1278 composita
1875 1246 1914 1268 ex
1937 1238 2071 1269 materia
2085 1243 2118 1270 et
2139 1238 2255 1276 forma,
2280 1245 2312 1271 et
2334 1241 2368 1272 in
2391 1251 2450 1273 sua
2470 1252 2520 1275 ra·

1443 1282 1532 1312 tione
1555 1282 1724 1312 materiam
1746 1281 1894 1319 includit,
1917 1283 2133 1314 universalem
2155 1289 2275 1315 tamen.
2301 1284 2380 1317 Ideo
2403 1292 2436 1318 et
2458 1288 2522 1319 exi-

1443 1331 1530 1357 stens
1545 1326 1580 1356 in
1595 1325 1772 1363 intellectu,
1790 1331 1838 1357 est
1852 1326 2024 1358 materialis
2040 1327 2222 1360 secundum
2243 1331 2426 1369 essentiam,
2443 1341 2520 1364 cum

1444 1371 1483 1401 sit
1507 1370 1652 1402 eiusdem
1675 1371 1808 1402 rationis
1823 1371 1857 1401 in
1881 1371 2048 1403 intellectu
2072 1377 2104 1403 et
2127 1378 2215 1404 extra
2229 1373 2448 1407 intellectum:
2473 1381 2522 1408 est

1443 1421 1551 1447 tamen
1576 1416 1794 1447 immaterialis
1824 1415 2007 1447 seeundum
2030 1426 2110 1454 esse,
2135 1418 2212 1458 quia
2239 1428 2308 1450 esse
2331 1429 2429 1452 suum
2450 1430 2521 1458 non

1444 1466 1492 1491 est
1514 1461 1548 1491 in
1571 1461 1705 1491 materia
1727 1465 1908 1501 receptum,
1925 1460 1982 1492 sed
2005 1461 2038 1492 in
2062 1471 2098 1492 re
2119 1462 2332 1502 immateriali,
2349 1465 2472 1497 scilicet
2486 1466 2520 1498 in

1443 1505 1621 1536 intellectu.
1638 1523 1659 1528 -
1675 1505 1817 1537 Attende
1839 1510 1960 1543 tamen,
1978 1515 2054 1537 cum
2078 1506 2153 1538 dico
2176 1513 2325 1540 naturam
2348 1509 2464 1550 lapidis
2485 1511 2521 1543 in

1442 1550 1612 1581 intellectu
1635 1559 1704 1581 esse
1727 1550 1937 1587 materialem,
1961 1559 2030 1582 non
2054 1551 2100 1582 sic
2123 1551 2270 1594 intelligo
2294 1554 2387 1594 quasi
2405 1555 2522 1589 entitas

1444 1596 1513 1626 eius
1536 1593 1719 1626 secundum
1743 1593 1834 1636 quod
1857 1600 1905 1626 est
1928 1594 2077 1626 accidens
2099 1595 2293 1635 intellectus,
2320 1598 2361 1629 sit
2377 1608 2520 1642 ‘compo-

1444 1641 1503 1671 sita
1527 1649 1565 1670 ex
1587 1640 1721 1670 materia
1745 1645 1776 1670 et
1799 1639 1915 1677 forma,
1931 1639 1996 1671 hoc
2012 1640 2100 1671 enim
2124 1650 2194 1672 esse
2215 1651 2285 1673 non
2309 1648 2428 1683 potest,
2443 1646 2521 1677 cum

1444 1685 1484 1715 sit
1507 1683 1613 1715 forma
1628 1683 1765 1725 simplex
1781 1689 1915 1715 aetuans
1934 1684 2154 1716 intellectum:
2171 1685 2228 1717 sed
2250 1686 2372 1728 loquor
2387 1687 2428 1720 de
2450 1688 2521 1731 ipsa

1443 1735 1480 1760 ut
1503 1729 1627 1770 species
1651 1734 1709 1766 est,
1733 1728 1816 1759 idest
1839 1734 1876 1760 ut
1891 1734 1940 1759 est
1954 1730 2224 1770 repraesentativa
2246 1737 2380 1763 naturae
2405 1732 2522 1774 lapidis

1445 1780 1531 1805 extra
1549 1773 1752 1804 intellectum
1769 1774 1932 1804 existentis
1948 1779 1981 1804 et
1995 1779 2043 1805 est
2059 1775 2128 1806 eius
2144 1774 2316 1816 quidditas‚
2333 1786 2401 1818 quo
2417 1777 2520 1811 modo

1444 1819 1505 1850 sibi
1527 1819 1608 1849 ratio
1632 1818 1747 1860 lapidis
1771 1819 1934 1849 convenit.
1958 1817 2011 1850 Sic
2027 1819 2126 1856 enim,
2147 1820 2224 1860 quia
2239 1827 2460 1862 repraesentat
2473 1822 2519 1856 la-

1444 1863 1528 1903 pidis
1551 1868 1709 1899 naturam,
1735 1872 1819 1903 quae
1849 1863 2022 1894 materialis
2052 1869 2100 1894 est
2127 1864 2310 1897 secundum
2338 1867 2520 1905 essentiam,

1444 1913 1560 1948 utpote
1583 1908 1750 1938 materiam
1770 1916 1982 1938 communem
1998 1907 2032 1938 in
2048 1917 2107 1939 sua
2128 1909 2255 1940 ratione
2277 1908 2522 1950 includensffili·

1445 1953 1527 1983 citur
1551 1957 1582 1982 et
1604 1952 1674 1992 ipsa
1697 1951 1869 1982 materialis
1885 1958 1922 1982 ut
1945 1953 2070 1993 species
2092 1952 2208 1994 lapidis
2232 1959 2296 1985 est:
2319 1955 2406 1994 licet,
2421 1961 2522 1989 utest

1444 1996 1595 2028 accidens
1618 1996 1811 2033 intellectus,
1835 1996 1876 2027 sit
1905 1996 2126 2028 immaterialis
2149 2002 2181 2028 et
2208 1998 2391 2031 secundum
2413 2004 2522 2037 esru-

1443 2042 1522 2072 tiam
1546 2047 1578 2072 et
1601 2040 1782 2072 secundum
1806 2050 1886 2072 esse.
2438 2065 2451 2077 „

1499 2085 1563 2117 Sed
1587 2091 1619 2116 et
1642 2085 1813 2126 dupliciter
1829 2085 1945 2117 dicitur
1960 2085 2083 2127 aliquid
2105 2086 2316 2119 immateriale
2339 2088 2522 2123 secundum

1444 2140 1526 2161 esse:
1552 2130 1674 2161 scilicet
1689 2136 1744 2161 aut
1767 2129 1948 2161 secundum
1964 2140 2061 2162 suum
2077 2140 2147 2162 esse
2162 2132 2318 2170 naturale,
2335 2130 2427 2174 quod
2441 2129 2522 2166 con—

1442 2175 1530 2206 venit
1554 2180 1687 2206 naturae
1711 2181 1747 2206 ut
1769 2175 1803 2206 in
1827 2176 2010 2216 supposito,
2037 2176 2089 2207 vel
2111 2177 2146 2207 in
2174 2177 2321 2208 subiecto
2348 2178 2440 2220 quod
2466 2179 2523 2211 de-

1441 2220 1600 2258 nominat,
1623 2220 1803 2257 invenitur;
1828 2226 1883 2251 aut
1905 2219 2087 2252 secundum
2109 2230 2180 2253 esse
2201 2221 2416 2255 intentionale
2430 2224 2521 2267 quod

1441 2265 1539 2296 habet
1562 2265 1596 2296 in
1619 2264 1741 2301 medio,
1765 2270 1821 2296 aut
1843 2265 1877 2296 in
1899 2265 2047 2306 potentia
2070 2267 2302 2306 cognoscitiva.

1500 2309 1529 2340 3.
1544 2309 1670 2341 Dicitur
1683 2318 1759 2350 ergo
1772 2310 1891 2350 primo,
1908 2309 2000 2351 quod
2011 2309 2201 2352 intelligitur
2212 2312 2396 2353 propositio
2412 2311 2522 2344 Sancti

1442 2353 1593 2385 Thomae
1609 2354 1649 2385 de
1665 2354 1869 2385 immateriali
1885 2354 2067 2386 secundum
2084 2355 2267 2393 essentiam,
2285 2362 2317 2387 et
2333 2362 2382 2388 est
2405 2357 2446 2388 de
2459 2358 2519 2389 im—

1442 2399 1599 2430 materiali
1616 2399 1797 2430 secundum
1820 2408 1889 2430 esse
1904 2399 2061 2431 naturale.
2086 2399 2204 2432 Nullus
2219 2401 2308 2432 enim
2325 2400 2459 2433 effeetus
2474 2408 2523 2434 est

1443 2444 1621 2484 simplicior
1637 2449 1693 2474 aut
1708 2443 1951 2475 immaterialior
1965 2443 2148 2476 secundum
2164 2445 2337 2476 essentiam
2351 2454 2411 2478 sua
2420 2454 2522 2485 senus·

1442 2489 1629 2529 principali3
1645 2497 1754 2529 neque
1778 2489 1876 2519 etiam
1891 2489 2073 2520 secundum
2097 2498 2167 2521 esse
2190 2489 2336 2522 naturale
2354 2490 2447 2532 quod
2461 2500 2520 2523 na—

1442 2539 1533 2564 turae
1557 2539 1588 2564 et
1612 2533 1729 2564 rationi
1753 2532 1885 2564 effectus
1909 2539 2023 2565 natum
2040 2539 2088 2566 est
2104 2535 2289 2566 convenire.
2307 2535 2349 2566 Et
2366 2535 2435 2567 hoe
2454 2532 2523 2572 .ιέ-

1442 2576 1510 2608 ficit
1525 2577 1566 2608 ad
1582 2577 1788 2618 propositum
1812 2587 1919 2608 suum.
1936 2577 2024 2609 Cum
2041 2579 2130 2610 enim
2153 2579 2336 2611 intellectus
2351 2585 2384 2611 et
2407 2576 2522 2612 secian-

1443 2621 1522 2653 dum
1539 2622 1710 2653 essentiam
1726 2627 1758 2652 et
1773 2622 2040 2654 secundumresse
2062 2624 2208 2655 naturale
2231 2625 2271 2655 sit
2293 2624 2522 2662 immaterialis,

1442 2667 1588 2708 sequitur
1611 2666 1702 2707 quod
1724 2675 1793 2698 non
1823 2667 1926 2708 possit
1955 2668 2079 2698 causari
2102 2677 2142 2698 ex
2169 2668 2523 2702 elementorum-eon-

1441 2712 1609 2748 mixtione,
1633 2720 1718 2752 quae
1741 2711 1864 2752 aliquid
1886 2712 2051 2743 materiale
2074 2711 2162 2744 dicit.

1499 2756 1625 2788 Dicitur
1640 2755 1798 2793 secundo,
1815 2755 1906 2797 quod
1928 2766 1997 2787 non
2020 2757 2210 2788 inconvenit
2233 2756 2387 2789 effectum
2405 2764 2522 2790 sem-

1443 2800 1522 2832 dum
1538 2810 1608 2832 esse
1622 2801 1835 2832 intentionale
1851 2809 1920 2832 esse
1935 2801 2232 2834 immaterialiorem
2247 2808 2306 2834 sua
2321 2811 2419 2834 causa
2432 2803 2521 2845 prin-

1443 2846 1539 2886 cipali
1563 2851 1594 2877 et
1616 2846 1762 2887 propria:
1780 2855 1857 2876 cum
1874 2855 1944 2877 esse
1966 2845 2047 2878 illud
2070 2847 2111 2878 sit
2126 2846 2325 2878 diminutum
2347 2847 2383 2879 in
2406 2847 2522 2887 ordine

1442 2890 1483 2921 ad
1505 2890 1603 2921 talem
1626 2896 1785 2922 naturam.
1810 2890 1852 2921 Et
1866 2891 1913 2922 sic
1927 2899 1997 2921 non
2019 2891 2210 2923 inconvenit
2225 2890 2368 2929 formam>
2387 2893 2522 2924 reisu-

1442 2935 1541 2966 sibilis
1564 2943 1633 2966 esse
1656 2934 1953 2966 immaterialiorem
1969 2935 2003 2966 in
2019 2944 2116 2968 sensu
2132 2945 2231 2977 quam
2255 2941 2352 2974 extra,
2373 2937 2523 2978 quamvls

1441 2980 1482 3010 sit
1504 2989 1523 3010 a
1545 2989 1579 3011 re
1603 2979 1746 3011 sensibili
1761 2985 1908 3011 causata:
1925 2980 2003 3020 quia
2018 2989 2089 3012 esse
2111 2980 2199 3012 illius
2221 2979 2348 3012 formae
2362 2981 2397 3013 in
2411 2989 2520 3020 emm,

1441 3025 1637 3065 inquantum
1653 3030 1701 3056 est
1715 3023 1822 3055 forma
1837 3024 2005 3062 sensibilis,
2024 3030 2078 3056 est
2093 3034 2163 3057 esse
2185 3024 2409 3058 intentionals.
2425 3025 2522 3059 U*

1441 3078 1509 3100 non
1533 3074 1582 3100 est
1605 3069 1748 3100 obiectio
1768 3074 1880 3100 contra
1903 3077 2036 3100 sensum
2058 3069 2144 3101 illius
2166 3070 2419 3111 propositionis:
2442 3075 2520 3103 eu-

1440 3113 1494 3144 illa
1517 3113 1714 3154 intelligatur
1729 3112 1770 3144 de
1786 3113 1990 3145 immateriali
2005 3119 2062 3145 aut
2076 3113 2258 3146 secundum
2277 3115 2520 3149 essentiaaismt

1441 3158 1623 3189 secundum
1647 3166 1717 3190 esse
1735 3158 1898 3195 naturale3
1922 3159 2066 3190 obiectio
2081 3164 2192 3190 autem
2215 3158 2375 3200 procedat
2394 3157 2437 3190 de
2450 3157 2519 3190 'imr-

1441 3202 1597 3234 materiali
1621 3203 1803 3234 secundum
1827 3211 1897 3234 esse
1920 3203 2144 3235 intentionale.
2159 3221 2183 3227 —
2203 3202 2387 3242 Quomodo
2408 3206 2519 3234 autem

1442 3247 1547 3279 forma
1570 3247 1693 3278 habens
1721 3256 1790 3279 esse
1817 3247 1982 3279 materiale
2009 3249 2123 3289 possit,
2153 3253 2310 3288 tanquam
2339 3246 2519 3288 principale

1442 3301 1549 3333 agens,
1567 3301 1699 3323 causare
1722 3291 1863 3323 formam
1885 3292 2060 3324 habentem
2084 3301 2154 3324 esse
2176 3291 2390 3323 immateriale
2411 3291 2518 3323 inten-

1441 3337 1572 3374 donale,
1589 3337 1786 3368 declaratum
1803 3342 1851 3368 est
1861 3337 1895 3368 in
1907 3337 2176 3378 praecedentibus
2183 3337 2210 3373 *,
2226 3335 2267 3366 de
2282 3341 2393 3367 mente
2409 3335 2518 3368 Sancti

1442 3381 1592 3413 Thomae
1608 3381 1767 3418 Potentia,
1786 3391 1817 3422 q.
1835 3391 1865 3419 v,
1881 3390 1910 3412 a.
1928 3381 1959 3412 8.

1496 3426 1565 3457 VII.
1586 3425 1718 3463 Quinto.
1735 3426 1855 3457 Anima
1869 3424 2054 3466 vegetabilis
2069 3431 2110 3456 ex
2124 3423 2359 3455 commixtione
2375 3424 2518 3456 elemen-

1442 3477 1551 3502 torum
1566 3470 1705 3512 produci
1719 3479 1789 3502 non
1804 3475 1922 3512 potest.
1939 3468 2027 3510 Ergo
2041 3467 2148 3500 multo
2163 3468 2273 3499 minus
2289 3477 2403 3500 sensus
2417 3474 2450 3500 et
2466 3469 2517 3500 in-

1441 3515 1598 3546 tellectus.
1626 3533 1650 3538 —
1675 3515 1833 3546 Probatur
1855 3513 2059 3545 antecedens.
2091 3511 2124 3543 Si
2154 3513 2353 3553 principium
2379 3513 2516 3544 alieuius

1442 3561 1640 3600 operationis
1655 3560 1695 3591 ab
1712 3559 1874 3600 aliquibus
1890 3557 1994 3590 causis
2010 3556 2176 3597 procedat,
2193 3558 2340 3598 operan‘o
2357 3558 2427 3599 ipsa
2445 3557 2517 3588 illas

1442 3614 1554 3635 causas
1576 3613 1645 3636 non
1670 3603 1809 3636 excedit:
1834 3611 1911 3634 cum
1935 3609 2035 3633 causa
2065 3601 2207 3632 secunda
2238 3607 2310 3643 agat
2337 3603 2371 3634 in
2398 3602 2516 3633 virtute

1440 3649 1574 3689 primae.
1598 3648 1662 3680 Sed
1677 3647 1826 3690 operatio
1842 3647 1968 3678 animae
1986 3646 2158 3677 nutritivae
2182 3645 2308 3678 excedit
2331 3646 2429 3678 etiam
2451 3646 2516 3677 vir-

1439 3699 1543 3724 tutem
1567 3693 1761 3734 qualitatum
1785 3690 2043 3722 elementarium:
2069 3695 2105 3721 ut
2127 3696 2216 3731 patet
2239 3700 2276 3722 ex
2301 3690 2514 3732 philosopho,
