2768 4134
35 391 47 402 ¹
61 390 124 412 Lect.
135 395 168 411 ιι.

0 1481 19 1758 *ww-”⁷
0 921 19 1471 -JWW’

0 1946 245 1983 f‘Ct-a.vi,lnit.

0 2072 236 2114 flammam.

26 2261 40 2273 ‘
53 2260 91 2285 Cf.
105 2267 130 2285 n.
142 2269 182 2290 xv,
196 2269 245 2286 ιη.

0 3095 165 3133 7Ἰ-οσῑ.3ι.

884 269 1073 306 SUMMA
1102 271 1324 311 CONTRA
1353 276 1628 327 GENTlLES,
1659 280 1770 317 CAP.
1791 282 1874 318 XX.

278 345 333 376 illa
346 350 458 386 posset
473 351 602 377 motum
625 351 822 387 perpetuum
851 348 1055 379 continuare:
1081 350 1167 389 quia,
1189 357 1225 381 ut
1247 353 1353 392 inquit

278 390 414 421 Sanctus
424 390 571 421 Thomas
579 391 651 421 Vlll
664 391 763 432 Phys.
773 392 800 428 *‚
817 391 861 422 ad
875 392 938 422 hoc
952 393 1041 433 quod
1055 394 1180 434 aliquid
1194 396 1238 425 sit
1252 406 1352 427 causa

277 439 384 465 motus
407 435 526 476 infiniti
543 445 607 476 per
629 436 882 471 reiterationem,
900 446 966 466 non
983 438 1163 477 requiritur
1183 445 1218 469 ut
1237 441 1353 471 habeat

277 479 429 510 virtutem
453 479 624 521 infinitam,
646 480 704 512 sed
725 480 849 522 sufficit
869 481 899 511 si
920 481 1038 511 habeat
1063 482 1214 513 virtutem
1239 484 1352 514 immo-

275 523 371 554 bilem
383 524 530 566 finitam.
555 524 642 565 Ergo
658 530 772 556 motus
787 530 936 556 aeternus
958 535 1028 556 non
1051 527 1155 566 arguit
1178 527 1218 558 de
1241 538 1352 559 neces-

276 569 368 600 sitate
391 569 572 609 potentiam
594 568 755 600 infinitam
778 569 812 599 in
836 569 943 610 aliqua
967 579 1073 601 causa.

330 612 561 654 Respondetur
575 613 681 653 primo
696 612 799 654 quod,
812 613 869 644 illo
886 623 963 645 casu
978 615 1098 655 posito,
1111 614 1186 646 licet
1200 617 1352 656 impossi-

275 657 349 688 bilis
363 658 414 694 sit,
429 657 484 688 illa
498 656 709 698 intelligentia
725 663 870 689 causaret
881 658 1015 699 quidem
1030 664 1144 690 motus>
1155 662 1352 700 perpetuita-

274 707 352 738 tem,
367 711 408 732 ex
424 710 465 732 eo
480 700 572 742 quod
587 702 688 733 virtus
702 712 762 733 sua
776 703 900 734 motiva
914 709 1073 744 perpetua
1087 709 1170 734 esset
1185 710 1217 735 et
1232 705 1350 736 immo-

274 745 357 782 bilis,
368 755 439 776 non
453 750 562 776 tamen
577 753 722 778 causaret
736 747 826 778 illam
841 753 997 788 tanquam
1013 757 1072 789 per
1085 757 1120 778 se
1136 749 1239 788 prima
1255 759 1352 780 causa

274 790 345 821 talis
368 790 605 831 perpetuitatis:
631 792 708 832 quia
730 801 800 823 non
823 801 862 823 ex
890 793 1014 823 ratione
1041 793 1191 833 propriae
1215 794 1350 830 virtutis,

274 833 332 867 sed
346 844 387 866 ex
405 834 594 866 conditione
617 836 677 867 sibi
700 835 861 872 adiuncta,
877 836 1000 867 scilicet
1015 846 1055 867 ex
1069 837 1295 869 immobilitate
1320 844 1352 869 et

273 880 488 920 perpetuitate
499 889 578 911 suae
588 881 724 911 virtutis.
741 881 783 912 Et
797 885 877 912 tunc
887 886 1064 922 poneretur
1079 881 1212 912 effectus
1228 883 1351 923 absque

273 922 333 954 sua
349 924 455 965 prima
470 929 503 955 et
517 933 575 965 per
594 934 629 956 se
648 935 760 956 causa:
784 925 876 966 quod
898 931 947 956 eat
967 926 1180 966 impossibile.
1203 927 1281 957 Non
1304 933 1352 958 est

273 974 383 1000 antem
405 969 527 1000 mirum
546 969 573 1000 si
595 979 634 1000 ex
654 979 723 1000 uno
745 969 938 1010 impossibili
961 970 1070 1010 posito
1094 970 1183 1001 aliud
1205 972 1352 1012 sequitur

273 1014 484 1054 impossibile.
506 1031 531 1036 -
553 1013 588 1045 Si
610 1019 720 1045 autem
739 1019 906 1055 arguatur:
930 1014 987 1045 Illa
1010 1019 1094 1045 esset
1115 1015 1220 1055 prima
1243 1026 1350 1052 causa,

273 1059 351 1100 quia
372 1067 442 1090 non
464 1058 596 1089 haberet
618 1058 714 1090 aliam
736 1059 889 1100 priorem.
906 1059 994 1100 Ergo
1010 1064 1094 1090 esset
1116 1060 1223 1100 primo
1243 1066 1276 1091 et
1293 1070 1352 1101 per

273 1112 429 1134 se.causa
451 1103 688 1144 perpetuitatis:
703 1121 727 1126 -
745 1108 882 1144 negatur
903 1104 1148 1144 consequentia.
1172 1104 1241 1136 Stat
1263 1106 1352 1136 enim

274 1147 367 1188 quod
389 1146 512 1188 aliquid
533 1148 574 1178 sit
596 1148 740 1188 primum
762 1148 798 1179 in
819 1148 930 1189 aliquo
954 1147 1069 1179 ordine
1092 1157 1131 1179 ex
1150 1149 1259 1190 aliqua
1274 1159 1351 1190 sup-

273 1192 438 1232 positione
460 1191 555 1228 faeta,
579 1198 612 1223 et
633 1197 744 1224 tamen
765 1202 836 1225 non
858 1193 899 1223 sit
920 1193 1028 1234 primo
1050 1198 1083 1223 et
1101 1202 1160 1234 per
1190 1203 1225 1224 se
1255 1204 1352 1225 causa

273 1235 410 1269 alicuius
432 1235 579 1267 effectus:
603 1237 687 1268 sicut
709 1236 816 1268 Adam
839 1243 888 1268 est
909 1238 1034 1278 primus
1057 1237 1173 1274 homo,
1189 1243 1222 1269 et
1241 1244 1351 1270 tamen

273 1278 525 1322 nunestprimo
537 1286 639 1322 etper
649 1291 684 1312 se
698 1291 797 1312 causa
807 1282 951 1313 hominis
965 1283 1161 1323 inquantum
1176 1283 1280 1314 homo
1292 1289 1350 1314 est.

240 1360 249 1361 ἶ
290 1323 531 1367 Quaeri
553 1325 699 1357 secundo
722 1332 832 1366 potest
853 1326 955 1368 quod,
977 1327 1088 1368 posito
1103 1327 1161 1358 illo
1177 1337 1264 1364 casu,
1280 1328 1352 1359 talis

273 1369 484 1411 intelligentia
506 1379 576 1402 non
598 1376 744 1402 causaret
766 1377 896 1402 motum
918 1377 1128 1412 perpetuum:
1154 1381 1232 1403 cum
1257 1372 1350 1404 illum

273 1423 345 1446 noa
365 1415 483 1446 habeat
505 1423 637 1446 causare
659 1415 722 1446 nisi
744 1421 781 1446 ut
804 1416 844 1446 ab
873 1415 1089 1457 intelligentia
1113 1415 1258 1448 infinitae
1288 1418 1352 1447 vir-

273 1459 350 1491 tutis
365 1464 528 1491 movetur.
543 1476 567 1482 -
581 1459 683 1498 Quod
698 1466 809 1492 autem
823 1461 930 1501 inquit
944 1460 1082 1492 Sanctus
1093 1460 1249 1498 Thomas,
1267 1471 1351 1502 quo-

272 1504 363 1536 mam
384 1503 426 1536 ad
449 1504 671 1536 aeternitatem
693 1510 804 1535 motus
826 1503 885 1546 per
906 1506 1147 1536 reiterationem
1174 1505 1292 1537 sufficit
1314 1512 1351 1537 ut

273 1548 390 1581 lubeat
402 1548 557 1580 virtutem
570 1549 776 1580 immobilem
791 1548 931 1581 finitam:
954 1549 1153 1591 intelligitur,
1178 1551 1349 1592 supposito

272 1591 383 1635 primo
402 1598 532 1625 motore
554 1592 694 1626 infinito.
718 1593 807 1630 Iden,
830 1593 888 1625 illo
911 1599 1052 1631 remoto,
1068 1600 1124 1626 aut
1139 1595 1232 1626 nullo
1247 1596 1350 1627 modo

272 1642 430 1675 moveret,
454 1643 511 1670 aut
533 1643 622 1670 certo
653 1643 686 1670 et
714 1637 928 1670 determinato
955 1644 1114 1680 tempore.
1137 1657 1160 1663 -
1183 1639 1218 1671 Si
1241 1645 1351 1671 autem

272 1682 419 1719 instetur,
435 1682 512 1723 quia
526 1682 581 1713 illa
596 1683 772 1715 substantia
794 1692 925 1724 semper
945 1689 1091 1716 maneret
1109 1683 1239 1721 eadem;
1263 1684 1351 1716 idem

273 1731 395 1764 autem,
417 1736 555 1759 manens
577 1726 676 1764 idem,
699 1733 813 1760 natum
841 1734 890 1759 est
916 1738 1046 1770 semper
1073 1728 1179 1760 facere
1202 1728 1304 1762 idem:
1327 1748 1351 1753 -

273 1770 398 1805 dicim.
413 1771 533 1814 eodem
559 1771 662 1804 modo
691 1772 794 1813 quod,
817 1773 987 1814 loquendo
1015 1773 1056 1805 de
1084 1783 1181 1806 causa
1203 1783 1288 1815 quae
1312 1784 1352 1806 ex

273 1822 332 1850 m
353 1822 469 1851 natura
491 1822 603 1848 movet
625 1822 663 1848 ut
684 1822 785 1854 mota,
808 1817 898 1849 idem
920 1827 1055 1850 manens
1070 1818 1159 1850 idern
1174 1824 1288 1850 natum
1303 1824 1351 1850 eet

272 1869 402 1902 semper
415 1860 521 1894 iacere
537 1860 625 1895 idem
640 1867 793 1894 manente
807 1863 932 1903 primae
947 1872 1063 1894 causae
1077 1862 1261 1894 influentia:
1282 1873 1351 1895 non

273 1905 461 1939 antemius
482 1911 618 1938 remota.

294 1982 297 1984 .
327 1950 412 1984 XIV.
439 1949 564 1987 Quinta
588 1950 724 1982 obiectio
747 1956 796 1982 est
806 1952 833 1983 “.
858 1951 949 1983 Sicut
964 1961 1003 1983 ex
1018 1950 1144 1983 infinita
1164 1953 1310 1993 potentia
1325 1953 1352 1984 si

273 1994 316 2029 sit
327 1995 363 2027 in
377 1994 612 2035 magnitudine,
627 1996 774 2036 sequitur
788 1995 883 2036 quod
895 2001 1027 2027 moveat
1049 1996 1084 2027 in
1106 2005 1175 2027 non
1190 2002 1350 2038 tempore,

272 2039 318 2074 ita
339 2040 437 2071 etiam
459 2040 487 2070 si
514 2039 555 2070 sit
583 2045 672 2072 extra
698 2039 967 2081 magnitudinem.
998 2040 1085 2081 Ergo
1109 2050 1148 2072 ex
1171 2041 1236 2072 hoc
1259 2041 1351 2082 quod

273 2089 322 2117 est
343 2083 545 2125 impossibile
568 2086 750 2125 potentiam
772 2085 899 2117 innon
921 2090 1070 2126 tempore
1092 2094 1226 2117 movere
1237 2087 1264 2122 ³,
1281 2095 1350 2118 non

272 2129 420 2170 sequitur
441 2133 569 2160 tantum
592 2129 684 2170 quod
705 2128 831 2161 infinita
854 2130 1000 2170 potentia
1022 2139 1091 2160 non
1115 2130 1156 2160 sit
1177 2130 1212 2162 in
1226 2132 1351 2171 magni-

272 2172 396 2210 tudine,
419 2172 477 2204 sed
499 2172 592 2214 quod
613 2174 704 2206 nulla
726 2174 872 2215 potentia
895 2179 943 2205 eet
965 2173 1091 2205 infinita
1114 2174 1271 2206 absolute.

330 2227 362 2249 a.
385 2217 569 2258 Tripliciter
591 2218 632 2250 ad
654 2219 740 2250 hanc
763 2219 984 2250 obiecfionem
1011 2218 1187 2260 respondet
1213 2219 1351 2251 Sanctus

271 2262 420 2294 Thomas
430 2263 458 2294 ⁵.
481 2262 604 2299 Primo,
620 2262 802 2295 secundum
822 2262 1137 2299 Commentatorem.
1154 2264 1227 2295 vm
1239 2265 1350 2305 Phys„

273 2315 395 2340 comm.
419 2316 474 2348 79,
498 2306 590 2348 quod
617 2308 763 2348 potentia
786 2317 872 2348 quae
902 2313 950 2339 est
977 2314 1065 2339 extra
1091 2308 1351 2349 magnitudinem

271 2360 342 2384 non
356 2357 405 2383 est
419 2350 511 2383 finita
525 2357 582 2383 aut
595 2351 722 2385 infinita
744 2353 806 2385 nisi
828 2353 1018 2393 aequivoce.
1042 2352 1121 2383 Ideo
1137 2362 1177 2384 ex
1191 2354 1262 2385 eius
1276 2353 1350 2384 infi-

271 2396 372 2428 nitate
386 2405 456 2431 non
471 2397 618 2437 sequitur
633 2397 794 2428 removeri
809 2396 934 2428 finitam
950 2398 1200 2438 proportionem
1218 2398 1253 2430 in
1270 2398 1349 2435 aliis,

271 2441 307 2473 in
329 2441 532 2482 temporibus
554 2441 678 2473 scilicet
700 2447 734 2475 et
754 2442 909 2473 motibus.
934 2441 991 2473 Illa
1014 2447 1124 2474 autem
1146 2449 1300 2484 quaeest
1314 2443 1349 2474 in

271 2484 496 2526 magnitudine
517 2490 567 2517 est
589 2485 681 2518 finita
703 2491 760 2517 aut
781 2485 908 2518 infinita
931 2485 1113 2519 secundum
1136 2487 1274 2519 eandem
1300 2497 1351 2519 ra-

270 2530 398 2566 tionem
412 2539 479 2572 qua
491 2527 623 2571 tempus
639 2537 672 2562 et
686 2536 810 2562 motus:
836 2531 913 2572 quia
936 2531 1055 2563 eodem
1069 2531 1172 2563 modo
1187 2533 1350 2564 invenitur

271 2573 402 2610 finitum
425 2580 458 2606 et
479 2574 645 2610 infinitum
667 2576 702 2607 in
725 2575 959 2616 magnitudine,
975 2581 1071 2607 motu
1086 2581 1118 2608 et
1137 2582 1297 2618 tempore,
1313 2582 1351 2608 ut

272 2618 389 2651 dicitur
404 2619 447 2651 111
462 2619 561 2661 Phys.
574 2625 608 2652 et
618 2620 672 2652 vl.
697 2619 775 2652 Ideo
798 2619 964 2652 infinitum
979 2621 1014 2652 in
1029 2630 1098 2652 uno
1115 2630 1231 2653 eorum
1246 2621 1350 2653 aufert

271 2664 522 2706 proportionem
545 2663 670 2695 finitam
692 2665 727 2695 in
751 2664 830 2695 aliis.

327 2707 469 2743 Adverte
492 2709 584 2749 quod
606 2708 765 2740 finitatem
788 2714 821 2740 et
842 2708 1036 2741 infinitatem
1064 2709 1142 2741 dicit
1170 2709 1350 2743 Commen-

271 2758 357 2785 tator
378 2754 558 2794 aequivoce
574 2754 739 2794 potentiae
755 2759 920 2794 separatae
934 2759 967 2784 et
982 2755 1214 2795 quantitatibus
1229 2765 1350 2786 conve-

271 2798 352 2835 nire,
364 2798 443 2838 quia
456 2798 491 2829 in
506 2798 584 2838 ipsis
599 2807 669 2829 non
684 2798 838 2830 convenit
852 2797 1035 2831 secundum
1049 2808 1151 2830 unam
1165 2805 1198 2831 et
1213 2799 1351 2831 eandem

271 2843 442 2875 rationem.
458 2842 495 2875 In
511 2843 744 2883 quantitatibus
760 2843 849 2873 enim
864 2842 981 2874 dicitur
991 2842 1122 2874 finitum
1139 2849 1171 2875 et
1185 2843 1351 2875 infinitum

271 2886 455 2924 secundum
466 2886 631 2927 quandam
643 2887 877 2923 extensionem,
890 2892 923 2918 et
937 2887 1119 2919 secundum
1134 2889 1351 2928 privationem

272 2930 347 2962 finis
362 2932 563 2972 quantitatis:
584 2932 618 2962 in
634 2930 740 2963 forma
754 2937 866 2962 autem
881 2938 1026 2972 separata
1037 2931 1154 2965 dicitur
1168 2932 1350 2965 secundum

272 2975 520 3016 perfectionem.
544 2975 634 3012 Ideo,
650 2974 832 3007 secundum
854 2976 973 3017 ipsum,
989 2986 1060 3008 non
1082 2982 1158 3008 sunt
1181 2987 1351 3018 compara-⁴

272 3020 350 3054 bilia
371 3015 518 3061 potentia
540 3025 628 3052 extra
649 3020 908 3061 magnitudinem
935 3026 968 3052 et
996 3022 1143 3061 potentia
1165 3022 1200 3052 in
1226 3021 1352 3062 magni-

272 3063 396 3097 tudine.
420 3065 515 3096 Hanc
539 3064 816 3096 commentatoris
838 3065 1085 3106 responsionem
1107 3065 1243 3097 Sanctus
1259 3066 1351 3097 Tho-

273 3118 353 3146 mas,
377 3109 453 3140 licet
475 3110 529 3140 hic
551 3119 621 3140 non
644 3110 806 3150 reprobet,
822 3109 896 3140 VIII
911 3114 1019 3140 tamen
1035 3110 1134 3151 Phys.
1147 3111 1164 3128 ⁴*
1187 3111 1350 3151 reprobat,

273 3159 311 3184 ut
333 3154 367 3185 in
390 3153 534 3185 secunda
556 3155 771 3194 responsione
795 3153 1005 3184 adducemus.

292 3218 297 3220 ν
328 3198 400 3229 XV.
423 3197 577 3230 Secundo
600 3197 825 3239 respondetur,
849 3197 890 3229 de
913 3204 1023 3234 mente
1046 3200 1144 3229 etiam
1170 3198 1350 3230 Commen-

273 3243 396 3280 tatoris,
411 3243 470 3274 XII
487 3243 642 3284 Metaph„
659 3253 781 3274 comm.
797 3250 853 3282 41,
870 3242 971 3283 quod,
989 3252 1066 3274 cum
1090 3242 1256 3283 duplicem
1277 3253 1350 3274 mo-

273 3292 380 3319 torem
410 3288 539 3320 caelum
567 3287 694 3324 habeat,
717 3288 904 3328 proximum
927 3287 1060 3324 scilicet,
1083 3288 1140 3327 qui
1164 3293 1212 3318 est
1239 3287 1350 3322 finitae

273 3332 409 3369 virtutis,
433 3337 466 3364 et.
488 3338 662 3369 remotum,
687 3333 744 3372 qui
774 3337 822 3362 est
851 3331 1010 3368 infinitae;
1035 3341 1054 3362 a
1075 3331 1226 3372 proximo
1253 3331 1350 3363 habet

273 3381 384 3408 motus
413 3375 538 3408 finitam
565 3377 781 3413 velocitatem,
806 3386 824 3406 a
845 3381 974 3407 remoto
1004 3382 1114 3407 autem
1144 3375 1350 3409 durationem

273 3419 444 3452 infinitam.
459 3421 597 3463 Propter
611 3421 687 3458 hoc,
699 3421 726 3452 si
741 3421 888 3462 potentia
904 3430 988 3461 quae
1004 3426 1052 3451 est
1067 3419 1192 3451 infinita
1207 3421 1247 3451 sit
1263 3426 1350 3452 extra

273 3465 541 3505 magnitudinem,
557 3475 627 3497 non
642 3466 787 3506 sequitur
803 3465 894 3505 quod
908 3470 1040 3496 moveat
1054 3465 1089 3496 in
1103 3465 1249 3496 instanti:
1273 3466 1350 3506 quia

273 3514 538 3550 potestmovere
560 3519 680 3550 corpus
702 3509 852 3541 mediate.
877 3510 911 3541 Si
926 3515 1036 3540 autem
1052 3514 1135 3540 esset
1148 3508 1273 3540 infinita
1282 3519 1349 3550 ‚po—

273 3554 375 3589 tentia
396 3555 431 3585 in
452 3554 686 3595 magnitudine,
710 3560 858 3587 moveret
880 3553 921 3590 de
943 3554 1133 3585 necessitate
1148 3554 1183 3585 in
1202 3554 1347 3587 instanti:

275 3599 354 3639 quia
375 3604 506 3639 oportet
528 3598 620 3639 quod
643 3608 763 3639 corpus
777 3604 908 3630 moveat
923 3597 1119 3635 immediate,
1137 3608 1213 3633 cum
1230 3608 1348 3639 corpus

274 3652 349 3674 non·
366 3649 497 3674 moveat
519 3644 581 3674 nisi
603 3643 644 3674 ab
667 3643 732 3674 alio
754 3648 894 3674 motum.
951 3652 954 3663 ³

2422 287 2467 323 61

1461 355 1580 386 Sensus
1604 357 1699 388 huius
1722 360 1941 398 responsionis
1964 367 2011 391 est
2035 361 2134 402 quod,
2159 372 2236 394 curn
2257 365 2358 394 virtus
2387 370 2472 395 extra

1405 400 1662 439 magnitudinem
1685 409 1815 433 moveat
1829 404 1991 435 mediante
2006 406 2122 437 virtute
2138 416 2221 447 quae
2237 414 2286 438 est
2299 409 2334 439 in
2348 410 2471 449 magni—

1404 442 1527 479 tudine,
1544 445 1613 474 eius
1629 446 1713 475 actio
1729 455 1768 476 ex
1783 447 1900 478 virtute
1922 448 1956 478 in
1978 451 2198 489 magnitudine
2219 453 2372 483 existente
2388 453 2471 484 limi-

1405 491 1502 517 tatur:
1527 488 1627 518 virtus
1650 490 1738 520 enim
1762 491 1882 529 primae
1905 501 2019 523 causae
2043 495 2221 526 secundum
2249 497 2469 529 conditionem

1406 535 1438 560 et
1451 536 1599 562 naturam
1615 541 1729 563 causae
1745 534 1905 565 secundae
1929 542 2093 575 operatur;
2118 539 2262 570 videmus
2277 542 2364 572 enim
2380 542 2470 582 quod

1405 573 1454 604 sol
1476 574 1638 605 mediante
1661 576 1795 607 homine
1817 585 1947 618 generat
1967 580 2144 618 hominem,
2161 589 2192 613 et
2207 584 2367 616 mediante
2382 595 2469 626 equo

1406 627 1540 658 equum.
1566 619 1653 655 ideo,
1671 621 1696 650 si
1712 622 1811 651 virtus
1834 632 1918 662 quae
1941 629 1988 654 est
2011 625 2044 655 in
2067 627 2285 666 magnitudine
2302 635 2348 662 est
2368 629 2466 666 finita,

1405 667 1437 692 et
1460 669 1698 703 consequenter
1719 670 1793 695 nata
1815 675 1947 698 movere
1969 669 2137 700 velocitate
2161 670 2259 707 finita,
2282 674 2380 704 virtus
2398 674 2470 705 infi-

1404 706 1470 736 nita
1494 716 1578 747 quae
1602 713 1650 738 est
1672 714 1759 739 extra
1781 711 2046 750 magnitudinem,
2063 714 2222 745 mediante
2242 717 2310 755 ipsa
2325 727 2468 754 movens,

1404 760 1473 780 non
1495 753 1640 782 movebit
1663 753 1833 784 velocitate
1856 754 1990 792 infinita,
2008 757 2063 787 sed
2087 757 2176 788 finita
2199 765 2230 789 et
2253 759 2468 793 determinata.

1405 794 1513 826 Virtus
1529 802 1638 827 autem
1661 806 1745 837 quae
1769 804 1816 828 est
1838 799 1872 829 in
1894 801 2126 840 magnitudine,
2143 803 2218 842 quia
2233 810 2342 835 movet
2358 803 2470 836 imme-

1404 838 1489 890 diate
1511 840 1619 880 ipsum
1643 850 1762 881 corpus
1785 842 1932 880 caeleste,
1956 844 2101 885 alioquin
2125 846 2205 877 illud
2228 857 2363 888 corpora
2391 849 2470 880 infe-

1404 893 1489 914 nora
1511 894 1579 915 non
1595 892 1758 922 moveret,
1783 896 1859 918 cum
1883 897 2001 928 corpus
2024 899 2092 920 non
2112 897 2242 922 moveat
2255 893 2318 922 nisi
2333 899 2470 930 motum,

1404 928 1430 957 si
1446 927 1542 959 fuerit
1556 929 1690 966 infinita,
1714 932 1894 962 necessario
1910 934 2107 965 movebitin
2128 945 2195 966 non
2211 941 2372 976 tempore:
2397 939 2472 977 quia

1403 981 1472 1003 non
1496 978 1603 1013 potest
1625 975 1771 1015 accipere
1793 976 2020 1008 limitationem
2043 988 2081 1009 ex
2103 988 2199 1010 causa
2221 980 2373 1017 secunda,
2396 991 2471 1012 cum

1404 1026 1473 1047 non
1485 1017 1646 1049 mediante
1659 1019 1719 1049 alia
1731 1029 1838 1056 causa,
1849 1020 1907 1051 sed
1917 1031 1976 1062 per
1987 1023 2125 1063 seipsam
2136 1024 2320 1056 immediate
2331 1023 2470 1057 moveatss

1463 1071 1492 1092 2.
1517 1061 1759 1094 Advertendum
1775 1070 1895 1101 autem,
1911 1067 2067 1106 quoniam
2083 1067 2218 1099 Sanctus
2230 1069 2374 1100 Thomas
2389 1070 2472 1102 hanc

1405 1107 1652 1146 responsionem
1680 1108 1849 1139 meliorem
1875 1110 1979 1150 prima
2001 1118 2138 1152 reputat,
2162 1113 2237 1144 licet
2259 1119 2291 1144 et
2312 1115 2415 1155 ipsam
2438 1116 2471 1147 in

1405 1150 1476 1180 Vlll
1489 1151 1612 1192 Pasa*
1628 1152 1875 1184 insufficientem
1892 1164 1961 1186 esse
1977 1155 2071 1192 dicat,
2084 1157 2175 1197 quod
2189 1158 2292 1198 prima
2303 1160 2471 1199 responsio
2498 1164 2506 1171 ·
2523 1162 2576 1184 Vid·
2591 1169 2666 1190 supra,
2687 1169 2709 1185 ¹¹·

1406 1200 1518 1226 contra
1541 1196 1746 1228 Aristotelem
1770 1203 1830 1228 est:
1856 1208 1931 1229 cum
1960 1200 2030 1240 ipse
2059 1207 2160 1241 ponat
2185 1204 2364 1243 potentiam
2388 1213 2472 1244 quae
2498 1189 2599 1237 i‘b'i’ci‘iff'
2621 1194 2644 1212 ‘t
2664 1191 2710 1212 ¹⁰²

1405 1238 1532 1270 infinito
1555 1246 1703 1281 tempore
1726 1248 1846 1279 movet,
1870 1243 2029 1275 infinitam
2053 1255 2121 1276 esse
2145 1252 2177 1277 et
2200 1252 2286 1277 extra
2312 1249 2471 1288 magnitu-

1405 1283 1530 1321 dinem;
1552 1295 1591 1316 ex
1607 1294 1674 1326 quo
1691 1292 1823 1326 apparet
1837 1287 2028 1320 infinitatem
2043 1291 2206 1330 potentiae
2229 1293 2384 1332 temporis
2399 1292 2471 1323 infi-

1404 1329 1495 1359 nitati
1519 1331 1770 1370 comparabilem
1794 1341 1862 1362 esse
1885 1333 2065 1364 secundum
2088 1336 2334 1375 proportionem
2357 1346 2471 1368 causae

1405 1379 1437 1403 et
1451 1372 1594 1410 effectus,
1611 1375 1686 1405 licet
1700 1385 1768 1406 non
1783 1376 1964 1408 secundum
1981 1378 2116 1409 eandem
2131 1381 2289 1411 rationem
2308 1380 2471 1412 infinitum

1405 1418 1438 1448 in
1461 1418 1523 1448 illis
1546 1419 1736 1450 inveniatur.
1752 1438 1775 1442 -
1790 1420 1921 1452 Falsum
1937 1431 2071 1462 quoque
2090 1429 2137 1453 est
2152 1424 2242 1464 quod
2256 1424 2395 1464 infinitas
2410 1427 2471 1456 vir-

1404 1463 1480 1492 tutis
1504 1469 1667 1503 separatae
1693 1473 1762 1494 non
1792 1464 1914 1496 auferat
1942 1467 2188 1506 proportionem
2217 1468 2392 1500 durationis
2422 1471 2472 1501 sui

1404 1512 1514 1538 motus
1530 1507 1570 1538 ad
1586 1507 1791 1539 durationem
1805 1514 1914 1540 motus
1931 1511 2092 1541 existentis
2107 1521 2126 1542 a
2141 1513 2257 1544 virtute
2271 1512 2371 1544 finita.
2388 1514 2471 1545 Nam

1405 1551 1559 1582 velocitas
1581 1558 1692 1583 motus
1714 1554 1859 1593 sequitur
1885 1555 2140 1594 magnitudinem
2163 1557 2287 1587 virtutis
2310 1559 2472 1598 potentiae

1404 1596 1547 1627 motivae
1577 1605 1661 1637 quae
1691 1597 1751 1627 sibi
1781 1599 1934 1629 convenit
1960 1608 2017 1639 per
2039 1608 2084 1636 se,
2109 1609 2193 1640 quae
2216 1607 2263 1631 est
2285 1602 2472 1642 magnitudo

1404 1640 1626 1682 perfectionis:
1649 1650 1719 1672 non
1742 1647 1851 1672 autem
1874 1651 1957 1682 quae
1981 1644 2134 1674 convenit
2156 1645 2216 1675 sibi
2238 1654 2295 1685 per
2314 1646 2472 1683 accidens,

1404 1685 1527 1717 scilicet
1549 1684 1589 1716 ad
1612 1686 1835 1717 extensionem
1858 1687 2004 1719 subiecti.
2037 1687 2170 1726 Quanto
2194 1690 2280 1720 enim
2303 1690 2474 1730 perfectior

1405 1735 1454 1761 eet
1475 1730 1632 1770 potentia,
1655 1735 1746 1761 tanto
1776 1736 1823 1761 est
1851 1732 1953 1771 magis
1982 1733 2094 1768 activa,
2117 1742 2185 1763 non
2215 1739 2324 1765 autem
2352 1740 2474 1775 quanto

1405 1775 1507 1815 magis
1530 1780 1675 1806 extensa:
1698 1775 1845 1806 intensus
1874 1776 1962 1806 enim
1993 1776 2080 1807 calor
2109 1777 2144 1808 in
2174 1786 2270 1817 parva
2299 1780 2474 1819 quantitate

1404 1820 1507 1860 magis
1530 1818 1676 1850 calefacit
1699 1829 1798 1860 quam
1820 1821 1972 1851 remissus
1994 1821 2028 1851 in
2051 1830 2178 1861 magna.

1461 1863 1612 1895 Secunda
1634 1869 1744 1895 autem
1765 1865 1936 1905 responsio
1953 1874 2021 1896 non
2039 1866 2124 1896 tollit
2140 1876 2158 1896 a
2172 1867 2317 1906 potentia
2332 1873 2474 1907 separata

1405 1907 1564 1940 finitatem
1586 1914 1642 1940 aut
1663 1907 1856 1940 infinitatem
1880 1910 2132 1950 comparabilem
2154 1911 2259 1941 motui
2283 1916 2314 1941 et
2336 1913 2475 1952 tempori

1405 1952 1587 1984 secundum
1602 1953 1744 1993 aliquam
1759 1954 2008 1994 proportionem
2023 1963 2138 1985 causae
2154 1960 2186 1985 et
2201 1954 2342 1986 effectus.
2359 1956 2474 1996 Neque

1405 2003 1552 2029 removet
1574 2007 1592 2028 a
1614 1998 1761 2038 potentia
1783 1996 1909 2028 infinita
1930 2004 2074 2038 separata
2097 1999 2188 2039 quod
2210 2000 2310 2040 possit
2331 2009 2473 2036 movere,

1405 2048 1565 2083 quantum
1577 2047 1625 2073 est
1637 2051 1675 2073 ex
1688 2051 1732 2078 se,
1744 2042 1779 2072 in
1794 2042 1933 2073 instanti.
1950 2042 2138 2074 Secundum
2151 2044 2237 2075 enim
2248 2044 2331 2074 hanc
2341 2054 2474 2085 respon-

1404 2087 1542 2124 sionem,
1566 2087 1593 2118 si
1615 2091 1762 2118 moveret
1784 2086 2150 2124 immediate,⁴m0veret
2168 2089 2202 2119 in
2220 2089 2349 2119 instanti
2363 2099 2473 2120 neces-

1404 2132 1488 2163 sario
1495 2142 1507 2163 ι4
1527 2130 1584 2162 sed
1599 2132 1676 2172 quia
1691 2136 1803 2162 movet
1817 2130 1966 2168 mediate,
1983 2137 2091 2172 potest
2112 2133 2147 2163 in
2169 2138 2315 2173 tempore
2330 2142 2472 2165 movere.

1405 2176 1516 2207 Motus
1532 2181 1640 2207 autem
1657 2175 1747 2211 caeli,
1763 2175 1944 2207 secundum
1961 2175 2271 2213 Commentatorem,
2287 2187 2306 2207 a
2326 2175 2472 2218 proximo

1404 2226 1558 2252 movente
1573 2220 1670 2251 habet
1685 2219 1842 2251 finitatem
1858 2221 2046 2258 velocitatis,
2063 2222 2139 2262 quia
2155 2227 2203 2252 est
2217 2222 2339 2254 virtutis
2354 2222 2471 2253 finitae.

1404 2266 1540 2306 Propter
1562 2265 1627 2295 hoc
1650 2274 1728 2305 ergo
1751 2264 1893 2298 secunda
1915 2265 2032 2296 melior
2054 2271 2101 2296 est
2124 2275 2223 2306 quam
2245 2267 2357 2307 prima.
2408 2300 2411 2301 ⁷
2440 2295 2444 2297 .

1461 2310 1492 2341 3.
1519 2308 1765 2340 Advertendum
1787 2310 1884 2340 etiam
1907 2309 1998 2350 quod
2025 2310 2160 2341 Sanctus
2183 2311 2327 2341 Thomas
2349 2311 2474 2350 videtur

1404 2354 1487 2385 velle
1510 2353 1813 2386 Commentatorem
1835 2354 1925 2385 aliter
1947 2355 2082 2385 sensisse
2104 2356 2138 2386 in
2161 2355 2219 2385 ΧΗ
2235 2356 2376 2396 Metaph.
2393 2357 2410 2372 ⁴*
2433 2355 2473 2386 de
2499 2353 2711 2402 {ufif·g‘¹¹¹⁶¹¹’·¹¹²¹·

1403 2398 1562 2430 infinitate
1584 2399 1680 2439 primi
1702 2399 1838 2429 motoris
1862 2408 1960 2439 quam
1987 2400 2120 2430 senserit
2135 2399 2206 2430 VIII
2218 2400 2432 2440 Pluysicorum
2444 2401 2471 2430 ὓ.
2499 2409 2508 2417 ·
2524 2386 2710 2434 εἷηῖὲψηε-

1404 2443 1488 2475 Nam
1511 2443 1569 2474 XII
1591 2443 1776 2484 Metaplys.
1800 2443 1950 2474 concedit
1972 2445 2081 2484 ipsum
2103 2453 2172 2474 esse
2198 2443 2375 2475 infinitum:
2400 2444 2472 2475 VIII
2500 2433 2558 2458 Μ’·
2574 2439 2593 2455 ²'

1404 2493 1514 2519 autem
1537 2487 1635 2528 Phss.
1659 2493 1768 2528 negat3
1793 2489 1876 2519 sicut
1905 2489 2001 2519 etiam
2030 2497 2147 2528 negare
2176 2487 2302 2519 videtur
2325 2489 2350 2519 11
2370 2489 2470 2524 Caeli,

1405 2541 1526 2563 comm.
1544 2532 1597 2568 38,
1612 2531 1664 2572 39,
1678 2532 1719 2563 63
1737 2537 1769 2563 et
1784 2540 1838 2571 71,
1856 2537 1887 2563 et
1902 2542 1936 2563 111
1955 2542 2025 2572 cap.
2041 2532 2081 2563 de
2097 2532 2282 2563 Substantia
2302 2533 2406 2569 Orbis,
2422 2533 2471 2564 lo-

1405 2576 1538 2617 quendo
1561 2575 1602 2607 de
1624 2575 1781 2607 infinitate
1796 2577 1924 2616 vigoris.
1940 2595 1962 2598 —
1979 2576 2011 2608 Si
2028 2577 2100 2616 quis
2119 2581 2228 2607 autem
2245 2574 2341 2608 vellet
2363 2583 2471 2608 tenere

1405 2621 1496 2662 quod
1518 2630 1587 2652 non
1606 2621 1702 2651 sentit
1717 2620 1817 2658 aliter,
1833 2620 1890 2652 sed
1905 2621 2028 2660 ubique
2042 2621 2181 2651 tenuerit
2195 2621 2303 2651 Deum
2318 2631 2387 2651 non
2402 2631 2470 2652 esse

1403 2665 1521 2696 infiniti
1540 2665 1668 2706 vigoris,
1685 2670 1795 2705 posset
1814 2664 1920 2703 dicere
1943 2665 1983 2695 ad
2005 2666 2228 2695 auctoritatem
2243 2665 2300 2695 XII
2316 2666 2468 2706 Metaph„

1404 2709 1615 2741 conformiter
1629 2708 1670 2740 ad
1686 2718 1724 2740 ea
1739 2718 1822 2749 quae
1834 2709 2015 2750 vniPhys.
2029 2708 2189 2744 dicuntur,
2203 2709 2293 2748 quod
2307 2719 2375 2740 non
2391 2719 2468 2740 con-.

1405 2754 1489 2786 cedit
1503 2754 1612 2785 Deum
1627 2754 1744 2784 habere
1759 2753 1917 2784 infinitam
1933 2754 2083 2784 virtutem
2097 2754 2130 2784 in
2146 2754 2266 2793 vigore,
2282 2753 2338 2783 sed
2353 2754 2470 2785 habere

1405 2798 1568 2840 quandam
1587 2797 1779 2829 infinitatem
1801 2799 1978 2838 aequivoce
1999 2797 2116 2828 dictam
2138 2807 2214 2828 cum
2236 2797 2392 2828 infinitate
2406 2798 2469 2828 vir-

1403 2844 1480 2874 tutis
1496 2843 1658 2874 existentis
1679 2843 1715 2873 in
1737 2843 1879 2879 materia,
1896 2852 1961 2882 qua
1975 2842 2015 2873 ad
2031 2842 2248 2873 aeternitatem
2262 2847 2372 2872 motus
2394 2842 2467 2882 agit.

1404 2887 1494 2924 Ideo,
1505 2888 1533 2918 si
1547 2886 1618 2918 talis
1629 2887 1728 2918 virtus
1744 2892 1830 2918 extra
1845 2886 2100 2927 magnitudinem
2115 2892 2254 2926 ponatur
2267 2885 2392 2916 infinita
2407 2895 2467 2916 suo

1404 2931 1517 2968 modo,
1541 2931 1634 2968 idest,
1657 2941 1725 2962 non
1748 2931 1882 2962 limitata
1903 2941 2012 2972 neque
2034 2930 2123 2962 finita
2153 2936 2189 2961 ut
2219 2940 2256 2961 ea
2283 2940 2365 2970 quae
2395 2936 2469 2961 sunt

1404 2976 1445 3008 de
1466 2985 1586 3017 genere
1609 2976 1804 3016 quantitatis,
1827 2985 1896 3006 non
1927 2981 2057 3016 oportet
2081 2974 2171 3015 quod
2193 2980 2322 3005 moveat
2344 2975 2378 3005 in
2399 2982 2468 3005 non

1404 3027 1566 3061 tempore:
1584 3021 1661 3060 quia
1675 3020 1729 3051 illa
1744 3030 1813 3051 non
1829 3025 1877 3051 est
1892 3019 2115 3060 comparabilis
2130 3018 2278 3050 infinitati
2292 3018 2468 3049 velocitatis

1403 3071 1524 3101 motus,
1548 3074 1625 3096 cum
1648 3065 1688 3095 sit
1711 3064 1840 3095 alterius
1868 3065 2000 3094 rationis
2023 3073 2042 3094 a
2064 3064 2158 3094 rebus
2188 3063 2324 3103 quantis.
2356 3062 2419 3093 Sed
2442 3063 2467 3092 si

1405 3115 1487 3140 esset
1509 3108 1634 3140 infinita
1657 3109 1756 3139 virtus
1778 3109 1812 3139 in
1834 3107 2066 3148 magnitudine,
2089 3113 2234 3138 moveret
2261 3108 2295 3137 in
2322 3107 2466 3137 instanti:

1404 3155 1480 3195 quia
1502 3154 1634 3184 haberet
1656 3152 1846 3183 infinitatem
1869 3152 2118 3192 comparabilem
2138 3150 2280 3181 infinitae
2296 3151 2466 3186 velocitati,

1404 3208 1445 3229 eo
1469 3197 1560 3239 quod
1583 3203 1664 3228 esset
1688 3203 1807 3237 quanta
1836 3196 2016 3227 secundum
2045 3194 2180 3226 eandem
2207 3195 2365 3225 rationem
2391 3204 2467 3235 cum

1403 3249 1552 3283 tempore
1574 3247 1606 3272 et
1628 3246 1732 3272 motu.
1756 3240 1942 3272 Secundum
1965 3241 2052 3271 enim
2074 3240 2156 3269 hanc
2171 3239 2330 3274 virtutem,
2346 3239 2468 3269 scilicet

1404 3297 1488 3328 quae
1512 3292 1559 3317 est
1581 3287 1615 3316 in
1637 3286 1779 3321 materia,
1803 3284 2033 3317 consideranda
2055 3289 2103 3314 est
2125 3283 2277 3314 velocitas
2293 3288 2325 3312 et
2338 3282 2467 3313 tarditas

1402 3337 1527 3362 motus:
1553 3331 1644 3361 cuius
1668 3331 1796 3370 signum
1819 3335 1867 3360 est
1889 3328 1979 3369 quod
2003 3333 2136 3368 propter
2165 3326 2320 3357 finitatem
2342 3327 2467 3358 virtutis

1403 3386 1487 3417 quae
1512 3381 1558 3406 est
1581 3375 1615 3405 in
1638 3374 1716 3404 orbe
1743 3374 1842 3406 veluti
1872 3374 1977 3403 anima
2000 3373 2079 3407 eius,
2102 3371 2254 3401 velocitas
2283 3375 2392 3402 motus
2420 3373 2468 3401 est

1403 3420 1502 3451 finita.
1519 3438 1541 3442 -
1557 3419 1590 3450 Si
1613 3419 1685 3459 quis
1708 3423 1816 3448 autem
1838 3417 1934 3447 vellet
1956 3422 2064 3446 tenere
2087 3414 2127 3446 de
2149 3419 2258 3445 mente
2289 3414 2468 3446 Commen-

1403 3465 1514 3495 tatoris
1537 3473 1606 3494 esse
1622 3462 1712 3502 quod
1727 3462 1815 3492 Deus
1831 3462 1871 3491 sit
1885 3460 2001 3491 infiniti
2015 3459 2145 3499 vigoris,
2160 3465 2270 3498 posset
2289 3458 2328 3489 ad
2343 3458 2467 3502 dictum

1403 3509 1476 3539 VllI
1491 3506 1589 3549 Phys.⁴
1614 3507 1719 3538 dicere
1743 3505 1833 3546 quod
1854 3514 1961 3544 neque
1985 3509 2032 3534 est
2053 3503 2173 3539 finitus,
2193 3512 2301 3542 neque
2322 3502 2468 3534 infinitus

1402 3553 1559 3584 infinitate
1583 3551 1622 3582 ad
1646 3560 1744 3591 quam
1767 3555 1917 3589 sequatur
1939 3553 2048 3578 motus
2068 3548 2111 3580 ,in
2140 3547 2283 3579 instanti:
2312 3548 2389 3587 quia
2413 3548 2468 3578 illa

1402 3597 1543 3628 infinitas
1572 3596 1690 3635 vigoris
1721 3601 1804 3634 quae
1836 3598 1885 3627 est
1912 3597 1998 3622 extra
2023 3590 2297 3631 magnitudinem,
2321 3601 2402 3622 non.
2421 3597 2469 3622 est

1404 3641 1628 3682 quantitativa,
1662 3644 1698 3669 ut
1731 3637 1844 3668 habeat
1878 3636 2056 3676 comparari
2090 3635 2259 3676 quantitati
2291 3636 2468 3666 intensivae
