2768 4134
21 1797 154 1827 'fmus
182 1806 206 1818 ¹¹

17 2098 179 2123 'Cf-aur.

19 2794 30 2806 ·
43 2793 190 2819 cta-uvi.

769 284 958 322 SUMMA
987 285 1209 324 CONTRA
1237 287 1513 335 GENTILES,
1544 288 1655 325 CAP.
1675 289 1789 336 LXII,
1808 290 1938 326 LXIII.
2382 302 2452 339 177

255 371 302 396 est
324 366 468 405 primum
490 365 691 405 intelligibile
707 370 739 395 et
753 365 877 405 primus
892 365 1083 402 intellectus,
1101 368 1159 396 erit
1178 377 1329 398 mensura
1354 370 1357 408 1
1383 378 1451 399 non
1474 374 1583 399 tamen
1600 369 1716 400 dicitur
1730 379 1804 400 vera
1819 371 1925 410 primo
1950 376 1982 401 et
2004 371 2222 412 principaliter
2236 372 2270 402 in
2286 371 2399 403 ordine
2415 372 2456 403 ad

255 409 363 441 omnis
386 410 538 440 veritatis.
1355 410 1357 469 1
1384 413 1586 443 intellectum
1608 414 1799 450 humanum,
1824 414 1880 445 sed
1903 415 1937 445 in
1961 415 2074 446 ordine
2097 415 2138 446 ad
2160 416 2359 447 intellectum
2376 416 2455 447 divi-

311 453 558 485 Advertendum
591 452 682 494 quod
714 453 748 484 in
780 453 842 483 hac
874 453 997 484 ratione
1029 454 1166 486 includit
1193 455 1329 487 Sanctus
1383 466 1474 488 num.
1500 457 1542 487 Et
1556 457 1632 488 ideo
1648 463 1756 497 potest
1772 458 1831 488 sibi
1847 468 1904 498 per
1918 460 2007 498 prius
2023 461 2197 491 convenire
2218 461 2299 491 ratio
2315 461 2455 492 veritatis

255 498 402 529 Thomas
419 499 515 529 etiam
530 497 733 529 intellectum
752 497 934 538 angelicum
951 498 1116 538 implicite.
1135 499 1221 530 Cum
1242 501 1330 531 enim
1355 473 1358 535 1
1384 511 1484 542 quarn
1507 501 1683 532 intellectui
1707 507 1830 538 nostro,
1854 503 1929 533 licet
1952 503 2004 533 illa
2027 513 2095 534 non
2119 505 2158 534 sit
2180 505 2310 545 proprie
2329 506 2454 539 veritaS.

256 543 370 574 veritas
399 542 582 574 intellectus
613 542 749 582 angelici
781 542 898 572 habeat
928 551 1124 579 mensuram,
1155 553 1231 574 curn
1261 554 1330 575 non
1355 537 1358 584 1
1440 545 1566 576 Dicitur
1589 545 1744 582 secundo,
1769 546 1859 586 quod
1882 556 1949 577 non
1974 547 2052 578 dixit
2075 547 2209 579 Sanctus
2233 549 2378 580 Thomas
2401 559 2455 580 ve-

256 588 295 618 sit
311 588 415 628 prima
438 587 563 623 veritas,
588 591 719 628 oportet
742 591 779 616 ut
801 593 1006 617 mensuretur
1021 593 1076 618 aut
1095 589 1134 617 ab
1155 589 1265 629 aliquo
1281 590 1330 619 in-
1355 586 1359 630 1
1384 591 1509 620 ritatem
1526 590 1708 621 intellectus
1723 591 1825 621 nostri
1840 592 2017 621 mensurari
2033 601 2054 622 a
2070 593 2205 623 veritate
2226 593 2283 630 rei,
2299 594 2356 624 sed
2371 603 2392 624 a
2408 603 2453 624 re.

256 632 398 668 tellectu,
415 637 470 663 aut
486 632 526 662 ab
549 631 661 671 aliquo
683 630 891 670 intelligibili:
911 632 987 671 quia
1010 632 1049 662 ab
1070 632 1171 663 altero
1193 634 1330 664 istorum
1356 631 1358 673 ξ
1385 634 1528 665 Multum
1552 634 1639 665 enim
1655 634 1806 665 differunt
1820 635 1900 666 haec
1916 636 1998 666 inter
2014 646 2058 666 se.
2081 637 2164 667 Nam
2181 638 2219 667 ab
2237 647 2305 668 esse
2322 638 2456 678 quidem

256 677 363 707 omnis
386 677 501 707 veritas
523 682 739 707 mensuratur.
763 675 805 706 Et
827 676 884 712 sic,
908 676 935 705 si
958 676 1112 716 ponimus
1136 677 1239 717 ipsam
1263 688 1280 708 a
1296 688 1330 709 re
1356 700 1359 709 ,
1384 679 1431 709 rei
1453 684 1657 710 mensuratur
1679 679 1794 710 veritas
1817 679 1999 711 intellectus
2021 681 2136 711 nostri:
2160 691 2227 712 non
2245 687 2352 713 autem
2367 693 2386 713 a
2400 692 2455 713 ve-

256 721 445 758 mensurari,
469 720 635 761 oportebit
658 725 694 750 ut
718 730 736 750 a
759 721 866 760 primo
895 720 1087 760 intelligibili
1117 728 1330 753 mensuretur.
1357 748 1359 756 ,
1385 723 1475 754 ritate
1499 723 1554 760 rei,
1580 722 1761 754 secundum
1784 723 1875 766 qupd
1898 725 1931 754 in
1964 724 2076 755 ordine
2105 725 2144 755 ad
2173 726 2372 757 intellectum
2394 737 2455 758 no-

256 763 290 808 Si
313 770 422 796 autem
446 765 486 795 ab
508 764 687 801 intellectu,
712 763 993 804 quemadmodum
1016 765 1131 795 veritas
1162 766 1332 798 cuiuslibet
1386 773 1486 798 strum
1511 767 1627 798 dicitur
1650 778 1734 799 vera.

256 808 386 840 alterius
408 809 464 846 rei,
489 814 621 850 oportet
642 815 680 840 ut
702 814 907 840 mensuretur
930 819 948 839 a
971 809 1078 849 primo
1094 809 1269 841 intellectu.
1291 811 1332 841 Et
1357 803 1360 832 ⁵>
1441 812 1483 842 Et
1506 821 1582 843 cum
1605 812 1721 844 dicitur
1741 811 1832 852 quod
1855 821 2007 843 mensura
2021 823 2089 843 non
2107 811 2268 853 dependet
2283 824 2301 845 a
2316 825 2349 845 re
2365 823 2455 846 men-

256 854 312 890 sic,
337 863 414 885 cum
436 854 526 885 Deus
559 855 599 884 sit
628 854 752 894 primus
784 854 966 885 intellectus
990 859 1021 885 et
1043 854 1186 894 primum
1216 855 1332 886 intelli·
1357 863 1361 900 1
1386 863 1502 892 sumta,
1526 862 1602 887 etc.:
1626 875 1650 880 -
1673 857 1788 888 dicitur
1811 856 1902 897 quod
1925 858 1989 887 hoc
2009 867 2122 888 verum
2141 863 2189 888 est
2211 858 2385 889 formaliter
2407 859 2456 889 lo-

255 898 364 939 gibile,
387 908 520 930 necesse
544 904 591 929 est
614 904 651 929 ut
674 905 879 929 mensuretur
902 908 919 928 a
943 899 1074 929 veritate
1098 898 1169 929 Dei.
1198 899 1334 939 Propter
1387 901 1533 941 quendo:
1565 911 1716 932 mensura
1749 901 1846 937 enim,
1875 901 2056 932 secundum
2087 901 2174 932 illam
2204 904 2363 933 rationem
2394 912 2458 943 qua

257 943 322 974 hoc
343 953 413 974 non
436 943 598 974 conclusit
620 943 728 974 solum
752 943 791 974 de
815 943 982 974 intellectu
1005 943 1162 980 humano,
1186 944 1243 974 sed
1262 945 1333 975 uni·
1387 955 1537 976 mensura
1553 951 1610 981 est,
1626 955 1695 977 non
1711 945 1872 987 dependet
1896 956 1913 976 a
1936 952 2122 977 mensurato
2138 947 2332 987 inquantum
2347 947 2457 978 huius-

257 988 420 1019 versaliter
443 987 484 1019 de
508 989 600 1018 omni
621 988 800 1024 intellectu,
825 987 1026 1018 concludens
1042 987 1133 1028 quod
1157 993 1284 1028 oportet
1300 994 1335 1019 ut
1387 989 1488 1020 modi.
1505 990 1567 1021 Sed
1583 991 1666 1021 bene
1678 996 1786 1031 potest
1801 991 1862 1021 alia
1877 991 2002 1021 ratione
2018 990 2210 1031 dependere.
2224 991 2313 1023 Sicut
2329 992 2456 1028 animal,

258 1033 379 1064 veritas
403 1033 583 1064 intellectus
607 1033 777 1063 cuiuslibet
799 1033 870 1063 eius
893 1032 1029 1063 veritate
1052 1038 1266 1063 mensuretur.
1387 1035 1581 1075 inquantum
1612 1045 1726 1065 sanum
1751 1034 1936 1071 formaliter,
1964 1045 2033 1066 non
2063 1035 2225 1075 dependet
2255 1046 2272 1066 a
2299 1036 2458 1067 medicina

314 1077 365 1108 111.
391 1077 455 1108 Sed
470 1077 596 1108 videtur
612 1078 645 1108 in
666 1078 727 1108 hac
743 1077 867 1107 ratione
885 1076 1001 1107 falsum
1018 1077 1184 1117 quoddam
1204 1079 1333 1114 assumi,
1360 1089 1362 1111 ε
1389 1084 1547 1119 quantum
1571 1079 1611 1110 ad
1642 1080 1801 1110 rationem
1830 1080 1960 1120 proprie
1993 1081 2072 1116 sani,
2096 1081 2198 1110 immo
2226 1080 2388 1111 medicina
2419 1081 2457 1111 ab

258 1122 379 1153 scilicet
395 1121 486 1163 quod
497 1123 612 1153 veritas
627 1121 810 1152 intellectus
826 1122 927 1152 nostri
943 1127 1149 1153 mensuretur
1168 1132 1186 1153 a
1201 1131 1235 1153 re
1251 1131 1334 1162 quae
1360 1138 1363 1185 Ι
1388 1123 1529 1159 animali,
1553 1133 1629 1154 cum
1652 1125 1720 1154 non
1745 1123 1868 1155 dicatur
1884 1134 1959 1154 sana
1975 1125 2036 1155 nisi
2052 1125 2085 1155 in
2102 1124 2214 1155 ordine
2231 1124 2271 1155 ad
2291 1126 2459 1156 sanitatem

258 1172 345 1198 extra
369 1167 510 1197 animam
534 1172 591 1197 est.
615 1166 700 1196 Nam
723 1175 773 1197 res
788 1176 858 1196 non
874 1166 990 1197 dicitur
1005 1176 1079 1197 vera
1095 1167 1155 1197 nisi
1172 1168 1205 1197 in
1222 1167 1334 1197 ordine
1361 1188 1362 1192 ,
1389 1168 1548 1198 animalis:
1574 1174 1605 1199 et
1628 1174 1735 1199 tamen
1760 1168 1904 1199 animalis
1931 1169 2046 1199 sanitas
2077 1175 2224 1200 causatur
2247 1180 2265 1200 a
2287 1169 2457 1200 medicina.

258 1210 299 1243 ad
321 1211 532 1243 intellectum.
557 1210 645 1251 Ergo
668 1220 737 1242 non
760 1217 925 1242 mensurat
948 1212 1114 1242 veritatem
1137 1212 1333 1242 intellectus:
1390 1212 1442 1244 Sic
1466 1213 1562 1243 etiarn
1586 1214 1700 1243 veritas
1722 1213 1904 1244 intellectus
1927 1222 1995 1244 non
2019 1213 2180 1254 dependet
2202 1223 2221 1244 a
2242 1214 2372 1245 veritate
2401 1215 2457 1249 rei,

258 1262 410 1289 mesiam-a
433 1256 522 1286 enirn
545 1264 614 1286 non
637 1255 801 1295 dependet
823 1265 841 1286 a
864 1265 898 1286 re
920 1261 1115 1287 mensurata.
1389 1257 1492 1287 immo
1516 1267 1534 1287 e
1558 1267 1716 1288 converso
1746 1258 1860 1288 veritas
1890 1258 1937 1288 rei
1967 1263 2014 1289 est
2040 1259 2154 1290 veritas
2183 1258 2378 1290 intellectus:
2403 1258 2457 1290 sed

314 1299 555 1341 Respondetur‚
579 1306 611 1331 et
634 1299 751 1333 dicitur
774 1301 881 1341 primo
905 1300 1005 1340 quod,
1030 1301 1105 1332 licet
1126 1310 1176 1331 res
1200 1311 1268 1332 non
1289 1301 1335 1331 di·
1389 1307 1498 1332 tamen
1522 1302 1591 1341 ipsa
1613 1303 1728 1333 veritas
1751 1301 1912 1342 dependet
1935 1312 1953 1333 a
1975 1312 2020 1338 rc,
2037 1308 2068 1334 et
2083 1304 2215 1343 abipsa
2237 1303 2271 1334 in
2294 1303 2458 1334 intellectu

252 1344 536 1378 &formaliter
547 1354 621 1376 vera
634 1345 695 1376 nisi
707 1354 765 1385 per
777 1346 1057 1386 comparationem
1072 1345 1111 1376 ad
1123 1345 1333 1382 intellectum,
1390 1352 1502 1377 nostro
1527 1352 1685 1377 causatur.

1334 1442 1387 1485 m.
1401 1449 1405 1474 Ξ

589 1579 1077 1637 CAPITULUM
1114 1577 1721 1636 SEXAGESIMUM
1757 1580 2135 1642 TERTIUM

1184 1688 1247 1719 18r
1282 1696 1320 1719 at
1350 1689 1418 1719 sine
1442 1688 1548 1719 titulo.

226 1805 230 1809 .
258 1766 571 1815 RATIONES
595 1770 964 1812 VOLENTIUM
991 1769 1408 1812 SUBTRAHERE
1430 1769 1558 1810 DEO
1585 1769 2013 1811 COGNITIONEM
2040 1769 2463 1814 SINGULARIUM

285 1850 327 1873 „ss

332 1893 530 1934 <2⁷2⁸stss
563 1890 696 1921 autem
730 1882 893 1932 quidam
915 1882 995 1932 ⁴qui
1026 1882 1251 1932 perfectioni
1283 1883 1339 1920 di-
1394 1883 1555 1932 quando
1584 1890 1697 1920 sunt.-
1716 1882 1829 1920 Certa
1857 1882 1963 1919 enirn
1991 1882 2157 1931 cognitio
2186 1891 2241 1920 est
2269 1895 2370 1932 quae
2388 1883 2463 1921 salli

266 1934 328 1983 ³3¹2.
343 1924 447 1980 23.
474 1936 590 1973 vinae
617 1935 847 1984 cognitionis
875 1935 1128 1984 singularium
1161 1935 1339 1973 notitiam
1394 1948 1475 1973 non
1502 1944 1644 1986 potest:
1679 1935 1846 1984 cognitio
1875 1943 2007 1973 autem
2040 1936 2168 1973 omnis
2201 1948 2302 1986 quae
2331 1944 2387 1973 est
2413 1937 2462 1974 de

203 1986 205 1993 ’
226 1984 229 1987 ’
266 1992 325 2030 ζ
346 2020 375 2041 ,Α
408 1996 443 2023 ‘7
475 1989 702 2027 subtrahere
730 1989 916 2026 nituntur.
951 1989 1013 2026 Ad
1039 1989 1147 2038 quod
1176 1988 1338 2038 quidem
1393 1988 1637 2037 contingenti,
1661 2001 1752 2025 cum
1774 1988 1951 2026 futurum
1976 1997 2042 2035 est,
2063 1989 2138 2026 falli
2166 1997 2308 2039 potest;
2337 1997 2463 2039 potest

362 2058 375 2068 κ
407 2041 441 2071 «Ᾰ
474 2042 793 2080 confirmandum
826 2050 975 2091 septem
1003 2042 1075 2079 viis
1107 2043 1335 2092 procedunt.
1393 2042 1498 2079 enim
1518 2042 1673 2079 evenire
1693 2041 1918 2091 oppositum
1939 2041 2020 2078 eius
2044 2043 2151 2091 quod
2173 2042 2390 2091 cognitione
2409 2050 2461 2079 te-

313 2096 445 2134 Prima
477 2104 533 2134 est
566 2109 611 2133 ex
646 2096 729 2145 ipsa
761 2095 1029 2143 singularitatis
1062 2095 1284 2133 conditione
1304 2096 1334 2132 ³¹⁸.
1360 2111 1369 2130 ς
1392 2103 1522 2141 netur;
1552 2095 1582 2132 si
1612 2095 1716 2132 enim
1750 2107 1831 2132 non
1869 2102 1998 2144 posset
2031 2095 2256 2145 oppositum
2293 2096 2460 2141 evenire,

261 2150 366 2188 Cum
394 2149 500 2188 enim
528 2149 797 2198 singularitatis
825 2148 1061 2198 principium
1095 2149 1141 2186 sit
1177 2149 1337 2186 materia
1392 2149 1470 2186 iam
1490 2148 1749 2186 necessarium
1769 2156 1878 2185 esset.
1900 2148 2011 2186 Unde
2031 2157 2068 2185 et
2087 2149 2134 2185 de
2155 2149 2461 2197 contingentibus

259 2203 417 2252 signata,
438 2215 520 2240 non
539 2202 694 2240 videtur
712 2215 782 2252 per
801 2202 971 2252 aliquam
991 2202 1174 2240 virtutem
1199 2203 1336 2240 imma-
1391 2202 1527 2239 futuris
1547 2214 1626 2239 non
1646 2209 1771 2251 potest
1790 2214 1872 2238 esse
1897 2201 1936 2238 in
1955 2202 2068 2238 nobis
2092 2202 2258 2248 scientia,
2284 2203 2351 2239 sed
2370 2214 2461 2239 con-

258 2257 432 2295 terialem
455 2256 662 2305 singularia
689 2268 804 2306 posse
833 2255 1026 2305 cognosci,
1054 2256 1085 2295 si
1115 2255 1244 2295 omnis
1272 2268 1336 2294 co·
1392 2255 1581 2293 iecturalis
1601 2255 1814 2293 aestimatio
1839 2255 2045 2304 quaedam.
2072 2256 2302 2304 Supponere
2331 2263 2460 2292 autern

258 2309 379 2360 gnitio
408 2322 478 2360 per
496 2309 697 2360 quandam
725 2308 1043 2347 assimilationem
1067 2309 1146 2347 fiat.
1166 2309 1280 2347 Unde
1301 2316 1338 2345 et
1392 2315 1546 2358 oportet
1564 2320 1725 2346 omnem
1741 2307 1813 2345 Dei
1829 2307 2089 2356 cognitionem
2110 2321 2192 2346 esse
2212 2308 2462 2345 certissimam

259 2364 300 2402 in
319 2363 433 2402 nobis
453 2363 538 2401 illae
557 2365 661 2401 solae
680 2362 874 2412 potentiae
894 2362 1100 2411 singularia
1119 2363 1336 2412 apprehen·
1353 2377 1378 2391 ¹0
1392 2370 1428 2400 et
1456 2361 1703 2407 infallibilem,
1733 2369 1776 2398 ut
1803 2373 1921 2410 supra
1934 2361 1955 2383 '¹‘
1983 2369 2182 2398 ostensum
2211 2369 2277 2398 est.
2316 2363 2462 2410 Impos-
2490 2363 2498 2370 '

259 2417 359 2456 dunt
381 2429 483 2467 quae
502 2416 766 2454 materialibus
785 2416 939 2465 organis
967 2424 1141 2461 utuntur,
1171 2423 1215 2453 ut
1241 2416 1336 2453 ima·
1392 2415 1499 2452 sibile
1528 2423 1584 2452 est
1613 2415 1728 2452 etiam
1752 2415 1859 2464 quod
1888 2415 1996 2451 Deus
2019 2414 2163 2464 aliquid
2187 2415 2235 2452 de
2265 2427 2370 2451 novo
2398 2427 2462 2451 co-

259 2470 402 2520 ginatio
427 2478 463 2507 et
491 2483 629 2508 sensus
648 2478 685 2507 et
703 2469 951 2515 huiusmodi;
974 2469 1186 2507 intellectus
1205 2477 1337 2506 autem
1391 2480 1575 2517 gnoscere
1605 2468 1771 2517 incipiat,
1800 2475 1959 2517 propter
1986 2467 2067 2504 eius
2100 2468 2461 2514 immutabilitatem,

261 2532 403 2569 noster,
433 2523 526 2573 quia
554 2523 817 2561 immaterialis
840 2531 908 2569 est,
937 2522 1143 2571 singularia
1166 2535 1247 2560 non
1272 2534 1337 2559 co-
1392 2530 1435 2559 ut
1457 2522 1604 2558 dictum
1628 2529 1685 2558 est
1697 2521 1728 2558 ²⁸.
1756 2521 1814 2558 Ex
1838 2521 1898 2558 his
1916 2520 2030 2569 igitur
2046 2521 2199 2558 videtur
2223 2521 2333 2570 sequi
2353 2521 2462 2570 quod
2489 2522 2498 2530 '

260 2577 420 2627 gnoscit.
460 2577 587 2614 Multo
623 2576 738 2625 igitur
772 2576 903 2614 minus
937 2576 1149 2613 intellectus
1182 2575 1337 2613 divinus
1392 2574 1597 2623 singularia
1626 2573 1884 2622 contingentia
1912 2586 1993 2611 non
2022 2582 2238 2622 cognoscat.

261 2630 516 2679 singularium
536 2638 593 2668 est
611 2630 910 2678 cognoscitivus,
930 2629 998 2679 qui
1017 2629 1187 2667 maxime
1214 2642 1236 2666 a
1255 2641 1337 2666 ma-
1353 2643 1375 2663 15
1446 2628 1595 2674 Quarta
1623 2634 1679 2664 est
1707 2639 1752 2663 ex
1782 2627 1859 2664 hoc
1886 2627 1994 2675 quod
2018 2627 2268 2675 quorundam
2297 2626 2460 2674 singula-

261 2684 357 2722 teria
370 2683 525 2721 recedit.
541 2684 591 2720 Et
605 2683 659 2720 sic
673 2685 781 2721 nullo
801 2684 923 2721 modo
938 2683 1092 2721 videtur
1106 2683 1216 2732 quod
1229 2683 1338 2719 Deus
1392 2681 1494 2718 rium
1522 2692 1639 2717 causa
1667 2688 1723 2716 est
1750 2681 1928 2717 voluntas
1942 2679 1974 2716 ²⁸.
2003 2679 2174 2716 Effectus
2193 2687 2335 2719 autem.
2356 2686 2460 2716 ante-

262 2737 468 2786 singularia
495 2748 730 2785 cognoscere
745 2736 890 2786 possit.
1392 2746 1513 2783 quam
1538 2733 1594 2778 sit,
1617 2745 1697 2769 non
1724 2740 1851 2782 potest
1868 2731 1941 2769 nisi
1965 2731 2005 2769 in
2029 2744 2099 2769 sua
2123 2744 2239 2769 causa
2263 2731 2457 2780 cognosci:

317 2791 499 2830 Secunda
513 2798 569 2827 est
587 2790 697 2839 quod
711 2789 919 2837 singularia
933 2801 1013 2827 non
1031 2800 1186 2837 semper
1200 2795 1290 2825 sunt
1303 2787 1336 2824 *.
1392 2787 1445 2824 sic
1473 2786 1580 2823 enim
1601 2787 1731 2823 solum
1751 2797 1834 2823 esse
1858 2793 1984 2835 potest
2007 2793 2216 2834 antequam
2245 2784 2284 2821 in
2312 2797 2352 2822 se
2376 2796 2460 2822 esse

262 2846 341 2883 Aut
368 2844 482 2893 igitur
509 2854 666 2892 semper
692 2842 862 2880 scientur
889 2855 912 2879 a
935 2843 1040 2890 Deq:
1070 2850 1136 2878 aut
1159 2841 1336 2890 quando·
1391 2839 1557 2889 incipiat.
1582 2840 1716 2876 Motus
1740 2846 1871 2876 autem
1895 2837 2103 2876 voluntatis
2126 2851 2149 2875 a
2171 2839 2278 2875 nullo
2297 2845 2460 2887 possunt

262 2910 339 2948 que
359 2897 528 2935 scientur
546 2904 583 2933 et
597 2896 838 2945 quandoque
857 2907 937 2932 non
957 2895 1136 2932 scientur.
1158 2894 1336 2931 Primum
1350 2910 1378 2924 πο
1390 2905 1461 2942 per
1480 2892 1751 2930 certitudinem
1771 2891 1953 2939 cognosci
1977 2891 2048 2928 nisi
2068 2904 2091 2928 a
2109 2892 2275 2935 volente,
2291 2891 2330 2928 in
2349 2890 2460 2927 cuius

262 2963 345 2988 esse
374 2963 456 2988 non
484 2957 626 2999 potest:
657 2948 750 2998 quia
777 2949 826 2985 de
855 2961 903 2985 eo
928 2949 1037 2997 quod
1065 2960 1146 2984 non
1176 2955 1231 2983 est
1254 2959 1336 2984 non
1390 2953 1578 2995 potestate
1607 2953 1708 2982 sunt.
1748 2944 1987 2994 Impossibile
2024 2943 2138 2992 igitur
2168 2944 2320 2982 videtur
2351 2943 2460 2992 quod

261 3012 388 3054 potest
415 3016 498 3041 esse
519 3002 687 3046 scientia,
713 3014 814 3051 quae
839 3003 967 3038 solum
987 3013 1173 3038 verorum
1197 3008 1269 3045 est;
1291 3012 1336 3037 ea
1390 3000 1498 3036 Deus
1517 2999 1566 3036 de
1587 2998 1813 3035 huiusmodi
1838 2997 2094 3046 singularibus
2116 3010 2216 3046 quae
2236 3009 2394 3034 causam
2412 3008 2459 3032 ex

261 3065 394 3095 autem
413 3069 515 3106 quae
534 3068 615 3094 non
636 3063 736 3101 sunt,
756 3067 849 3092 vera
867 3067 951 3091 esse
971 3066 1052 3091 non
1071 3061 1246 3103 possunt.
1269 3054 1335 3090 Se·
1390 3054 1589 3089 voluntate
1618 3059 1789 3094 sumunt,
1820 3051 1993 3088 notitiam
2021 3059 2217 3087 aeternam
2245 3050 2394 3087 habeat.

262 3111 438 3149 cundum
458 3109 575 3147 etiam
595 3120 677 3146 6556
697 3120 779 3145 non
804 3115 947 3157 potest:
973 3107 1065 3156 quia
1084 3106 1205 3144 divini
1228 3106 1335 3143 intel·
1445 3105 1593 3152 Quinta
1609 3113 1664 3141 est
1683 3117 1729 3141 ex
1749 3104 2001 3153 singularium
2022 3103 2207 3140 infinitate
2217 3102 2247 3139 ²⁸.
2264 3104 2458 3149 Infinitum

261 3167 382 3202 lectus
408 3162 575 3211 cognitio
602 3170 658 3199 est
682 3161 845 3198 omnino
872 3160 1117 3202 invariabilis,
1142 3168 1185 3197 ut
1208 3167 1335 3196 osten-
1350 3177 1374 3196 ²5
1390 3161 1502 3204 enim,
1534 3160 1754 3208 inquantum
1783 3157 2003 3201 huiusmodi,
2035 3163 2086 3193 est
2114 3159 2281 3206 ignotum
2297 3155 2335 3191 *ε
2366 3167 2458 3192 nam

263 3230 353 3256 sum
381 3225 437 3255 est
451 3217 482 3253 ²¹².
1390 3223 1508 3248 omne
1525 3211 1633 3260 quod
1653 3210 1899 3258 cognoscitur
1915 3210 1987 3246 sub
2003 3208 2267 3257 cognoscentis
2282 3220 2458 3257 compre-

315 3271 457 3318 Tertia,
478 3282 526 3308 ex
545 3281 592 3306 eo
608 3269 716 3318 quod
735 3279 816 3305 non
836 3266 970 3304 omnia
984 3265 1190 3314 singularia
1204 3266 1253 3303 de
1267 3277 1334 3303 ne·
1390 3264 1579 3302 hensione
1609 3264 1906 3314 quodammodo
1936 3270 2197 3307 mensuratur;
2230 3273 2322 3298 cum
2351 3273 2458 3298 men-

262 3324 435 3363 cessitate
454 3322 700 3373 proveniunt,
721 3321 790 3358 sed
809 3320 1004 3370 quaedam
1023 3318 1288 3367 contingenter
1301 3318 1333 3355 ³¹⁶.
1390 3317 1534 3355 suratio
1558 3317 1653 3354 nihil
1682 3316 1786 3354 aliud
1805 3316 1852 3353 sit
1879 3328 1998 3365 quam
2022 3315 2215 3363 quaedam
2238 3313 2458 3351 certificatio

262 3378 376 3416 Unde
404 3378 453 3415 de
478 3377 532 3414 eis
561 3384 664 3413 certa
692 3374 858 3423 cognitio
887 3385 971 3410 esse
999 3385 1080 3409 non
1108 3380 1234 3421 potest
1261 3371 1335 3408 nisi
1390 3371 1443 3407 rei
1462 3378 1720 3408 mensuratae.
1741 3370 1854 3407 Unde
1874 3368 2001 3405 omnis
2021 3380 2081 3404 ars
2100 3367 2249 3404 infinita
2268 3366 2458 3416 repudiat.

319 3491 350 3517 13
369 3496 459 3516 noster
478 3491 517 3522 (in
538 3492 560 3514 Α
579 3490 693 3514 additur
712 3489 782 3513 inter
800 3488 895 3519 lineas)
915 3487 970 3514 NZ:
991 3494 1043 3511 om.
1127 3493 1160 3509 20
1179 3485 1213 3517 et]
1233 3490 1278 3509 aut
1297 3492 1326 3513 ας
1346 3490 1372 3509 et
1390 3488 1417 3509 e!
1436 3485 1547 3509 scienter
1565 3491 1607 3508 om
1628 3484 1656 3508 Z.
1741 3489 1775 3513 24
1794 3482 1871 3506 etiam
1890 3489 1931 3505 om
1953 3489 1976 3510 α,
1990 3488 2053 3504 vero
2068 3480 2097 3504 E.
2181 3486 2213 3511 ²7
2232 3479 2320 3504 Tertia
2338 3480 2361 3503 Α
2374 3480 2459 3511 solus;

262 3527 352 3552 Tertia
370 3533 418 3552 est.
507 3525 540 3550 28
559 3524 746 3557 contingenter}
766 3524 918 3554 contingunt
937 3522 1028 3546 GWY.
1114 3528 1147 3554 29
1166 3520 1235 3553 esse]
1255 3520 1344 3544 haberi
1364 3521 1411 3545 Pd.
2111 3550 2116 3555 -
2278 3550 2302 3555 ..

319 3570 332 3587 2
353 3563 386 3588 de
405 3561 562 3594 contingenti
578 3564 642 3593 post
654 3565 694 3585 est
709 3560 771 3585 αΕε,
855 3558 868 3583 3
889 3566 948 3583 cum
963 3558 1079 3582 futurum
1095 3561 1136 3581 est
1150 3556 1193 3581 hic
1206 3557 1230 3580 A
1243 3556 1328 3586 solus;
1343 3559 1408 3587 post
1423 3555 1475 3579 salli
1490 3560 1586 3587 potest.
1668 3552 1684 3577 6
1704 3552 1782 3585 esset]
1802 3558 1841 3577 est
1861 3551 1952 3576 GWY.
2017 3586 2023 3591 ·
2033 3558 2050 3583 9
2070 3550 2117 3574 Dei
2131 3556 2196 3582 post
2210 3555 2383 3581 cognitionem
2397 3551 2459 3575 αΡε.

265 3605 294 3624 22
317 3599 395 3631 igitur
412 3598 514 3622 videtur
532 3598 555 3622 Α
574 3598 659 3627 solus;
679 3601 719 3620 est
737 3596 815 3620 etiam
834 3594 886 3624 NZ,
906 3598 947 3618 est
964 3593 1040 3626 igitur
1058 3592 1148 3617 ceter-i.
1232 3591 1264 3615 23
1284 3590 1424 3623 aeternam]
1445 3596 1541 3615 certam
1561 3589 1708 3614 GWYch.
1790 3587 1823 3612 26
1842 3586 2076 3619 comprehensione
2094 3587 2209 3618 quodam
2229 3586 2309 3610 inodo
2328 3583 2362 3618 (Α
2381 3586 2459 3610 habet

263 3634 378 3668 quodam
394 3633 447 3658 bis:
464 3633 545 3658 semel
559 3632 585 3657 in
598 3633 656 3664 fine
674 3631 760 3656 lineae
778 3633 942 3662 expunctum
962 3632 988 3654 et
1007 3629 1104 3653 iterum
1124 3627 1150 3652 in
1166 3626 1302 3659 principio
1320 3625 1479 3659 sequentis)]
1500 3625 1736 3658 comprehensione
1755 3623 1866 3655 quadam
1887 3623 2001 3654 quodam
2021 3621 2100 3645 modo
2113 3621 2144 3652 N,
2159 3622 2272 3653 quadam
2289 3621 2458 3653 comprehen-

263 3670 338 3695 sione
357 3669 472 3702 quodam
495 3669 576 3693 modo
594 3668 623 3692 Z.

407 3722 501 3748 sum
520 3722 631 3746 Con-rna
650 3721 783 3745 Gmlms
802 3719 833 3744 D.
852 3719 967 3744 Timum-z
986 3717 1056 3741 Toni.
1071 3716 1089 3741 1.
2284 3709 2315 3734 23

2488 2680 2496 2688 ·
2512 2678 2547 2700 Cf.
2559 2684 2579 2699 c.
2590 2683 2670 2699 vain.

2486 3102 2494 3109 '
2510 3100 2546 3122 Cf.
2561 3106 2582 3122 c.
2592 3106 2655 3122 inx.

2487 3153 2655 3208 sfrfif‘sifbfv'
2670 3161 2686 3181 ⁴
2691 3162 2697 3181 ³
