2768 4134
40 363 49 373 '
64 361 122 389 Cap.
132 367 199 383 xxm.

39 632 50 642 ”
64 630 122 659 cap.
133 636 187 652 xux
200 636 253 658 sqq.

38 1477 50 1501 Ὗ
63 1475 101 1500 ef.
121 1476 255 1499 comment.

38 1507 91 1530 ap.
108 1508 190 1529 xxxrx.
203 1502 254 1525 tnit.

773 281 962 320 SUMMA
991 284 1212 322 CONTRA
1241 284 1514 332 GENTILES,
1543 288 1698 334 L1B.II,
1730 288 1841 326 CAP.
1862 290 1979 327 XLV.

281 357 548 395 necessitatem
583 366 761 405 naturae,
792 368 834 397 ut
862 373 980 411 supra
1005 362 1025 384 ’¹‘
1053 371 1253 401 ostensum
1282 372 1348 400 est.

282 410 439 460 Species
467 411 580 459 igitur
607 411 818 450 intellectus
837 414 957 451 divini
986 424 1292 466 repraesentatur
1311 417 1351 454 in

281 472 456 502 creatura
474 477 545 514 per
563 464 693 515 ipsum
711 466 819 503 facta.
847 468 1060 506 Intellectus
1079 477 1210 507 autem
1229 471 1352 507 multa

281 517 493 566 intelligens
522 530 603 555 non
632 519 866 557 sufficienter
885 530 1191 570 repraesentatur
1209 522 1250 560 in
1269 535 1350 560 uno

281 577 443 608 tantum.
475 571 580 610 Cum
607 571 720 620 igitur
748 572 958 611 intellectus
978 575 1133 612 divinus
1153 577 1274 613 multa
1294 575 1350 613 in-

280 624 430 672 telligat,
459 632 502 661 ut
530 624 570 661 in
608 625 740 662 Primo
761 626 781 647 ²¹⁴
809 628 1018 676 probatum
1047 637 1116 674 est,
1146 629 1349 678 perfectius

279 677 453 727 seipsum
482 686 740 726 repraesentat
769 679 799 716 si
827 681 955 729 plures
975 681 1248 719 universorum
1267 694 1350 730 gra-

280 731 407 768 duum
433 738 626 769 creaturas
654 733 843 781 producat
862 746 983 783 quam
1003 734 1034 771 si
1053 747 1180 772 unum
1198 742 1350 772 tantum

280 784 537 833 produxisset.

335 837 524 887 Amplius.
556 839 677 888 Operi
705 852 728 876 a
755 852 909 877 summe
939 841 1044 877 bono
1074 840 1218 878 artifice
1250 841 1349 878 facto

280 902 362 927 non
382 891 515 928 debuit
534 890 667 929 deesse
688 905 843 930 summa
868 893 1060 942 perfectio.
1092 894 1169 931 Sed
1198 894 1349 931 bonum

281 944 427 981 ordinis
456 944 701 983 diversorum
729 954 784 984 est
817 946 955 983 melius
988 946 1160 995 quolibet
1196 947 1349 984 illorum

281 997 551 1036 ordinatorum
580 1011 649 1048 per
686 1010 726 1036 se
762 1007 939 1049 sumpto:
969 1007 1025 1036 est
1053 999 1158 1036 enim
1189 1000 1349 1037 formale

281 1059 458 1101 respectu
496 1052 765 1100 singularium,
796 1052 892 1090 sicut
927 1053 1107 1102 perfectio
1142 1053 1258 1090 totius
1293 1065 1350 1090 re-

2399 293 2473 341 373

1408 365 1516 414 operi
1545 366 1617 403 Dei
1646 366 1792 404 deesse.
1822 369 1909 406 Hoc
1937 377 2069 406 autem
2097 370 2248 408 bonum
2277 383 2360 408 esse
2393 384 2474 409 non

1405 418 1594 508 posseftusi
1623 419 1820 458 diversitas
1854 429 1891 458 et
1926 422 2176 472 inaequalitas
2209 432 2473 463 creaturarum

1405 483 1487 508 non
1558 480 1656 508 isset.

1459 524 1528 561 Est
1554 524 1668 572 igitur
1695 524 1893 563 diversitas
1926 535 1963 564 et
1999 528 2248 578 inaequalitas
2284 530 2324 567 in
2356 531 2472 568 rebus

1373 593 1382 612 s
1406 576 1540 614 creatis
1568 589 1649 614 non
1682 590 1705 614 a
1733 589 1825 615 casu
1839 579 1874 623 *;
1908 592 1989 617 non
2023 593 2069 617 ex
2101 582 2282 620 materiae
2315 583 2472 621 diversi-

1404 637 1478 666 tate
1493 629 1528 676 *3
1554 642 1636 667 non
1663 638 1822 680 propter
1849 632 2107 671 interventum
2137 635 2355 684 aliquarum
2382 649 2472 674 cau-

1404 695 1536 719 sarum
1551 682 1581 728 *‚
1611 684 1673 719 vel
1705 684 1932 722 meritorum
1947 686 2003 732 *²¹ss
2034 687 2101 724 sed
2130 700 2176 724 ex
2208 689 2364 738 propria
2400 689 2473 727 Dei

1405 735 1616 773 intentione
1648 737 1923 785 perfectionem
1955 747 2150 776 creaturae
2184 741 2274 778 dare
2310 743 2472 780 volentis

1405 790 1562 838 qualem
1590 789 1771 838 possibile
1800 798 1880 828 erat
1908 803 1995 828 eam
2024 792 2178 830 habere.

1366 862 1391 876 10
1458 841 1560 879 Hinc
1575 850 1630 879 est
1645 843 1753 892 quod
1767 843 1906 881 dicitur
1923 845 2016 882 Gen.
2033 849 2093 882 13¹:
2119 847 2212 883 Vidit
2227 848 2327 884 Deus
2341 855 2473 885 cuncta

1406 907 1501 944 quae
1518 896 1679 944 fecerat,
1700 902 1734 933 et
1751 903 1860 934 erant
1878 898 1985 934 valde
2003 900 2120 935 bona:
2138 910 2231 936 cum
2250 900 2298 936 de
2318 900 2473 948 singulis

1406 947 1560 985 dixisset
1587 949 1695 998 quod
1724 957 1814 986 sunt
1846 952 1956 988 bona.
1995 951 2099 998 Quia
2134 952 2283 1000 singula
2314 953 2474 1002 quidem

1405 1009 1495 1038 sunt
1522 1001 1562 1038 in
1590 1002 1670 1039 suis
1698 1002 1843 1040 naturis
1871 1003 1993 1040 bona:
2024 1004 2141 1041 simul
2176 1013 2307 1042 autem
2342 1006 2475 1044 omnia

1406 1054 1514 1093 valde
1540 1057 1651 1102 bona,
1682 1064 1840 1105 propter
1867 1057 2045 1094 ordinem
2079 1058 2260 1104 universi,
2290 1071 2390 1108 quae
2419 1067 2475 1096 est

281 1112 415 1154 spectu
443 1105 624 1154 partium.
655 1107 748 1143 Non
772 1105 905 1143 debuit
924 1118 1014 1154 ergo
1034 1106 1185 1143 bonum
1205 1106 1350 1143 ordinis
1366 1124 1388 1144 ις
1406 1107 1542 1144 ultima
1570 1116 1606 1144 et
1634 1109 1872 1146 nobilissima
1899 1110 2079 1159 perfectio
2108 1111 2148 1148 in
2176 1112 2303 1148 rebus.

335 1227 351 1252 7
370 1224 550 1252 repraesentat
569 1220 611 1245 Ita
630 1220 703 1251 DPc;
723 1221 926 1254 repraesentabit
943 1221 976 1251 Y,
995 1226 1202 1254 repraesentaret
1219 1222 1309 1248 ceteri.

337 1254 350 1279 5
371 1263 401 1280 ex
421 1255 543 1280 materiae
558 1255 714 1289 diversitate]
734 1262 840 1289 propter
853 1256 970 1289 (propter
982 1264 1012 1281 ex
1027 1256 1061 1290 X)
1075 1257 1196 1282 materiae
1211 1257 1386 1283 diversitatem
1399 1257 1524 1283 GNYXZ.

1401 1229 1433 1246 ιο
1452 1222 1566 1255 summe]
1587 1230 1692 1248 summo
1710 1223 1912 1249 DEGNYZch.

1608 1257 1625 1283 6
1644 1258 1790 1292 causarum]
1811 1264 1986 1285 creaturarum
1999 1260 2029 1285 E.
2115 1268 2130 1293 7
2150 1260 2262 1294 propria]
2282 1261 2366 1294 prima
2381 1261 2474 1286 zeb.

1050 1344 1387 1378 Commentaria
1410 1345 1719 1379 Ferrea-tensis

358 1437 486 1458 murum
508 1427 549 1458 ad
569 1428 750 1462 secundum
765 1428 952 1469 principale,
968 1429 1089 1460 scilicet
1112 1439 1195 1469 quae
1219 1430 1259 1459 sit
1280 1439 1356 1459 vera

360 1481 455 1503 causa
479 1471 691 1503 distinctionis
717 1482 826 1503 rerum
841 1474 868 1509 *,
897 1474 1029 1513 ponitur
1056 1474 1135 1504 haec
1168 1473 1353 1504 conclusio:

285 1517 395 1548 Causa
418 1516 635 1554 distinctionis
659 1526 769 1547 rerum
791 1517 866 1558 fuit
889 1518 1029 1557 propria
1054 1518 1116 1548 Dei
1141 1517 1274 1547 intentio
1299 1527 1355 1548 νο-

283 1561 379 1592 lentis
402 1565 575 1591 creaturae
598 1560 679 1591 dare
699 1561 933 1602 perfectionem
956 1562 1083 1602 qualem
1101 1561 1257 1602 possibile
1284 1566 1356 1591 erat

282 1613 354 1636 eam
377 1604 505 1635 habere.
529 1604 571 1635 Et
593 1604 740 1645 loquitur
763 1604 802 1635 de
827 1604 1025 1645 perfectione
1050 1605 1220 1635 essentiali.

338 1649 361 1680 1.
378 1649 543 1679 Probatur
551 1649 674 1689 primo.
691 1649 780 1680 Deus
797 1654 844 1679 est
858 1648 1129 1689 perfectissimum
1145 1658 1252 1689 agens.
1268 1649 1354 1689 Ergo

282 1692 324 1725 ad
345 1693 455 1734 ipsum
477 1693 657 1733 pertinebat
679 1693 911 1734 perfectissime
934 1703 1026 1724 suam
1055 1693 1299 1724 similitudinem
1322 1694 1356 1723 in

281 1737 379 1770 rebus
402 1737 514 1768 creatis
537 1737 701 1774 inducere,
718 1743 878 1779 quantum
898 1744 1030 1769 naturae
1053 1744 1177 1769 creatae
1193 1739 1355 1769 convenit.

282 1779 370 1823 Ergo
383 1782 530 1823 oportuit
545 1782 817 1823 multiplicitatem
833 1789 865 1814 et
880 1783 1067 1813 varietatem
1082 1783 1116 1813 in
1132 1784 1227 1814 rebus
1244 1783 1356 1813 creatis

283 1835 363 1859 esse.
379 1845 403 1849 -
417 1827 575 1857 Probatur
597 1828 702 1867 prima
725 1828 969 1868 consequentia.
994 1827 1080 1866 Quia
1109 1833 1231 1868 quanto
1259 1836 1357 1869 agens

282 1870 457 1913 perfectius
482 1876 539 1908 est,
559 1876 650 1902 tanto
673 1871 847 1912 perfectius
871 1881 963 1903 suam
986 1872 1230 1903 similitudinem
1254 1873 1287 1903 in
1311 1871 1357 1903 ef-

283 1915 372 1948 fectu
395 1915 530 1952 inducit,
553 1915 735 1947 secundum
759 1917 969 1957 capacitatem
997 1916 1138 1947 effectus.
1161 1934 1186 1940 -
1208 1916 1358 1948 Secunda

284 1970 420 2002 quoque
443 1960 608 2000 probatur.
633 1960 720 1998 Quia
742 1960 919 2001 perfectam
949 1961 1010 1991 Dei
1040 1961 1286 1992 similitudinem
1307 1970 1357 1991 res

285 2010 410 2038 creatae
434 2006 592 2045 consequi
614 2014 684 2035 non
713 2012 851 2046 possunt
881 2004 1062 2036 secundum
1092 2015 1192 2036 unam
1216 2006 1358 2047 speciem

285 2049 390 2081 solam
414 2054 594 2080 creaturae:
621 2059 697 2080 cum
721 2055 864 2080 creatura
880 2059 949 2080 non
971 2051 1073 2090 possit
1088 2049 1229 2080 divinam
1252 2049 1358 2091 perfe-

285 2091 431 2126 ctionem
442 2102 590 2134 aequare,
604 2103 644 2124 eo
657 2094 748 2134 quod
760 2095 848 2125 Deus
865 2095 904 2124 sit
917 2104 1013 2125 causa
1025 2094 1182 2125 excedens
1195 2094 1356 2126 effectum.

342 2137 587 2169 Advertendum
611 2144 659 2169 est
682 2138 773 2179 quod
795 2139 874 2169 haec
898 2139 978 2169 ratio
1003 2144 1035 2169 et
1055 2148 1169 2169 omnes
1186 2144 1358 2180 sequentes

285 2182 479 2224 procedunt,
503 2184 674 2223 supposito
699 2182 790 2223 quod
814 2183 902 2214 Deus
926 2183 1065 2214 voluerit
1087 2183 1267 2223 producere
1294 2185 1358 2214 hoc

286 2229 475 2259 universum
503 2232 535 2257 et
564 2227 611 2258 illi
640 2237 732 2258 suam
763 2227 1007 2259 similitudinem
1037 2228 1279 2259 communicare
1310 2238 1359 2259 se-

287 2271 434 2309 cundum
466 2271 631 2312 quendam
663 2271 912 2303 determinatum
944 2271 1092 2309 modum,
1117 2278 1149 2303 et
1179 2272 1360 2304 secundum

286 2316 523 2359 perfectionem
546 2316 598 2347 isti
621 2317 772 2347 universo
797 2323 1040 2357 congruentem.
1070 2317 1145 2348 Hoc
1173 2318 1260 2348 enim
1284 2327 1360 2358 sup-

286 2362 408 2404 posito,
425 2361 623 2392 conveniens
644 2367 710 2391 erat
725 2366 761 2391 ut
776 2362 810 2391 in
826 2362 977 2392 universo
1001 2371 1093 2392 suam
1116 2361 1360 2393 similitudinem

287 2406 466 2442 induceret,
484 2411 516 2436 et
530 2405 577 2435 illi
593 2415 685 2435 suam
703 2405 939 2446 perfectionem
963 2406 1229 2443 communicaret,
1245 2416 1360 2437 secun-

289 2450 369 2482 dum
393 2449 483 2491 quod
506 2451 615 2489 ipsum
638 2450 826 2480 universum
850 2460 921 2481 eam
945 2459 1059 2491 capere
1082 2455 1218 2491 poterat.

345 2495 383 2526 11.
407 2494 567 2524 Secundo.
591 2494 668 2525 Non
692 2500 774 2525 esset
797 2494 939 2535 perfecta
961 2495 1023 2526 Dei
1046 2495 1222 2526 similitudo
1238 2496 1271 2526 in
1288 2496 1361 2526 uni—

289 2549 394 2576 verso,
419 2544 579 2579 quantum
602 2539 724 2570 scilicet
746 2540 934 2581 universum
957 2549 1072 2580 capere
1095 2545 1211 2580 potest,
1229 2541 1256 2570 si
1279 2545 1362 2570 esset

289 2594 375 2615 unus
390 2588 517 2614 tantum
533 2582 650 2623 gradus
666 2584 816 2614 omnium
832 2585 966 2614 entium.
986 2584 1072 2624 Ergo
1089 2590 1150 2614 etc.
1166 2602 1190 2606 -
1204 2585 1361 2615 Probatur

290 2628 525 2668 consequentia
548 2637 587 2657 ex
610 2629 853 2669 comparatione
876 2629 1042 2668 potentiae
1065 2629 1187 2659 activae
1206 2628 1246 2659 ad
1260 2634 1361 2658 mate-

289 2673 388 2703 riam:
412 2672 489 2712 quia
510 2671 669 2708 videlicet,
686 2673 713 2702 si
731 2682 829 2713 agens
852 2673 955 2713 possit
977 2673 1085 2713 plures
1109 2672 1241 2703 effectus
1257 2672 1361 2703 facere

291 2722 323 2749 et
338 2725 443 2747 unum
466 2721 594 2746 tantum
609 2717 740 2747 illorum
756 2716 860 2753 faciat,
877 2718 1024 2757 potentia
1040 2718 1108 2747 eius
1123 2726 1192 2747 non
1207 2717 1251 2746 ita
1271 2726 1362 2747 com-

290 2761 378 2802 plete
401 2759 564 2791 reducitur
594 2761 628 2791 in
658 2767 767 2792 actum
797 2762 880 2791 sicut
909 2762 935 2791 si
965 2761 1059 2792 faciat
1088 2761 1190 2801 plura.
1215 2761 1275 2790 Per
1297 2761 1362 2791 hoc

291 2811 401 2837 autem
425 2804 516 2845 quod
538 2806 684 2845 potentia
707 2806 809 2835 activa
832 2805 995 2836 reducitur
1022 2806 1056 2835 in
1087 2810 1205 2841 actum,
1230 2804 1362 2835 effectus

292 2850 503 2890 consequitur
526 2849 768 2880 similitudinem
794 2850 926 2889 agentis.

347 2894 487 2925 Adverte
511 2893 602 2934 quod
624 2894 761 2924 intentio
785 2894 916 2924 rationis
939 2903 1007 2923 non
1031 2898 1078 2923 est
1101 2892 1191 2933 quod
1215 2898 1364 2933 oporteat

292 2939 401 2970 Deum
412 2938 518 2969 facere
530 2938 641 2968 omnia
656 2947 739 2978 quae
756 2938 904 2968 absolute
919 2937 1024 2967 facere
1039 2943 1160 2977 potest:
1182 2937 1238 2967 sed
1254 2937 1364 2967 omnia

293 2993 377 3024 quae
401 2982 506 3014 facere
528 2988 636 3023 potest
665 2982 706 3012 ad
734 2981 970 3022 perfectionem
998 2981 1200 3012 essentialem
1222 2982 1364 3012 universi

293 3027 384 3069 quod
406 3026 544 3058 intendit
567 3027 770 3067 pertinentia.

353 3072 475 3103 Tertio.
503 3071 678 3102 Perfectius
707 3070 830 3101 accedit
852 3080 902 3100 res
931 3075 1035 3100 creata
1062 3069 1102 3100 ad
1129 3070 1190 3100 Dei
1216 3070 1365 3100 similitu-

294 3116 405 3148 dinem
428 3117 454 3147 si
476 3125 545 3147 non
569 3116 676 3146 solum
699 3117 731 3146 in
756 3125 790 3145 se
813 3115 899 3145 bona
923 3119 979 3150 est,
1004 3113 1060 3144 sed
1084 3115 1181 3144 etiam
1204 3113 1244 3144 ad
1271 3114 1364 3144 boni-

294 3167 393 3193 tatem
417 3161 555 3191 aliorum
578 3170 671 3200 agere
695 3160 813 3200 possit:
838 3165 875 3189 ut
898 3164 985 3198 patet
1013 3158 1053 3188 de
1082 3157 1192 3188 lucido
1216 3163 1365 3199 respectu

294 3206 382 3237 solis.
407 3206 494 3245 Ergo
519 3210 649 3245 oportet
671 3205 705 3234 in
729 3204 880 3234 creaturis
904 3212 973 3233 esse
996 3203 1211 3243 pluralitatem
1231 3208 1263 3232 et
1278 3203 1365 3232 inae-

296 3251 494 3292 qualitatem.
510 3268 532 3272 —
548 3249 706 3279 Probatur
729 3248 972 3288 consequentia.
997 3247 1083 3285 Quia
1106 3256 1200 3286 agere
1216 3246 1256 3277 ad
1271 3247 1365 3277 boni-

295 3301 395 3326 tatem
411 3295 540 3326 alterius
556 3294 689 3334 requirit
712 3292 926 3333 pluralitatem
942 3297 974 3322 et
988 3291 1264 3331 inaequalitatem:
1290 3300 1366 3321 cum

296 3349 394 3380 agens
417 3340 457 3369 sit
480 3338 568 3369 aliud
591 3348 609 3368 a
632 3338 772 3378 patiente
797 3342 828 3367 et
850 3336 1076 3366 honorabilius
1099 3335 1178 3375 ipso.

351 3382 597 3414 Attendendum
613 3382 703 3422 quod
718 3382 770 3412 hic
786 3387 833 3412 est
848 3390 954 3411 sermo
970 3390 1039 3410 non
1054 3385 1180 3410 tantum
1196 3379 1236 3409 de
1253 3384 1366 3419 agente

297 3429 452 3464 univoco,
476 3427 533 3458 sed
557 3428 654 3458 etiam
676 3426 716 3457 de
740 3431 853 3467 agente
877 3425 1068 3465 aequivoco.
1093 3423 1179 3461 Quia
1202 3424 1229 3453 si
1251 3423 1367 3463 loque-

297 3482 406 3504 remur
429 3472 468 3503 de
493 3477 607 3512 agente
630 3477 756 3502 tantum
772 3471 924 3505 univoco,
941 3469 1004 3499 hoc
1021 3467 1111 3508 quod
1127 3473 1174 3498 est
1190 3477 1283 3507 agere
1299 3477 1367 3498 non

299 3523 445 3558 argueret
467 3516 730 3556 inaequalitatem
759 3514 937 3545 secundum
970 3513 1121 3553 speciem,
1146 3512 1275 3552 qualem
1299 3512 1368 3542 vult

299 3562 379 3592 ratio
405 3560 609 3596 concludere,
627 3559 683 3591 sed
703 3565 829 3590 tantum
852 3557 1048 3589 materialem
1072 3556 1322 3587 distinctionem.

355 3605 408 3636 111.
428 3605 566 3642 Quarto.
592 3604 728 3635 Summo
753 3605 841 3634 bono
867 3602 1018 3633 convenit
1033 3606 1070 3631 ut
1084 3600 1179 3631 faciat
1194 3599 1285 3640 quod
1299 3609 1368 3630 me-

300 3651 362 3681 lius
387 3655 450 3680 est:
480 3649 657 3680 scilicet-in
681 3648 799 3679 effectu
829 3657 928 3688 quem
954 3645 1100 3676 intendit.
1133 3645 1217 3684 Ergo
1249 3654 1368 3674 conve-

1408 1430 1499 1460 niens
1526 1429 1587 1460 fuit
1613 1436 1650 1461 ut
1676 1431 1793 1461 faceret
1815 1431 1923 1471 plures
1946 1431 2062 1471 gradus
2085 1437 2310 1463 creaturarum.
2336 1452 2360 1455 —
2386 1434 2476 1464 Patet

1409 1476 1651 1514 consequentia.
1687 1475 1773 1513 Quia
1806 1476 1898 1516 plura
1932 1477 2018 1506 bona
2052 1482 2127 1507 sunt
2160 1486 2228 1508 uno
2259 1477 2347 1508 bono
2382 1477 2474 1508 finito

1408 1519 1551 1549 meliora.

1464 1562 1603 1593 Adverte
1627 1564 1744 1603 primo,
1769 1563 1859 1603 quod
1887 1562 2007 1594 addidit
2037 1564 2172 1595 Sanctus
2195 1565 2339 1595 Thomas
2351 1566 2476 1606 finito:

1409 1607 1484 1646 quia
1499 1616 1568 1637 uno
1584 1608 1674 1637 bono
1695 1607 1822 1637 infinito
1842 1608 1935 1648 plura
1950 1609 2036 1638 bona
2051 1608 2141 1639 finita
2156 1618 2224 1639 non
2240 1615 2315 1639 sunt
2329 1610 2474 1640 meliora.

1464 1650 1603 1681 Adverte
1620 1651 1774 1687 secundo,
1792 1661 1829 1681 ex
1846 1651 1992 1682 doctrina
2008 1652 2104 1683 Sanct
2116 1653 2265 1683 Thomae
2280 1654 2313 1683 in
2329 1653 2474 1691 Quaestt.

1409 1695 1449 1725 de
1472 1695 1576 1730 Malo,
1601 1705 1632 1735 q.
1654 1705 1716 1732 xvi,
1742 1705 1769 1726 a.
1791 1704 1818 1731 1,
1842 1696 1882 1726 ad
1908 1696 1958 1732 13,
1983 1696 2073 1736 quod
2095 1697 2155 1727 ista
2177 1698 2358 1737 propositio
2382 1698 2477 1728 habet

1408 1739 1585 1776 veritatem,
1609 1740 1638 1770 si
1661 1740 1795 1781 singula
1816 1740 1882 1770 sint
1905 1741 2001 1771 unius
2025 1740 2159 1776 ordinis,
2176 1741 2297 1771 scilicet
2316 1747 2382 1772 tam
2396 1741 2478 1772 illud

1409 1793 1514 1814 unum
1538 1793 1637 1825 quam
1660 1784 1713 1814 illa
1735 1784 1844 1824 plura:
1869 1790 1957 1825 puta,
1981 1785 2088 1825 plures
2112 1786 2200 1816 aurei
2223 1791 2298 1816 sunt
2327 1786 2476 1816 meliores

1410 1838 1478 1859 uno
1502 1838 1612 1859 aureo.
1636 1828 1712 1859 Non
1737 1834 1845 1859 autem
1867 1834 1956 1859 tenet
1979 1829 2109 1870 quando
2131 1830 2223 1870 plura
2238 1830 2324 1860 bona
2339 1836 2414 1861 sunt
2428 1831 2477 1861 in-

1410 1872 1534 1903 ferioris
1557 1873 1678 1903 ordinis
1700 1873 1757 1903 illo
1781 1883 1849 1904 uno
1873 1873 1972 1904 bono.

1466 1916 1540 1952 Sed,
1565 1918 1639 1948 licet
1662 1918 1694 1947 in
1719 1918 1783 1948 hoc
1814 1927 1910 1948 sensu
1938 1927 2007 1948 non
2037 1918 2212 1958 accipiatur
2241 1918 2304 1949 hoc
2328 1918 2413 1955 loco,
2439 1928 2477 1949 ex

1409 1962 1479 2001 ipsa
1501 1967 1610 1992 tamen
1633 1962 1836 2001 expositione
1867 1961 1960 1992 datur
1989 1962 2123 2002 intelligi
2150 1962 2241 2002 quod
2263 1963 2359 1993 etiam
2382 1963 2478 1994 habet

1410 2006 1576 2036 veritatem
1598 2007 1633 2036 in
1653 2006 1747 2036 rebus
1771 2005 1971 2036 diversorum
1995 2006 2156 2043 ordinum,
2174 2006 2305 2047 quando
2321 2007 2413 2047 plura
2428 2008 2477 2037 in-

1411 2050 1546 2081 cludunt
1562 2051 1596 2080 in
1612 2059 1645 2080 se
1660 2049 1741 2081 illud
1764 2060 1878 2081 unum.
1902 2050 1979 2081 Ideo
2004 2051 2091 2081 enim
2114 2051 2206 2091 plura
2228 2052 2325 2081 unius
2346 2051 2476 2088 ordinis,

1411 2100 1486 2125 sunt
1509 2094 1643 2125 meliora
1666 2104 1733 2125 uno
1750 2095 1834 2125 illius
1858 2094 1988 2131 ordinis,
2005 2096 2080 2136 quia
2097 2096 2264 2126 continent
2280 2095 2360 2126 illud
2375 2101 2407 2126 et
2422 2095 2478 2126 ali-

1413 2139 1492 2179 quid
1514 2139 1663 2179 amplius.
1693 2139 1845 2170 Similiter
1869 2149 1945 2179 ergo
1974 2139 2066 2180 plura
2097 2139 2297 2170 diversorum
2327 2139 2478 2171 ordinum

1412 2191 1487 2214 sunt
1510 2183 1644 2214 meliora
1667 2193 1734 2214 uno
1758 2183 1889 2214 illorum
1909 2189 2044 2220 tanturn,
2061 2185 2137 2224 quia
2159 2183 2239 2214 illud
2261 2184 2432 2215 includunt
2447 2190 2479 2215 et

1413 2228 1535 2268 aliquid
1559 2227 1691 2259 addunt.
1715 2227 1809 2259 Unde
1833 2234 1864 2258 et
1888 2228 2024 2259 Sanctus
2046 2228 2191 2259 Thomas
2214 2228 2302 2259 illam
2331 2229 2479 2269 proposi-

1413 2273 1538 2303 tionem
1561 2273 1686 2313 probat,
1710 2273 1787 2313 quia
1818 2273 1936 2303 habent
1964 2273 2026 2303 hoc
2055 2278 2086 2303 et
2114 2272 2219 2303 adhuc
2247 2273 2395 2313 amplius.
2424 2273 2481 2304 Est

1415 2327 1491 2357 ergo
1515 2317 1735 2348 universaliter
1764 2326 1848 2353 vera,
1873 2317 2004 2357 quando
2036 2316 2116 2348 illud
2145 2326 2248 2347 unum
2279 2318 2312 2348 in
2342 2327 2480 2348 numero

1414 2362 1545 2392 illorum
1567 2361 1711 2402 plurium
1734 2362 1933 2392 continetur:
1959 2362 1985 2391 si
2009 2362 2119 2392 omnia
2142 2361 2262 2392 scilicet
2292 2362 2354 2392 sint
2381 2361 2479 2392 finita.

1470 2406 1523 2437 IV.
1551 2405 1684 2442 Quinto.
1709 2406 1810 2446 Magis
1834 2405 1920 2436 addit
1943 2405 1983 2436 ad
2006 2406 2184 2436 bonitatem
2206 2406 2347 2436 universi
2373 2406 2481 2437 multi-

1414 2449 1494 2481 tudo
1527 2451 1710 2491 specierum
1743 2459 1842 2490 quam
1873 2450 2048 2481 multitudo
2081 2449 2322 2481 individuorum
2351 2451 2384 2480 in
2417 2460 2482 2480 una

1415 2496 1533 2535 specie.
1558 2495 1644 2535 Ergo
1668 2494 1708 2525 ad
1731 2494 1965 2535 perfectionem
1985 2495 2125 2525 universi
2140 2495 2278 2534 pertinet
2292 2504 2360 2525 non
2376 2495 2483 2525 solum

1415 2539 1506 2579 quod
1528 2540 1591 2570 sint
1613 2539 1716 2569 multa
1738 2538 1912 2575 individua,
1936 2538 1993 2569 sed
2017 2538 2107 2578 quod
2130 2539 2226 2569 etiam
2249 2539 2312 2569 sint
2340 2538 2482 2569 diversae

1415 2593 1523 2614 rerum
1539 2584 1672 2623 species.
1689 2601 1710 2605 -
1726 2583 1883 2613 Probatur
1898 2582 2101 2613 antecedens.
2121 2582 2207 2620 Quia
2222 2583 2347 2613 bonitas
2363 2583 2483 2622 speciei

1416 2627 1540 2658 excedit
1570 2627 1748 2657 bonitatem
1777 2625 1949 2657 individui:
1975 2627 2094 2657 scilicet
2124 2626 2312 2662 materialis,
2337 2627 2394 2656 ubi
2424 2627 2482 2656 bo-

1415 2672 1496 2702 nitas
1520 2672 1639 2711 speciei
1669 2681 1686 2701 a
1716 2671 1859 2701 bonitate
1886 2670 2044 2701 individui
2073 2671 2244 2701 intrinsece
2268 2670 2481 2710 distinguitur.

1416 2715 1516 2753 Quod
1531 2720 1633 2755 patet:
1651 2715 1727 2755 quia
1743 2720 1947 2755 comparatur
1963 2714 2003 2745 ad
2021 2714 2224 2745 individuum
2243 2715 2325 2745 sicut
2347 2714 2482 2745 formale

1416 2759 1457 2790 ad
1479 2759 1652 2790 materiale.

1472 2804 1582 2834 Sexto.
1606 2803 1790 2834 Intellectus
1821 2802 1946 2834 divinus
1977 2803 2079 2833 multa
2106 2803 2268 2842 intelligit:
2293 2803 2413 2833 scilicet
2443 2802 2483 2833 ad

1415 2847 1650 2888 perfectionem
1665 2848 1805 2878 universi
1825 2848 2026 2887 pertinentia.
2050 2847 2136 2887 Ergo
2152 2846 2324 2887 perfectius
2340 2848 2482 2887 seipsum

1416 2897 1633 2933 repraesentat
1655 2892 1682 2922 si
1704 2892 1812 2932 plures
1835 2891 2036 2922 diversorum
2059 2890 2218 2931 graduum
2235 2897 2391 2922 creaturas
2407 2901 2482 2930 pro-

1417 2936 1514 2967 ducat
1529 2946 1628 2977 quam
1645 2937 1671 2966 si
1686 2945 1790 2966 unum
1809 2941 1935 2967 tantum
1958 2935 2171 2976 produxisset.
2188 2936 2277 2976 Ergo
2291 2941 2350 2965 etc.
2366 2953 2390 2958 -
2405 2936 2482 2965 Pro-

1418 2982 1510 3012 batur
1533 2981 1775 3021 consequentia.
1800 2980 1886 3018 Quia
1909 2990 2008 3011 omne
2031 2989 2127 3020 agens
2143 2989 2201 3020 per
2215 2980 2412 3010 intellectum
2434 2989 2483 3010 re-

1418 3031 1599 3065 praesentat
1622 3026 1765 3065 speciem
1787 3025 1968 3055 intellectus
1991 3026 2025 3055 in
2048 3034 2081 3055 re
2105 3023 2196 3054 facta.

1474 3069 1537 3100 Sed
1561 3070 1701 3100 occurrit
1724 3068 1870 3099 dubium.
1895 3069 1990 3107 Quia,
2014 3069 2041 3099 si
2070 3078 2167 3108 agens
2197 3077 2254 3108 per
2284 3068 2482 3098 intellectum

1418 3119 1635 3154 repraesentat
1658 3114 1800 3154 speciem
1827 3114 1877 3144 sui
1907 3113 2087 3144 intellectus
2110 3113 2145 3142 in
2167 3122 2201 3143 re
2224 3111 2315 3148 facta,
2340 3112 2484 3151 sequitur

1420 3158 1510 3198 quod
1525 3158 1614 3188 Deus
1629 3167 1734 3188 unum
1749 3163 1875 3188 tantum
1890 3157 2048 3198 producat
2064 3162 2095 3187 et
2110 3166 2178 3186 non
2194 3156 2299 3196 plura:
2321 3156 2397 3196 quia
2412 3165 2484 3195 spe-

1420 3203 1484 3233 cies
1507 3203 1557 3232 sui
1580 3202 1761 3233 intellectus
1778 3207 1824 3232 est
1847 3207 1976 3232 tantum*
1988 3211 2062 3236 una,
2080 3201 2200 3231 scilicet
2216 3200 2321 3230 divina
2338 3201 2483 3230 essentia.

1474 3246 1703 3286 Respondetur
1726 3245 1816 3286 quod
1840 3252 1887 3276 est
1909 3256 1974 3276 una
1997 3245 2215 3275 materialiter:
2240 3243 2296 3275 sed
2311 3243 2486 3274 formaliter

1420 3296 1467 3321 est
1490 3291 1613 3331 plures,
1637 3290 1817 3321 secundum
1848 3289 1938 3330 quod
1966 3289 2153 3329 intelligitur
2183 3294 2219 3319 ut
2248 3289 2377 3328 propria
2404 3289 2485 3319 ratio

1420 3336 1573 3376 plurium,
1598 3340 1629 3365 et
1652 3335 1748 3365 habet
1770 3335 1929 3364 rationem
1951 3334 2094 3374 plurium
2117 3332 2270 3363 idearum.

1477 3379 1628 3420 Septimo.
1657 3380 1787 3409 Bonum
1814 3378 1934 3408 ordinis
1962 3377 2162 3408 diversorum
2190 3382 2237 3407 est
2258 3376 2374 3406 melius
2403 3386 2486 3416 quo-

1420 3424 1497 3454 libet
1520 3423 1651 3454 illorum
1675 3423 1897 3453 ordinatorum
1912 3431 1970 3462 per
1985 3431 2017 3451 se
2035 3426 2180 3461 sumpto:
2206 3430 2281 3451 cum
2297 3421 2336 3450 sit
2351 3419 2487 3451 formale

1420 3473 1569 3508 respectu
1592 3468 1812 3507 singularium.
1843 3467 1929 3506 Ergo
1961 3465 2071 3496 debuit
2102 3474 2170 3495 esse
2201 3466 2235 3494 in
2265 3465 2369 3495 rebus.
2400 3464 2486 3505 Ergo

1421 3512 1566 3552 oportuit
1589 3521 1657 3542 esse
1681 3511 1941 3551 inaequalitatem
1971 3511 2004 3539 in
2034 3510 2138 3539 rebus.
2162 3527 2185 3531 —
2206 3509 2362 3539 Probatur
2385 3510 2488 3548 praim

1421 3557 1664 3596 consequentia.
1689 3556 1775 3593 Quia
1798 3555 1888 3594 operi
1911 3564 1929 3584 a
1952 3563 2081 3584 summo
2106 3554 2195 3584 bono
2212 3553 2332 3583 artifice
2348 3562 2417 3583 non
2433 3553 2488 3584 de-

1421 3601 1491 3630 buit
1514 3599 1624 3630 deesse
1649 3609 1775 3630 summa
1798 3598 1964 3638 perfectio.
1987 3615 2010 3620 —
2031 3597 2180 3628 Secunda
2204 3598 2300 3631 etiam
2323 3597 2489 3637 probatur.

1423 3644 1519 3682 Quia,
1544 3650 1668 3674 remota
1690 3642 1925 3682 inaequalitate,
1950 3651 2018 3672 non
2041 3647 2125 3672 esset
2147 3641 2227 3672 illud
2249 3642 2384 3679 bonum.

2500 587 2510 596 ¹
2525 585 2582 613 Cap.
2593 591 2673 607 xxxix.

2500 640 2509 649 ·
2524 638 2580 666 Cap.
2596 644 2633 660 ιι.

2500 690 2583 745 1.(ῑὸξρ
2597 695 2714 739 '‘esm-
