2768 4134
757 285 945 321 SUMMA
975 285 1196 325 CONTRA
1225 290 1498 341 GENTILES,
1529 296 1639 334 CAP.
1662 299 1810 346 XCVII,
1831 302 1993 338 XCVIII.

333 360 385 391 Ad
406 361 583 392 secundam
606 361 880 401 improbationem
904 362 1020 394 dicitur
1037 366 1127 404 quod
1143 376 1234 397 mens
1254 368 1354 399 Com-

277 406 467 436 mentatoris
491 412 538 437 est
561 411 690 436 motum
720 407 798 438 levis
829 409 952 438 causari
976 418 994 438 a
1017 409 1144 440 levitate
1174 412 1354 443 secundum

279 449 369 491 quid,
393 456 550 491 tanquam
580 449 730 482 videlicet
760 462 778 482 a
808 453 970 493 principio
1001 451 1127 484 formali
1158 464 1176 484 a
1206 464 1273 494 quo
1298 466 1355 496 per

278 495 458 526 naturalem
481 495 702 526 resultantiam
732 497 896 536 provenit:
927 506 994 528 non
1026 503 1135 528 autem
1159 504 1313 539 tanquam
1337 511 1355 530 a

277 540 447 580 principali
477 545 592 580 agente
616 544 648 569 et
675 547 734 579 per
756 541 920 572 actionem
947 541 1087 573 mediam
1119 542 1354 583 producentem

278 590 418 615 motum.

334 629 388 660 IV.
412 629 465 660 Ad
487 630 670 661 secundum
685 632 703 647 ἱ
727 629 902 661 dicendum
919 630 1010 671 quod
1026 640 1141 662 omnes
1157 632 1230 662 illos
1246 638 1355 663 motus

277 675 388 714 posuit
413 673 549 704 Sanctus
574 674 720 705 Thomas
743 675 777 705 in
801 674 919 706 eodem
942 675 1066 712 ordine,
1091 677 1168 716 quia
1191 686 1305 707 omnes
1322 678 1355 707 in

277 718 338 748 hac
361 719 532 749 communi
555 720 680 750 ratione
705 720 915 756 conveniunt,
940 720 1032 760 quod
1061 726 1136 751 sunt
1167 726 1276 751 motus
1300 731 1356 751 na-

277 762 407 793 turales.
422 762 518 799 Nam,
531 772 608 794 cum
623 770 734 795 motus
750 765 897 795 animalis
908 764 1122 805 distinguatur
1132 766 1167 796 in
1182 765 1356 796 animalem

278 812 310 838 et
331 807 525 844 naturalem3
539 809 583 839 -in
608 818 685 839 eum
708 809 830 840 scilicet
846 810 1039 850 quiest-per
1055 810 1355 851 apprehensionem

277 857 310 882 et
325 853 517 893 appetitum,
534 859 649 894 utpote
666 855 723 895 qui
739 860 787 885 est
802 854 841 884 ab
857 855 965 885 anima
988 855 1138 885 sensitiva
1161 855 1355 895 inquantum

278 901 326 928 est
348 897 456 928 anima
479 899 643 934 sensitiva;
669 905 701 930 et
724 899 757 929 in
781 908 858 929 eum
882 899 940 939 qui
964 905 1011 929 est
1034 908 1092 939 per
1108 899 1246 930 formam
1262 905 1356 930 natu-

277 941 388 978 ralem,
413 943 470 982 qui
494 943 615 974 scilicet
639 949 686 974 est
710 944 748 974 ab
773 943 880 974 anima
903 943 1049 974 animalis
1072 944 1268 984 inquantum
1283 953 1356 984 per—

278 986 435 1017 fectiones
466 987 600 1018 aliarum
630 988 823 1019 inferiorum
852 987 1031 1018 formarum
1063 988 1222 1018 continet:
1247 994 1357 1019 motus

278 1033 457 1062 enumerati
489 1042 557 1063 non
589 1038 664 1063 sunt
695 1032 734 1063 de
764 1042 903 1063 numero
934 1038 1087 1063 motuum
1118 1033 1175 1073 qui
1202 1033 1356 1063 animales

277 1075 439 1113 dicuntur,
464 1077 520 1108 sed
544 1077 584 1108 de
608 1087 747 1108 numero
772 1086 887 1107 eorum
918 1077 974 1118 qui
1006 1076 1159 1108 dicuntur
1185 1078 1355 1108 naturales.

277 1120 341 1152 Sed
357 1121 417 1152 sub
441 1122 501 1152 hac
525 1122 650 1152 ratione
674 1122 843 1153 communi
868 1121 1120 1162 distinguuntur.
1143 1121 1231 1160 Quia
1247 1128 1357 1153 motus

35 638 44 648 ⁸
59 636 130 667 num.
146 643 170 663 ii,
191 637 250 659 Con-

34 666 74 686 tra
88 663 224 686 secundum.

486 1711 511 1737 x
539 1700 617 1737 hoc
645 1708 779 1738 autern
798 1702 960 1740 ulterius
982 1710 1088 1752 patet
1115 1704 1224 1753 quod
1245 1705 1352 1742 Deus

381 1755 389 1765 ⁴
469 1756 471 1758 ’
500 1753 548 1790 sit
575 1766 646 1791 sua
675 1754 764 1792 vita.

563 1808 645 1845 Vita
672 1807 780 1846 enim
804 1808 972 1847 viventis
991 1818 1048 1848 est
1077 1809 1207 1860 ipsum
1226 1813 1354 1849 vivere

357 1885 363 1888 -
399 1864 463 1906 j,
500 1860 540 1898 in
569 1861 743 1910 quadam
776 1862 1033 1901 abstractione
1071 1863 1350 1913 significatum:

270 1911 372 1952 daut
390 1926 522 1952 cursus
549 1926 631 1952 non
650 1922 708 1952 est
735 1916 955 1954 secundum
984 1929 1067 1954 rem
1096 1917 1202 1955 aliud
1230 1930 1352 1967 quam

272 1978 440 2005 currere.
478 1969 612 2006 Vivere
642 1974 766 2006 autem
800 1971 1000 2008 viventium
1034 1977 1086 2008 est
1117 1973 1237 2019 ipsum
1276 1984 1353 2009 esse

264 2031 419 2067 vorum,
439 2029 482 2058 ut
509 2029 613 2071 patet
641 2034 712 2071 per
739 2021 1038 2074 Philosophum,
1065 2023 1103 2061 in
1132 2025 1162 2062 11
1189 2025 1235 2062 de
1259 2027 1351 2062 Ani-

25 2072 244 2129 Jng·¹'³⁴³··¹¹’·
273 2085 338 2112 ma
356 2073 393 2112 *:
422 2087 516 2113 cum
544 2075 652 2113 enim
680 2087 727 2113 ex
756 2076 833 2114 hoc
865 2077 1009 2116 animal
1036 2077 1188 2116 dicatur
1214 2078 1351 2116 vivens

271 2127 382 2177 quod
402 2127 577 2167 animam
597 2128 725 2176 habet,
741 2131 962 2168 secundum
981 2143 1103 2181 quani
1122 2131 1240 2169 habet
1254 2144 1350 2179 esse,

272 2187 407 2231 utpote
421 2182 642 2220 secundum
662 2183 863 2232 propriam
878 2184 1058 2231 formam,
1075 2193 1228 2235 oportet
1242 2186 1351 2235 quod

271 2233 405 2272 vivere
425 2234 521 2272 nihil
545 2235 591 2272 sit
615 2235 720 2273 aliud
740 2249 862 2286 quam
881 2238 953 2276 tale
974 2250 1057 2276 esse
1077 2250 1125 2276 ex
1144 2239 1206 2276 tali
1226 2239 1351 2277 forma

270 2288 521 2338 proveniens.
556 2289 665 2327 Deus
698 2298 831 2328 autem
859 2299 916 2329 est
944 2304 1063 2330 suum
1091 2304 1186 2338 esse,
1217 2300 1259 2329 ut
1287 2306 1350 2330 su-

268 2341 383 2392 pta*
407 2342 620 2392 probatum
653 2350 719 2380 est.
755 2344 823 2382 Est
856 2344 970 2393 igitur
1001 2358 1119 2383 suum
1149 2345 1280 2383 vivere
1314 2354 1351 2383 et

271 2407 343 2433 sua
370 2403 460 2433 Vita.

269 2510 375 2553 patet
402 2515 473 2553 per
499 2503 800 2555 Philosophum,
831 2505 870 2543 in
900 2507 930 2543 11
959 2507 1005 2544 de
1031 2507 1174 2544 Anima
1188 2506 1224 2544 ²¹⁶:
1255 2519 1347 2544 nam

325 2625 336 2643 i
358 2624 447 2644 autem
466 2619 575 2645 ulterius
594 2619 673 2653 patet]
693 2625 765 2654 patet
783 2620 892 2645 ulterius
912 2620 1003 2651 aDPc;
1023 2627 1110 2646 autem
1130 2629 1172 2647 om
1192 2622 1273 2647 etiam
1295 2623 1322 2647 Z.

325 2661 338 2679 2
359 2655 426 2680 sicut
445 2654 478 2686 Ζ;
497 2660 535 2680 ut.
598 2689 601 2691 -
628 2662 659 2680 12
680 2663 740 2681 esse
756 2659 820 2688 post
838 2656 918 2681 vitam
939 2657 1025 2683 aDPc.

28 2828 232 2857 ,thonment

69 2862 160 2886 'mm’
173 2847 240 2880 Mt..
268 2835 437 2902 Smmmo
453 2825 647 2857 determinat
669 2824 710 2857 de
729 2826 795 2857 vita
811 2825 920 2865 divina
937 2832 1096 2866 quantum
1112 2825 1152 2856 ad
1169 2826 1247 2866 quid
1262 2830 1309 2855 est
1318 2826 1345 2855 ἕ.

310 2871 352 2902 Et
373 2871 508 2912 ponitur
531 2871 611 2902 haec
634 2870 818 2902 conclusio:
849 2871 940 2902 Deus
970 2877 1018 2902 est
1044 2881 1104 2901 sua
1130 2871 1205 2900 vita.
1235 2870 1276 2900 Et
1300 2870 1345 2900 sic

266 2917 333 2947 vita
355 2915 465 2948 divina
485 2915 575 2947 idem
598 2921 647 2947 est
669 2915 761 2957 quod
784 2917 854 2947 eius
879 2917 1027 2947 essentia.

322 2961 348 2992 1.
361 2961 529 2992 Probatur
537 2961 661 3002 primo.
679 2961 769 2992 Deus
786 2967 834 2992 est
849 2971 946 2992 suum
963 2970 1041 2991 esse.
1062 2960 1148 3000 Ergo
1164 2969 1222 2990 sua
1237 2960 1310 2989 vita.
1322 2976 1346 2980 —

265 3005 425 3037 Probatur
447 3006 691 3046 consequentia.
715 3005 804 3044 Quia
826 3006 893 3036 vita
918 3011 965 3037 est
978 3006 1086 3046 ipsum
1103 3005 1210 3034 vivere
1225 3004 1258 3034 in
1275 3003 1344 3033 abs-

265 3051 423 3082 tractione
446 3050 674 3092 significatum,
698 3051 782 3082 sicut
805 3060 921 3082 cursus
936 3051 1045 3091 ipsum
1060 3058 1203 3080 currere.
1235 3048 1345 3078 Vivere

266 3100 375 3126 autem
399 3096 574 3127 viventium
598 3101 646 3127 est
669 3105 783 3127 eorum
807 3105 885 3131 esse,
911 3100 947 3126 ut
970 3094 1086 3125 dicitur
1111 3094 1136 3123 11
1153 3093 1192 3123 de
1215 3093 1342 3127 Anima,

265 3145 343 3171 text.
361 3140 415 3181 37.

321 3185 462 3216 Adverte
487 3184 578 3226 quod
601 3185 668 3216 vita
692 3190 724 3216 et
746 3186 864 3220 vivere,
889 3190 925 3215 ut
948 3184 1084 3214 habetur
1114 3183 1218 3213 Prima
1240 3181 1342 3216 Parte,

265 3240 298 3272 q.
315 3240 376 3268 mv,
393 3241 421 3261 a.
442 3239 470 3267 i,
486 3230 528 3261 ad
545 3240 575 3266 2,
596 3240 662 3261 non
685 3240 722 3261 se
743 3231 862 3261 habent
881 3230 966 3260 sicut
988 3227 1125 3259 essentia
1142 3232 1173 3257 et
1187 3234 1273 3257 esse:
1287 3225 1343 3256 sed

265 3275 334 3306 vita
356 3275 533 3316 aliquando
557 3274 716 3316 significat
738 3275 909 3306 essentiam
931 3273 1134 3303 moventium
1153 3272 1270 3311 seipsa;
1287 3270 1343 3300 ali-

216 3351 218 3353 ,
265 3319 398 3360 quando
414 3330 492 3351 vero
509 3319 669 3361 significat
684 3320 789 3361 ipsum
805 3329 874 3350 esse
893 3319 939 3348 rei
962 3317 1108 3348 habentis
1123 3316 1220 3365 talem
1237 3324 1342 3345 essen-

264 3365 354 3395 tiam.
371 3365 413 3395 Et
427 3370 568 3405 utroque
584 3364 687 3396 modo
701 3365 767 3395 vita
784 3369 815 3395 et
829 3364 937 3394 vivere
952 3372 987 3392 se
1001 3361 1119 3392 habent
1129 3365 1213 3390 Sicut
1228 3368 1343 3409 cursus

265 3414 298 3439 et
319 3419 465 3440 currere.
492 3410 618 3441 Cursus
641 3410 729 3440 enim
754 3415 786 3440 et
809 3418 944 3439 currere
967 3406 1053 3436 idem
1077 3404 1266 3445 significant,
1283 3413 1342 3433 sci-

264 3453 341 3484 licet
364 3459 473 3485 actum
497 3454 657 3491 currendi,
682 3453 739 3484 sed
762 3463 879 3484 cursus
901 3450 1059 3492 significat
1074 3455 1182 3480 actum
1197 3457 1342 3498 permo-

265 3498 346 3530 dum
369 3500 528 3535 abstracti,
544 3508 681 3530 currere
695 3508 774 3529 veto
790 3507 848 3538 per
862 3496 999 3529 modum
1015 3494 1168 3525 concreti.
1190 3492 1343 3523 Similiter

265 3544 342 3580 vita,
359 3550 397 3575 ut
411 3543 571 3584 significat
587 3544 768 3579 essendam,
787 3548 818 3573 et
834 3542 941 3573 vivere
960 3540 1046 3571 idem
1071 3537 1260 3588 significant,
1286 3536 1341 3586 sed

265 3588 333 3619 vita
355 3589 390 3619 in
413 3589 583 3625 abstracto,
609 3589 717 3619 vivere
739 3597 817 3618 vero
841 3588 874 3617 in
899 3590 1067 3616 concreto:
1093 3589 1159 3614 vita
1190 3591 1276 3612 enirn
1300 3590 1341 3611 s1-

264 3632 397 3673 gnificat
412 3634 560 3664 absolute
577 3633 747 3664 essentiam
763 3632 924 3662 moventis
940 3631 1092 3670 seipsum,
1110 3628 1217 3657 vivere
1232 3631 1340 3655 autem

265 3677 424 3718 significat
446 3678 564 3708 habere
587 3678 684 3708 talem
705 3677 890 3711 essentiam;
916 3681 951 3705 ut
968 3673 1092 3704 videtur
1109 3671 1189 3701 velle
1205 3670 1340 3701 Sanctus

2396 307 2468 343 263

1408 372 1513 421 cordis
1530 379 1576 403 est
1592 384 1610 404 a
1626 376 1784 416 principio
1801 380 1989 415 extrinseco,
2006 382 2126 412 scilicet
2149 393 2167 412 a
2189 390 2360 423 generante
2377 385 2471 416 dante

1408 415 1467 445 sibi
1491 416 1637 454 formam,
1661 420 1743 450 sicut
1767 427 1798 451 et
1821 429 1927 454 motus
1950 425 2046 464 ignis:
2074 426 2149 457 ideo
2179 437 2247 458 non
2277 428 2392 460 dicitur
2416 439 2471 460 cor

1407 468 1538 490 movere
1562 462 1714 501 seipsum,
1739 465 1820 494 sicut
1843 476 1902 497 nec
1926 468 2016 507 ignis.
2042 470 2149 501 Motus
2165 477 2273 503 autern
2289 475 2471 511 nutritionis

1408 508 1439 532 et
1463 507 1731 543 augmentationis
1755 514 1801 538 est
1825 519 1842 538 a
1865 517 1990 542 motore
2013 514 2195 551 intrinseco,
2212 517 2251 546 ab
2274 517 2328 547 illa
2350 519 2471 549 scilicet

1408 553 1496 596 parte
1520 549 1552 578 in
1578 558 1641 588 qua
1666 556 1712 580 est
1735 552 1908 584 subiective
1933 558 2075 595 potentia
2091 560 2240 590 nutritiva
2263 567 2294 591 et
2316 572 2470 602 augmen-

1408 596 1518 640 tativa:
1544 598 1575 622 et
1598 592 1672 623 ideo
1697 595 1787 634 quod
1810 598 1947 628 nutritur
1977 606 2007 629 et
2037 608 2179 640 augetur,
2203 604 2318 635 dicitur
2339 616 2469 638 movere

1408 644 1561 674 seipsum.
1578 637 1750 677 Propterea
1763 639 1877 670 dicitur
1890 641 2004 679 Prima,
2017 653 2048 684 q.
2057 654 2141 681 xviri,
2154 657 2181 677 a.
2193 648 2221 683 3,
2235 649 2324 687 quod
2335 651 2470 690 plantae

1407 679 1582 710 secundum
1597 681 1748 722 formam
1772 684 1818 714 eis
1842 685 1976 716 inditam
2000 697 2020 717 a
2045 694 2163 720 natura
2187 699 2313 723 movent
2339 695 2468 735 seipsas.

1409 723 1450 753 Et
1472 724 1517 754 sic
1542 731 1666 756 constat
1690 727 1780 766 quod
1803 728 1929 767 plantae
1946 736 1977 760 et
1996 733 2176 764 naturaliter
2201 743 2370 768 moventur
2389 741 2471 770 sicut

1409 777 1476 803 cor,
1493 769 1570 808 quia
1585 779 1602 799 a
1619 769 1722 801 forma
1746 773 1893 803 naturali:
1919 780 1950 804 et
1973 782 2144 807 moventur
2167 788 2184 808 a
2199 781 2319 819 seipsis,
2335 783 2470 822 inquan-

1409 818 1479 842 tum
1503 812 1743 854 distinguuntur
1758 816 1790 846 in
1808 823 1929 856 partem
1953 826 2140 851 moventem
2155 828 2186 852 et
2201 829 2323 863 partem
2338 833 2469 863 motam,

1409 857 1443 886 in
1467 866 1534 896 quo
1559 857 1797 891 distinctionem
1822 861 1939 892 habent
1963 873 1980 893 a
2004 864 2111 895 corde.

1466 901 1504 931 V.
1525 902 1634 932 Tertio
1648 904 1674 933 ὓ.
1700 904 1853 936 Divinum
1877 916 1945 937 esse
1970 913 2015 937 est
2039 910 2155 939 vivere.
2179 910 2265 951 Ergo
2283 918 2342 942 etc.
2358 931 2380 935 —
2395 914 2471 944 Pro-

1409 945 1502 976 batur
1517 947 1718 978 antecedens.
1744 949 1828 987 Quia
1850 960 1918 981 esse
1934 951 2078 983 divinum
2095 963 2226 985 omnem
2243 956 2472 995 perfectionem

1409 990 1535 1020 essendi
1552 993 1806 1031 comprehendit.
1823 995 1937 1026 Vivere
1953 1002 2061 1027 autem
2078 1004 2125 1028 est
2141 999 2304 1039 quoddam
2320 1011 2387 1031 esse
2403 1012 2473 1042 per·

1410 1033 1545 1065 fectum:
1571 1054 1593 1057 —
1616 1037 1767 1077 intellige,
1791 1039 1870 1069 nihil
1895 1040 2147 1080 imperfectionis
2174 1045 2352 1075 secundum
2384 1056 2474 1076 suam

1410 1078 1579 1110 formalem
1603 1081 1759 1112 rationem
1783 1083 1970 1123 importans.
2490 1090 2495 1094 ”

1467 1123 1697 1155 Commmun
1721 1125 1925 1164 Deut.xxx11,
1950 1135 1981 1160 ct
2004 1130 2130 1166 Psalm.‚
2156 1137 2215 1162 etc.

1358 1220 1411 1263 ,ff

272 1368 407 1455 is
483 1358 486 1360 ’
598 1377 1085 1436 CAPITULUM
1121 1380 1727 1439 NONAGEsimUM
1765 1384 2160 1442 OCTAVUM

1158 1490 1188 1520 A
1221 1500 1288 1531 29r
1326 1498 1369 1521 ai
1408 1491 1476 1521 sine
1501 1492 1606 1522 titulo.

857 1579 1061 1632 QUOD
1112 1581 1307 1624 DEUS
1359 1582 1493 1624 EST
1542 1583 1679 1626 SUA
1730 1585 1907 1627 VITA

1410 1705 1541 1743 vivere
1570 1715 1626 1744 est
1653 1714 1760 1744 actus
1789 1707 1963 1745 viventis.
1985 1709 2091 1746 Deus
2119 1717 2248 1746 autem
2277 1718 2332 1747 est
2359 1724 2475 1749 suum
2514 1719 2517 1723 '

2502 1766 2512 1775 ‘
2527 1764 2583 1792 Cap.
2594 1771 2645 1787 xrs.

1409 1758 1628 1808 intelligere,
1659 1760 1756 1798 sicut
1784 1761 1934 1811 supra*
1963 1770 2162 1799 ostensum
2188 1770 2254 1799 est.
2280 1764 2347 1800 Est
2366 1763 2477 1812 igitur

1409 1825 1527 1850 suurn
1557 1826 1687 1851 vivere
1717 1822 1753 1851 et
1781 1827 1851 1852 sua
1880 1823 1968 1852 Vita.

1461 1866 1653 1916 Amplius.
1684 1867 1725 1905 Si
1753 1868 1861 1905 Deus
1889 1880 1969 1906 non
1998 1877 2096 1906 esset
2115 1881 2186 1906 sua
2203 1869 2291 1916 vita,
2312 1882 2403 1907 cum
2432 1871 2476 1907 sit

1375 1934 1383 1953 ς
1408 1919 1556 1966 vivens,
1586 1928 1628 1958 ut
1656 1929 1857 1959 ostensum
1886 1930 1941 1959 est
1951 1922 1982 1968 ²¹⁶,
2003 1930 2228 1971 sequeretur
2245 1924 2352 1972 quod
2379 1932 2476 1961 esset

1407 1972 1544 2011 vivens
1572 1986 1644 2023 per
1670 1974 2003 2024 participationem
2040 1975 2151 2012 vitae.
2182 1976 2310 2013 Omne
2345 1985 2475 2014 autem

1408 2027 1517 2075 quod
1555 2035 1612 2064 est
1647 2040 1718 2077 per
1745 2028 2091 2079 participationem,
2122 2029 2315 2067 reducitur
2350 2031 2399 2067 ad
2436 2030 2474 2067 id

1408 2080 1517 2129 quod
1545 2088 1601 2118 est
1628 2093 1700 2130 per
1727 2081 1911 2131 seipsum.
1948 2083 2055 2120 Deus
2084 2082 2195 2130 igitur
2231 2083 2475 2120 reduceretur

1408 2132 1447 2170 in
1467 2133 1626 2183 aliquod
1646 2134 1765 2184 prius,
1786 2147 1856 2185 per
1874 2136 1983 2185 quod
2002 2136 2159 2173 viveret.
2188 2136 2307 2183 Quod
2326 2144 2381 2173 est
2404 2136 2473 2174 im-

1368 2204 1394 2219 10
1407 2186 1603 2235 possibile,
1634 2196 1675 2225 ut
1704 2200 1751 2225 ex
1779 2188 1923 2226 dictis*
1950 2197 2064 2239 patet.

1461 2240 1614 2278 Adhuc.
1646 2241 1686 2279 Si
1706 2241 1751 2278 sit
1780 2242 1916 2279 vivens
1936 2243 2056 2287 Deus,
2085 2250 2127 2280 ut
2146 2250 2343 2280 ostensum
2372 2250 2427 2279 est
2440 2242 2472 2287 ³⁶,

1407 2301 1559 2343 oportet
1588 2293 1627 2331 in
1656 2294 1741 2344 ipso
1761 2307 1844 2333 esse
1864 2296 1995 2333 vitam.
2018 2295 2058 2334 Si
2087 2295 2198 2345 igitur
2215 2308 2295 2333 non
2320 2295 2365 2332 sit
2393 2295 2473 2345 ipse

1406 2359 1478 2384 sua
1506 2347 1596 2393 vita,
1626 2348 1696 2385 erit
1724 2348 1869 2398 aliquid
1899 2349 1938 2386 in
1966 2349 2051 2399 ipso
2071 2350 2179 2398 quod
2198 2361 2278 2386 non
2297 2357 2352 2385 est
2380 2348 2471 2398 ipse.

1406 2401 1454 2437 Et
1483 2400 1528 2438 sit
1557 2401 1626 2439 erit
1655 2402 1907 2452 compositus.
1938 2403 2057 2450 Quod
2093 2402 2243 2452 supra*
2279 2402 2471 2451 improba·
2500 2401 2508 2409 '

325 2449 432 2487 Item.
454 2450 587 2500 Ipsum
607 2450 815 2499 intelligere
835 2460 892 2489 est
911 2453 1115 2502 quoddam
1135 2452 1279 2499 vivere,
1308 2461 1350 2490 ut
1366 2472 1387 2491 ις
1405 2461 1490 2491 turn
1519 2462 1586 2491 est.
1618 2455 1685 2492 Est
1713 2455 1826 2503 igitur
1853 2456 1959 2493 Deus
1987 2469 2056 2493 sua
2085 2455 2173 2493 vita.

1458 2508 1507 2544 Et
1522 2508 1597 2545 hoc
1612 2509 1789 2557 estquod
1805 2509 1942 2546 dicitur
1955 2511 2063 2546 Ioan.
2080 2507 2174 2545 xiv⁶2
2190 2511 2275 2558 Ego
2289 2521 2370 2544 sum
2385 2510 2469 2545 vita.

1416 2622 1429 2647 5
1451 2630 1503 2647 non
1523 2628 1563 2648 est
1576 2626 1641 2655 post
1659 2631 1714 2648 rem
1734 2622 1818 2647 «Dpc.
1912 2621 1942 2647 15
1963 2622 2060 2654 Ipsum}
2080 2623 2161 2646 Suum
2182 2622 2224 2647 Pc.

1034 2737 1371 2770 Commentaria
1401 2737 1712 2770 Ferrariensis

1400 2825 1544 2855 Thomas
1568 2825 1684 2860 Prima,
1701 2834 1733 2864 q.
1750 2834 1836 2860 xviii,
1853 2834 1880 2854 a.
1900 2834 1928 2854 2.
1959 2824 2026 2854 Vita
2051 2825 2145 2854 etiam
2162 2824 2194 2853 in
2210 2823 2352 2854 secundo
2368 2825 2463 2864 signi-

1399 2869 1495 2900 ficato
1509 2868 1666 2909 significat
1682 2869 1768 2899 idem
1780 2878 1855 2899 cum
1872 2869 1942 2909 ipso
1956 2869 2071 2904 vivere,
2084 2867 2240 2908 significat
2255 2869 2341 2899 enim
2357 2875 2462 2899 actum

1399 2913 1525 2944 essendi
1548 2914 1617 2944 eius
1641 2914 1694 2944 cui
1717 2914 1870 2944 convenit
1892 2922 2023 2944 movere
2046 2913 2197 2953 seipsum,
2214 2913 2246 2942 in
2270 2912 2380 2942 ordine
2404 2914 2462 2943 sci-

1398 2958 1473 2989 licet
1495 2957 1536 2988 ad
1559 2958 1756 2998 principium
1785 2958 1893 2988 vitale:
1925 2957 1980 2988 sed
2011 2957 2076 2988 vita
2108 2957 2199 2988 illurn
2229 2956 2383 2996 significat
2405 2967 2463 2996 per

1398 3002 1535 3033 modum
1558 3002 1715 3038 abstracti,
1739 3001 1896 3042 significat
1919 3002 2006 3032 enim
2028 3002 2135 3042 ipsum
2162 3010 2229 3031 esse
2254 3001 2385 3031 viventis
2408 3002 2462 3031 ab-

1397 3047 1518 3083 solute,
1543 3047 1650 3077 vivere
1673 3052 1781 3076 autern
1804 3055 1862 3086 per
1883 3045 2020 3076 modum
2043 3046 2194 3081 concreti,
2210 3054 2284 3075 nam
2307 3044 2461 3085 significat

1397 3092 1513 3122 habere
1529 3100 1598 3122 esse
1613 3091 1774 3121 moventis
1790 3091 1942 3130 seipsum.
1954 3108 1976 3112 —
1986 3090 2114 3130 Accipit
2129 3098 2205 3129 ergo
2222 3089 2355 3119 Sanctus
2372 3089 2460 3119 Tho-

1397 3146 1465 3166 mas
1484 3145 1607 3166 nomen
1630 3135 1715 3165 vitae
1737 3135 1771 3164 in
1794 3134 1935 3165 secunda
1957 3133 2200 3174 significatione,
2216 3142 2284 3163 non
2299 3134 2332 3163 in
2348 3134 2459 3172 prima.

1453 3179 1516 3211 Sed
1539 3186 1647 3210 tamen
1677 3178 1917 3214 advertendum,
1942 3188 1979 3208 ex
2010 3177 2154 3208 doctn'na
2183 3177 2290 3207 Sancti
2313 3177 2459 3208 Thomae

1399 3224 1528 3261 Quolib.
1546 3225 1599 3259 IX,
1624 3234 1651 3254 a.
1670 3224 1699 3259 3,
1717 3223 1756 3253 ad
1777 3231 1802 3258 1,
1827 3222 1917 3262 quod
1939 3223 2055 3257 vivere,
2079 3227 2115 3252 ut
2136 3221 2290 3260 accipitur
2306 3231 2365 3261 pro
2381 3231 2458 3257 esse,

1396 3279 1463 3299 non
1488 3268 1564 3299 dicit
1587 3268 1732 3298 absolute
1757 3273 1788 3297 et
1810 3267 1950 3306 praecise
1974 3276 2054 3301 esse,
2079 3265 2134 3295 sed
2158 3271 2312 3295 connotat
2335 3266 2458 3296 essendi

1397 3314 1606 3354 principium:
1631 3312 1708 3342 dicit
1727 3312 1813 3342 enim
1829 3321 1897 3342 esse
1912 3311 2021 3350 aliquo
2038 3310 2135 3340 modo
2146 3319 2208 3349 per
2222 3310 2355 3350 aliquod
2364 3311 2459 3350 prin-

1395 3359 1514 3398 cipium
1534 3356 1659 3388 essendi
1681 3356 1906 3397 specificatum.
1931 3354 2018 3390 Ideo,
2035 3355 2108 3385 licet
2123 3354 2156 3384 in
2173 3353 2301 3384 Christo
2320 3360 2459 3394 ponatur

1395 3412 1499 3433 unum
1515 3407 1640 3432 tantum
1656 3410 1724 3431 esse
1744 3400 1912 3440 suppositi,
1933 3399 2064 3439 ponitur
2079 3403 2187 3429 tamen
2203 3397 2320 3438 duplex
2336 3399 2456 3429 vivere:

1395 3456 1471 3477 nam
1494 3447 1602 3486 ipsum
1626 3455 1694 3476 esse
1718 3444 1816 3475 divini
1839 3444 1997 3484 suppositi
2021 3448 2056 3473 ut
2078 3443 2112 3472 in
2130 3441 2237 3472 divina
2251 3447 2364 3472 natura
2383 3443 2458 3473 sub·

1395 3492 1485 3527 sistit,
1510 3497 1557 3521 est
1580 3491 1685 3520 vivere
1709 3488 1867 3524 divinum;
1892 3493 1927 3518 ut
1950 3492 2058 3517 autem
2082 3491 2128 3517 est
2151 3495 2219 3516 esse
2242 3487 2401 3526 suppositi
2423 3488 2458 3517 in

1395 3537 1535 3566 humana
1559 3540 1671 3565 natura
1694 3533 1900 3567 subsistentis,
1924 3537 1971 3562 est
1993 3531 2098 3561 vivere
2122 3531 2311 3561 humanum.

1452 3580 1487 3610 11.
1513 3578 1670 3609 Secundo.
1696 3578 1783 3608 Deus
1807 3583 1853 3607 est
1875 3585 1970 3606 suum
1994 3575 2178 3615 intelligere.
2203 3575 2288 3615 Ergo
2310 3581 2342 3606 et
2361 3585 2457 3606 suum

1394 3625 1510 3654 vivere.
1526 3642 1549 3646 -
1564 3624 1654 3653 Patet
1673 3621 1913 3660 consequentia.
1937 3619 2022 3658 Quia
2037 3619 2213 3659 intelligere
2230 3625 2276 3650 est
2292 3619 2458 3659 quoddam

1394 3669 1510 3703 vivere,
1535 3673 1570 3698 ut
1594 3666 1708 3698 dicitur
1732 3666 1757 3695 II
1782 3665 1819 3695 de
1842 3665 1969 3699 Anima,
1994 3669 2069 3694 text.
2090 3663 2138 3694 13.

2498 918 2507 927 ·
2522 917 2558 939 Cf.
2568 925 2590 940 n.
2599 925 2615 945 i,
2624 919 2711 940 Secun-

2499 944 2537 966 do.

2503 1925 2512 1933 ‘
2527 1924 2584 1951 Cap.
2599 1930 2674 1952 praec.

2501 2190 2510 2199 ·
2525 2190 2581 2217 Cap.
2594 2196 2645 2211 xiii.

2501 2242 2510 2251 ·
2525 2241 2580 2269 Cap.
2592 2247 2665 2268 praec.

2524 2399 2581 2426 Cap.
2590 2405 2655 2420 xviii.
