2768 4134
45 2709 53 2718 ·
69 2708 105 2730 (ἰιζ
124 2708 255 2731 Comme-11.

44 2741 94 2763 cap.
111 2741 195 2763 praec„
205 2736 253 2758 init.

49 3684 57 3694 ·
66 3684 105 3707 ef.
122 3690 185 3708 nam.
197 3691 228 3707 ix.

315 314 390 362 596
840 307 1028 345 SUMMA
1058 305 1280 342 CONTRA
1308 302 1584 347 GENTILES,
1614 302 1708 339 LIB.
1729 302 1771 347 II,
1802 301 1913 338 CAP.
1941 301 1984 338 C.

312 392 407 428 dum
436 389 543 439 quod
569 395 659 425 sunt
677 386 716 424 in
736 386 927 423 intellectu
956 392 1100 430 nostro,
1130 395 1212 421 esse
1239 381 1381 433 princi-

308 444 419 494 pium
447 440 706 490 cognoscendi
731 439 948 488 singularia,
969 450 1069 488 quae
1089 449 1160 487 per
1177 435 1380 474 materiam

308 495 610 540 individuantur‚
634 506 682 531 eo
707 493 815 543 quod
844 491 990 542 species
1019 491 1232 528 intellectus
1260 489 1380 527 nostri

308 549 347 586 in
362 556 512 586 tantum
531 555 621 585 sunt
639 554 858 584 contractae
878 544 1028 582 virtutis
1047 544 1156 594 quod
1176 555 1256 581 una
1274 541 1380 580 ducit

308 603 436 639 solum
464 601 504 638 in
533 600 795 650 cognitionem
823 599 952 636 unius.
973 598 1098 644 Unde,
1123 596 1221 634 sicut
1249 595 1379 633 simili—

305 655 415 693 tudo·
428 662 589 692 naturae
611 653 761 703 generis
780 665 861 690 non
880 659 1007 702 potest
1026 651 1169 689 ducere
1189 650 1229 688 in
1249 648 1378 699 cogni-

305 708 451 746 tionem
478 707 628 756 generis
647 714 683 744 et
703 706 953 752 differentiae,
974 713 1015 743 ut
1033 717 1104 755 per
1122 716 1211 742 eam
1230 703 1378 753 species

305 769 574 810 cognoscatur;
603 760 655 798 ita
683 760 894 798 similitudo
929 766 1088 796 naturae
1122 756 1263 807 speciei
1296 768 1378 794 non

302 822 429 865 potest
465 815 608 852 ducere
637 814 677 851 in
705 813 966 862 cognitionem
1002 811 1285 862 principiorum
1321 810 1377 847 in·

303 867 601 914 dividuantium,
631 879 731 917 quae
760 874 850 905 sunt
877 865 1066 916 principia
1093 863 1314 910 materialia,
1334 871 1378 901 ut

301 934 372 972 per
400 934 488 959 eam
516 920 764 959 individuum
787 920 827 957 in
847 932 917 956 sua
946 917 1205 967 singularitate
1234 929 1376 966 cogno·

302 983 441 1013 scatur.
464 974 684 1013 Similitudo
708 986 802 1011 vero
826 972 1039 1010 intellectus
1063 969 1298 1008 substantiae
1318 982 1376 1008 se-

300 1036 466 1079 paratae,
487 1040 579 1066 cum
608 1027 654 1064 sit
680 1025 906 1064 universalis
935 1024 1096 1070 virtutis,
1118 1024 1230 1074 quasi
1258 1036 1374 1074 quae-

301 1083 392 1119 dam
411 1094 491 1119 una
509 1089 546 1118 et
564 1079 826 1118 immaterialis
840 1079 1016 1125 existens,
1032 1086 1158 1128 potest
1175 1078 1319 1115 ducere
1333 1077 1374 1115 in

299 1134 559 1184 cognitionem
584 1133 867 1184 principiorum
895 1132 1036 1182 speciei
1062 1138 1099 1170 et
1125 1130 1373 1169 individuan-

297 1189 406 1234 tium,
426 1187 477 1225 ita
496 1187 605 1237 quod
632 1199 703 1237 per
730 1199 818 1224 eam
847 1185 1060 1224 substantia
1088 1192 1263 1235 separata
1290 1197 1372 1222 non

297 1243 424 1279 solum
453 1248 633 1279 naturam
660 1240 810 1290 generis
839 1247 876 1278 et
901 1239 1054 1290 speciei,
1075 1239 1143 1277 sed
1173 1238 1290 1276 etiam
1317 1238 1372 1276 in·

296 1293 455 1341 dividui,
475 1306 709 1343 cognoscere
738 1293 859 1344 possit
882 1306 953 1344 per
972 1305 1091 1331 suum
1119 1292 1369 1330 intellectum.

295 1349 380 1386 Nec
410 1348 584 1398 sequitur
615 1348 723 1397 quod
759 1348 886 1385 forma
914 1359 985 1398 per
1012 1359 1134 1397 quam
1162 1346 1370 1395 cognoscit,

295 1402 342 1439 sit
366 1401 587 1448 materialis;
614 1403 677 1439 vel
704 1402 812 1450 quod
841 1401 916 1439 sint
944 1400 1129 1447 infinitae,
1150 1400 1371 1438 secundum

294 1468 506 1493 numerum
534 1455 841 1493 individuorum.

347 1509 499 1547 Adhuc.
530 1509 651 1557 Quod
679 1517 805 1558 potest
833 1508 989 1546 inferior
1017 1508 1150 1554 virtus,
1179 1515 1305 1558 potest
1334 1516 1371 1545 et

293 1562 479 1612 superior,
516 1563 583 1600 sed
621 1562 867 1601 eminentius.
902 1562 1016 1600 Unde
1053 1561 1176 1600 virtus
1213 1560 1371 1599 inferior

293 1624 475 1666 operatur
493 1628 563 1666 per
581 1618 713 1663 multa,
733 1616 856 1654 virtus
881 1615 1060 1666 superior
1088 1623 1273 1665 operatur
1299 1627 1371 1665 per

292 1682 419 1707 unum
446 1678 610 1707 tantum.
633 1670 763 1707 Virtus
792 1669 908 1715 enim,
934 1677 1083 1719 quanto
1105 1676 1161 1707 est
1179 1668 1368 1719 superior,

291 1731 398 1760 tanto
427 1723 549 1773 magis
577 1723 766 1772 colligitur
785 1730 821 1761 et
838 1723 987 1770 unitur3
1013 1735 1034 1760 e
1053 1722 1248 1760 contrario
1273 1734 1368 1760 vero

291 1776 413 1814 virtus
451 1776 607 1815 inferior
643 1776 829 1815 dividitur
861 1784 898 1814 et
930 1775 1227 1826 multiplicatur;
1262 1776 1368 1814 unde

291 1829 472 1868 videmus
500 1831 608 1880 quod
637 1830 791 1868 diversa
818 1842 960 1879 genera
988 1829 1243 1876 sensibilium,
1265 1842 1368 1879 quae

291 1883 467 1933 quinque
505 1896 641 1921 sensus
679 1883 886 1921 exteriores
923 1883 1153 1933 percipiunt,
1192 1895 1272 1921 una
1309 1883 1367 1920 vis

1436 389 1582 431 parata,
1611 392 1712 430 quae
1742 387 1798 417 est
1826 379 1947 426 altior,
1977 381 2175 429 cognoscit
2213 389 2426 433 utrumque
2464 386 2515 422 al-

1436 433 1522 472 tiori
1560 433 1683 471 modo
1720 446 1791 483 per
1828 445 1956 471 unum
1993 433 2243 484 principium,
2273 435 2414 474 scilicet
2445 450 2516 487 per

1435 487 1685 525 intellectum.

1489 542 1596 578 Item.
1619 540 1778 590 Species
1807 551 1940 578 rerum
1968 539 2222 589 intelligibiles
2239 542 2434 581 contrario
2453 555 2515 580 or-

1402 611 1411 631 ς
1434 594 1524 632 dine
1557 593 1793 644 perveniunt
1820 593 1870 631 ad
1899 593 2135 632 intellectum
2173 602 2364 642 nostrum,
2394 603 2431 633 et
2465 597 2514 634 ad

1434 647 1670 685 intellectum
1699 646 1935 685 substantiae
1964 655 2174 698 separatae.
2196 649 2257 686 Ad
2277 648 2514 687 intellectum

1434 701 1540 738 enim
1564 709 1744 739 nostrum
1766 700 2002 751 perveniunt
2023 714 2095 752 per
2121 701 2228 740 viam
2254 703 2512 750 resolutionis,

1432 767 1504 804 per
1537 754 1836 793 abstractionem
1870 767 1894 792 a
1921 754 2213 793 conditionibus
2249 755 2514 795 materialibus

1432 816 1470 845 et
1497 808 1849 846 individuantibus:
1886 808 1994 846 unde
2020 820 2094 858 per
2119 821 2186 847 eas
2213 809 2420 858 singularia
2448 823 2513 848 co-

1393 881 1419 895 ιο
1431 861 1565 910 gnosci
1593 874 1674 899 non
1702 869 1869 912 possunt
1896 873 1918 899 a
1941 862 2068 900 nobis.
2090 862 2152 900 Ad
2179 861 2416 902 intellectum
2444 877 2512 902 au-

1431 923 1511 953 tem
1540 915 1777 953 substantiae
1805 923 2005 965 separatae
2033 915 2270 966 perveniunt
2287 916 2436 967 species
2455 918 2512 956 in-

1431 968 1642 1018 telligibiles
1670 968 1783 1019 quasi
1815 981 1887 1020 per
1913 969 2020 1007 viam
2053 969 2364 1020 compositionis:
2394 971 2512 1010 habet

1431 1023 1538 1060 enim
1566 1022 1715 1073 species
1742 1021 1998 1072 intelligibiles
2020 1035 2069 1061 ex
2087 1022 2362 1062 assimilatione
2381 1023 2442 1062 sui
2461 1025 2511 1063 ad

1429 1076 1600 1126 primam
1629 1076 1907 1126 intelligibilem
1934 1076 2107 1127 speciem
2135 1077 2350 1115 intellectus
2377 1077 2510 1125 divini,

1390 1145 1412 1166 ις
1429 1142 1531 1180 quae
1560 1130 1723 1180 quidem
1751 1142 1833 1168 non
1862 1137 1920 1167 est
1941 1143 1965 1168 a
1988 1130 2106 1168 rebus
2134 1130 2334 1178 abstracta,
2354 1132 2424 1169 sed
2452 1144 2510 1170 re-

1428 1196 1518 1222 rum
1536 1183 1685 1222 factiva.
1702 1185 1771 1222 Est
1790 1191 1923 1223 autem
1941 1183 2081 1222 factiva
2098 1196 2180 1222 non
2200 1186 2329 1223 solum
2347 1185 2509 1232 formae,

1427 1237 1495 1276 sed
1515 1237 1711 1285 materiae,
1732 1250 1833 1288 quae
1849 1245 1906 1276 est
1924 1236 2245 1277 individuationis
2258 1237 2508 1290 principium.

1429 1290 1587 1341 Species
1605 1291 1720 1341 igitur
1738 1291 1952 1330 intellectus
1971 1291 2210 1330 substantiae
2234 1300 2433 1343 separatae
2451 1301 2509 1332 to-

1426 1353 1507 1383 tam
1536 1357 1620 1383 rem
1649 1345 1871 1396 respiciunt,
1892 1353 1930 1383 et
1948 1357 2031 1384 non
2053 1347 2185 1384 solum
2208 1346 2399 1396 principia
2422 1359 2508 1398 spe-

1386 1413 1412 1429 20
1426 1399 1509 1445 ciei,
1539 1399 1608 1436 sed
1636 1399 1753 1438 etiam
1781 1399 1972 1449 principia
2003 1399 2298 1438 individuantia.
2328 1401 2423 1438 Non
2451 1409 2509 1438 est

1427 1453 1542 1502 igitur
1569 1453 1825 1503 singularium
1853 1452 2023 1502 cognitio
2045 1453 2310 1492 subtrahenda
2330 1453 2508 1493 substan-

1425 1506 1485 1545 tiis
1510 1507 1707 1557 separatiS‚
1727 1506 1813 1545 licet
1831 1506 2046 1546 intellectus
2065 1515 2197 1546 noster
2215 1507 2423 1558 singularia
2441 1520 2507 1547 co·

1423 1573 1611 1610 gnoscere
1639 1573 1722 1599 non
1749 1561 1882 1610 possit.

1479 1615 1693 1653 Praeterea.
1733 1614 1774 1652 Si
1812 1627 1979 1665 corpora
2018 1614 2196 1653 caelestia
2233 1623 2448 1654 moventur
2483 1629 2507 1655 a

1385 1683 1407 1703 25
1425 1668 1647 1706 substantiis
1684 1669 1879 1718 separatis,
1915 1669 2136 1706 secundum
2172 1669 2506 1720 philosophorum

1425 1721 1672 1772 positionem,
1701 1734 1795 1760 curn
1827 1722 2064 1760 substantiae
2098 1729 2297 1773 separatae
2326 1731 2442 1773 agant
2468 1732 2506 1762 et

1424 1783 1610 1815 moveant
1646 1788 1717 1826 per
1744 1776 1993 1823 intellectum,
2024 1784 2177 1827 oportet
2213 1777 2323 1827 quod
2360 1789 2504 1828 cogno-

1424 1838 1533 1868 scant
1560 1829 1706 1868 mobile
1735 1830 1844 1880 quod
1873 1838 2054 1868 movent:
2084 1831 2193 1880 quod
2214 1838 2271 1868 est
2299 1830 2504 1881 quoddam

1422 1883 1671 1933 particulare;
1688 1895 1782 1921 nam
1797 1882 2032 1921 universalia
2046 1883 2264 1923 immobilia
2278 1892 2381 1923 sunt.
2398 1884 2504 1924 Situs

290 1948 426 1974 sensus
446 1937 668 1974 communis
688 1936 956 1986 apprehendit.
979 1936 1122 1973 Anima
1141 1944 1273 1973 autem
1294 1937 1366 1973 hu·
1383 1950 1408 1969 ³0
1422 1936 1550 1982 etiam,
1571 1937 1640 1986 qui
1659 1944 1901 1974 renovantur
1918 1948 1990 1987 per
2008 1945 2175 1984 motum,
2195 1946 2287 1975 sunt
2305 1937 2503 1988 quaedam

289 2002 406 2028 mana
425 1997 481 2027 est
499 1989 656 2027 inferior
674 1990 811 2028 ordine
831 1997 991 2027 naturae
1012 2001 1132 2039 quam
1153 1989 1364 2027 substantia

288 2050 473 2093 separata.
504 2044 590 2093 Ipsa
623 2051 755 2082 autem
790 2042 1053 2092 cognoscitiva
1082 2050 1137 2080 est
1165 2042 1364 2081 universa-

287 2096 383 2134 lium
412 2105 448 2134 et
480 2096 734 2146 singularium
769 2109 840 2147 per
875 2097 956 2135 duo
992 2096 1193 2147 principia,
1223 2096 1364 2135 scilicet

286 2163 357 2199 per
384 2163 543 2188 sensum
571 2158 608 2188 et
637 2150 884 2188 intellectum.
914 2150 1137 2189 Substantia
1165 2150 1279 2199 igitur
1305 2163 1363 2188 se-

340 2283 353 2308 3
374 2283 485 2317 species]
505 2289 566 2309 sunt
585 2283 687 2312 species
707 2284 781 2315 «DX,
801 2288 862 2309 sunt
881 2284 970 2317 plures
989 2283 1092 2318 species
1111 2284 1146 2309 W
1163 2285 1211 2317 qui
1230 2291 1298 2310 mox
1315 2291 1359 2310 om
1378 2289 1450 2310 sunt.

287 2319 319 2344 13
339 2319 413 2352 quasi
432 2320 561 2353 quaedam
582 2320 625 2344 Ita
644 2319 701 2351 NZ;
726 2319 802 2353 quasi
821 2320 930 2353 quidem
948 2320 980 2351 Y,
1000 2328 1068 2354 quae
1092 2320 1167 2354 quasi
1187 2320 1219 2350 D,
1238 2319 1296 2353 ipsa
1315 2321 1339 2352 b,
1358 2320 1433 2354 quasi
1452 2327 1521 2354 quae
1538 2321 1630 2347 ceteri.

1174 2363 1207 2388 ²4
1225 2355 1317 2390 virtus]
1336 2356 1420 2381 virtus
1438 2363 1502 2381 vero
1521 2356 1553 2388 D,
1573 2356 1617 2382 ubi
1636 2356 1719 2382 virtus
1739 2356 1788 2388 Pe3
1805 2361 1931 2391 operatur
1945 2360 2011 2390 post
2027 2362 2129 2384 tantum
2148 2357 2191 2385 Pe.

285 2354 392 2380 addunt
410 2355 459 2380 Pa.
545 2362 577 2388 ¹7
597 2354 726 2388 naturam]
746 2360 838 2381 natura
856 2363 881 2385 a,
901 2355 1036 2381 materiam
1057 2356 1084 2381 Ρ.

285 2391 392 2416 addunt
411 2391 463 2416 NZ.
555 2391 583 2416 31
606 2396 714 2416 naturae
731 2397 775 2416 om
795 2391 904 2416 anwx.

341 2433 354 2451 ι
374 2426 472 2452 scilicet
491 2434 538 2459 per
556 2427 716 2452 intellectum
735 2434 778 2452 om
798 2427 818 2452 Z
825 2434 833 2457 ;
853 2435 900 2460 per
917 2434 961 2453 om
981 2427 1056 2453 DPd.

288 2469 318 2487 12
339 2462 545 2496 compositionis]
566 2462 720 2496 cognitionis
741 2462 842 2492 oechJ
860 2462 882 2487 D
901 2463 952 2489 Iac.
1046 2471 1078 2497 29
1097 2462 1179 2497 Situs]
1199 2463 1267 2489 sicut
1285 2463 1341 2490 EG.

1143 2426 1157 2452 5
1176 2427 1340 2461 perveniunt}
1359 2428 1517 2461 proveniunt
1535 2428 1614 2459 αΧΥς
1634 2428 1674 2454 ita
1695 2435 1724 2455 ιι
1747 2429 1798 2456 av.

1421 1989 1639 2039 singularia,
1651 2002 1753 2040 quae
1773 2002 1855 2028 non
1873 1997 2040 2041 possunt
2058 1989 2227 2040 ignorari
2245 2003 2269 2030 a
2288 1991 2503 2033 substantia

1420 2051 1606 2082 movente
1641 2056 1713 2094 per
1745 2043 1994 2082 intellectum.
2026 2044 2192 2095 Oportet
2224 2044 2339 2096 igitur
2373 2044 2502 2087 dicere

1419 2097 1529 2147 quod
1557 2097 1793 2136 substantiae
1820 2105 2020 2148 separatae
2039 2098 2247 2148 singularia
2265 2096 2502 2150 cognoscant

1419 2151 1580 2190 istarum
1608 2151 1871 2190 materialium
1899 2163 2044 2190 rerum.

1539 2293 1556 2319 9
1575 2284 1802 2320 individuantium]
1822 2285 1918 2319 speciei
1937 2291 1964 2312 et
1981 2286 2198 2312 individuantium
2217 2287 2274 2314 «Pe
2290 2291 2317 2314 ee
2333 2288 2394 2316 sine
2411 2294 2438 2315 et
2455 2289 2500 2316 W.

1719 2319 1751 2346 15
1771 2320 1998 2356 individuantium]
2023 2329 2093 2356 quae
2120 2327 2183 2348 sunt
2205 2323 2332 2357 principi·
2357 2324 2499 2356 materialia

2279 2366 2313 2394 ²9
2330 2359 2381 2394 vis}
2401 2360 2499 2388 sancet

1885 2437 1900 2463 7
1919 2429 2099 2464 resolutionis]
2112 2429 2213 2457 scilicet
2229 2430 2338 2458 adam
2349 2431 2498 2459 nnwxec.

1434 2463 1466 2490 30
1485 2463 1540 2498 qui]
1561 2471 1631 2498 quae
1649 2464 1711 2490 ew.
1804 2465 1833 2490 31
1855 2463 1934 2499 quael
1953 2466 1999 2500 qui
2018 2465 2094 2492 anx.

1046 2560 1382 2594 Commentariis
1412 2562 1723 2596 Fen-ariensis

326 2668 450 2689 acuuno
475 2659 539 2699 agit
559 2658 696 2690 Sanctus
720 2659 865 2690 Thomas
889 2659 929 2691 de
953 2660 1084 2691 obiecto
1107 2661 1263 2692 materiali
1286 2670 1358 2702 par-

285 2669 460 2734 Sticulari
483 2704 678 2744 cognitionis
701 2704 897 2735 substantiae
921 2710 1085 2745 separatae
1098 2706 1125 2736 ⁹.

339 2748 361 2778 1.
378 2748 420 2778 Et
435 2749 529 2788 ponit
544 2749 628 2779 hanc
644 2749 906 2780 conclusionem:
923 2750 987 2780 Per
1001 2750 1230 2782 similitudines
1247 2761 1358 2783 rerum

284 2793 502 2824 materialium
525 2793 724 2824 substanttae
746 2798 918 2834 separatae
938 2803 1003 2825 non
1023 2795 1130 2826 solum
1155 2801 1359 2837 cognoscunt

284 2847 335 2868 res
351 2838 536 2869 materiales
550 2838 726 2869 secundum
745 2839 905 2869 rationem
920 2840 1053 2881 generis
1070 2840 1121 2871 vel
1135 2841 1262 2881 speciei,
1275 2841 1360 2872 sicut

284 2882 463 2913 intellectus
487 2887 606 2919 noster,
631 2883 687 2914 sed
710 2883 807 2914 etiam
831 2884 1007 2915 secundum
1031 2885 1210 2916 individua.

327 2927 490 2958 Probatur
507 2928 628 2968 primo.
655 2927 887 2959 Similitudines
911 2938 1019 2959 rerum
1036 2930 1069 2960 in
1092 2930 1258 2961 intellectu
1282 2931 1357 2961 sub-

284 2972 415 3002 stantiae
442 2978 605 3012 separatae
633 2978 709 3003 sunt
739 2973 984 3004 universaliores
1008 2983 1106 3014 quam
1132 2975 1164 3005 in
1192 2975 1357 3007 intellectu

283 3021 405 3052 nostro,
423 3022 455 3047 et
470 3016 666 3048 efficaciores
682 3016 722 3048 ad
737 3018 802 3048 hoc
819 3017 909 3058 quod
933 3027 991 3058 per
1011 3028 1063 3049 eas
1087 3019 1209 3060 aliquid
1233 3029 1357 3061 cogno-

284 3065 396 3091 scatur.
422 3061 507 3102 Ergo
532 3071 590 3102 per
613 3061 839 3093 similitudines
863 3072 971 3094 rerum
994 3064 1207 3095 materialium
1221 3074 1287 3095 non
1305 3075 1356 3096 so-

283 3104 351 3135 lum
368 3112 571 3146 cognoscunt
586 3116 636 3137 res
652 3107 832 3138 materiales
852 3107 1033 3138 secundum
1049 3109 1208 3140 rationem
1230 3110 1357 3150 generis

283 3149 332 3179 vel
356 3151 484 3190 speciei,
508 3151 590 3181 sicut
618 3151 798 3182 intellectus
823 3157 944 3189 noster,
972 3151 1028 3183 sed
1051 3154 1147 3184 etiam
1175 3154 1355 3185 secundum

282 3193 455 3225 individua.

337 3238 540 3270 Antecedens
564 3240 661 3271 simul
684 3246 715 3271 et
743 3242 976 3282 consequentia
1002 3241 1180 3273 declaratur
1204 3252 1242 3273 ex
1266 3243 1356 3275 diffe-

282 3283 382 3313 rentia
398 3284 579 3324 specierum
595 3284 776 3316 intellectus
792 3287 904 3323 nostri,
922 3291 953 3317 et
969 3287 1151 3327 specierum
1175 3287 1357 3319 intellectus

283 3326 476 3358 substantiae
493 3334 667 3369 separatae.
681 3329 766 3368 Quia
783 3330 865 3367 illae,
882 3331 1109 3362 immateriales
1126 3332 1306 3369 existentes,
1323 3334 1356 3364 in

283 3375 407 3402 tantum
434 3378 508 3403 sunt
536 3378 718 3405 contractae
747 3375 871 3406 virtutis
900 3375 990 3416 quod
1017 3385 1083 3407 una
1113 3375 1202 3407 ducit
1230 3382 1356 3408 tantum

283 3414 316 3445 in
340 3417 561 3456 cognitionem
585 3419 694 3449 unius:
720 3419 763 3450 ita
786 3420 909 3451 scilicet
937 3420 1028 3462 quod
1054 3430 1113 3461 per
1135 3421 1277 3461 speciem
1301 3431 1356 3462 ge-

283 3460 365 3489 neris
388 3470 456 3492 non
479 3467 586 3502 potest
609 3465 765 3504 cognosci
790 3464 978 3502 differentia,
995 3474 1104 3506 neque
1128 3474 1186 3506 per
1209 3466 1357 3498 similitu-

284 3502 391 3534 dinem
415 3506 534 3546 speciei
558 3513 665 3547 potest
692 3508 897 3540 individuum
921 3510 952 3540 in
978 3519 1036 3541 sua
1059 3509 1276 3551 singularitate
1300 3521 1356 3542 co-

283 3549 405 3585 gnosci.
439 3549 498 3580 Per
530 3551 774 3583 similitudinem
808 3559 918 3584 autem
949 3554 1130 3585 intellectus
1162 3554 1357 3587 substantiae

284 3598 456 3631 separatae,
479 3604 578 3625 unam
603 3601 634 3626 et
657 3597 901 3628 immaterialem
932 3599 1132 3636 existentem,
1156 3609 1225 3630 non
1249 3599 1355 3631 solum

283 3640 395 3666 natura
417 3640 541 3677 generis
565 3645 596 3670 et
619 3642 748 3680 speciei,
774 3642 829 3673 sed
853 3643 950 3673 etiam
975 3643 1143 3680 individui,
1167 3650 1275 3685 potest
1299 3654 1356 3685 per

283 3679 482 3712 intellectum
507 3685 659 3723 cognosci
673 3686 699 3715 ’ἱ

1470 2660 1570 2692 Addit
1593 2667 1703 2693 autem
1726 2662 1864 2694 Sanctum
1888 2662 2035 2694 Thomas
2062 2662 2154 2703 quod
2180 2667 2315 2704 propter
2337 2663 2402 2695 hoc
2425 2673 2494 2695 non

1414 2711 1546 2748 oportet
1560 2706 1807 2738 similitudinem
1822 2707 2013 2739 huiusmodi
2029 2716 2100 2738 esse
2116 2707 2331 2745 materialem
2353 2713 2410 2740 aut
2424 2717 2494 2741 esse

1413 2751 1555 2782 infinitas
1578 2750 1817 2791 similitudines,
1833 2751 2016 2783 secundum
2037 2760 2214 2784 numerum
2237 2751 2493 2785 individuorum.

1472 2805 1501 2827 2.
1519 2795 1614 2827 Circa
1630 2805 1668 2827 ea
1684 2805 1769 2837 quae
1793 2795 1872 2828 dicit
1895 2796 2032 2828 Sanctus
2048 2796 2196 2828 'Pbomas
2219 2796 2260 2828 de
2283 2797 2494 2830 similitudine

1412 2840 1595 2872 intellectus
1618 2842 1731 2878 nostri,
1755 2841 1857 2882 quod,
1881 2842 2027 2885 inquam,
2052 2850 2125 2872 cum
2148 2842 2192 2873 sit
2213 2842 2440 2874 immaterialis
2463 2848 2496 2875 et

1412 2886 1514 2916 ducat
1534 2886 1642 2917 solum
1666 2886 1699 2917 in
1723 2886 1946 2928 cognitionem
1971 2887 2079 2922 unius,
2100 2895 2167 2918 non
2185 2886 2298 2928 potest
2317 2887 2437 2919 ducere
2458 2889 2493 2919 r'n

1413 2931 1636 2972 cognitionem
1663 2931 1908 2972 principiorum
1941 2931 2228 2969 individuantium,
2259 2931 2493 2964 advertendum

1412 2975 1504 3016 quod
1528 2975 1676 3016 loquitur
1691 2975 1732 3007 de
1753 2977 1942 3017 cognitione
1961 2976 2105 3017 perfecta
2125 2982 2158 3008 et
2178 2976 2338 3008 distincta.
2358 2977 2408 3009 De
2431 2978 2492 3009 hac

1412 3021 1500 3051 enim
1512 3030 1626 3052 verum
1639 3026 1686 3052 est
1696 3020 1788 3061 quod
1800 3030 1865 3052 una
1877 3021 2002 3062 species
2014 3021 2197 3052 intellectus
2209 3022 2311 3053 nostri
2322 3031 2391 3053 non
2403 3021 2493 3054 ducit

1412 3065 1444 3095 in
1462 3065 1687 3106 cognitionem
1711 3065 1855 3106 plurium
1879 3065 2058 3097 formaliter
2080 3065 2318 3104 distinctorum,
2335 3066 2492 3108 quemad-

1411 3110 1550 3142 modum
1574 3114 1651 3141 sunt
1673 3119 1776 3151 genus
1793 3115 1826 3142 et
1840 3109 2030 3147 differentia,
2047 3111 2173 3152 species
2194 3116 2227 3142 et
2241 3111 2400 3152 principia
2422 3121 2492 3143 ma·

1411 3155 1533 3186 terialia
1555 3154 1800 3186 individuantia.
1818 3154 1924 3192 Unde,
1948 3154 1989 3187 de
2012 3156 2073 3186 hac
2097 3154 2267 3197 loquendo
2291 3156 2490 3197 cognitione,

1411 3209 1488 3230 cum
1504 3200 1629 3240 species
1645 3200 1762 3231 habeat
1785 3209 1855 3231 esse
1871 3201 2010 3231 omnino
2026 3200 2238 3232 immateriale
2257 3201 2290 3232 in
2313 3200 2489 3237 intellectu,

1411 3245 1470 3275 erit
1486 3245 1593 3286 primo
1610 3250 1643 3276 et
1657 3254 1716 3286 per
1731 3254 1766 3276 se
1785 3244 1964 3277 similitudo
1988 3246 2059 3276 eius
2082 3245 2175 3286 quod
2197 3250 2246 3276 est
2268 3244 2488 3281 immateriale,

1411 3289 1533 3320 scilicet
1549 3289 1669 3330 speciei
1685 3294 1741 3320 aut
1762 3290 1900 3330 generis,
1918 3299 2002 3331 quae
2018 3299 2037 3321 a
2057 3290 2190 3321 materia
2210 3288 2399 3321 individuali
2418 3289 2489 3320 abs-

1411 3334 1558 3371 trahunt;
1591 3339 1623 3365 et
1654 3343 1731 3365 cum
1762 3344 1830 3365 non
1864 3335 1967 3375 possit
1996 3334 2089 3376 plura
2123 3333 2300 3366 formaliter
2329 3333 2488 3371 distincta,

1410 3383 1544 3420 propter
1559 3379 1662 3419 ipsius
1677 3380 1946 3416 contractionem,
1963 3383 2212 3420 repraesentare,
2229 3377 2377 3419 sequitur
2397 3377 2489 3420 quod

1410 3432 1479 3454 non
1510 3429 1729 3464 repraesentet
1758 3424 1820 3455 nisi
1850 3430 2000 3456 naturam
2030 3431 2254 3459 communem,
2277 3431 2347 3454 non
2377 3428 2488 3457 autem

1410 3468 1568 3508 principia
1598 3467 1843 3506 individuantia,
1867 3478 1953 3510 quae
1975 3478 1995 3499 a
2020 3473 2135 3500 natura
2166 3467 2337 3499 universali
2367 3466 2488 3500 forma·

1410 3512 1481 3543 liter
1504 3511 1756 3553 distinguuntur.

1468 3556 1498 3587 3.
1523 3556 1619 3588 Circa
1634 3556 1667 3588 id
1683 3557 1775 3599 quod
1791 3556 2078 3600 dicitur-,sormam
2101 3565 2167 3598 qua
2190 3556 2371 3588 substantia
2394 3566 2486 3598 sepa-

1411 3606 1485 3632 rata
1514 3601 1678 3644 intelligit,
1705 3611 1771 3633 non
1796 3606 1950 3643 oportere
1965 3609 2034 3632 esse
2058 3601 2279 3639 materialem,·
2302 3611 2362 3633 nec
2387 3602 2485 3633 etiam

1411 3655 1479 3677 esse
1502 3646 1535 3676 in
1560 3656 1598 3677 ea
1623 3647 1769 3688 infinitas
1791 3646 1921 3687 species,
1941 3645 2090 3686 quamvis
2113 3651 2293 3687 cognoscat
2316 3646 2485 3678 individua

1410 3691 1606 3726 materialia,
1625 3700 1708 3732 quae
1731 3696 1808 3722 sunt
1824 3689 1962 3732 infinita,
1979 3689 2214 3722 attendendum
2230 3690 2322 3732 quod
2340 3700 2398 3732 per
2420 3691 2486 3722 hoc
