2768 4134
24 467 34 476 ·
46 466 102 492 Cap.
113 471 160 491 xvi,
170 464 237 485 Coni-

25 496 97 513 mem.
112 498 134 512 n.
146 497 177 512 vr.

24 555 34 564 '¹
44 554 176 575 Comment.
185 558 207 573 n.
215 558 236 573 ιν

25 587 76 608 sqq.

23 1551 31 1560 ·
48 1550 102 1578 Cap.
116 1555 192 1577 praec.

22 1872 31 1881 ‘
53 1872 78 1893 S.
95 1871 141 1893 Th.
161 1871 175 1892 Ι.
198 1878 236 1896 ως

22 1897 74 1919 Did⁴
94 1897 134 1924 lV,
155 1904 196 1922 xu,
219 1905 236 1924 ι,

24 1931 58 1950 ιο,
68 1932 99 1946 ιι.
109 1936 118 1940 -
132 1924 237 1950 estvm,

23 1958 48 1978 n,
66 1958 83 1977 ’ς
101 1958 120 1972 s.
134 1951 180 1973 Th.
196 1950 236 1975 lx,

21 1978 153 2031 ἔ1.-2Ᾱυτοῡ.
176 2004 235 2026 Vn.

21 2038 48 2052 ¹0

20 2038 32 2060 j
54 2038 116 2053 ra2.

20 2660 28 2669 ·
45 2659 81 2681 Ct.
99 2659 233 2689 Commeat.

21 2692 71 2713 cap.
88 2691 129 2713 vu,
142 2689 192 2707 mn.

267 296 343 332 286

267 374 414 408 actionis,
439 371 495 401 sed
518 370 558 401 de
581 378 699 410 genere
723 367 900 408 qualitatis,
918 372 953 397 ut
977 366 1102 396 dicitur.
1127 383 1150 387 -
1173 364 1207 396 Si
1232 370 1341 395 autem

751 277 939 326 SUMMA
969 287 1191 324 CONTRA
1220 285 1497 330 GENTILES,
1526 284 1621 321 LIB.
1642 285 1684 329 11,
1715 283 1826 320 CAP.
1847 284 1912 329 IX,
1931 284 1979 320 X.

1395 363 1624 395 militudinarie
1638 369 1669 394 et
1681 362 1863 394 secundum
1876 362 2063 400 efficaciam,
2077 369 2113 394 ut
2128 363 2261 395 inferius
2277 365 2382 406 capite
2394 374 2446 395 xvr
2456 365 2473 380 ᾖ

266 418 305 448 de
330 421 524 451 transeunte,
540 415 621 444 ratio
641 422 711 444 non
734 411 891 452 procedit.
916 411 1004 441 Tum
1026 411 1101 450 quia
1125 411 1157 440 in
1183 409 1255 440 Deo
1271 419 1340 440 non
1396 408 1595 439 ostendetur.

266 462 397 502 ponitur
421 460 504 490 actio
529 459 695 494 transiens,
711 463 748 488 ut
763 455 896 487 inferius
908 457 925 472 ἃ
942 454 1141 486 ostendetur.
1159 454 1248 485 Turn
1264 454 1341 494 quia

266 506 381 537 salsum
406 510 453 535 est
477 502 567 543 quod
590 503 631 533 sit
653 503 687 533 in
711 507 824 542 agente
848 507 884 531 ut
908 500 1057 531 accidens
1081 500 1161 536 eius,
1186 505 1222 530 ut
1245 508 1341 540 supe-

266 552 330 581 rius
354 549 459 589 capite
482 549 589 588 primo
606 549 623 564 ἢ*
647 553 695 578 est
718 552 896 577 ostensum.

319 593 548 634 Respondetur
571 592 662 633 quod
677 590 825 632 procedit
841 590 880 621 de
905 590 1032 620 actione
1049 595 1234 620 transeunte
1251 598 1342 619 com-

265 639 415 675 muniter,
432 647 500 668 non
517 636 747 668 descendendo
760 636 971 667 determinate
986 643 1095 674 neque
1111 633 1151 664 ad
1168 643 1239 664 eam
1257 643 1341 674 quae

266 693 338 714 vere
362 683 518 714 transiens
542 687 600 719 est,
623 691 733 722 neque
757 681 797 711 ad
821 690 892 711 eam
917 688 1001 719 quae
1029 679 1287 709 similitudinarie
1311 685 1342 709 et

265 728 445 759 secundum
470 727 647 758 efficaciam
669 732 796 757 tantum
821 732 868 756 est
891 725 1058 755 transiens.

322 772 408 804 Cum
433 778 543 804 autem
566 772 702 802 instatur
733 772 849 811 primo,
875 770 951 809 quia
982 769 1054 799 Deo
1085 777 1155 799 non
1187 768 1341 799 convenit

265 819 349 848 actio
374 818 544 848 transiens:
562 816 678 848 dicitur
695 815 796 856 quod,
813 815 887 845 licet
907 814 966 844 sibi
982 823 1050 844 non
1067 814 1241 844 conveniat
1257 814 1342 843 actio

265 873 338 894 vere
355 870 386 893 et
402 863 532 903 proprie
549 862 714 898 transiens,
733 860 886 891 convenit
902 865 1010 889 tamen
1027 858 1111 889 actio
1127 858 1284 889 transiens
1300 858 1341 888 si-

1453 453 1540 484 Cum
1563 454 1699 483 instatur
1723 452 1879 489 secundo,
1904 453 1981 493 quia
2005 452 2089 483 actio
2112 453 2270 483 transiens
2285 462 2355 484 non
2378 460 2425 485 est
2441 455 2473 485 in

1396 503 1526 538 agente:
1551 497 1668 528 dicitur
1691 497 1783 538 quod
1805 498 1920 538 utique
1937 497 2021 528 actio
2043 506 2127 537 quae
2143 506 2219 528 vere
2235 503 2284 528 est
2306 499 2473 536 transiens,

1395 553 1464 574 non
1489 548 1536 574 est
1559 543 1593 573 in
1617 549 1732 583 agente
1756 548 1917 583 quantum
1940 542 1981 574 ad
2003 543 2108 583 ipsam
2136 542 2303 573 entitatem
2327 543 2473 581 actionis,

1396 598 1480 628 quae
1504 593 1551 618 est
1574 593 1702 623 motus;
1727 593 1774 618 est
1798 593 1908 618 tamen
1931 587 1965 618 in
1997 593 2112 628 agente
2136 593 2297 628 quantum
2327 587 2368 618 ad
2395 588 2475 618 rela-

1395 634 1520 663 tionem
1545 638 1766 663 connotatam.
1790 633 1888 663 Actio
1911 642 1989 663 vero
2014 642 2097 673 quae
2122 638 2170 663 est
2192 632 2349 663 transiens
2372 642 2476 673 quan-

1395 684 1466 708 tum
1491 677 1531 708 ad
1554 677 1693 708 modum
1717 682 1855 714 tantum,
1872 682 1999 708 constat
2023 676 2114 718 quod
2131 683 2177 708 est
2199 678 2233 708 in
2253 683 2383 718 agente:
2400 677 2476 709 licet

1396 722 1436 753 ad
1466 722 1767 763 praedicamentum
1794 722 1935 753 actionis
1961 731 2020 762 per
2042 722 2207 763 quandam
2230 722 2476 754 similitudinem

1395 767 1577 798 reducatur.
1596 767 1637 798 Et
1652 767 1698 797 sic
1714 767 1871 806 sequitur,
1885 767 1911 797 si
1926 766 1998 798 talis
2014 768 2100 798 actio
2117 767 2366 808 distingueretur
2381 778 2400 798 a
2415 777 2476 809 po-

1396 813 1496 843 tentia
1519 812 1637 849 divina,
1662 811 1753 852 quod
1776 812 1810 842 in
1841 812 1913 842 Deo
1941 811 2077 852 aliquod
2100 812 2250 843 accidens
2273 818 2366 844 esset.
2397 812 2475 844 Ideo

1396 859 1520 898 optime
1544 856 1692 898 procedit
1715 857 1796 887 ratio
1821 856 1930 887 Sancti
1955 856 2115 887 Thornae.

1342 956 1416 998 ,w

910 1108 1400 1165 CAPITULUM
1442 1108 1829 1165 DECIMUM

1055 1218 1287 1258 Fragmentum
1311 1227 1350 1248 ex
1374 1218 1403 1248 A
1429 1218 1498 1249 3or
1533 1227 1594 1248 aa.

751 1309 1067 1363 QUALITER
1102 1309 1413 1350 POTENTIA
1449 1309 1510 1350 ΙΝ
1545 1309 1673 1350 DEO
1708 1309 1987 1352 DICATUR

277 1453 296 1479 ’κ
333 1445 429 1491 „75³³
459 1451 518 1477 υιΑ
541 1449 636 1475 vero
662 1437 757 1475 nihil
781 1445 838 1475 est
861 1436 921 1475 sui
950 1436 1071 1487 ipsius
1090 1435 1339 1487 principium,

360 1530 393 1542 ,Ι
420 1536 425 1543 ⁴
477 1504 570 1529 cum
598 1491 731 1529 divina
759 1491 859 1528 actio
888 1503 969 1528 non
1003 1491 1050 1528 sit
1083 1491 1188 1528 aliud
1218 1502 1339 1541 quam

279 1570 289 1583 x
353 1570 365 1579 ψ
445 1567 447 1569 -
478 1545 561 1584 eius
580 1545 753 1596 potentia
767 1545 798 1591 ²¹³,
819 1545 1068 1582 manifestum
1089 1552 1145 1582 est
1165 1556 1211 1582 ex
1230 1557 1340 1595 prae-

282 1594 307 1624 ⁴?
355 1600 364 1607 ⁴
416 1593 439 1626 3¹³
477 1599 587 1637 dictis
607 1600 715 1650 quod
733 1598 911 1649 ,potentia
935 1611 1016 1637 non
1036 1598 1176 1637 dicitur
1194 1598 1234 1637 in
1254 1599 1340 1638 Deo

1397 1437 1465 1475 sed
1485 1445 1671 1475 maneant
1690 1436 1729 1474 in
1749 1445 1896 1486 agente,
1913 1446 2091 1488 respectu
2110 1438 2254 1476 harum
2274 1451 2355 1477 non
2375 1439 2478 1477 dice-

1396 1499 1460 1528 tur
1478 1490 1518 1528 in
1533 1492 1620 1528 Deo
1634 1490 1807 1542 potentia
1826 1491 1900 1529 nisi
1919 1492 2140 1530 seeundum
2160 1492 2328 1531 modum
2343 1492 2478 1532 intelli-

1396 1545 1523 1594 gendi,
1552 1557 1635 1583 non
1663 1545 1885 1583 secundum
1911 1544 1966 1583 rei
1990 1545 2205 1584 veritatem.
2235 1545 2477 1587 Huiusmodi

1397 1607 1529 1637 autem
1559 1598 1730 1637 actiones
1758 1607 1848 1637 sunt
1877 1598 2084 1649 intelligere
2104 1608 2141 1638 et
2159 1601 2270 1639 velle.
2300 1601 2479 1640 Potentia

265 1653 362 1691 sicut
395 1653 631 1704 principium
667 1652 839 1700 actionis,
868 1653 936 1690 sed
973 1652 1069 1690 sicut
1104 1652 1342 1703 principium
1365 1667 1372 1686 s
1398 1652 1512 1702 igitur
1534 1653 1619 1699 Dei,
1640 1653 1798 1703 proprie
1821 1654 2034 1703 loquendo,
2055 1666 2136 1692 non
2163 1654 2317 1705 respicit
2342 1654 2477 1695 huius-

265 1707 362 1745 facti.
394 1709 442 1745 Et
465 1707 557 1758 quia
583 1706 755 1758 potentia
775 1715 995 1757 respectum
1015 1707 1064 1744 ad
1084 1708 1250 1744 alterum
1270 1706 1341 1744 im-

265 1770 392 1811 portat
407 1761 445 1798 in
461 1761 607 1799 ratione
623 1760 812 1811 principii,
828 1769 886 1798 est
899 1760 1005 1798 enim
1025 1760 1198 1810 potentia
1217 1760 1341 1798 activa

261 1817 492 1865 principium
521 1816 663 1866 agendi
689 1817 726 1852 in
756 1815 869 1861 aliud,
892 1822 934 1852 ut
952 1822 1056 1865 patet
1074 1826 1146 1865 per
1165 1814 1341 1852 Philoso-

265 1869 391 1918 phum
408 1869 447 1906 in
467 1870 501 1906 V
516 1870 684 1919 Metaph.
696 1868 732 1915 *3
748 1866 779 1920 †
798 1868 1047 1906 manifestum
1067 1876 1123 1906 est
1143 1869 1251 1918 quod
1272 1881 1341 1918 po-

265 1922 382 1960 tentia
410 1922 549 1960 dicitur
571 1922 611 1960 in
630 1923 717 1960 Deo
745 1934 816 1972 per
843 1930 1066 1972 respectum
1085 1922 1135 1960 ad
1154 1922 1262 1968 facta,
1283 1934 1341 1959 se-

265 1976 440 2013 cundum
477 1976 531 2013 rei
566 1975 783 2020 veritatem;
820 1987 902 2013 non
937 1987 1008 2026 per
1042 1983 1262 2025 respectum
1291 1976 1341 2013 ad

264 2029 457 2066 actionem
499 2029 571 2066 nisi
614 2029 834 2067 secundum
877 2029 1044 2066 modum
1087 2028 1339 2078 intelligendi,

264 2090 380 2132 prout
413 2082 625 2120 intellectus
660 2090 790 2120 noster
823 2082 985 2120 diversis
1018 2082 1341 2134 conceptionibus

265 2144 476 2187 utrumque
505 2136 734 2183 considerat,
755 2136 931 2174 divinam
961 2135 1102 2175 scilicet
1124 2136 1340 2187 potentiam

264 2190 402 2228 eteius
422 2190 629 2229 actionem.
659 2190 784 2237 Unde,
815 2190 845 2227 si
873 2189 1027 2241 aliquae
1055 2190 1227 2228 actiones
1254 2191 1340 2228 Deo

263 2243 498 2282 conveniant
518 2257 619 2295 quae
639 2256 720 2282 non
741 2243 779 2282 in
799 2244 959 2294 aliquod
979 2245 1123 2282 factum
1146 2252 1341 2283 transeant

316 2358 333 2384 8
352 2359 444 2391 agendi
458 2366 502 2384 om
514 2359 606 2390 EGW,
620 2360 811 2385 transmutandi
825 2359 877 2385 ΝΖ.

265 2402 298 2427 ¹4
313 2395 426 2420 divinam
442 2399 504 2427 post
523 2395 621 2421 scilicet
640 2395 726 2421 ιΧΡο.

318 2437 351 2456 io
370 2431 517 2456 attribuitur
535 2431 587 2464 Db;
606 2431 789 2457 attribuuntur.
884 2439 917 2463 ¹4
935 2430 1044 2466 veritati]
1064 2432 1153 2457 unitati
1172 2430 1293 2458 GWch.

969 2368 986 2394 9
1005 2359 1173 2385 manifestum
1188 2358 1323 2392 Reincr'pt't
1340 2361 1371 2391 Α,
1391 2367 1473 2393 usque
1491 2361 1529 2386 ad
1547 2368 1607 2394 cap.
1623 2359 1666 2389 15.
1688 2360 1738 2396 295
1759 2360 1818 2393 a46
1831 2361 2003 2395 praedicatur.

1398 1707 1506 1744 modi
1522 1707 1705 1753 actiones,
1723 1707 1791 1745 sed
1811 1709 1916 1745 solos
1935 1708 2107 1746 effectus.
2130 1709 2346 1746 Intellectus
2364 1708 2479 1759 igitur

1398 1769 1434 1798 et
1463 1762 1645 1798 voluntas
1673 1761 1712 1798 in
1742 1761 1828 1799 Deo
1862 1774 1942 1799 non
1977 1770 2067 1799 sunt
2100 1770 2142 1800 ut
2169 1762 2379 1813 potentiae,
2408 1763 2476 1801 sed

1398 1816 1527 1852 solum
1556 1822 1599 1852 ut
1626 1814 1809 1853 actiones.

1452 1869 1559 1906 Patet
1579 1868 1696 1906 etiam
1716 1881 1763 1906 ex
1781 1868 1987 1919 praedictis
2002 1869 2111 1919 quod
2130 1869 2341 1909 multitudo
2359 1869 2478 1910 actio-

1358 1939 1383 1954 ιο
1397 1934 1495 1960 num
1524 1934 1626 1972 quae
1659 1923 1746 1960 Deo
1781 1922 2014 1969 attribuitur,
2044 1931 2087 1961 ut
2115 1923 2338 1973 intelligere,
2367 1925 2478 1971 velle,

1396 1976 1615 2026 producere
1636 1988 1707 2022 res,
1728 1984 1765 2013 et
1783 1975 1933 2023 similia,
1963 1989 2044 2015 non
2073 1985 2164 2015 sunt
2191 1977 2368 2016 diversae
2399 1989 2477 2017 res:

1396 2041 1489 2067 cum
1509 2029 1705 2080 quaelibet
1724 2031 1866 2068 harum
1885 2029 2086 2068 actionum
2106 2030 2146 2069 in
2171 2031 2257 2069 Deo
2277 2030 2324 2069 sit
2347 2030 2478 2082 ipsum

1397 2082 1480 2121 eius
1516 2095 1611 2130 esse,
1641 2084 1750 2134 quod
1788 2091 1846 2121 est
1878 2096 2007 2122 unum
2041 2092 2078 2122 et
2110 2084 2228 2124 idem.
2259 2084 2478 2134 Quomodo

1397 2145 1528 2175 autern
1559 2137 1821 2188 multiplicitas
1850 2137 2140 2187 significationis
2169 2139 2286 2178 unius
2306 2138 2361 2178 rei
2379 2137 2478 2178 veri·

1357 2209 1379 2230 ¹5
1396 2190 1462 2229 tati
1490 2203 1572 2229 non
1597 2190 1847 2241 praeiudicet,
1867 2204 1915 2230 ex
1934 2191 1995 2230 his
2013 2205 2116 2243 quae
2136 2192 2176 2231 in
2195 2193 2325 2243 primo
2346 2192 2445 2232 libro
2458 2191 2480 2215 ¹²

1397 2253 1553 2283 ostensa
1581 2254 1682 2292 sunt,
1713 2245 1962 2284 manifestum
1992 2258 2075 2285 esse
2103 2255 2241 2297 potest.

2096 2369 2128 2388 io
2148 2362 2173 2388 in
2186 2361 2254 2397 Deo]
2273 2363 2305 2388 de
2318 2362 2375 2389 Deo
2391 2362 2477 2390 anve.

1027 2520 1366 2554 commentaria
1396 2521 1711 2555 Ferret-renate

324 2620 416 2640 narro
442 2610 517 2640 loco
542 2609 781 2640 ostendendum
815 2616 861 2640 est
894 2611 1031 2651 qualiter
1061 2611 1208 2651 potentia
1239 2612 1342 2642 activa

265 2620 362 2684 Tsit
386 2655 419 2685 in
444 2654 516 2685 Deo
529 2655 556 2685 θ.
582 2654 622 2685 Et
646 2654 740 2695 ponit
769 2654 906 2686 Sanctus
932 2655 1079 2686 Thomas
1103 2655 1182 2686 duas
1207 2656 1341 2687 conclu-

263 2699 380 2735 siones,
405 2705 436 2730 et
460 2699 527 2730 duo
551 2699 731 2730 corollaria.

319 2743 340 2774 1.
366 2743 472 2775 Prima
495 2744 665 2775 conclusio
689 2749 750 2775 est:
774 2744 814 2775 In
838 2745 909 2775 Deo
933 2755 999 2775 non
1021 2750 1069 2776 est
1086 2746 1235 2786 potentia
1259 2745 1344 2776 sicut

257 2789 456 2830 principium
484 2789 634 2825 actionis,
659 2789 723 2820 nisi
744 2789 922 2821 secundum
953 2796 1101 2821 nostrum
1133 2790 1264 2822 modum
1293 2791 1342 2821 in—

262 2833 440 2875 telligendi.
466 2833 572 2864 Prima
594 2843 667 2874 pars
689 2834 854 2874 probatur.
877 2834 964 2865 Nihil
988 2841 1035 2865 est
1057 2836 1107 2866 sui
1131 2836 1233 2876 ipsius
1253 2836 1340 2876 prin-

262 2879 385 2919 cipium
401 2878 582 2910 secundum
598 2878 774 2909 veritatem.
793 2878 856 2910 Sed
872 2879 958 2910 actio
975 2879 1083 2911 divina
1098 2880 1177 2911 nihil
1195 2886 1242 2911 est
1254 2879 1341 2911 aliud

263 2932 361 2962 quam
377 2924 447 2954 eius
462 2923 619 2964 potentia.
639 2923 726 2963 Ergo
745 2924 891 2964 potentia
911 2924 971 2954 Dei
992 2933 1060 2955 non
1081 2930 1127 2955 est
1143 2925 1341 2966 principium

262 2968 398 2998 actionis
414 2967 552 2999 divinae.
565 2986 587 2990 -
604 2967 788 2999 Secundam
805 2974 929 3009 partem
946 2967 1085 3000 declarat
1101 2969 1238 3001 Sanctus
1249 2970 1342 3001 Tho·

262 3022 330 3043 mas
355 3012 465 3044 dicens
485 3022 554 3044 esse
577 3013 622 3043 ibi
642 3013 824 3054 potentiam
848 3019 997 3054 respectu
1021 3014 1158 3045 actionis
1182 3020 1341 3055 quantum

263 3057 302 3088 ad
331 3057 468 3089 modurn
500 3057 710 3098 intelligendi,
735 3063 833 3098 prout
863 3058 1047 3089 intellectus
1075 3064 1186 3090 noster
1209 3059 1342 3091 diversis

264 3102 536 3143 conceptionibus
564 3107 595 3133 et
622 3103 802 3143 potentiam
832 3102 973 3134 divinam
1005 3109 1036 3134 et
1067 3104 1229 3135 actionem
1262 3114 1341 3136 con—

263 3146 388 3178 siderat.

319 3191 381 3223 Pro
406 3191 623 3223 declaratione
646 3192 770 3232 primae
793 3192 901 3233 partis,
918 3192 1150 3224 advertendum
1175 3194 1266 3234 quod
1289 3204 1340 3225 ve-

265 3236 345 3267 ritas
365 3237 409 3267 ibi
430 3237 596 3278 accipitur,
613 3246 682 3268 non
705 3242 803 3278 prout
827 3237 903 3268 dicit
927 3237 1050 3278 aliquid
1073 3238 1212 3269 existens
1234 3240 1267 3270 in
1291 3240 1341 3270 in-

264 3281 405 3318 tellectu,
429 3281 486 3313 sed
510 3287 546 3312 ut
569 3281 647 3313 dicit
669 3282 715 3313 rei
738 3282 916 3319 veritatem,
942 3291 1026 3323 quae
1054 3288 1102 3313 est
1125 3283 1232 3324 ipsum
1260 3293 1338 3315 esse.

266 3326 304 3355 Et
329 3333 374 3357 est
398 3335 512 3357 sensus
532 3325 623 3367 quod
638 3335 707 3357 non
724 3332 771 3357 est
794 3327 838 3358 ibi
862 3327 1008 3367 potentia
1031 3334 1181 3368 respectu
1205 3329 1341 3360 actionis

264 3370 443 3402 secundum
467 3380 547 3408 esse,
571 3372 663 3412 quasi
690 3371 812 3403 scilicet
839 3372 985 3412 potentia
1011 3372 1137 3403 realiter
1159 3373 1199 3403 sit
1222 3374 1341 3414 princi-

265 3415 355 3454 pium
379 3415 610 3456 productivum
634 3417 781 3447 actionis.

320 3459 371 3490 Ad
395 3460 589 3491 evidentiam
617 3460 778 3492 secundae
810 3461 918 3502 partis,
942 3461 1215 3493 considerandum
1239 3462 1340 3503 quod,

266 3512 340 3534 cum
357 3505 464 3535 omnis
478 3505 636 3546 perfectio
660 3511 824 3537 creaturae
847 3506 887 3538 sit
910 3506 943 3537 in
967 3506 1051 3543 Deo,
1076 3507 1198 3547 absque
1222 3507 1340 3548 imper-

266 3547 405 3579 fectione
429 3555 551 3586 tamen:
577 3557 608 3582 et
631 3552 776 3591 potentia
795 3557 893 3592 atque
909 3551 994 3582 actio
1010 3551 1152 3592 aliquam
1169 3550 1341 3593 perfectio—

267 3601 341 3622 nem
366 3592 485 3624 dicant:
510 3604 641 3626 necesse
666 3602 713 3626 est
737 3602 914 3637 utrumque
937 3597 971 3627 in
994 3596 1066 3627 Deo
1091 3596 1237 3628 inveniri.
1263 3596 1340 3628 Ideo

267 3636 446 3668 intellectus
461 3644 570 3670 noster
585 3641 618 3671 in
635 3639 741 3671 divina
757 3646 872 3672 natura
890 3640 1103 3682 apprehendit
1127 3647 1158 3672 et
1181 3642 1339 3673 rationem

266 3682 430 3720 potentiae
454 3688 485 3712 et
508 3683 665 3715 rationem
691 3686 835 3716 actionis
857 3686 898 3716 Et
915 3686 990 3726 quia
1008 3685 1048 3717 de
1063 3686 1188 3717 ratione
1205 3687 1340 3717 actionis

1368 2610 1370 2613 ’
1395 2612 1429 2642 in
1453 2613 1606 2643 creaturis
1623 2619 1670 2643 est
1686 2619 1756 2644 uta
1772 2613 1934 2654 principio
1958 2614 2007 2650 sit,
2033 2620 2068 2645 ut
2091 2613 2209 2645 dicitur
2231 2614 2392 2651 Potentia,
2409 2624 2442 2657 q.
2454 2625 2477 2653 ι,

1396 2666 1424 2686 a.
1447 2664 1474 2693 ι,
1497 2656 1537 2687 ad
1564 2666 1590 2693 ι,
1614 2657 1700 2694 ideo,
1725 2667 1802 2689 cum
1824 2658 2008 2689 intellectus
2031 2659 2064 2689 in
2089 2658 2162 2689 Deo
2185 2659 2330 2700 concipit
2353 2659 2476 2701 aliquid

1396 2709 1453 2742 per
1475 2701 1614 2733 modum
1638 2703 1786 2740 actionis,
1811 2703 1956 2744 concipit
1979 2709 2015 2734 ut
2037 2702 2070 2734 id
2094 2702 2185 2744 quod
2201 2709 2250 2735 est
2265 2713 2283 2735 a
2298 2705 2476 2746 principio:

1396 2755 1480 2786 quae
1503 2751 1614 2778 tamen
1637 2747 1795 2778 habitudo
1814 2757 1882 2778 non
1900 2753 1948 2779 est
1963 2748 1996 2779 in
2012 2756 2057 2785 re,
2073 2747 2130 2779 sed
2145 2754 2273 2781 tantum
2289 2749 2322 2780 in
2339 2749 2476 2782 ratione.

1396 2790 1491 2822 Unde
1514 2800 1582 2823 non
1606 2798 1654 2823 est
1678 2793 1711 2823 in
1734 2793 1804 2833 ipsa
1827 2802 1861 2823 re
1885 2791 2041 2823 habitudo
2064 2793 2202 2824 actionis
2225 2792 2265 2824 ad
2295 2794 2476 2835 potentiam

1395 2841 1551 2876 tanquam
1579 2837 1619 2868 ad
1647 2838 1854 2878 principium,
1878 2837 1935 2869 sed
1959 2843 2007 2869 est
2029 2843 2156 2869 tantum
2180 2839 2213 2870 in
2237 2844 2350 2870 nostro
2373 2838 2476 2871 modo

1396 2881 1614 2922 concipiendi.
1647 2882 1716 2913 Nec
1749 2888 1859 2913 tamen
1893 2882 2075 2914 intellectus
2109 2883 2156 2915 sic
2186 2883 2398 2924 intelligendo
2429 2890 2477 2916 est

1395 2925 1507 2957 falsus:
1533 2927 1611 2967 quia
1625 2936 1693 2957 non
1710 2926 1922 2968 apprehendit
1946 2928 1988 2958 ita
2013 2937 2082 2958 esse
2105 2928 2138 2958 in
2162 2937 2196 2959 re
2220 2928 2311 2970 quod
2327 2929 2412 2960 actio
2428 2928 2477 2961 di-

1395 2971 1468 3002 vina
1493 2981 1510 3002 a
1534 2972 1680 3012 potentia
1711 2971 1912 3013 producitur,
1936 2971 1993 3003 sed
2023 2972 2086 3003 hoc
2117 2978 2244 3004 tantum
2267 2982 2302 3004 se
2325 2979 2414 3005 tenet
2437 2983 2475 3005 ex

1395 3021 1484 3056 parte
1508 3015 1599 3047 modi
1623 3016 1838 3058 intelligendi,
1869 3018 1953 3048 sicut
1976 3026 2052 3048 cum
2075 3017 2290 3058 apprehendit
2313 3027 2418 3050 unum
2441 3019 2475 3051 in

1395 3060 1509 3091 ordine
1533 3061 1573 3092 ad
1597 3061 1734 3092 alterurn
1754 3062 1838 3093 inter
1857 3071 1942 3102 quae
1958 3067 2067 3094 tamen
2083 3071 2151 3094 non
2169 3068 2216 3094 est
2232 3062 2314 3094 ordo
2330 3072 2369 3094 ex
2385 3069 2475 3105 parte

1394 3105 1450 3142 rei,
1476 3111 1510 3137 ut
1534 3115 1611 3137 cum
1642 3105 1729 3137 idem
1753 3113 1921 3148 comparat
1950 3107 2009 3138 sibi
2041 3107 2119 3148 ipsi;
2143 3107 2235 3148 quod
2258 3107 2376 3139 accidit
2398 3117 2474 3140 cum

1395 3150 1578 3182 intellectus
1593 3150 1634 3182 de
1650 3161 1716 3182 una
1739 3156 1772 3182 et
1794 3151 1909 3183 eadem
1933 3161 1966 3182 re
1991 3151 2135 3183 diversos
2150 3158 2330 3193 conceptus
2345 3151 2473 3184 format.

1453 3205 1482 3226 2.
1507 3195 1572 3227 Sed
1595 3196 1735 3227 occurrit
1758 3195 1896 3228 dubium
1915 3203 2028 3228 contra
2044 3197 2182 3238 primam
2198 3202 2322 3238 partem
2338 3197 2474 3228 conclu—

1394 3240 1504 3271 sionis.
1530 3240 1731 3282 Oppositum
1755 3241 1842 3272 enim
1866 3242 1936 3272 eius
1959 3241 2086 3273 videtur
2108 3241 2214 3273 dicere
2229 3241 2367 3274 Sanctus
2383 3240 2473 3273 Tho-

1395 3294 1464 3315 mas
1488 3284 1499 3316 1
1524 3285 1623 3321 Sem..
1647 3285 1678 3317 d.
1695 3295 1768 3322 xm,
1791 3295 1823 3328 q.
1840 3297 1860 3323 ι,
1885 3297 1913 3317 a.
1936 3294 1962 3323 ι,
1983 3285 2024 3318 ad
2047 3296 2076 3317 2.
2101 3286 2148 3317 lbi
2171 3286 2259 3318 enim
2282 3285 2360 3317 dicit
2383 3287 2472 3327 quod

1395 3329 1533 3361 essentia
1549 3330 1671 3366 divina,
1687 3331 1865 3362 secundum
1881 3331 1970 3372 quod
1983 3336 2031 3363 est
2045 3330 2244 3372 principium
2261 3331 2471 3372 operationi-r.

1390 3374 1539 3415 potentia
1556 3380 1704 3407 vocatur.
1730 3375 1816 3416 Ergo
1839 3377 1873 3407 in
1899 3375 1970 3407 Deo
1994 3381 2042 3407 est
2065 3375 2211 3416 potentia
2226 3381 2375 3416 respectu
2393 3385 2474 3417 ope·

1395 3420 1537 3451 rationis.
1563 3419 1667 3451 Cuius
1690 3421 1881 3462 oppositum
1905 3419 1983 3451 dicit
2006 3419 2187 3451 conclusio.

1450 3464 1678 3505 Respondetur
1701 3464 1793 3506 quod
1817 3465 1962 3506 loquitur
1984 3464 2122 3496 Sanctus
2147 3464 2294 3496 Thomas
2317 3465 2357 3497 de
2385 3466 2474 3507 prin-

1395 3508 1482 3549 cipio
1506 3519 1575 3540 non
1599 3509 1781 3541 secundum
1797 3519 1877 3546 esse,
1897 3508 1954 3540 sed
1972 3508 2153 3541 secundum
2178 3510 2337 3541 rationem
2353 3515 2386 3542 et
2399 3518 2472 3541 mo-

1395 3552 1474 3584 dum
1498 3553 1708 3595 intelligendi.
1733 3554 1777 3586 Ut
1791 3554 1880 3585 enim
1896 3552 2014 3585 dicitur
2028 3554 2189 3590 Potentia,
2207 3563 2238 3595 q.
2256 3565 2276 3592 1,
2293 3565 2321 3586 a.
2343 3562 2371 3592 ι,
2386 3554 2428 3586 ad
2444 3563 2471 3591 ι,

1395 3597 1470 3629 licet
1484 3599 1623 3630 essentia
1638 3598 1751 3630 divina
1767 3608 1834 3630 non
1849 3598 1967 3629 habeat
1984 3599 2183 3640 principium
2201 3609 2303 3642 neque
2319 3609 2355 3631 re
2370 3609 2474 3641 neque

1395 3643 1533 3680 ratione,
1559 3649 1666 3675 tamen
1691 3644 1839 3684 operatio
1866 3642 1979 3674 divina
2002 3643 2096 3675 habet
2119 3643 2255 3685 aliquod
2272 3644 2471 3686 principium

1393 3688 1569 3719 secundum
1595 3688 1766 3719 rationem.

2502 365 2510 373 ·
2517 363 2658 412 femmam.
2670 363 2716 385 loc.

2517 398 2522 412 ι
2536 407 2541 413 .

2507 2192 2516 2202 ·
2522 2190 2723 2220 Cap-xxxmnv.
