2768 4134
43 2701 51 2710 ·
62 2700 70 2721 1
85 2699 190 2728 Metaph.
202 2705 217 2726 ι,
228 2706 254 2726 4;

42 2727 63 2748 11
75 2727 174 2754 Postera,
185 2733 222 2753 xv,
235 2733 253 2754 5.

46 2839 54 2847 ·
68 2837 103 2859 Cf.
120 2843 141 2859 n.
153 2843 181 2859 vi.

289 310 363 360 378

339 390 445 420 Prima
474 396 551 418 vero
576 386 810 426 consequentia
836 385 1002 425 probatur.
1033 385 1134 422 Quia,
1159 394 1236 415 cum
1259 394 1358 425 agens

282 444 341 475 per
363 433 502 464 formam
522 436 604 471 agat,
621 435 752 470 oportet
774 429 956 460 secundum
978 429 1116 459 modum
1140 429 1264 460 formae
1289 438 1358 460 esse

283 478 421 509 modum
452 475 668 516 operationis:
694 479 731 504 ut
760 474 883 504 scilicet
910 473 1016 504 forma
1040 483 1125 513 quae
1154 483 1224 504 non
1247 479 1295 504 est
1319 474 1357 504 ab

282 523 354 563 ipso
378 525 492 561 agente
515 529 573 559 per
596 518 744 554 formam,
762 522 871 549 causet
895 518 1120 558 operationem
1144 518 1236 548 cuius
1261 527 1358 558 agens

281 576 350 597 non
379 570 426 595 est
456 563 623 599 dominus;
654 562 759 592 forma
788 571 865 592 vero
894 571 978 602 quae
1009 567 1056 592 est
1088 562 1127 592 ab
1159 567 1274 602 agente
1301 572 1358 602 per

281 611 395 651 ipsam,
413 613 523 639 causet
544 607 770 647 operationem
794 607 886 637 cuius
910 616 1007 646 agens
1031 611 1079 636 est
1104 605 1267 637 dominus.
1293 607 1358 637 De-

282 655 418 685 claratur
447 653 511 683 hoc
542 651 753 683 discurrendo
784 661 842 691 per
865 651 986 682 formas
1010 660 1095 690 quae
1122 657 1199 682 sunt
1221 651 1358 682 actionis

281 698 488 739 principium.
514 696 599 727 Nam
621 696 748 727 formae
774 696 937 726 naturales
964 705 1034 726 non
1057 701 1133 726 sunt
1155 697 1195 726 ab
1218 696 1257 726 iis
1273 705 1357 736 quo-

281 753 353 774 rum
377 748 452 772 sunt
475 741 610 778 formae,
627 740 684 772 sed
707 742 746 771 ab
771 741 983 771 exterioribus
1007 740 1175 780 agentibus
1198 740 1355 771 totaliter:

282 793 313 818 et
339 786 414 817 ideo
443 795 527 827 quae
553 791 729 817 moventur
755 785 956 821 naturaliter,
983 794 1053 814 non
1080 790 1216 815 movent
1241 785 1356 826 seipsa,

281 837 317 863 ut
340 836 429 872 patet
451 830 492 861 de
515 830 676 871 gravibus,
701 839 784 870 quae
808 839 826 859 a
849 835 1025 870 generante
1051 834 1236 860 moventur.
1261 829 1357 860 Simi-

280 876 352 907 liter
374 875 499 906 formae
522 880 666 905 sensatae
690 875 741 905 vel
764 874 966 914 imaginatae,
984 882 1068 913 quae
1089 879 1165 904 sunt
1187 879 1357 905 moventes

280 921 315 951 in
338 921 449 957 brutis,
474 929 542 950 non
570 925 645 950 sunt
675 918 867 949 adinventae
897 919 936 948 ab
960 918 1038 958 ipsis
1062 918 1173 954 brutis,
1198 918 1256 949 sed
1282 924 1357 949 sunt

280 970 429 1006 receptae
451 965 486 995 in
509 965 555 994 eis
578 965 617 994 ab
642 963 853 994 exterioribus
870 962 1084 999 sensibilibus,
1109 968 1141 993 et
1165 962 1357 994 diiudicatae

280 1019 339 1051 per
361 1009 541 1040 naturalem
564 1009 833 1039 aestimationem.
850 1007 892 1038 Et
907 1006 993 1044 ideo,
1009 1007 1086 1038 licet
1101 1006 1248 1038 dicantur
1271 1017 1356 1048 quo—

281 1053 458 1085 dammodo
483 1063 615 1083 movere
639 1053 753 1093 seipsa,
777 1053 973 1092 inquantum
996 1061 1062 1082 una
1086 1061 1158 1092 pars
1181 1053 1216 1082 in
1240 1052 1285 1082 eis
1309 1058 1357 1083 est

280 1108 417 1129 movens
441 1103 472 1128 et
496 1098 556 1128 alia
580 1103 628 1128 est
654 1102 759 1133 mota;
784 1102 894 1127 tamen
921 1097 1031 1136 ipsum
1062 1097 1189 1127 moveri
1215 1106 1285 1127 non
1309 1101 1357 1127 est

280 1144 314 1174 in
338 1144 383 1173 eis
407 1152 445 1173 ex
475 1142 597 1182 seipsis,
622 1141 679 1172 sed
709 1141 826 1182 partim
859 1150 897 1171 ex
928 1141 1140 1172 exterioribus
1167 1142 1301 1172 sensatis
1325 1146 1356 1172 et

280 1188 397 1228 partim
421 1197 439 1217 a
461 1192 586 1217 natura.

337 1241 366 1262 2.
391 1231 542 1267 Adverte‚
560 1231 644 1261 circa
659 1229 864 1266 antecedens,
881 1229 973 1270 quod
996 1229 1072 1261 ideo
1097 1231 1204 1271 inquit
1219 1230 1356 1261 Sanctus

279 1276 426 1307 Thomas
449 1275 589 1306 formam
612 1275 810 1306 intellectam
835 1284 905 1305 esse
936 1275 976 1305 ab
1006 1275 1175 1306 intellectu
1198 1275 1356 1316 quodam-

279 1321 376 1352 modo
405 1320 637 1362 excogitatam,
661 1329 730 1350 non
761 1325 872 1350 autem
901 1319 1090 1360 simpliciter
1121 1320 1354 1361 excogitatam,

280 1366 366 1406 quia,
383 1365 513 1406 proprie
537 1364 717 1405 loquendo,
734 1365 884 1406 cogitare
906 1374 975 1395 non
993 1366 1147 1395 convenit
1165 1364 1354 1402 intellectui,

280 1410 336 1441 sed
358 1410 468 1440 virtuti
491 1409 695 1450 cogitativae:
721 1414 753 1440 et
776 1408 862 1445 ideo,
887 1409 1018 1449 proprie
1045 1409 1226 1450 loquendo,
1249 1408 1356 1440 forma

279 1453 462 1485 intellectus
477 1463 546 1484 non
569 1460 678 1494 potest
694 1454 758 1485 dici
774 1454 974 1495 excogitata.
999 1454 1063 1485 Sed
1079 1455 1156 1495 quia
1172 1454 1354 1495 cogitativa,

281 1509 321 1530 eo
345 1499 436 1540 quod
459 1499 638 1530 intellectui
653 1500 693 1530 sit
710 1500 895 1535 coniuncta,
912 1500 1082 1540 participat
1104 1499 1228 1540 aliquid
1250 1499 1290 1530 de
1306 1500 1356 1530 in-

279 1545 411 1574 tellectu
434 1543 644 1574 discurrendo
669 1544 753 1575 circa
774 1544 987 1585 particularia,
1004 1544 1080 1575 ideo
1102 1545 1238 1576 nomina
1258 1545 1355 1575 unius

281 1588 321 1619 ad
336 1589 431 1619 aliam
444 1588 644 1629 quandoque
656 1588 914 1620 similitudinarie
926 1588 1170 1627 transferuntur,
1183 1595 1220 1620 ut
1232 1588 1356 1620 dicatur

281 1634 452 1674 cogitativa
476 1633 660 1675 intelligere
677 1634 912 1674 particularia,
937 1639 968 1664 et
991 1634 1175 1665 intellectus
1194 1634 1354 1675 cogitare.

280 1678 323 1709 Et
345 1678 391 1708 sic
413 1678 647 1718 transumptive
671 1678 776 1709 forma
800 1679 839 1709 ab
868 1678 1036 1709 intellectu
1063 1684 1224 1719 concepta
1247 1683 1356 1719 potest

281 1722 344 1753 dici
367 1722 566 1763 excogitata,
592 1723 667 1753 licet
692 1732 762 1753 non
785 1724 825 1754 sit
847 1723 980 1763 proprie
1004 1722 1142 1754 dictum:
1167 1729 1199 1754 et
1221 1728 1356 1763 propter

280 1768 345 1798 hoc
368 1766 491 1798 addidit
514 1767 650 1798 Sanctus
673 1767 820 1798 Thomas
843 1767 1095 1808 quodammodo.

336 1811 582 1843 Advertendum
599 1821 734 1852 quoque
751 1811 852 1852 quod,
869 1822 946 1844 cum
963 1813 1110 1853 operatio
1135 1817 1356 1852 consequatur

281 1855 431 1893 formam,
448 1866 580 1887 necesse
604 1862 652 1887 est
675 1863 712 1887 ut
735 1856 813 1888 dans
838 1856 977 1888 formam
993 1856 1047 1888 det
1071 1858 1168 1888 etiam
1191 1857 1355 1897 operatio-

280 1910 367 1931 nem.
392 1900 528 1941 Propter
546 1900 637 1941 quod
661 1900 777 1932 dicitur
801 1901 892 1942 quod
915 1901 995 1932 dans
1017 1901 1158 1932 formam
1182 1901 1235 1931 dat
1259 1901 1356 1931 etiam

280 1951 409 1975 motum
433 1950 690 1985 consequentem
713 1945 866 1976 formam:
888 1946 971 1976 sicut
989 1945 1068 1976 dans
1091 1946 1278 1985 gravitatem
1303 1944 1356 1975 dat

279 1994 409 2020 motum
434 1989 597 2020 deorsum.
622 1989 699 2020 Ideo
716 1990 800 2020 bene
823 1991 930 2030 inquit
945 1990 1082 2021 Sanctus
1098 1990 1244 2020 Thomas
1265 1989 1356 2030 quod

280 2033 385 2064 forma
409 2043 492 2073 quae
516 2043 584 2064 non
608 2039 655 2064 est
678 2034 717 2063 ab
741 2034 814 2074 ipso
837 2039 953 2074 agente
969 2034 1050 2074 (sed,
1067 2034 1199 2070 scilicet,
1224 2039 1272 2065 est
1294 2034 1356 2074 ipsi

280 2077 353 2108 data
369 2078 408 2108 ab
429 2078 540 2118 aliquo
556 2078 646 2117 alio),
663 2087 732 2108 non
755 2084 866 2109 causat
889 2079 1115 2119 operationem
1131 2079 1224 2110 cuius
1247 2079 1356 2119 ipsum

280 2132 378 2163 agens
402 2132 459 2163 per
481 2123 579 2153 talem
603 2122 742 2153 formam
765 2123 807 2153 sit
829 2123 998 2160 dominus;
1022 2122 1080 2154 sed
1103 2124 1252 2164 operatio
1275 2132 1355 2154 con-

280 2176 419 2207 sequens
439 2166 575 2198 refertur
597 2172 755 2207 tanquam
777 2168 812 2198 in
835 2168 1014 2208 principale
1030 2177 1128 2208 agens
1151 2169 1185 2199 in
1208 2168 1241 2199 id
1265 2167 1356 2208 quod

281 2211 334 2243 dat
357 2211 506 2242 formam.
524 2211 557 2243 Si
573 2217 683 2243 autem
699 2221 796 2253 agens
821 2218 931 2243 causet
954 2213 988 2243 in
1010 2213 1118 2253 seipso
1143 2212 1282 2243 formam
1298 2222 1356 2254 per

281 2266 380 2297 quam
404 2257 477 2296 agit,
503 2257 562 2287 erit
584 2257 771 2298 principalis
788 2267 885 2288 causa
901 2267 978 2288 suae
995 2258 1141 2294 actionis,
1159 2263 1191 2289 et
1214 2258 1273 2288 erit
1297 2257 1355 2288 do-

281 2302 388 2332 minus
412 2311 548 2332 suorum
573 2307 716 2332 actuum.

337 2345 390 2375 IV.
415 2345 479 2376 Sed
503 2347 586 2376 circa
610 2346 863 2377 declarationem
879 2345 988 2377 Sancti
1013 2346 1162 2377 Thomae
1187 2346 1228 2378 de
1251 2346 1356 2378 forma

281 2395 434 2420 movente
458 2391 491 2421 in
516 2391 616 2421 brutis
640 2397 672 2422 et
695 2397 809 2422 natura
837 2390 1040 2431 intelligibili,
1072 2391 1212 2422 occurrit
1236 2390 1356 2432 duplex

281 2434 428 2466 dubium.
457 2436 602 2466 Primum
633 2441 680 2466 est
704 2436 782 2476 quia
809 2445 877 2466 non
908 2435 1036 2466 videtur
1066 2435 1244 2466 differentia
1273 2437 1357 2467 inter

281 2480 413 2510 brutum
429 2485 461 2511 et
476 2480 645 2512 hominem
658 2486 818 2521 quantum
834 2479 874 2511 ad
890 2479 1030 2511 formam
1045 2489 1104 2520 per
1116 2489 1216 2520 quam
1231 2485 1357 2512 utrum-

283 2533 348 2564 que
370 2524 447 2564 agit:
473 2525 564 2556 cuius
588 2525 779 2566 oppositum
802 2525 855 2556 hic
871 2524 997 2556 dicitur.
1021 2524 1107 2556 Nam
1126 2525 1210 2556 sicut
1232 2524 1357 2557 formae

281 2574 426 2599 sensatae
447 2575 479 2600 et
501 2570 703 2610 imaginatae,
721 2579 759 2601 ex
777 2570 895 2610 quibus
914 2575 1089 2600 moventur
1105 2570 1208 2606 bruta,
1225 2575 1301 2601 sunt
1317 2571 1356 2601 ab

282 2614 492 2645 exterioribus
508 2614 714 2646 sensibilibus
733 2613 951 2645 mediantibus
975 2614 1122 2645 sensibus
1146 2615 1357 2646 exterioribus

283 2663 440 2695 causatae‚
464 2659 508 2689 ita
539 2664 570 2690 et
599 2659 724 2690 formae
747 2659 946 2690 intellectus:
972 2668 1049 2689 cum
1079 2664 1188 2690 nostra
1212 2660 1357 2700 cognitio

281 2703 475 2734 intellectiva
499 2703 615 2735 habeat
638 2709 749 2734 ortum
772 2713 790 2734 a
813 2713 911 2734 sensu
926 2705 953 2734 ἢ
979 2703 1065 2744 Ergo
1082 2704 1115 2734 in
1140 2709 1278 2745 utraque
1301 2714 1358 2735 na-

281 2754 352 2779 tura
376 2747 481 2779 forma
496 2757 580 2788 quae
604 2754 652 2779 est
675 2749 874 2789 principium
890 2748 1090 2789 operationis
1114 2754 1146 2780 et
1169 2754 1290 2786 motus,
1311 2754 1359 2780 est

283 2794 322 2824 ab
347 2793 537 2824 extrinseco.

338 2837 528 2869 Secundum
558 2837 695 2868 dubium
715 2838 731 2854 ⁴*
759 2842 820 2874 est,
849 2838 926 2878 quia
952 2838 1143 2878 oppositum
1175 2839 1244 2869 eius
1268 2837 1359 2878 quod

282 2883 335 2913 hic
358 2881 486 2919 dicitur,
506 2882 632 2913 videtur
655 2882 765 2913 haberi
787 2882 904 2918 Prima,
929 2891 960 2923 q.
981 2892 1067 2920 xvm,
1091 2893 1119 2913 a.
1145 2882 1175 2913 3.
1201 2883 1248 2914 lbi
1271 2883 1359 2914 enim

283 2926 400 2958 dicitur
423 2926 515 2968 quod
547 2926 706 2958 animalia
739 2931 871 2958 movent
898 2927 1004 2968 seipsa
1027 2932 1184 2968 quantum
1212 2927 1256 2959 ad
1278 2927 1359 2970 for-

284 2981 369 3002 mam
393 2981 477 3012 quae
499 2976 547 3003 est
563 2971 763 3012 principium
780 2977 898 3009 motus,
915 2980 1013 3012 quam
1030 2981 1095 3012 per
1116 2981 1151 3003 se
1174 2972 1359 3013 acquirunt,

283 3016 317 3047 in
341 3025 408 3056 quo
433 3015 585 3048 differunt
606 3026 624 3047 a
647 3017 774 3056 plantis,
802 3025 886 3057 quae
909 3016 1030 3047 habent
1052 3015 1192 3047 formam
1218 3017 1257 3048 ab
1284 3016 1359 3048 alio.

284 3061 371 3101 Ergo
394 3071 463 3093 non
486 3061 606 3092 habent
637 3060 777 3092 formam
809 3061 848 3092 ab
880 3061 1060 3092 extrinseco
1087 3066 1225 3099 tantum,
1249 3066 1286 3092 ut
1307 3061 1360 3092 hic

285 3105 410 3136 dicitur.

340 3150 379 3180 V.
404 3149 456 3181 Ad
472 3151 615 3191 primurn
631 3149 769 3181 dubium
784 3148 999 3191 respondetur
1019 3149 1119 3190 quod,
1139 3150 1214 3182 licet
1236 3151 1361 3191 species

285 3195 502 3235 intelligibilis,
520 3205 604 3236 quae
620 3194 784 3236 praecedit
800 3194 1068 3231 intellectionem‚
1085 3195 1124 3225 ab
1149 3195 1361 3226 exterioribus

286 3239 489 3271 sensibilibus
523 3239 686 3271 mediante
713 3240 937 3280 phantasmate
960 3244 1110 3270 causetur
1133 3237 1361 3281 (concurrente

286 3289 395 3315 tamen
418 3285 584 3316 intellectu
607 3290 722 3325 agente
753 3294 811 3325 per
840 3282 979 3315 modum
1001 3283 1187 3324 principalis
1214 3284 1361 3324 agentis),

287 3329 369 3359 sicut
392 3334 424 3360 et
447 3328 571 3360 formae
594 3330 802 3370 imaginatae;
827 3334 937 3360 tamen
960 3329 1029 3369 ipsa
1052 3327 1157 3359 forma
1181 3329 1361 3359 secundum

288 3382 386 3413 quarn
402 3374 587 3404 immediate
604 3379 635 3404 et
651 3374 799 3414 proxime
815 3378 966 3404 movetur
981 3378 1114 3403 naturae
1137 3373 1362 3404 intellectualis

289 3419 458 3458 appetitus,
483 3428 552 3449 non
575 3424 724 3449 causatur
748 3418 787 3448 ab
812 3417 877 3449 alio
901 3423 1016 3458 agente
1035 3427 1135 3458 quam
1154 3418 1193 3448 ab
1217 3418 1289 3458 ipso
1314 3419 1362 3448 in-

288 3462 461 3502 telligente.
487 3463 619 3494 Format
642 3464 730 3494 enim
761 3472 859 3503 agens
882 3471 940 3503 per
970 3462 1173 3493 intellectum
1197 3462 1231 3493 in
1254 3463 1362 3503 seipso

290 3515 347 3545 per
363 3512 471 3537 actum
487 3507 686 3547 intelligendi
703 3507 842 3538 formam
861 3507 908 3538 rei
931 3507 1155 3538 convenientis
1178 3512 1210 3537 et
1233 3506 1362 3538 discon-

291 3551 457 3587 venienfis,
485 3561 568 3592 quae
596 3551 712 3583 dicitur
743 3557 923 3592 conceptus
953 3551 1150 3582 intellectus:
1180 3551 1271 3591 quod
1294 3561 1363 3582 non

292 3593 367 3624 facit
386 3595 572 3635 imaginatio
596 3597 691 3632 bruti,
715 3597 748 3627 in
773 3606 837 3636 qua
862 3595 965 3627 forma
989 3595 1213 3627 convenientis
1229 3601 1284 3626 aut
1300 3595 1363 3627 dis-

294 3640 514 3670 convenientis
538 3641 577 3671 ab
597 3641 660 3671 alio
685 3647 844 3672 causatur.
870 3639 1032 3672 Iudicium
1055 3649 1191 3681 quoque
1215 3649 1283 3681 quo
1307 3641 1363 3671 ali-

294 3682 373 3722 quid
388 3682 546 3714 iudicatur
566 3685 762 3715 conveniens
783 3691 837 3716 aut
854 3685 1112 3722 disconveniens,
1129 3685 1163 3716 in
1179 3690 1292 3716 natura
1315 3685 1364 3716 in-

767 308 955 345 SUMMA
985 307 1209 345 CONTRA
1237 307 1513 352 GENTILES,
1542 308 1637 344 LIB.
1658 308 1699 353 11,
1730 308 1842 345 CAP.
1863 309 2012 346 XLVII.

1413 385 1588 415 tellectuali
1611 391 1659 415 est
1681 385 1830 422 liberum,
1848 391 1879 416 et
1902 395 1972 417 non
1996 392 2042 417 est
2064 389 2168 428 magis
2183 388 2224 419 ad
2240 398 2340 420 unam
2362 395 2489 430 partem

1413 429 1664 460 determinatum
1688 439 1789 470 quam
1812 430 1853 461 ad
1876 430 2019 468 alteram,
2044 431 2101 461 sed
2116 441 2214 471 agens
2237 433 2454 466 intellectuale
2471 445 2489 466 a

1412 475 1520 514 seipso
1544 474 1790 505 determinatur:
1807 475 1842 505 in
1858 475 1960 506 brutis
1975 481 2085 506 autem
2109 482 2158 506 est
2180 487 2199 507 a
2221 476 2334 508 datore
2356 485 2488 510 naturae

1412 517 1673 549 determinatum.
1690 518 1732 549 Et
1748 520 1825 559 quia
1848 519 2010 560 appetitus
2033 521 2180 560 sequitur
2202 520 2342 552 formam
2364 523 2410 553 rei
2433 533 2488 564 ap-

1411 563 1561 603 petibilis,
1587 563 1742 594 adiuncto
1772 563 1895 594 iudicio
1920 573 1988 605 quo
2019 564 2181 596 iudicatur
2211 566 2410 597 conveniens
2434 573 2489 598 aut

1412 607 1671 645 disconveniens,
1696 617 1773 638 cum
1796 608 1890 639 bruta
1917 614 1949 639 et
1976 608 2117 640 formam
2147 615 2179 640 et
2201 610 2361 641 iudicium
2384 610 2489 642 deter-

1411 653 1572 683 minatum
1602 653 1641 683 ab
1665 652 1729 683 alio
1753 653 1904 689 habeant,
1934 659 2049 685 natura
2080 660 2190 685 autem
2220 655 2447 686 intellectualis
2470 665 2489 686 a

1411 697 1517 736 seipsa
1539 697 1655 727 habeat
1677 702 1870 737 utrumque;
1894 697 1970 728 ideo
1998 700 2231 730 convenienter
2257 700 2374 731 dicitur
2397 699 2489 740 quod

1411 740 1536 772 formae
1559 747 1730 772 moventes
1753 742 1787 772 in
1810 742 1911 773 brutis
1940 743 1980 773 ab
2004 743 2068 774 alio
2093 750 2276 781 causantur,
2300 744 2334 775 in
2362 745 2488 775 intelle-

1412 786 1510 816 ctuali
1533 791 1644 816 autem
1666 791 1782 816 natura
1803 787 1843 816 ab
1866 787 1939 827 ipso
1963 786 2140 818 intellectu.

1466 830 1521 860 VI.
1554 829 1607 861 Ad
1636 830 1820 861 secundum
1850 830 1988 862 dubium
2003 832 2021 848 ⁴*
2050 832 2275 872 respondetur,
2308 838 2340 864 et
2371 837 2488 865 dicitur

1410 875 1527 915 primo,
1545 875 1636 915 quod
1660 874 1765 905 forma
1787 875 1960 916 imaginata
1984 875 2167 907 secundum
2191 886 2290 917 quam
2313 885 2488 909 moventur

1410 920 1513 956 bruta,
1538 925 1698 960 quantum
1721 919 1857 960 quidem
1872 919 1914 951 ad
1937 921 2104 951 entitatem
2127 929 2230 958 suam,
2246 931 2317 952 non
2339 929 2488 954 causatur

1410 974 1429 995 a
1452 965 1559 1001 bruto,
1584 964 1641 995 sed
1666 965 1706 995 ab
1731 964 1911 996 extrinseco
1935 965 2093 995 sensibili:
2119 970 2280 1005 quantum
2309 971 2420 998 tamen
2447 968 2487 999 ad

1411 1009 1571 1040 actualem
1587 1009 1820 1049 cognitionem,
1837 1009 2019 1040 secundum
2036 1019 2136 1050 quam
2151 1010 2221 1050 ipsa
2243 1009 2349 1041 forma
2371 1011 2487 1043 dicitur

1410 1053 1553 1094 perfecte
1570 1059 1601 1084 et
1621 1054 1785 1094 complete
1808 1054 1841 1084 in
1866 1059 1941 1085 actu
1966 1063 2045 1090 esse,
2070 1060 2220 1086 causatur
2243 1055 2340 1085 etiam
2356 1065 2375 1085 a
2390 1065 2487 1088 sensu

1410 1098 1567 1134 animalis,
1593 1098 1669 1138 quia
1693 1098 1733 1129 ad
1764 1099 1927 1129 actionem
1959 1099 2119 1130 sentiendi
2148 1099 2218 1141 ipse
2248 1108 2361 1130 sensus
2391 1100 2488 1131 etiam

1410 1143 1514 1173 active
1530 1143 1704 1173 concurrit.
1722 1143 1763 1173 Et
1779 1142 1820 1173 ad
1834 1143 1924 1174 hunc
1939 1152 2072 1174 sensum
2089 1143 2207 1174 dicitur
2221 1144 2256 1175 in
2271 1144 2380 1175 Prima
2395 1144 2488 1175 Parte

1410 1186 1502 1227 quod
1517 1187 1668 1218 animalia
1683 1193 1820 1218 movent
1834 1197 1869 1218 se
1885 1193 2046 1228 quantum
2061 1188 2103 1219 ad
2118 1188 2272 1219 formam:
2291 1189 2368 1229 quia
2383 1188 2489 1220 forma

1409 1232 1456 1262 rei
1479 1232 1637 1262 sensibilis
1655 1241 1724 1262 non
1748 1238 1796 1262 est
1819 1233 1946 1264 actuale
1968 1233 2167 1273 principium
2189 1239 2300 1264 motus
2323 1234 2385 1264 nisi
2408 1233 2488 1265 dum

1411 1281 1458 1307 est
1480 1277 1515 1306 in
1538 1282 1613 1307 actu
1636 1275 1793 1316 perfecto,
1817 1277 1879 1308 nisi
1902 1277 2025 1308 scilicet
2047 1287 2106 1318 per
2134 1278 2240 1318 ipsam
2263 1277 2424 1309 iudicetur
2448 1278 2487 1310 de

1409 1320 1568 1357 sensibili;
1593 1326 1624 1351 et
1647 1321 1692 1351 sic
1715 1321 1785 1362 ipse
1808 1331 1922 1352 sensus
1954 1327 2002 1352 est
2025 1321 2136 1363 aliquo
2163 1322 2265 1354 modo
2291 1332 2388 1354 causa
2411 1332 2488 1354 suae

1409 1364 1544 1396 formae.
1565 1365 1629 1396 Hic
1653 1370 1763 1396 autem
1786 1365 1933 1406 loquitur
1957 1365 2095 1397 Sanctus
2111 1366 2258 1398 Thomas
2274 1366 2314 1398 de
2337 1367 2408 1408 ipsa
2431 1377 2488 1399 en-

1409 1410 1499 1440 titate
1522 1409 1648 1440 formae
1672 1410 1854 1441 secundum
1870 1420 1914 1448 se,
1939 1416 1971 1441 et
1994 1417 2155 1451 quantum
2176 1411 2217 1442 ad
2240 1421 2310 1442 esse
2334 1412 2404 1442 eius
2426 1413 2488 1443 im-

1409 1454 1602 1495 perfectum,
1619 1464 1719 1495 quam
1735 1454 1875 1486 diximus
1891 1456 1931 1486 ab
1948 1456 2099 1487 exteriori
2115 1461 2243 1487 tantum
2258 1456 2402 1487 sensibili
2419 1466 2488 1488 esse

1410 1504 1583 1530 causatum.

1465 1544 1592 1575 Dicitur
1615 1543 1772 1581 secundo,
1797 1543 1889 1585 quod
1911 1543 2018 1576 forma
2041 1554 2126 1586 quae
2149 1551 2198 1576 est
2220 1546 2255 1576 in
2278 1546 2390 1582 brutis,
2413 1545 2489 1579 licet

1409 1593 1570 1629 quantum
1594 1588 1634 1619 ad
1658 1598 1727 1620 esse
1743 1589 1956 1630 completum,
1974 1589 2066 1630 quod
2082 1594 2130 1620 est
2153 1595 2190 1621 ut
2211 1599 2271 1631 per
2293 1590 2398 1631 ipsam
2413 1595 2488 1622 actu

1409 1632 1579 1669 iudicetur,
1603 1634 1644 1663 sit
1670 1633 1781 1674 aliquo
1805 1633 1907 1664 modo
1932 1643 1950 1664 a
1973 1643 2080 1670 sensu,
2104 1643 2173 1666 non
2197 1639 2246 1666 est
2272 1639 2382 1666 tamen
2404 1639 2488 1666 tota-

1409 1677 1481 1708 liter
1497 1687 1515 1707 a
1537 1686 1634 1708 sensu
1650 1682 1688 1708 ut
1709 1678 1807 1709 habet
1826 1679 1986 1709 tationem
2008 1679 2140 1709 motivi:
2169 1679 2247 1720 quia
2269 1684 2431 1720 quantum
2447 1678 2488 1710 ad

1410 1721 1715 1753 determinationem
1737 1722 1850 1754 iudicii
1873 1731 1941 1763 quo
1965 1722 2126 1754 iudicatur
2142 1723 2266 1764 aliquid
2288 1725 2488 1756 conveniens

1410 1771 1466 1797 aut
1488 1767 1656 1804 nocivum,
1681 1766 1772 1807 quod
1794 1767 1969 1807 requiritur
1991 1768 2026 1798 in
2049 1773 2144 1798 motu
2172 1768 2329 1805 animalis,
2353 1769 2394 1799 ab
2422 1769 2487 1800 alio

1410 1810 1582 1851 dependet,
1607 1811 1730 1842 scilicet
1753 1822 1772 1842 a
1794 1817 1919 1842 natura.
1947 1812 2111 1854 Loquitur
2139 1818 2249 1845 autem
2271 1813 2325 1844 hic
2349 1813 2487 1845 Sanctus

1410 1855 1556 1886 Thomas
1580 1854 1620 1886 de
1644 1855 1749 1886 forma
1773 1862 1934 1896 quantum
1964 1855 2005 1887 ad
2035 1857 2147 1887 omnia
2171 1866 2256 1898 quae
2278 1857 2340 1888 sibi
2367 1867 2487 1889 conve-

1409 1900 1504 1930 niunt
1515 1905 1553 1930 ut
1568 1905 1616 1930 est
1631 1900 1829 1940 principium
1844 1906 1969 1931 motus:
1987 1906 2020 1931 et
2031 1910 2089 1942 per
2105 1910 2311 1942 consequens
2325 1901 2366 1933 de
2381 1901 2487 1934 forma

1409 1953 1522 1975 sensus
1545 1950 1706 1984 quantum
1730 1945 1828 1975 etiam
1851 1944 1892 1975 ad
1915 1944 2029 1975 iudicii
2051 1945 2367 1978 determinationem.
2391 1946 2487 1978 Unde

1409 1997 1478 2019 non
1502 1987 1694 2020 contradicit
1716 1989 1754 2019 iis
1770 1997 1856 2029 quae
1879 1989 1914 2020 in
1928 1989 2037 2020 Prima
2050 1989 2145 2021 Parte
2161 1989 2323 2027 dicuntur,
2346 1991 2405 2022 ubi
2419 1999 2488 2022 non

1410 2038 1458 2063 est
1479 2041 1588 2063 sermo
1605 2032 1646 2064 de
1661 2032 1767 2064 forma
1782 2034 1906 2064 motiva
1921 2034 2069 2064 animalis
2085 2035 2148 2065 nisi
2164 2040 2324 2076 quantum
2340 2035 2381 2066 ad
2396 2044 2489 2067 com-

1409 2078 1614 2118 plementum
1629 2078 1680 2109 sui
1705 2087 1784 2115 esse,
1800 2088 1870 2110 non
1893 2084 2004 2110 autem
2019 2085 2180 2119 quantum
2203 2079 2245 2111 ad
2268 2089 2403 2112 omnem
2418 2081 2488 2112 eius

1409 2121 1635 2154 conditionem
1650 2122 1711 2153 sibi
1734 2123 1989 2154 convenientem
2003 2129 2042 2154 ut
2063 2124 2161 2154 habet
2178 2124 2340 2156 rationem
2363 2123 2489 2156 formae

1409 2167 1582 2198 moventis.

1465 2211 1577 2242 Potest
1591 2212 1687 2242 tertio
1710 2210 1901 2252 responderi
1917 2211 2009 2252 quod
2024 2211 2149 2244 formae
2165 2218 2311 2245 sensatae
2334 2213 2387 2244 vel
2409 2213 2489 2246 ima-

1409 2257 1546 2296 ginatae,
1572 2265 1656 2297 quae
1679 2256 1803 2288 scilicet
1820 2257 1854 2287 in
1877 2257 2025 2288 sensibus
2047 2257 2255 2289 interioribus
2277 2258 2489 2299 recipiuntur,

1410 2306 1442 2332 et
1458 2301 1576 2341 quibus
1595 2310 1654 2341 per
1669 2301 1912 2341 imaginativam
1936 2306 1993 2332 aut
2016 2301 2250 2333 aestimativam
2269 2303 2423 2334 virtutem
2439 2303 2490 2334 iu-

1410 2345 1535 2377 dicatur
1557 2345 1693 2386 aliquod
1716 2345 1867 2376 sensibile
1891 2346 2090 2377 conveniens
2114 2356 2184 2377 esse
2207 2347 2259 2378 vel
2281 2347 2449 2384 nocivum,
2471 2357 2489 2378 a

1411 2390 1558 2421 sensibus
1582 2391 1794 2421 exterioribus
1818 2391 1851 2421 in
1872 2390 1993 2422 viribus
2016 2391 2224 2422 interioribus
2246 2392 2488 2432 imprimuntur.

1411 2435 1452 2466 Et
1468 2435 1514 2465 sic
1530 2435 1623 2466 bruta
1639 2434 1792 2466 dicuntur
1808 2444 1939 2466 causare
1960 2435 2152 2467 huiusmodi
2174 2435 2296 2468 formas
2310 2437 2344 2468 in
2359 2437 2487 2477 seipsis:

1410 2480 1608 2520 inquantum
1623 2479 1747 2511 scilicet
1769 2488 1828 2520 per
1850 2489 1964 2511 sensus
1988 2480 2163 2512 exteriores
2178 2489 2233 2512 eas
2250 2481 2286 2511 in
2308 2490 2407 2513 sensu
2428 2479 2490 2513 im-

1411 2524 1558 2564 primunt
1577 2524 1732 2555 interiori.
1757 2524 1799 2555 Et
1822 2524 1863 2556 ad
1885 2524 1975 2556 hunc
1990 2534 2124 2556 sensum
2139 2524 2327 2566 intelligitur
2343 2525 2435 2566 quod
2447 2524 2490 2558 de

1411 2569 1518 2600 Prima
1541 2568 1634 2599 Parte
1657 2568 1837 2600 adductum
1853 2575 1910 2600 est.
1927 2568 1992 2600 Sed
2007 2574 2117 2600 tamen
2133 2579 2202 2601 non
2219 2575 2294 2601 sunt
2317 2570 2416 2601 libere
2432 2579 2491 2611 per

1411 2618 1521 2645 actum
1541 2613 1643 2654 ipsius
1665 2614 1907 2654 imaginationis
1930 2614 1983 2644 vel
2005 2614 2224 2646 aestimativae
2244 2614 2435 2646 adinventae
2459 2619 2491 2646 et

1412 2658 1622 2698 excogitatae,
1640 2658 1696 2689 sed
1720 2658 1858 2689 naturali
1882 2657 2027 2699 quodam
2051 2658 2166 2690 ordine
2190 2668 2228 2690 ex
2252 2659 2399 2691 sensibus
2414 2667 2491 2692 cau-

1412 2708 1509 2734 satae.
1535 2703 1576 2734 Et
1592 2701 1633 2733 ad
1648 2703 1736 2734 hunc
1752 2711 1885 2734 sensum
1902 2702 2091 2743 intelligitur
2106 2703 2198 2744 quod
2213 2704 2277 2734 hoc
2293 2703 2368 2734 loco
2384 2703 2491 2744 inquit

1413 2747 1551 2779 Sanctus
1575 2747 1732 2779 Thomas.

1468 2792 1538 2823 Vll.
1563 2791 1658 2823 Circa
1673 2792 1707 2824 id
1726 2791 1817 2833 quod
1833 2790 1960 2829 dicitur,
1980 2791 2146 2829 Quoniam
2169 2792 2294 2824 moveri
2316 2802 2383 2824 non
2409 2793 2492 2824 ineat

1413 2837 1517 2868 brutis
1540 2846 1582 2867 ex
1605 2837 1728 2878 seipsis,
1753 2836 1926 2868 dubitatur.
1955 2836 2043 2874 Quia
2065 2837 2182 2868 dicitur
2197 2837 2270 2868 vm
2286 2837 2397 2878 Phys„
2413 2842 2489 2869 text.

1414 2887 1591 2913 comment.
1617 2891 1659 2922 29
1672 2883 1699 2919 ⁵,
1725 2880 1816 2922 quod
1846 2882 1880 2913 in
1904 2882 1996 2913 omni
2020 2881 2112 2923 quod
2139 2886 2252 2913 movet
2275 2882 2419 2923 seipsum
2443 2887 2491 2913 est

1413 2927 1539 2958 moveri
1563 2931 1595 2957 et
1621 2936 1690 2958 non
1713 2926 1853 2958 moveri:
1879 2931 1911 2957 et
1933 2931 2030 2957 vocat
2052 2925 2175 2959 ibidem
2201 2926 2391 2958 Aristoteles
2418 2935 2491 2958 mo-

1413 2971 1522 3002 ventia
1551 2971 1655 3012 seipsa
1685 2980 1770 3012 quae
1800 2970 1988 3001 dividuntur
2018 2971 2052 3002 in
2083 2976 2209 3012 partem
2239 2976 2429 3003 moventem
2459 2975 2492 3002 et

1414 3021 1539 3057 partem
1562 3021 1702 3052 motam;
1727 3021 1759 3046 et
1781 3015 1932 3047 animalia
1955 3021 2051 3047 vocat
2073 3016 2240 3047 moventia
2263 3016 2379 3056 seipsa.

1470 3059 1709 3101 Respondetur,
1720 3059 1902 3092 secundum
1911 3059 2095 3092 doctrinam
2106 3060 2216 3092 Sancti
2222 3059 2372 3092 Thomae
2384 3059 2490 3095 Veris..

1415 3114 1447 3145 q.
1463 3115 1547 3142 xxiv,
1564 3115 1592 3136 a.
1611 3114 1641 3142 2,
1658 3104 1699 3136 ad
1712 3114 1742 3142 2,
1759 3104 1851 3145 quod
1866 3104 1942 3136 ideo
1958 3104 2076 3136 dicitur
2091 3105 2124 3136 in
2140 3105 2179 3136 iis
2195 3114 2279 3145 quae
2298 3105 2405 3145 seipsa
2417 3111 2490 3135 mo-

1415 3155 1492 3181 vent
1507 3159 1576 3180 esse
1595 3150 1721 3181 moveri
1742 3155 1774 3180 et
1798 3159 1867 3181 non
1888 3150 2026 3186 moveri,
2043 3159 2114 3181 non
2128 3150 2206 3190 quia
2220 3149 2255 3180 in
2269 3157 2382 3181 earum
2395 3147 2491 3180 libet-

1415 3200 1479 3226 tate
1503 3194 1543 3225 sit
1565 3194 1690 3225 moveri
1715 3200 1746 3225 et
1769 3203 1838 3226 non
1861 3194 1997 3231 moveri,
2021 3193 2078 3225 sed
2099 3194 2178 3235 quia
2195 3193 2346 3235 potentia
2369 3191 2491 3225 motiva

1416 3240 1572 3280 ipsorum,
1595 3238 1773 3270 secundum
1797 3248 1832 3270 se
1854 3238 2074 3275 considerata,
2091 3248 2156 3270 non
2181 3237 2288 3279 magis
2311 3237 2492 3268 inclinatur

1415 3283 1459 3314 ad
1483 3293 1583 3314 unum
1608 3283 1830 3325 oppositorum
1858 3293 1955 3324 quam
1986 3283 2030 3315 ad
2052 3282 2154 3314 aIiud.
2178 3281 2243 3313 Sed
2265 3286 2388 3317 tamen,
2413 3279 2490 3322 quia

1417 3328 1572 3359 iudicium
1592 3338 1656 3369 quo
1673 3328 1860 3369 applicatur
1868 3328 2017 3369 potentia
2034 3327 2155 3359 motiva
2171 3325 2215 3357 ad
2234 3325 2374 3357 alterum
2391 3334 2491 3366 oppo-

1416 3373 1565 3410 sitorum,
1583 3373 1616 3403 in
1632 3373 1737 3404 brutis
1752 3378 1800 3404 est
1814 3382 1836 3404 a
1852 3378 1975 3404 natura
1990 3371 2251 3407 detera-sinam,
2268 3369 2344 3401 ideo
2366 3370 2491 3401 moveri

1416 3427 1485 3449 non
1509 3423 1556 3448 est
1580 3418 1727 3449 absolute
1742 3418 1777 3448 in
1799 3418 1877 3458 ipsis
1900 3417 2011 3453 brutis,
2027 3415 2120 3456 quasi
2142 3415 2176 3445 in
2199 3419 2358 3455 potestate
2375 3424 2490 3446 eorum

1417 3463 1457 3493 sit
1479 3468 1516 3494 ut
1531 3472 1565 3493 se
1581 3467 1736 3493 moveant
1751 3467 1807 3493 aut
1823 3471 1891 3493 non
1907 3465 2074 3493 moveant:
2091 3459 2175 3490 sicut
2191 3459 2279 3490 enim
2294 3468 2362 3490 non
2383 3464 2491 3501 potest

1416 3506 1559 3538 iudicare
1583 3507 1653 3538 ovis
1676 3516 1745 3538 non
1769 3515 1838 3538 esse
1861 3503 2052 3546 fugiendum
2075 3503 2202 3544 lupum,
2227 3504 2270 3534 ita
2292 3513 2361 3535 non
2384 3508 2492 3544 potest

1416 3561 1486 3583 non
1509 3551 1631 3592 fugere.
1649 3551 1744 3583 Unde
1760 3550 1906 3591 potentia
1921 3549 2044 3580 motiva
2060 3547 2241 3579 secundum
2257 3557 2291 3579 se
2307 3547 2491 3579 indifferens

1418 3602 1466 3627 est
1489 3596 1528 3627 ad
1544 3595 1737 3636 fugiendum
1752 3602 1784 3626 et
1799 3603 1868 3626 non
1884 3591 2090 3634 fugiendum:
2107 3592 2164 3624 sed
2186 3592 2345 3624 iudicium
2368 3597 2416 3624 est
2436 3591 2491 3623 de-

1418 3641 1626 3672 terminatum
1641 3646 1674 3671 et
1689 3640 1862 3671 limitatum
1877 3647 1896 3668 a
1911 3643 2035 3668 natura.
2053 3637 2094 3668 Et
2110 3638 2186 3678 quia
2206 3637 2377 3678 utriusque
2401 3636 2491 3668 inde-

1418 3685 1602 3717 terminatio
1627 3684 1799 3724 requiritur
1829 3681 1869 3713 ad
1898 3682 1963 3713 hoc
1992 3687 2028 3712 ut
2058 3681 2180 3722 aliquid
2212 3682 2342 3723 proprie
2370 3680 2493 3712 dicatur

2516 842 2525 852 ⁶
2541 841 2612 864 Num.
2626 848 2658 865 ιν.

2518 2885 2527 2894 ·
2535 2880 2732 2912 Οιμιωςιῆῖι-
