2768 4134
28 457 39 469 ⁸
45 457 102 479 Loc.
107 456 147 479 cit.
157 456 180 479 in
187 462 242 485 arg„

27 489 85 511 ma,
95 490 114 512 5.

33 2105 105 2129 num.
113 2111 138 2132 ιι,
153 2105 231 2134 Quar-

40 2912 113 2936 Num.
125 2920 151 2942 ιι,
162 2913 234 2941 Quin-

20 3173 22 3179 Ι
35 3137 106 3162 unm.
117 3138 231 3167 1¹,Sexto.

766 285 955 324 SUMMA
984 287 1206 327 CONTRA
1234 289 1509 337 GENTILES,
1538 292 1632 329 LIB.
1653 293 1694 338 ΙΙ,
1725 292 1836 330 CAP.
1856 294 1976 332 LXX.

271 362 443 403 disposito:
468 366 505 392 ut
526 362 606 392 nihil
619 362 706 394 aliud
722 363 762 394 sit
774 373 894 405 corpus
910 367 1100 406 organicum
1112 377 1211 407 quam
1228 378 1346 409 corpus

270 407 391 437 liabens
415 406 514 436 vitam
539 406 571 436 in
593 409 755 448 potentia,
784 415 821 440 ut
850 409 976 441 videtur
1006 420 1168 451 exponere
1197 412 1345 444 Philoso-

271 452 356 492 phus
373 451 400 481 11
416 450 456 481 de
478 450 598 481 Anima
609 452 637 488 *‚
653 452 721 483 sive
736 453 852 484 habeat
875 453 999 485 diversa
1014 465 1135 496 organa
1151 462 1184 487 et
1198 457 1345 488 membra

271 495 432 532 officialia,
456 495 524 525 sive
547 505 616 526 non
639 496 765 527 habeat.

328 540 362 571 Si
385 540 493 581 primo
516 539 619 570 modo
636 541 836 572 voluerimus
855 543 889 573 in
913 542 1102 574 definitione
1118 545 1245 576 animae
1261 546 1345 576 acci-

270 594 347 626 pere
371 593 491 626 corpus
515 585 721 626 organicum,
746 592 782 616 ut
805 585 872 617 fere
895 596 1010 618 omnes
1037 589 1237 628 expositores
1260 590 1344 620 acci-

269 631 375 671 piunt,
400 639 440 660 eo
472 628 564 669 quod
593 634 724 660 teneant
753 630 860 661 caelos
890 641 958 661 non
989 641 1058 663 esse
1088 634 1262 664 animatos:
1286 635 1342 670 sic,

269 679 406 715 negatur
429 675 674 714 consequentia.
705 675 746 705 Et
776 674 817 706 ad
847 676 1076 715 probationem
1106 677 1222 708 dicitur
1253 678 1344 718 quod

269 725 325 750 aut
346 718 401 749 illa
424 717 571 749 definitio
591 719 717 750 animae
734 720 887 750 convenit
904 725 1031 751 tantum
1047 721 1216 752 animabus
1235 732 1343 753 rerum

268 762 540 804 corruptibilium,
565 769 597 793 et
620 763 710 803 quod
734 764 800 794 istis
824 764 1053 796 tantummodo
1078 767 1249 807 assignavit
1271 767 1343 799 Ari-

267 807 409 843 stoteles,
434 807 468 837 in
492 807 519 838 11
538 807 579 837 de
601 808 729 844 Anima,
755 818 967 840 communem
986 809 1221 841 definitionem.
1237 828 1260 833 -
1275 811 1343 842 Aut

268 851 360 893 quod
383 853 537 883 convenit
560 853 651 883 omni
675 854 811 889 animae,
839 863 908 884 non
937 854 1077 885 univoce
1109 855 1253 895 quidem,
1285 855 1342 886 sed

267 897 445 937 analogice.
469 896 512 927 Et
534 897 580 927 sic
603 906 672 928 non
695 902 826 938 oportet
849 898 975 929 caelum
1007 908 1075 929 esse
1106 909 1225 939 corpus
1249 909 1342 940 orga-

265 942 379 973 nicum
411 950 451 972 eo
481 940 583 972 modo
615 951 682 982 quo
715 942 867 973 inferiora
890 952 1038 983 corpora,
1071 943 1127 974 sed
1154 953 1215 974 suo
1238 943 1340 975 modo

266 985 602 1027 proportionabiliter:
627 987 704 1027 quia
728 992 775 1017 est
799 988 989 1027 organicum
1012 987 1157 1019 secundo
1181 988 1294 1019 modo.

321 1030 354 1062 Si
379 1035 488 1061 autern
515 1030 660 1062 secundo
683 1030 785 1062 modo
809 1032 986 1072 accipiatur
1009 1033 1204 1073 organicum
1228 1033 1260 1063 in
1285 1032 1340 1064 de-

264 1074 414 1106 finitione
452 1075 592 1111 animae,
631 1076 677 1106 sic
716 1074 906 1106 conceditur
939 1085 1058 1116 corpus
1097 1077 1233 1108 caeleste
1271 1087 1340 1108 esse

264 1120 465 1160 organicum.
494 1120 564 1150 Nec
594 1121 659 1151 hoc
684 1121 752 1151 eius
782 1119 996 1151 uniformitati
1019 1126 1051 1152 et
1073 1122 1269 1162 simplicitati
1291 1131 1340 1152 re-

263 1168 398 1205 pugnat.

322 1218 352 1240 2.
368 1209 482 1239 Posset
497 1209 595 1239 etiam
611 1208 675 1239 dici
691 1208 782 1249 quod
802 1208 930 1239 caelum
945 1209 1041 1240 habet
1057 1209 1272 1241 diversitatem
1287 1220 1340 1241 or-

262 1263 440 1294 ganorum:
464 1263 532 1284 non
557 1252 691 1294 quidem
707 1253 934 1284 distinctorum
949 1254 1130 1285 secundum
1153 1255 1339 1286 varietatem

263 1298 543 1340 complexionum,
567 1303 604 1329 ut
626 1298 660 1328 in
689 1298 880 1328 animalibus
911 1297 1043 1335 accidit;
1074 1299 1130 1329 sed
1158 1299 1338 1330 secundum

262 1341 597 1379 meedmsum,
622 1352 663 1373 eo
679 1342 781 1373 modo
798 1351 866 1383 quo
881 1342 1044 1373 invenitur
1066 1344 1100 1374 in
1119 1344 1210 1374 caelo
1230 1353 1338 1375 rarum

263 1393 296 1418 et
318 1387 468 1423 densum,
492 1387 614 1418 scilicet
628 1387 806 1418 secundum
822 1387 982 1418 maiorem
997 1393 1057 1418 aut
1077 1388 1237 1419 minorem
1261 1398 1338 1419 con-

261 1432 492 1474 gregationem
510 1432 668 1472 partium,
694 1441 760 1462 non
784 1436 892 1462 autem
916 1432 1092 1463 secundum
1119 1432 1338 1474 differentiam

262 1477 518 1511 contrarietatis,
535 1481 572 1506 ut
588 1476 705 1507 dicitur
717 1476 744 1506 11
763 1476 855 1506 Caeli
867 1486 885 1506 a
901 1476 1020 1507 Sancto
1037 1477 1176 1514 Thoma,
1193 1477 1266 1508 lect.
1287 1486 1338 1514 ιο,

261 1522 296 1552 in
318 1521 394 1552 fine.
419 1521 462 1551 Et
483 1520 665 1551 secundum
688 1521 771 1551 hanc
795 1520 1012 1551 diversitatem
1027 1527 1103 1551 sunt
1121 1522 1154 1551 in
1178 1522 1269 1552 caelo
1291 1521 1338 1552 di-

260 1574 372 1597 versae
394 1565 528 1595 virtutes
551 1571 701 1606 respectu
717 1566 836 1595 horum
851 1564 1053 1601 inferiorum,
1069 1566 1265 1605 inquantum
1280 1575 1338 1606 per

260 1610 330 1641 illas
353 1615 460 1651 partes
483 1610 591 1640 anima
615 1610 696 1640 caeli
719 1609 844 1640 diversa
866 1610 931 1648 agit
954 1610 987 1639 in
1011 1610 1091 1639 haec
1114 1609 1276 1640 inferiora.

316 1654 393 1685 Non
416 1655 568 1695 imponas
591 1659 701 1684 autem
724 1654 804 1684 mihi
828 1652 919 1694 quod
941 1653 975 1683 in
991 1654 1099 1683 anima
1115 1653 1196 1684 caeli
1214 1663 1337 1694 ponam

259 1698 337 1731 alias
359 1700 522 1740 potentias
552 1703 679 1740 praeter
709 1697 911 1728 intellectum
935 1703 967 1727 et
992 1698 1205 1734 voluntatem,
1229 1697 1337 1728 affixas

259 1743 393 1775 diversis
422 1744 566 1784 partibus
597 1743 687 1779 caeli,
717 1743 802 1773 sicut
830 1743 956 1773 animae
988 1743 1177 1773 animalium
1206 1742 1336 1773 habent.

258 1788 337 1820 Non
360 1789 448 1819 enim
472 1788 513 1819 ad
535 1789 601 1819 hoc
623 1786 727 1818 tendit
749 1788 830 1818 haec
845 1786 988 1817 secunda
1003 1788 1190 1828 responsio:
1214 1786 1272 1818 sed
1295 1787 1336 1818 ad

258 1833 324 1865 hoc
348 1833 440 1874 quod
463 1834 581 1870 anima,
605 1841 664 1873 per
686 1832 888 1863 intellectum
917 1836 949 1862 et
971 1832 1174 1863 voluntatem
1197 1841 1335 1862 movens

259 1878 398 1915 caelum,
417 1883 449 1909 et
472 1878 553 1909 haec
568 1877 722 1908 inferiora
737 1875 901 1907 mediante
916 1876 982 1907 hoc
996 1881 1102 1913 motu,
1118 1885 1216 1917 agens
1231 1876 1335 1906 diver-

258 1922 387 1955 simode
408 1931 467 1963 per
490 1921 630 1953 diversas
659 1921 739 1952 caeli
762 1926 868 1961 partes
891 1921 926 1951 in
951 1920 1105 1952 inferiora
1127 1922 1205 1961 agit;
1230 1926 1266 1951 ut
1289 1921 1334 1951 sic

258 1966 403 1998 diversae
436 1967 570 1997 virtutes
604 1965 732 1996 illarum
767 1966 909 2006 partium
945 1966 1010 1996 sint
1043 1965 1159 1996 diversi
1193 1964 1334 1995 influxus

259 2011 386 2042 animae
410 2011 501 2047 caeli,
525 2009 712 2042 sucundum
736 2019 821 2050 quos
844 2009 1059 2040 diversimode
1085 2010 1119 2040 in
1149 2010 1229 2041 haec
1252 2008 1335 2040 infe-

257 2056 343 2088 riora
365 2061 528 2097 operatur.

313 2100 398 2132 VIII.
423 2100 474 2131 Ad
488 2104 642 2140 quartum
655 2100 672 2116 ⁴*
692 2098 808 2129 dicitur
823 2097 925 2138 quod,
943 2099 1019 2138 quia
1034 2098 1215 2130 Aristotelis
1238 2103 1286 2128 est
1300 2098 1333 2128 in

257 2146 318 2176 hac
340 2155 376 2176 re
397 2145 520 2176 incerta
541 2144 710 2179 sententia,
734 2149 766 2174 et
790 2153 828 2173 ex
851 2143 983 2173 diversis
1003 2144 1072 2174 eius
1096 2143 1189 2174 dictis
1211 2142 1336 2173 diversa

258 2190 363 2231 accipi
384 2194 532 2230 possunt,
549 2188 625 2220 ideo
641 2188 778 2219 Sanctus
795 2187 940 2218 Thomas
961 2187 1081 2218 ibidem
1098 2188 1167 2218 eius
1183 2187 1280 2218 verba
1294 2186 1335 2217 ad

257 2244 356 2266 suum
378 2234 588 2275 propositum
610 2234 848 2273 interpretatur.
866 2232 954 2263 Cum
969 2241 1047 2272 ergo
1063 2231 1141 2263 dicit
1156 2231 1247 2272 quod
1263 2232 1335 2262 Ari—

257 2279 390 2311 stoteles
414 2279 542 2310 caelum
566 2287 636 2309 esse
659 2278 839 2308 animatum
862 2286 930 2308 non
960 2278 1071 2317 posuit
1101 2277 1208 2308 anima
1238 2275 1334 2307 dante

258 2333 328 2356 esse
351 2323 408 2355 sed
436 2329 563 2354 tantum
594 2323 702 2353 anima
731 2327 900 2356 movente,
933 2331 1002 2352 non
1029 2322 1094 2352 hoc
1122 2321 1197 2352 ideo
1227 2321 1335 2361 inquit

258 2370 350 2410 quasi
375 2368 566 2409 oppositum
590 2377 659 2398 non
683 2367 786 2407 possit
809 2367 925 2396 teneri:
959 2365 1015 2396 sed
1045 2367 1121 2406 quia
1150 2370 1240 2396 tenet
1257 2365 1334 2396 -Ari-

257 2413 381 2445 stotelis
404 2414 501 2444 verba
523 2421 620 2452 posse
644 2410 684 2442 ad
707 2411 796 2442 hunc
811 2420 943 2441 sensum
960 2411 1091 2451 exponi,
1111 2419 1188 2441 cum
1210 2409 1251 2441 ad
1273 2409 1334 2440 sal-

257 2457 397 2489 vandam
427 2458 497 2488 eius
527 2456 720 2497 opinionem
750 2455 896 2486 videatur
925 2455 1073 2486 sufficere
1103 2455 1231 2486 caelum
1265 2463 1334 2484 esse

257 2503 438 2537 animatum
461 2501 570 2532 anima
591 2505 746 2531 movente
768 2505 906 2531 tantum.
930 2499 1026 2531 Unde
1049 2499 1109 2530 sub
1133 2499 1334 2531 dubitatione

257 2548 292 2578 in
315 2547 381 2584 Qu.
402 2546 443 2577 de
458 2545 690 2586 spiritualibus
708 2545 878 2576 Creaturis
892 2544 1049 2585 loquitur,
1065 2544 1217 2584 inquiens
1232 2542 1333 2583 quod,

257 2592 287 2622 si
302 2591 374 2632 quis
390 2591 502 2621 intime
516 2589 708 2625 consideret,
720 2590 818 2631 sorte
833 2589 975 2620 inveniet
989 2589 1076 2620 inter
1089 2589 1149 2619 lias
1165 2588 1334 2629 opiniones

258 2641 318 2667 aut
340 2636 464 2666 nullam
489 2640 548 2665 aut
570 2634 731 2665 modicam
755 2634 991 2665 dissonantiam
1022 2642 1100 2664 esse.
1129 2633 1171 2664 Et
1200 2631 1333 2663 inferius

257 2681 293 2711 in
317 2680 435 2711 eodem
458 2680 534 2710 loco
557 2679 665 2719 inquit
688 2678 779 2719 quod
803 2678 931 2709 videtur
955 2678 1107 2718 sufficere
1129 2677 1173 2708 ad
1202 2676 1334 2707 salvan-

258 2725 334 2756 dam
358 2724 569 2755 intentionem
593 2724 741 2754 Platonis
763 2728 795 2754 et
820 2723 1014 2757 Aristotelis,
1039 2721 1127 2762 quod
1153 2720 1334 2752 substantia

258 2769 440 2811 spiritualis
463 2768 600 2799 uniatur
622 2767 756 2808 corpori
778 2767 909 2798 caelesti
933 2772 968 2797 ut
990 2771 1107 2797 motor.
1129 2766 1219 2796 Haec
1245 2765 1333 2795 enim

259 2815 357 2845 verba
374 2814 473 2856 sorte
499 2818 532 2843 et
561 2812 690 2843 videtur
717 2821 785 2842 non
816 2812 994 2847 asserentis,
1025 2810 1082 2841 sed
1112 2810 1278 2850 opinative
1301 2814 1334 2839 et

259 2858 469 2900 probabiliter
491 2857 656 2897 loquentis
679 2861 765 2887 sunt.

316 2904 370 2934 IX.
394 2902 445 2933 Ad
467 2901 643 2943 quintum*
667 2900 784 2931 dicitur
811 2899 903 2940 quod
925 2908 994 2930 non
1014 2904 1062 2930 est
1087 2898 1331 2934 inconveniens,

260 2948 349 2989 apud
370 2946 591 2982 Aristotelem,
607 2945 757 2986 sphaeras
772 2944 940 2975 inferiores
958 2943 1076 2974 habere
1094 2948 1157 2973 tres
1173 2948 1332 2973 motores:

260 3002 365 3024 unum
380 2991 503 3022 scilicet
526 2999 749 3025 communem,
768 2989 826 3029 qui
849 2994 897 3019 est
912 2988 1099 3028 simpliciter
1122 2987 1246 3027 primus
1261 2996 1334 3017 mo·-

259 3043 326 3074 tor;
351 3042 383 3068 et
399 3036 483 3067 duos
505 3034 741 3075 appropriatos,
765 3042 908 3074 quorum
930 3042 1016 3063 unus
1036 3037 1148 3062 movet
1164 3037 1200 3062 ut
1215 3032 1332 3067 anima,

260 3082 339 3113 alter
362 3090 440 3112 vero
463 3085 501 3111 ut
522 3080 674 3120 proprius
697 3078 780 3108 finis.

316 3126 367 3157 Ad
389 3130 516 3157 sextum
532 3125 549 3141 ⁴*
572 3123 689 3155 dicitur
710 3123 829 3163 primo,
845 3120 935 3161 quod
958 3120 998 3151 de
1014 3126 1108 3150 motu
1124 3120 1204 3150 caeli
1227 3118 1334 3159 dupli.-

261 3172 340 3202 citer
362 3171 456 3210 loqui
478 3177 664 3210 possumus,
681 3172 718 3198 ut
740 3171 828 3207 patet
844 3175 883 3196 ex
906 3165 1025 3196 Sancto
1043 3164 1174 3195 Thoma
1188 3163 1332 3199 inferius,

259 3216 315 3247 lib.
340 3215 393 3251 111,
418 3224 488 3255 cap.
513 3223 605 3244 xxm:
629 3212 752 3243 scilicet
775 3216 831 3241 aut
858 3219 896 3240 ex
922 3214 1012 3250 parte
1040 3209 1192 3245 motoris;
1216 3214 1272 3241 aut
1295 3217 1333 3238 ex

259 3265 350 3301 parte
373 3259 570 3290 substantiae
595 3257 685 3288 caeli.
708 3256 818 3286 Primo
841 3254 954 3290 modo,
974 3258 1085 3284 motus
1101 3253 1182 3283 caeli
1205 3258 1253 3283 est
1275 3261 1334 3282 vo-

259 3305 432 3335 luntarius:
457 3302 603 3334 secundo
626 3300 739 3336 modo,
763 3305 810 3331 est
832 3298 994 3329 naturalis.
1019 3297 1061 3328 Et
1082 3296 1158 3328 ideo
1181 3306 1221 3327 ex
1243 3301 1333 3337 parte

260 3349 408 3385 motoris,
432 3347 580 3378 absolute
603 3344 782 3386 quuendo,
799 3343 926 3374 caelum
941 3347 1051 3382 posset
1067 3342 1247 3382 quiescere:
1265 3350 1333 3371 non

261 3398 371 3424 autem
395 3402 434 3423 ex
457 3397 547 3432 parte
570 3392 672 3432 ipsius
695 3388 889 3420 substantiae
913 3386 1002 3418 caeli.
1034 3386 1075 3417 Et
1102 3386 1147 3416 sic
1177 3385 1334 3416 intellexit

262 3437 491 3477 Philosophus.

2390 298 2466 345 453

1455 370 1580 401 Dicitur
1595 371 1750 408 secundo,
1767 378 1803 403 ut
1819 373 1954 404 habetur
1968 383 2006 404 ex
2022 374 2223 416 Philosopho
2239 376 2295 407 XII
2312 378 2465 419 Metaph„

1399 419 1474 445 text.
1500 415 1553 451 38,
1577 421 1609 446 et
1630 425 1668 446 ex
1692 416 1811 448 Sancto
1828 417 1957 448 Thoma
1974 418 2094 450 ibidem
2106 420 2133 455 *,
2149 420 2249 460 quod,
2265 421 2340 452 licet
2354 431 2465 453 neces-

1398 458 1472 488 sitas
1495 464 1606 490 motus
1629 460 1709 490 caeli
1732 470 1800 492 non
1823 461 1863 491 sit
1885 463 2056 493 necessitas
2075 463 2230 501 absoluta,
2247 474 2322 496 cum
2338 466 2465 497 caelum

1398 508 1529 533 moveat
1552 504 1705 544 seipsum,
1730 510 1762 535 et
1785 514 1884 536 omne
1914 506 1976 537 tale
2006 507 2040 537 in
2070 508 2176 548 seipso
2203 509 2317 540 habeat
2340 512 2463 542 moveri

1398 550 1430 576 et
1459 556 1527 577 non
1559 549 1701 584 moveri;
1734 554 1781 579 est
1810 555 1919 580 tamen
1949 552 2120 582 necessitas
2151 561 2189 583 ex
2220 555 2461 594 suppositione,

1397 599 1482 630 quae
1505 597 1553 621 est
1582 593 1752 622 necessitas
1776 591 1858 629 finis,
1883 594 2077 634 inquantum
2107 597 2227 636 absque
2257 598 2326 628 talis
2353 604 2462 630 motus

1396 636 1610 674 perpetuitate
1633 645 1701 666 non
1725 642 1807 667 esset
1831 639 2027 669 conveniens
2051 640 2131 670 ordo
2156 640 2195 671 ad
2218 641 2327 679 finem,
2347 652 2462 674 secun-

1396 678 1476 709 dum
1500 679 1591 719 quod
1614 689 1672 720 per
1702 686 1832 711 motum
1860 682 2036 713 intenditur
2065 685 2248 716 assimilatio
2277 686 2317 717 ad
2343 687 2461 719 Deum.

1396 722 1437 753 Et
1467 722 1541 754 ideo
1572 734 1641 755 non
1671 730 1719 755 est
1748 725 1981 757 inconveniens
2011 727 2116 758 dicere
2147 729 2246 768 quod,
2281 727 2462 763 secundum

1395 772 1538 798 mentem
1561 768 1753 805 Aristotelis,
1785 769 1921 806 caelum,
1945 771 2126 802 secundum
2153 773 2242 812 quod
2272 780 2319 805 est
2341 776 2462 807 anima-

1395 816 1476 847 tum,
1499 818 1607 852 potest
1634 813 1781 844 absolute
1808 823 1847 844 ex
1876 824 1909 845 se
1940 815 2115 855 quiescere,
2146 817 2221 848 licet
2248 827 2286 848 ex
2312 821 2462 860 supposi-

1394 856 1484 886 tione
1508 862 1540 887 et
1563 866 1601 887 ex
1621 857 1690 894 ‚fine
1712 859 1893 889 necessario
1916 865 2096 890 moveatur.

1450 901 1501 931 Ad
1515 902 1683 941 septimum
1695 903 1722 941 ὓ,
1734 908 1870 943 negatur
1879 904 2022 944 sequela.
2035 904 2126 935 Licet
2138 905 2225 936 enim
2240 912 2379 945 ponatur
2391 917 2461 938 cae-

1394 944 1463 976 lum
1479 945 1578 976 dividi
1601 947 1634 977 in
1657 952 1782 987 partem
1803 953 1992 979 moventem
2008 954 2039 979 et
2062 954 2185 989 partem
2204 956 2337 987 motam,
2353 956 2462 982 tamen

1393 995 1519 1029 praeter
1541 996 1703 1021 motorem
1727 992 1783 1031 qui
1807 997 1854 1023 est
1877 1002 1949 1032 pars
1972 994 2134 1024 moventis
2156 994 2308 1034 seipsum,
2333 1001 2462 1035 oportet

1393 1044 1516 1075 ponere
1543 1035 1643 1066 alium
1670 1041 1832 1067 motorem
1863 1037 2001 1068 omnino
2031 1043 2224 1078 separatum,
2253 1039 2309 1078 qui
2332 1045 2462 1070 moveat

1392 1089 1450 1120 per
1473 1079 1610 1110 modum
1634 1081 1826 1120 appetibilis,
1850 1086 1886 1111 ut
1908 1081 2040 1112 deducit
2062 1083 2249 1113 Aristoteles
2272 1083 2331 1113 XII
2356 1084 2461 1115 Meta-

1387 1124 1546 1165 plirsicae
1561 1125 1588 1154 *.

1448 1169 1487 1198 X.
1511 1168 1562 1199 Ad
1585 1174 1734 1199 octavum
1746 1170 1763 1186 ὓ
1786 1169 1902 1200 dicitur
1917 1170 2006 1210 quod
2026 1170 2197 1211 dupliciter
2215 1180 2389 1211 possumus
2411 1173 2460 1203 in-

1392 1213 1533 1254 telligere
1556 1219 1718 1244 motorem
1745 1214 1880 1244 alicuius
1903 1215 2048 1255 corporis
2074 1216 2198 1246 moveri
2220 1225 2279 1256 per
2300 1216 2458 1248 accidens.

1392 1257 1468 1288 Uno
1484 1257 1597 1294 mode,
1609 1257 1699 1298 quod
1714 1263 1884 1289 moveatur
1898 1259 2085 1300 simpliciter
2100 1259 2156 1290 illo
2171 1266 2264 1290 moto
2279 1259 2375 1291 locali
2391 1270 2458 1302 quo

1391 1307 1503 1332 movet
1526 1311 1655 1342 corpus,
1679 1302 1768 1333 nulla
1787 1308 1895 1333 tamen
1911 1302 1967 1334 fiat
1989 1304 2022 1334 in
2045 1304 2117 1344 ipso
2138 1305 2269 1335 variatio
2292 1305 2326 1335 in
2346 1305 2458 1336 ordine

1392 1346 1432 1377 ad
1455 1356 1585 1386 corpus,
1609 1345 1666 1377 sed
1689 1356 1816 1387 semper
1839 1347 1956 1378 eodem
1979 1347 2080 1378 modo
2104 1357 2137 1378 se
2164 1349 2279 1379 habeat
2305 1349 2345 1379 ad
2367 1350 2457 1386 illud,

1392 1396 1425 1421 et
1447 1399 1575 1430 semper
1597 1397 1749 1422 maneant
1770 1392 1805 1422 in
1828 1391 1941 1422 eadem
1964 1391 2175 1432 dispositione
2204 1394 2287 1423 inter
2314 1403 2358 1424 se.
2382 1394 2457 1425 Alio

1391 1434 1503 1471 modo,
1528 1434 1619 1476 quod
1641 1441 1735 1466 motu
1759 1437 1904 1476 corporis
1927 1446 1946 1466 a
1968 1446 2001 1467 se
2024 1437 2107 1467 moti
2135 1437 2181 1467 sic
2211 1443 2379 1468 moveatur
2400 1448 2459 1478 per

1391 1478 1540 1510 accidens
1568 1479 1659 1519 quod
1685 1481 1782 1510 etiam
1807 1481 1946 1511 varietur
1969 1481 2037 1511 eius
2060 1480 2229 1521 dispositio
2260 1481 2300 1512 ad
2328 1491 2456 1523 corpus,

1391 1524 1434 1554 ita
1458 1523 1549 1563 quod
1572 1523 1662 1554 aliter
1685 1529 1717 1554 et
1740 1524 1830 1554 aliter
1852 1534 1886 1555 se
1901 1525 2017 1555 habeat
2033 1524 2072 1555 ad
2088 1535 2217 1565 corpuS‚
2238 1526 2321 1557 sicut
2343 1526 2458 1558 accidit

1390 1569 1425 1598 in
1441 1568 1647 1598 animalibus:
1665 1577 1704 1598 ex
1719 1573 1813 1598 motu
1830 1569 1917 1599 enim
1933 1570 2078 1609 corporis
2094 1570 2201 1600 anima
2216 1570 2306 1600 aliter
2322 1576 2352 1601 et
2368 1571 2458 1602 aliter

1390 1621 1424 1642 se
1451 1612 1547 1642 habet
1569 1611 1610 1642 ad
1634 1621 1762 1652 corpus,
1786 1621 1825 1642 ex
1852 1622 1892 1643 eo
1917 1612 2007 1653 quod
2037 1622 2156 1654 corpus
2180 1623 2218 1644 ex
2241 1620 2335 1645 motu
2362 1615 2457 1646 locali

1390 1656 1501 1695 aliquo
1517 1655 1618 1686 modo
1642 1656 1801 1686 alteratur.
1823 1656 2040 1696 Philosophus
2057 1666 2133 1697 ergo
2148 1657 2218 1688 vult
2233 1657 2323 1698 quod
2350 1664 2459 1690 motor

1390 1700 1447 1741 qui
1463 1706 1573 1730 causat
1596 1705 1724 1730 motum
1747 1705 1953 1740 perpetuum,
1977 1710 2045 1731 non
2061 1707 2211 1732 movetur
2229 1711 2287 1742 per
2310 1703 2458 1734 accidens

1389 1743 1534 1775 secundo
1557 1743 1670 1775 modo.
1686 1743 1763 1774 Non
1780 1750 1889 1775 autem
1904 1751 2062 1785 repugnat
2085 1746 2153 1776 eius
2173 1747 2346 1777 intentioni
2368 1747 2459 1786 quod

1388 1794 1559 1820 moveatur
1581 1798 1639 1829 per
1662 1788 1811 1819 accidens
1834 1789 1940 1829 primo
1964 1789 2079 1820 modo:
2104 1790 2179 1820 licet
2195 1790 2270 1821 velit
2293 1790 2333 1821 de
2352 1792 2457 1831 primo

1388 1838 1517 1865 motore
1540 1833 1727 1874 simpliciter
1750 1833 1841 1873 quod
1864 1833 1956 1864 nullo
1979 1833 2080 1864 modo
2104 1840 2283 1865 moveatur.

1443 1878 1534 1908 Patet
1556 1878 1620 1908 hoc
1643 1878 1761 1918 primo,
1786 1887 1824 1908 ex
1848 1877 1967 1909 Sancto
2000 1878 2140 1909 Thoma.
2171 1879 2265 1915 Nam,
2294 1880 2457 1920 assignans

1388 1922 1599 1953 differentiam
1622 1922 1706 1952 inter
1726 1927 1871 1953 motores
1895 1922 2022 1953 orbium
2039 1928 2071 1953 et
2093 1924 2243 1960 animam,
2260 1923 2331 1954 VIII
2346 1924 2455 1965 Phys„

1387 1965 1583 2007 exponendo
1606 1971 1682 1996 text.
1708 1967 1748 1997 52
1763 1967 1789 2003 *‚
1817 1967 1861 1997 ait
1887 1966 1978 2007 quod
1999 1967 2080 1997 ratio
2111 1976 2210 2007 quare
2238 1973 2381 1999 motores
2404 1978 2455 1999 or·-

1386 2011 1477 2041 bium
1500 2020 1567 2041 non
1590 2016 1764 2041 moventur
1785 2020 1843 2051 per
1865 2010 2013 2042 accidens
2035 2012 2160 2042 ratione
2182 2012 2231 2042 sui
2253 2013 2400 2052 ipsorum
2415 2012 2455 2044 ad

1386 2061 1514 2086 motum
1538 2055 1678 2091 orbium,
1702 2055 1828 2086 animae
1851 2064 1928 2086 vero
1945 2055 2132 2086 animalium
2147 2065 2205 2096 per
2221 2056 2368 2087 accidens
2383 2066 2455 2088 mo-

1388 2106 1531 2135 veantur,
1556 2105 1603 2130 est
1626 2100 1703 2140 quia
1726 2104 1869 2130 motores
1899 2099 2025 2130 orbium
2054 2110 2120 2130 non
2150 2101 2392 2131 constituuntur
2420 2102 2453 2132 in

1386 2154 1447 2175 suo
1471 2153 1538 2175 esse
1561 2153 1603 2174 ex
1625 2154 1686 2175 sua
1710 2144 1832 2174 unione
1861 2144 1904 2174 ad
1926 2154 2078 2184 corpora,
2107 2149 2138 2175 et
2168 2154 2280 2175 eorum
2311 2146 2454 2176 annexio

1387 2194 1435 2220 est
1457 2188 1677 2220 invariabilis:
1701 2188 1759 2219 sed
1781 2188 1912 2219 animae
1934 2198 2016 2229 quae
2039 2194 2168 2219 movent
2190 2189 2358 2224 animalia,
2376 2199 2453 2220 con-

1386 2234 1567 2264 stituuntur
1596 2233 1628 2263 in
1659 2243 1720 2263 suo
1752 2242 1821 2264 esse
1851 2233 2026 2264 secundum
2057 2234 2210 2264 unionem
2236 2234 2280 2264 ad
2313 2243 2454 2274 corpora

1387 2278 1553 2318 (intellige,
1584 2282 1718 2317 excepta
1746 2278 1853 2308 anima
1883 2277 2101 2317 intellectiva),
2129 2282 2161 2308 et
2186 2278 2388 2309 variabiliter
2410 2279 2455 2309 eis

1387 2326 1634 2354 connectuntur.
1659 2322 1706 2352 Ex
1730 2322 1793 2352 hoc
1817 2322 1905 2352 enim
1928 2321 1982 2352 dat
2003 2322 2181 2362 intelligere
2205 2322 2341 2353 Sanctus
2365 2323 2455 2353 Tho-

1386 2377 1455 2398 mas
1484 2366 1574 2407 quod
1597 2375 1666 2396 non
1688 2367 1734 2396 sic
1758 2372 1932 2397 moventur
1958 2371 2101 2397 motores
2131 2367 2260 2397 orbium
2289 2376 2346 2406 per
2373 2368 2456 2397 acci-

1387 2411 1467 2443 dens
1490 2411 1582 2451 quasi
1597 2411 1736 2441 varietur
1759 2420 1874 2442 eorum
1890 2420 1959 2441 esse
1986 2416 2018 2441 et
2040 2410 2209 2451 dispositio
2226 2410 2265 2441 ad
2286 2411 2379 2442 orbes
2399 2421 2456 2452 per

1386 2456 1484 2486 talem
1506 2460 1647 2492 motum,
1670 2456 1754 2486 sicut
1775 2455 1914 2486 variatur
1929 2454 2098 2495 dispositio
2119 2456 2298 2486 animarum
2321 2455 2362 2486 ad
2384 2465 2456 2486 mo-

1385 2506 1457 2532 tum
1480 2499 1678 2530 animalium.
1697 2499 1784 2530 Cum
1803 2500 1868 2530 hoc
1883 2505 1992 2530 autem
2009 2505 2070 2530 stat
2085 2499 2177 2539 quod
2191 2505 2383 2530 moveantur
2398 2509 2456 2540 per

1386 2543 1535 2575 accidens
1558 2543 1669 2584 aliquo
1692 2543 1804 2579 modo,
1828 2553 1869 2574 eo
1893 2542 1984 2584 quod
2006 2553 2111 2574 unum
2134 2545 2174 2574 sit
2197 2553 2265 2574 esse
2286 2553 2400 2574 eorum
2424 2550 2455 2575 et

1386 2589 1533 2619 orbium:
1558 2587 1706 2628 quamvis
1729 2597 1768 2618 ex
1790 2588 1914 2618 unione
1937 2587 1977 2618 ad
2003 2588 2097 2618 orbes
2120 2597 2189 2618 non
2219 2588 2455 2618 constituantur

1386 2635 1420 2664 in
1443 2642 1504 2663 suo
1529 2641 1608 2668 esse,
1631 2631 1722 2667 idest,
1739 2632 1886 2672 ipsorum
1902 2641 1971 2662 esse
1986 2641 2004 2662 a
2027 2641 2164 2671 corpore
2180 2637 2212 2662 et
2234 2632 2367 2662 materia
2385 2641 2454 2662 non

1386 2675 1582 2717 dependeat;
1602 2677 1686 2706 sicut
1708 2685 1769 2706 nec
1785 2685 1854 2706 esse
1877 2676 2002 2706 animae
2018 2676 2231 2706 intellectivae
2253 2674 2414 2715 dependet
2436 2685 2454 2706 a

1387 2730 1535 2761 corpore.

1441 2766 1532 2796 Patet
1565 2764 1630 2795 hoc
1663 2763 1820 2800 secundo,
1855 2764 1931 2804 quia
1961 2763 2216 2800 Commentator,
2248 2763 2320 2794 VIII
2343 2763 2452 2803 Phys„

1386 2818 1507 2840 comm.
1533 2808 1585 2844 83,
1609 2808 1715 2848 inquit
1738 2807 1829 2848 quod
1852 2808 2068 2848 inaequalitas
2084 2817 2148 2838 non
2173 2807 2292 2839 accidit
2314 2807 2347 2838 in
2364 2812 2453 2837 motu

1386 2854 1450 2885 nisi
1467 2858 1606 2894 propter
1619 2853 1681 2883 hoc
1695 2852 1783 2893 quod
1798 2853 1918 2883 motori
1937 2852 2056 2883 accidit
2069 2852 2200 2893 quidam
2216 2851 2331 2882 modus
2346 2857 2453 2882 trans-

1385 2897 1584 2932 mutationis,
1601 2906 1703 2937 quare
1726 2897 1904 2938 aliquando
1929 2897 2112 2938 vigoratur,
2137 2896 2314 2937 aliquando
2342 2895 2453 2926 debili-

1386 2948 1485 2973 tatur.
1510 2942 1558 2972 Ex
1582 2942 1701 2981 quibus
1716 2941 1770 2972 dat
1791 2942 1969 2981 intelligere
1985 2940 2076 2981 quod
2098 2941 2152 2971 ille
2167 2940 2256 2971 solus
2271 2945 2379 2970 motus
2395 2949 2454 2979 per

1386 2986 1534 3018 accidens
1556 2990 1715 3026 repugnat
1738 2986 1858 3016 motori
1880 2986 2026 3016 moventi
2047 2991 2142 3015 motu
2164 2990 2322 3025 perpetuo
2346 2989 2378 3014 et
2404 2984 2453 3014 in-

1385 3030 1537 3066 variabili,
1561 3040 1600 3060 ex
1623 3039 1691 3070 quo
1714 3031 1852 3061 variatur
1875 3031 1974 3060 virtus
1987 3029 2140 3065 motoris,
2165 3034 2196 3059 et
2219 3033 2453 3068 consequenter

1385 3074 1542 3106 habitudo
1566 3075 1635 3105 eius
1658 3073 1698 3104 ad
1721 3074 1853 3105 mobile.

1444 3129 1474 3150 2.
1498 3119 1549 3149 Ad
1572 3128 1694 3149 nonum
1710 3119 1727 3135 ⁴*
1746 3118 1862 3149 dicitur
1884 3117 1975 3158 quod
1997 3118 2111 3157 utique
2133 3117 2342 3156 intelligentia
2368 3124 2452 3155 quae

1387 3169 1434 3194 est
1457 3164 1565 3194 anima
1587 3163 1678 3199 caeli,
1702 3172 1770 3193 non
1793 3163 1889 3193 habet
1911 3162 2160 3193 determinatum
2183 3161 2281 3191 situm
2303 3161 2337 3190 in
2360 3159 2451 3190 caelo

1386 3207 1567 3238 secundum
1583 3207 1886 3238 determinationem
1901 3216 1977 3237 suae
1993 3206 2186 3236 substantiae
2203 3204 2242 3236 ad
2258 3213 2356 3235 unam
2380 3213 2452 3243 par-

1386 3258 1453 3283 tem
1477 3252 1566 3282 caeli.
1591 3251 1692 3289 Quod
1715 3256 1823 3282 autem
1846 3251 1951 3290 inquit
1980 3249 2167 3280 Aristoteles
2196 3250 2299 3290 ipsam
2327 3257 2396 3278 esse
2418 3248 2452 3278 in

1386 3295 1654 3332 circumferentia,
1666 3296 1863 3335 intelligitur,
1882 3300 1919 3325 ut
1935 3295 2068 3334 exponit
2083 3294 2218 3324 Sanctus
2234 3293 2378 3323 Thomas
2392 3291 2452 3322 ibi-

1386 3340 1461 3371 dem
1473 3341 1499 3377 *,
1516 3350 1574 3381 per
1592 3339 1795 3371 influentiam
1810 3344 1930 3374 motus,
1947 3344 1979 3368 et
1993 3347 2061 3368 non
2077 3347 2135 3378 per
2150 3337 2452 3368 determinationem

1386 3394 1464 3415 suae
1494 3385 1698 3416 substantiae.
1727 3384 1768 3414 Et
1796 3382 1983 3422 intelligitur
2012 3381 2052 3412 de
2082 3382 2188 3422 primo
2216 3386 2354 3416 motore,
2384 3389 2452 3410 non

1386 3434 1496 3460 autem
1519 3428 1560 3459 de
1583 3429 1662 3469 aliis.

1333 3579 1387 3622 ,Ψ

2494 429 2534 451 ·S.
2542 429 2586 451 Th.
2595 429 2610 451 l.
2618 436 2641 457 7:
2654 430 2707 452 Did.

2492 455 2532 481 XI,
2543 462 2584 483 vn,
2598 462 2619 484 5.

2488 915 2497 924 ·
2508 914 2576 936 Num.
2586 920 2612 941 n,
2626 914 2702 943 Septi·

2488 946 2533 962 mo.

2488 1129 2497 1138 ‘
2506 1128 2540 1150 Cf.
2550 1129 2672 1156 supra,lib.
2680 1129 2699 1154 1,

2487 1155 2699 1208 ἓ“Ρε·.“,“.ἷ“’.ἵῗ“ὅ·έὲ2;

2487 1214 2523 1229 νο.

2481 1975 2491 1984 ·
2506 1974 2569 2002 Lept.
2579 1979 2630 1995 xm.

2479 3125 2489 3134 '¹
2499 3124 2570 3145 Num.
2581 3129 2606 3149 ιι,
2615 3123 2692 3144 Nono.

2479 3346 2489 3354 ·
2504 3343 2568 3365 Lect.
2582 3348 2615 3371 23.
