<?xml version="1.0" encoding="UTF-8"?>
<!DOCTYPE html PUBLIC "-//W3C//DTD XHTML 1.0 Transitional//EN"
    "http://www.w3.org/TR/xhtml1/DTD/xhtml1-transitional.dtd">
<html xmlns="http://www.w3.org/1999/xhtml" xml:lang="en" lang="en">
 <head>
  <title>
</title>
<meta http-equiv="Content-Type" content="text/html;charset=utf-8" />
  <meta name='ocr-system' content='tesseract 3.04.00' />
  <meta name='ocr-capabilities' content='ocr_page ocr_carea ocr_par ocr_line ocrx_word'/>
</head>
<body>
  <div class='ocr_page' id='page_1' title='image "./operaomniaiussui13thom/operaomniaiussui13thom_0140.png"; bbox 0 0 2768 4134; ppageno 0'>
   <div class='ocr_carea' id='block_1_1' title="bbox 57 1659 272 1688">
    <p class='ocr_par' dir='ltr' id='par_1_1' title="bbox 57 1659 272 1688">
     <span class='ocr_line' id='line_1_1' title="bbox 57 1659 272 1688; baseline -0.005 -6"><span class='ocrx_word' id='word_1_1' title='bbox 57 1662 67 1671; x_wconf 83' lang='lat'><strong>‘</strong></span> <span class='ocrx_word' id='word_1_2' title='bbox 82 1660 170 1688; x_wconf 81' lang='lat' dir='ltr'>Opuse.</span> <span class='ocrx_word' id='word_1_3' title='bbox 196 1659 272 1682; x_wconf 82' lang='lat' dir='ltr'>XXlX</span> 
     </span>
    </p>
   </div>
   <div class='ocr_carea' id='block_1_2' title="bbox 59 1687 93 1713">
    <p class='ocr_par' dir='ltr' id='par_1_2' title="bbox 59 1687 93 1713">
     <span class='ocr_line' id='line_1_2' title="bbox 59 1687 93 1713; baseline -0.029 -4"><span class='ocrx_word' id='word_1_4' title='bbox 59 1687 93 1713; x_wconf 80' lang='lat' dir='ltr'>(ed</span> 
     </span>
    </p>
   </div>
   <div class='ocr_carea' id='block_1_3' title="bbox 97 1687 203 1712">
    <p class='ocr_par' dir='ltr' id='par_1_3' title="bbox 97 1687 203 1712">
     <span class='ocr_line' id='line_1_3' title="bbox 97 1687 203 1712; baseline -0.009 -3"><span class='ocrx_word' id='word_1_5' title='bbox 97 1704 102 1709; x_wconf 95' lang='lat'>.</span> <span class='ocrx_word' id='word_1_6' title='bbox 118 1687 203 1712; x_wconf 72' lang='lat' dir='ltr'>Pinna).</span> 
     </span>
    </p>
   </div>
   <div class='ocr_carea' id='block_1_4' title="bbox 62 3263 278 3344">
    <p class='ocr_par' dir='ltr' id='par_1_4' title="bbox 62 3263 278 3344">
     <span class='ocr_line' id='line_1_4' title="bbox 62 3263 278 3291; baseline 0.005 -7"><span class='ocrx_word' id='word_1_7' title='bbox 62 3265 70 3273; x_wconf 93' lang='grc'><strong><em>·</em></strong></span> <span class='ocrx_word' id='word_1_8' title='bbox 77 3263 231 3291; x_wconf 77' lang='lat' dir='ltr'>Metaph.,Tr.</span> <span class='ocrx_word' id='word_1_9' title='bbox 238 3264 278 3291; x_wconf 81' lang='lat'>111,</span> 
     </span>
     <span class='ocr_line' id='line_1_5' title="bbox 63 3296 275 3344; baseline 0.005 -6"><span class='ocrx_word' id='word_1_10' title='bbox 63 3296 162 3338; x_wconf 57' lang='grc' dir='ltr'>Ϋέἶῆι.</span> <span class='ocrx_word' id='word_1_11' title='bbox 170 3317 183 3337; x_wconf 86' lang='grc' dir='ltr'>ι.</span> <span class='ocrx_word' id='word_1_12' title='bbox 194 3322 205 3338; x_wconf 78' lang='lat'><em>2</em></span> <span class='ocrx_word' id='word_1_13' title='bbox 214 3316 275 3344; x_wconf 78' lang='lat' dir='ltr'>(md.</span> 
     </span>
    </p>
   </div>
   <div class='ocr_carea' id='block_1_5' title="bbox 64 3342 94 3364">
    <p class='ocr_par' dir='ltr' id='par_1_5' title="bbox 64 3342 94 3364">
     <span class='ocr_line' id='line_1_6' title="bbox 64 3342 94 3364; baseline 0 0"><span class='ocrx_word' id='word_1_14' title='bbox 64 3342 94 3364; x_wconf 84' lang='lat'>111</span> 
     </span>
    </p>
   </div>
   <div class='ocr_carea' id='block_1_6' title="bbox 98 3342 179 3371">
    <p class='ocr_par' dir='ltr' id='par_1_6' title="bbox 98 3342 179 3371">
     <span class='ocr_line' id='line_1_7' title="bbox 98 3342 179 3371; baseline 0.012 -7"><span class='ocrx_word' id='word_1_15' title='bbox 98 3360 103 3367; x_wconf 83' lang='lat'>.</span> <span class='ocrx_word' id='word_1_16' title='bbox 115 3349 140 3369; x_wconf 86' lang='lat' dir='ltr'>n,</span> <span class='ocrx_word' id='word_1_17' title='bbox 151 3342 179 3371; x_wconf 80' lang='grc'>5).</span> 
     </span>
    </p>
   </div>
   <div class='ocr_carea' id='block_1_7' title="bbox 308 252 359 288">
    <p class='ocr_par' dir='ltr' id='par_1_7' title="bbox 308 252 359 288">
     <span class='ocr_line' id='line_1_8' title="bbox 308 252 359 288; baseline 0 0"><span class='ocrx_word' id='word_1_18' title='bbox 308 252 359 288; x_wconf 87' lang='grc'>66</span> 
     </span>
    </p>
   </div>
   <div class='ocr_carea' id='block_1_8' title="bbox 298 323 1379 1342">
    <p class='ocr_par' dir='ltr' id='par_1_8' title="bbox 306 323 1379 409">
     <span class='ocr_line' id='line_1_9' title="bbox 306 323 1379 369; baseline -0.006 -10"><span class='ocrx_word' id='word_1_19' title='bbox 306 330 444 369; x_wconf 88' lang='lat' dir='ltr'>primam</span> <span class='ocrx_word' id='word_1_20' title='bbox 474 337 531 367; x_wconf 91' lang='lat' dir='ltr'>per</span> <span class='ocrx_word' id='word_1_21' title='bbox 561 325 781 357; x_wconf 85' lang='lat' dir='ltr'><strong>exclusionem</strong></span> <span class='ocrx_word' id='word_1_22' title='bbox 812 325 919 355; x_wconf 82' lang='lat' dir='ltr'>omnis</span> <span class='ocrx_word' id='word_1_23' title='bbox 945 325 991 354; x_wconf 85' lang='lat' dir='ltr'>rei</span> <span class='ocrx_word' id='word_1_24' title='bbox 1018 325 1057 354; x_wconf 90' lang='lat' dir='ltr'>ab</span> <span class='ocrx_word' id='word_1_25' title='bbox 1084 325 1153 364; x_wconf 92' lang='lat' dir='ltr'>ipsa</span> <span class='ocrx_word' id='word_1_26' title='bbox 1179 324 1305 354; x_wconf 82' lang='lat' dir='ltr'>realiter</span> <span class='ocrx_word' id='word_1_27' title='bbox 1332 323 1379 354; x_wconf 93' lang='lat' dir='ltr'>di-</span> 
     </span>
     <span class='ocr_line' id='line_1_10' title="bbox 306 368 1269 409; baseline -0.005 -6"><span class='ocrx_word' id='word_1_28' title='bbox 306 374 449 407; x_wconf 87' lang='lat' dir='ltr'><strong>stinctae,</strong></span> <span class='ocrx_word' id='word_1_29' title='bbox 473 371 530 401; x_wconf 91' lang='lat' dir='ltr'>sed</span> <span class='ocrx_word' id='word_1_30' title='bbox 552 371 719 401; x_wconf 87' lang='lat' dir='ltr'>materiam</span> <span class='ocrx_word' id='word_1_31' title='bbox 743 379 819 400; x_wconf 92' lang='lat' dir='ltr'>cum</span> <span class='ocrx_word' id='word_1_32' title='bbox 843 369 950 409; x_wconf 90' lang='lat' dir='ltr'>aliqua</span> <span class='ocrx_word' id='word_1_33' title='bbox 973 368 1078 399; x_wconf 87' lang='lat' dir='ltr'>forma</span> <span class='ocrx_word' id='word_1_34' title='bbox 1101 369 1269 399; x_wconf 92' lang='lat' dir='ltr'>limitante.</span> 
     </span>
    </p>

    <p class='ocr_par' dir='ltr' id='par_1_9' title="bbox 298 412 1379 1298">
     <span class='ocr_line' id='line_1_11' title="bbox 361 412 1379 455; baseline -0.004 -9"><span class='ocrx_word' id='word_1_35' title='bbox 361 417 495 455; x_wconf 89' lang='lat' dir='ltr'>Propter</span> <span class='ocrx_word' id='word_1_36' title='bbox 518 414 609 455; x_wconf 93' lang='lat' dir='ltr'>quod</span> <span class='ocrx_word' id='word_1_37' title='bbox 632 414 693 444; x_wconf 93' lang='lat' dir='ltr'>alia</span> <span class='ocrx_word' id='word_1_38' title='bbox 709 414 822 454; x_wconf 90' lang='lat' dir='ltr'>opinio</span> <span class='ocrx_word' id='word_1_39' title='bbox 838 413 918 444; x_wconf 89' lang='lat' dir='ltr'>mihi</span> <span class='ocrx_word' id='word_1_40' title='bbox 934 413 1036 453; x_wconf 89' lang='lat' dir='ltr'>magis</span> <span class='ocrx_word' id='word_1_41' title='bbox 1053 412 1093 443; x_wconf 88' lang='lat' dir='ltr'>ad</span> <span class='ocrx_word' id='word_1_42' title='bbox 1108 418 1254 443; x_wconf 86' lang='lat' dir='ltr'>mentem</span> <span class='ocrx_word' id='word_1_43' title='bbox 1270 412 1379 443; x_wconf 89' lang='lat' dir='ltr'>Sancti</span> 
     </span>
     <span class='ocr_line' id='line_1_12' title="bbox 306 457 1378 499; baseline -0.003 -9"><span class='ocrx_word' id='word_1_44' title='bbox 306 460 454 490; x_wconf 89' lang='lat' dir='ltr'>Thomae</span> <span class='ocrx_word' id='word_1_45' title='bbox 478 468 546 489; x_wconf 89' lang='lat' dir='ltr'>esse</span> <span class='ocrx_word' id='word_1_46' title='bbox 569 458 706 494; x_wconf 81' lang='lat' dir='ltr'>videtur,</span> <span class='ocrx_word' id='word_1_47' title='bbox 731 468 814 499; x_wconf 92' lang='lat' dir='ltr'>quae</span> <span class='ocrx_word' id='word_1_48' title='bbox 838 463 926 488; x_wconf 89' lang='lat' dir='ltr'>tenet</span> <span class='ocrx_word' id='word_1_49' title='bbox 952 466 1011 497; x_wconf 90' lang='lat' dir='ltr'>per</span> <span class='ocrx_word' id='word_1_50' title='bbox 1037 458 1205 488; x_wconf 85' lang='lat' dir='ltr'>materiam</span> <span class='ocrx_word' id='word_1_51' title='bbox 1221 457 1378 497; x_wconf 86' lang='lat' dir='ltr'>signatam</span> 
     </span>
     <span class='ocr_line' id='line_1_13' title="bbox 304 500 1378 543; baseline -0.003 -9"><span class='ocrx_word' id='word_1_52' title='bbox 304 503 437 543; x_wconf 86' lang='lat' dir='ltr'>intelligi</span> <span class='ocrx_word' id='word_1_53' title='bbox 454 503 624 533; x_wconf 84' lang='lat' dir='ltr'>materiam</span> <span class='ocrx_word' id='word_1_54' title='bbox 640 503 891 543; x_wconf 83' lang='lat' dir='ltr'>subquantitate</span> <span class='ocrx_word' id='word_1_55' title='bbox 901 509 912 531; x_wconf 91' lang='grc'>.·</span> <span class='ocrx_word' id='word_1_56' title='bbox 927 502 970 532; x_wconf 90' lang='lat' dir='ltr'>ita</span> <span class='ocrx_word' id='word_1_57' title='bbox 986 501 1077 541; x_wconf 94' lang='lat' dir='ltr'>quod</span> <span class='ocrx_word' id='word_1_58' title='bbox 1093 501 1133 532; x_wconf 92' lang='lat' dir='ltr'>ad</span> <span class='ocrx_word' id='word_1_59' title='bbox 1149 500 1378 532; x_wconf 84' lang='lat' dir='ltr'>individuatio-</span> 
     </span>
     <span class='ocr_line' id='line_1_14' title="bbox 303 545 1376 587; baseline -0.001 -10"><span class='ocrx_word' id='word_1_60' title='bbox 303 557 380 578; x_wconf 90' lang='lat' dir='ltr'>nem</span> <span class='ocrx_word' id='word_1_61' title='bbox 411 553 442 579; x_wconf 91' lang='lat' dir='ltr'>et</span> <span class='ocrx_word' id='word_1_62' title='bbox 470 548 604 578; x_wconf 84' lang='lat' dir='ltr'>materia</span> <span class='ocrx_word' id='word_1_63' title='bbox 627 553 658 578; x_wconf 91' lang='lat' dir='ltr'>et</span> <span class='ocrx_word' id='word_1_64' title='bbox 691 548 851 587; x_wconf 89' lang='lat' dir='ltr'>quantitas</span> <span class='ocrx_word' id='word_1_65' title='bbox 875 546 1048 577; x_wconf 87' lang='lat' dir='ltr'>concurrit.</span> <span class='ocrx_word' id='word_1_66' title='bbox 1074 546 1208 576; x_wconf 83' lang='lat' dir='ltr'>Materia</span> <span class='ocrx_word' id='word_1_67' title='bbox 1232 545 1376 586; x_wconf 88' lang='lat' dir='ltr'>quidem,</span> 
     </span>
     <span class='ocr_line' id='line_1_15' title="bbox 302 590 1377 631; baseline -0.001 -10"><span class='ocrx_word' id='word_1_68' title='bbox 302 592 497 631; x_wconf 88' lang='lat' dir='ltr'>inquantum</span> <span class='ocrx_word' id='word_1_69' title='bbox 515 591 720 622; x_wconf 88' lang='lat' dir='ltr'>individuum</span> <span class='ocrx_word' id='word_1_70' title='bbox 744 597 791 622; x_wconf 92' lang='lat' dir='ltr'>est</span> <span class='ocrx_word' id='word_1_71' title='bbox 814 590 1121 621; x_wconf 91' lang='lat' dir='ltr'>incommunicabile</span> <span class='ocrx_word' id='word_1_72' title='bbox 1143 599 1203 630; x_wconf 90' lang='lat' dir='ltr'>per</span> <span class='ocrx_word' id='word_1_73' title='bbox 1218 590 1377 621; x_wconf 87' lang='lat' dir='ltr'>exclusio-</span> 
     </span>
     <span class='ocr_line' id='line_1_16' title="bbox 302 634 1378 675; baseline -0.001 -9"><span class='ocrx_word' id='word_1_74' title='bbox 302 645 379 666; x_wconf 91' lang='lat' dir='ltr'>nem</span> <span class='ocrx_word' id='word_1_75' title='bbox 403 636 709 667; x_wconf 86' lang='lat' dir='ltr'>communicationis</span> <span class='ocrx_word' id='word_1_76' title='bbox 727 635 813 666; x_wconf 92' lang='lat' dir='ltr'>illius</span> <span class='ocrx_word' id='word_1_77' title='bbox 833 645 898 675; x_wconf 89' lang='lat' dir='ltr'>qua</span> <span class='ocrx_word' id='word_1_78' title='bbox 916 634 1096 665; x_wconf 90' lang='lat' dir='ltr'>universale</span> <span class='ocrx_word' id='word_1_79' title='bbox 1116 635 1378 665; x_wconf 85' lang='lat' dir='ltr'>communicatur</span> 
     </span>
     <span class='ocr_line' id='line_1_17' title="bbox 301 679 1376 720; baseline -0.002 -9"><span class='ocrx_word' id='word_1_80' title='bbox 301 680 499 720; x_wconf 84' lang='lat' dir='ltr'>particulari:</span> <span class='ocrx_word' id='word_1_81' title='bbox 523 690 600 711; x_wconf 89' lang='lat' dir='ltr'>nam</span> <span class='ocrx_word' id='word_1_82' title='bbox 628 681 704 720; x_wconf 92' lang='lat' dir='ltr'>quia</span> <span class='ocrx_word' id='word_1_83' title='bbox 730 680 863 710; x_wconf 89' lang='lat' dir='ltr'>materia</span> <span class='ocrx_word' id='word_1_84' title='bbox 884 679 1028 719; x_wconf 90' lang='lat' dir='ltr'>primum</span> <span class='ocrx_word' id='word_1_85' title='bbox 1054 679 1238 710; x_wconf 89' lang='lat' dir='ltr'>subiectum</span> <span class='ocrx_word' id='word_1_86' title='bbox 1261 684 1319 715; x_wconf 91' lang='lat' dir='ltr'>est,</span> <span class='ocrx_word' id='word_1_87' title='bbox 1343 680 1376 709; x_wconf 93' lang='lat' dir='ltr'>in</span> 
     </span>
     <span class='ocr_line' id='line_1_18' title="bbox 301 723 1378 766; baseline -0.002 -10"><span class='ocrx_word' id='word_1_88' title='bbox 301 724 393 755; x_wconf 85' lang='lat' dir='ltr'>nullo</span> <span class='ocrx_word' id='word_1_89' title='bbox 409 730 577 766; x_wconf 91' lang='lat' dir='ltr'>receptum</span> <span class='ocrx_word' id='word_1_90' title='bbox 593 724 747 760; x_wconf 87' lang='lat' dir='ltr'>inferiori,</span> <span class='ocrx_word' id='word_1_91' title='bbox 764 724 839 754; x_wconf 90' lang='lat' dir='ltr'>ideo</span> <span class='ocrx_word' id='word_1_92' title='bbox 855 729 969 754; x_wconf 89' lang='lat' dir='ltr'>natura</span> <span class='ocrx_word' id='word_1_93' title='bbox 984 724 1018 753; x_wconf 93' lang='lat' dir='ltr'>in</span> <span class='ocrx_word' id='word_1_94' title='bbox 1033 723 1167 754; x_wconf 88' lang='lat' dir='ltr'>materia</span> <span class='ocrx_word' id='word_1_95' title='bbox 1181 729 1321 763; x_wconf 85' lang='lat' dir='ltr'>recepta,</span> <span class='ocrx_word' id='word_1_96' title='bbox 1341 729 1378 754; x_wconf 91' lang='lat' dir='ltr'>ut</span> 
     </span>
     <span class='ocr_line' id='line_1_19' title="bbox 299 767 1377 808; baseline -0.001 -9"><span class='ocrx_word' id='word_1_97' title='bbox 299 769 357 805; x_wconf 89' lang='lat' dir='ltr'>sic,</span> <span class='ocrx_word' id='word_1_98' title='bbox 382 769 463 800; x_wconf 89' lang='lat' dir='ltr'>nulli</span> <span class='ocrx_word' id='word_1_99' title='bbox 486 769 631 800; x_wconf 88' lang='lat' dir='ltr'>inferiori</span> <span class='ocrx_word' id='word_1_100' title='bbox 659 768 894 799; x_wconf 89' lang='lat' dir='ltr'>communicari</span> <span class='ocrx_word' id='word_1_101' title='bbox 921 773 1039 808; x_wconf 88' lang='lat' dir='ltr'>potest.</span> <span class='ocrx_word' id='word_1_102' title='bbox 1067 767 1239 805; x_wconf 85' lang='lat' dir='ltr'>Quantitas</span> <span class='ocrx_word' id='word_1_103' title='bbox 1267 773 1377 799; x_wconf 90' lang='lat' dir='ltr'>autem</span> 
     </span>
     <span class='ocr_line' id='line_1_20' title="bbox 299 812 1377 853; baseline -0.002 -9"><span class='ocrx_word' id='word_1_104' title='bbox 299 814 466 844; x_wconf 85' lang='lat' dir='ltr'>concurrit</span> <span class='ocrx_word' id='word_1_105' title='bbox 481 814 674 853; x_wconf 89' lang='lat' dir='ltr'>inquantum</span> <span class='ocrx_word' id='word_1_106' title='bbox 697 812 901 843; x_wconf 90' lang='lat' dir='ltr'>individuum</span> <span class='ocrx_word' id='word_1_107' title='bbox 918 812 1105 842; x_wconf 88' lang='lat' dir='ltr'>distinctum</span> <span class='ocrx_word' id='word_1_108' title='bbox 1121 817 1169 842; x_wconf 89' lang='lat' dir='ltr'>est</span> <span class='ocrx_word' id='word_1_109' title='bbox 1187 822 1205 842; x_wconf 92' lang='lat' dir='ltr'>a</span> <span class='ocrx_word' id='word_1_110' title='bbox 1229 812 1377 852; x_wconf 90' lang='lat' dir='ltr'>quolibet</span> 
     </span>
     <span class='ocr_line' id='line_1_21' title="bbox 298 856 1377 897; baseline -0.002 -9"><span class='ocrx_word' id='word_1_111' title='bbox 298 858 366 888; x_wconf 89' lang='lat' dir='ltr'>alio</span> <span class='ocrx_word' id='word_1_112' title='bbox 390 857 557 889; x_wconf 90' lang='lat' dir='ltr'>individuo</span> <span class='ocrx_word' id='word_1_113' title='bbox 582 857 727 888; x_wconf 91' lang='lat' dir='ltr'>eiusdem</span> <span class='ocrx_word' id='word_1_114' title='bbox 745 858 865 897; x_wconf 92' lang='lat' dir='ltr'>speciei</span> <span class='ocrx_word' id='word_1_115' title='bbox 885 856 1091 887; x_wconf 88' lang='lat' dir='ltr'>distinctione</span> <span class='ocrx_word' id='word_1_116' title='bbox 1114 856 1326 896; x_wconf 78' lang='lat' dir='ltr'>quantitativa</span> <span class='ocrx_word' id='word_1_117' title='bbox 1345 862 1377 887; x_wconf 90' lang='lat' dir='ltr'>et</span> 
     </span>
     <span class='ocr_line' id='line_1_22' title="bbox 300 899 1377 938; baseline -0.002 -5"><span class='ocrx_word' id='word_1_118' title='bbox 300 902 467 933; x_wconf 86' lang='lat' dir='ltr'>materiali.</span> <span class='ocrx_word' id='word_1_119' title='bbox 492 901 596 938; x_wconf 92' lang='lat' dir='ltr'>Unde,</span> <span class='ocrx_word' id='word_1_120' title='bbox 624 903 708 932; x_wconf 89' lang='lat' dir='ltr'>sicut</span> <span class='ocrx_word' id='word_1_121' title='bbox 731 901 797 932; x_wconf 92' lang='lat' dir='ltr'>duo</span> <span class='ocrx_word' id='word_1_122' title='bbox 825 901 1025 931; x_wconf 90' lang='lat' dir='ltr'>conveniunt</span> <span class='ocrx_word' id='word_1_123' title='bbox 1047 899 1229 937; x_wconf 89' lang='lat' dir='ltr'>individuo,</span> <span class='ocrx_word' id='word_1_124' title='bbox 1253 901 1377 932; x_wconf 90' lang='lat' dir='ltr'>scilicet</span> 
     </span>
     <span class='ocr_line' id='line_1_23' title="bbox 300 945 1376 985; baseline -0.002 -8"><span class='ocrx_word' id='word_1_125' title='bbox 300 946 647 977; x_wconf 88' lang='lat' dir='ltr'>incommunicabilitas</span> <span class='ocrx_word' id='word_1_126' title='bbox 669 951 700 976; x_wconf 92' lang='lat' dir='ltr'>et</span> <span class='ocrx_word' id='word_1_127' title='bbox 723 945 896 981; x_wconf 88' lang='lat' dir='ltr'>distinctio,</span> <span class='ocrx_word' id='word_1_128' title='bbox 921 945 964 975; x_wconf 90' lang='lat' dir='ltr'>ita</span> <span class='ocrx_word' id='word_1_129' title='bbox 984 945 1117 976; x_wconf 89' lang='lat' dir='ltr'>materia</span> <span class='ocrx_word' id='word_1_130' title='bbox 1140 946 1273 985; x_wconf 87' lang='lat' dir='ltr'>signata,</span> <span class='ocrx_word' id='word_1_131' title='bbox 1291 955 1376 985; x_wconf 90' lang='lat' dir='ltr'>quae</span> 
     </span>
     <span class='ocr_line' id='line_1_24' title="bbox 300 988 1377 1032; baseline 0 -11"><span class='ocrx_word' id='word_1_132' title='bbox 300 991 498 1032; x_wconf 90' lang='lat' dir='ltr'>principium</span> <span class='ocrx_word' id='word_1_133' title='bbox 521 989 785 1021; x_wconf 89' lang='lat' dir='ltr'>individuationis</span> <span class='ocrx_word' id='word_1_134' title='bbox 801 994 859 1025; x_wconf 91' lang='lat' dir='ltr'>est,</span> <span class='ocrx_word' id='word_1_135' title='bbox 881 988 948 1019; x_wconf 87' lang='lat' dir='ltr'>duo</span> <span class='ocrx_word' id='word_1_136' title='bbox 964 988 1111 1026; x_wconf 90' lang='lat' dir='ltr'>includit,</span> <span class='ocrx_word' id='word_1_137' title='bbox 1129 990 1234 1030; x_wconf 87' lang='lat' dir='ltr'>ipsam</span> <span class='ocrx_word' id='word_1_138' title='bbox 1254 989 1377 1021; x_wconf 89' lang='lat' dir='ltr'>scilicet</span> 
     </span>
     <span class='ocr_line' id='line_1_25' title="bbox 300 1033 1376 1075; baseline -0.001 -9"><span class='ocrx_word' id='word_1_139' title='bbox 300 1036 468 1066; x_wconf 88' lang='lat' dir='ltr'>materiam</span> <span class='ocrx_word' id='word_1_140' title='bbox 497 1034 851 1070; x_wconf 87' lang='lat' dir='ltr'>incommunicabilem,</span> <span class='ocrx_word' id='word_1_141' title='bbox 884 1039 915 1064; x_wconf 92' lang='lat' dir='ltr'>et</span> <span class='ocrx_word' id='word_1_142' title='bbox 944 1034 1169 1074; x_wconf 85' lang='lat' dir='ltr'>quantitatem,</span> <span class='ocrx_word' id='word_1_143' title='bbox 1203 1033 1244 1065; x_wconf 90' lang='lat' dir='ltr'>ad</span> <span class='ocrx_word' id='word_1_144' title='bbox 1275 1043 1376 1075; x_wconf 88' lang='lat' dir='ltr'>quam</span> 
     </span>
     <span class='ocr_line' id='line_1_26' title="bbox 300 1077 1376 1120; baseline -0.001 -10"><span class='ocrx_word' id='word_1_145' title='bbox 300 1080 407 1120; x_wconf 89' lang='lat' dir='ltr'>primo</span> <span class='ocrx_word' id='word_1_146' title='bbox 426 1079 598 1110; x_wconf 88' lang='lat' dir='ltr'>materialis</span> <span class='ocrx_word' id='word_1_147' title='bbox 621 1078 784 1109; x_wconf 85' lang='lat' dir='ltr'>distinctio</span> <span class='ocrx_word' id='word_1_148' title='bbox 802 1078 955 1118; x_wconf 75' lang='lat' dir='ltr'>peninet3</span> <span class='ocrx_word' id='word_1_149' title='bbox 975 1078 1020 1108; x_wconf 91' lang='lat' dir='ltr'>ita</span> <span class='ocrx_word' id='word_1_150' title='bbox 1043 1077 1135 1119; x_wconf 93' lang='lat' dir='ltr'>quod</span> <span class='ocrx_word' id='word_1_151' title='bbox 1157 1087 1219 1109; x_wconf 93' lang='lat' dir='ltr'>nec</span> <span class='ocrx_word' id='word_1_152' title='bbox 1242 1079 1376 1109; x_wconf 88' lang='lat' dir='ltr'>materia</span> 
     </span>
     <span class='ocr_line' id='line_1_27' title="bbox 298 1122 1376 1164; baseline 0 -10"><span class='ocrx_word' id='word_1_153' title='bbox 298 1123 369 1154; x_wconf 88' lang='lat' dir='ltr'>sola</span> <span class='ocrx_word' id='word_1_154' title='bbox 392 1123 570 1154; x_wconf 91' lang='lat' dir='ltr'>individuat</span> <span class='ocrx_word' id='word_1_155' title='bbox 597 1133 658 1154; x_wconf 91' lang='lat' dir='ltr'>nec</span> <span class='ocrx_word' id='word_1_156' title='bbox 682 1123 751 1153; x_wconf 92' lang='lat' dir='ltr'>sola</span> <span class='ocrx_word' id='word_1_157' title='bbox 770 1122 941 1162; x_wconf 86' lang='lat' dir='ltr'>quantitas,</span> <span class='ocrx_word' id='word_1_158' title='bbox 962 1122 1018 1153; x_wconf 92' lang='lat' dir='ltr'>sed</span> <span class='ocrx_word' id='word_1_159' title='bbox 1040 1124 1174 1154; x_wconf 88' lang='lat' dir='ltr'>materia</span> <span class='ocrx_word' id='word_1_160' title='bbox 1197 1124 1376 1164; x_wconf 88' lang='lat' dir='ltr'>quantitate</span> 
     </span>
     <span class='ocr_line' id='line_1_28' title="bbox 298 1166 1374 1208; baseline 0 -10"><span class='ocrx_word' id='word_1_161' title='bbox 298 1169 422 1208; x_wconf 86' lang='lat' dir='ltr'>signata</span> <span class='ocrx_word' id='word_1_162' title='bbox 441 1173 473 1198; x_wconf 89' lang='lat' dir='ltr'>et</span> <span class='ocrx_word' id='word_1_163' title='bbox 488 1169 622 1198; x_wconf 89' lang='lat' dir='ltr'>limitata</span> <span class='ocrx_word' id='word_1_164' title='bbox 638 1173 685 1198; x_wconf 92' lang='lat' dir='ltr'>est</span> <span class='ocrx_word' id='word_1_165' title='bbox 700 1167 754 1197; x_wconf 95' lang='lat' dir='ltr'>illa</span> <span class='ocrx_word' id='word_1_166' title='bbox 770 1176 855 1207; x_wconf 89' lang='lat' dir='ltr'>quae</span> <span class='ocrx_word' id='word_1_167' title='bbox 871 1166 1060 1204; x_wconf 90' lang='lat' dir='ltr'>individuat,</span> <span class='ocrx_word' id='word_1_168' title='bbox 1077 1168 1203 1198; x_wconf 90' lang='lat' dir='ltr'>ratione</span> <span class='ocrx_word' id='word_1_169' title='bbox 1221 1168 1374 1199; x_wconf 90' lang='lat' dir='ltr'>materiae</span> 
     </span>
     <span class='ocr_line' id='line_1_29' title="bbox 299 1211 1376 1247; baseline 0 -4"><span class='ocrx_word' id='word_1_170' title='bbox 299 1212 379 1243; x_wconf 91' lang='lat' dir='ltr'>dans</span> <span class='ocrx_word' id='word_1_171' title='bbox 408 1212 818 1247; x_wconf 87' lang='lat' dir='ltr'>incommunicabilitatem,</span> <span class='ocrx_word' id='word_1_172' title='bbox 846 1212 971 1242; x_wconf 84' lang='lat' dir='ltr'>ratione</span> <span class='ocrx_word' id='word_1_173' title='bbox 993 1219 1071 1242; x_wconf 88' lang='lat' dir='ltr'>vero</span> <span class='ocrx_word' id='word_1_174' title='bbox 1098 1211 1376 1243; x_wconf 89' lang='lat' dir='ltr'>determinationis</span> 
     </span>
     <span class='ocr_line' id='line_1_30' title="bbox 298 1255 1157 1298; baseline -0.001 -10"><span class='ocrx_word' id='word_1_175' title='bbox 298 1266 376 1288; x_wconf 89' lang='lat' dir='ltr'>suae</span> <span class='ocrx_word' id='word_1_176' title='bbox 399 1266 457 1297; x_wconf 91' lang='lat' dir='ltr'>per</span> <span class='ocrx_word' id='word_1_177' title='bbox 481 1257 693 1298; x_wconf 88' lang='lat' dir='ltr'>quantitatem</span> <span class='ocrx_word' id='word_1_178' title='bbox 716 1256 925 1287; x_wconf 90' lang='lat' dir='ltr'>numeraliter</span> <span class='ocrx_word' id='word_1_179' title='bbox 947 1255 1157 1297; x_wconf 88' lang='lat' dir='ltr'>distinguens.</span> 
     </span>
    </p>

    <p class='ocr_par' dir='ltr' id='par_1_10' title="bbox 354 1300 1376 1342">
     <span class='ocr_line' id='line_1_31' title="bbox 354 1300 1376 1342; baseline 0 -10"><span class='ocrx_word' id='word_1_180' title='bbox 354 1301 454 1339; x_wconf 94' lang='lat' dir='ltr'>Quod</span> <span class='ocrx_word' id='word_1_181' title='bbox 478 1307 587 1332; x_wconf 88' lang='lat' dir='ltr'>autem</span> <span class='ocrx_word' id='word_1_182' title='bbox 610 1302 669 1332; x_wconf 89' lang='lat' dir='ltr'>ista</span> <span class='ocrx_word' id='word_1_183' title='bbox 692 1301 732 1331; x_wconf 92' lang='lat' dir='ltr'>sit</span> <span class='ocrx_word' id='word_1_184' title='bbox 755 1309 848 1331; x_wconf 90' lang='lat' dir='ltr'>mens</span> <span class='ocrx_word' id='word_1_185' title='bbox 871 1300 980 1331; x_wconf 89' lang='lat' dir='ltr'>Sancti</span> <span class='ocrx_word' id='word_1_186' title='bbox 1004 1301 1155 1332; x_wconf 89' lang='lat' dir='ltr'>Thomae</span> <span class='ocrx_word' id='word_1_187' title='bbox 1180 1307 1314 1342; x_wconf 90' lang='lat' dir='ltr'>apparet</span> <span class='ocrx_word' id='word_1_188' title='bbox 1337 1311 1376 1332; x_wconf 84' lang='lat' dir='ltr'>ex</span> 
     </span>
    </p>
   </div>
   <div class='ocr_carea' id='block_1_9' title="bbox 243 1345 1376 1387">
    <p class='ocr_par' dir='ltr' id='par_1_11' title="bbox 243 1345 1376 1387">
     <span class='ocr_line' id='line_1_32' title="bbox 243 1345 1376 1387; baseline -0.001 -10"><span class='ocrx_word' id='word_1_189' title='bbox 243 1362 250 1368; x_wconf 93' lang='lat'><em>·</em></span> <span class='ocrx_word' id='word_1_190' title='bbox 300 1346 356 1377; x_wconf 76' lang='lat'>111⁸</span> <span class='ocrx_word' id='word_1_191' title='bbox 371 1346 418 1381; x_wconf 71' lang='lat' dir='ltr'>P..</span> <span class='ocrx_word' id='word_1_192' title='bbox 436 1355 468 1386; x_wconf 91' lang='lat' dir='ltr'>q.</span> <span class='ocrx_word' id='word_1_193' title='bbox 485 1355 600 1381; x_wconf 68' lang='lat' dir='ltr'>nxxvn,</span> <span class='ocrx_word' id='word_1_194' title='bbox 615 1355 643 1376; x_wconf 94' lang='lat' dir='ltr'>a.</span> <span class='ocrx_word' id='word_1_195' title='bbox 657 1355 691 1382; x_wconf 92' lang='lat'>2;</span> <span class='ocrx_word' id='word_1_196' title='bbox 711 1346 790 1376; x_wconf 89' lang='lat' dir='ltr'>item</span> <span class='ocrx_word' id='word_1_197' title='bbox 806 1354 846 1375; x_wconf 89' lang='lat' dir='ltr'>ex</span> <span class='ocrx_word' id='word_1_198' title='bbox 861 1345 998 1383; x_wconf 87' lang='lat' dir='ltr'>Quarto,</span> <span class='ocrx_word' id='word_1_199' title='bbox 1016 1345 1047 1376; x_wconf 94' lang='lat' dir='ltr'>d.</span> <span class='ocrx_word' id='word_1_200' title='bbox 1058 1355 1112 1383; x_wconf 80' lang='lat'>111,</span> <span class='ocrx_word' id='word_1_201' title='bbox 1124 1355 1156 1387; x_wconf 93' lang='lat' dir='ltr'>q.</span> <span class='ocrx_word' id='word_1_202' title='bbox 1166 1356 1188 1382; x_wconf 86' lang='lat'>1,</span> <span class='ocrx_word' id='word_1_203' title='bbox 1204 1356 1232 1376; x_wconf 90' lang='lat' dir='ltr'>a.</span> <span class='ocrx_word' id='word_1_204' title='bbox 1247 1353 1259 1376; x_wconf 80' lang='grc' dir='ltr'>ι</span> <span class='ocrx_word' id='word_1_205' title='bbox 1273 1347 1302 1383; x_wconf 71' lang='grc'>“,</span> <span class='ocrx_word' id='word_1_206' title='bbox 1318 1347 1376 1377; x_wconf 91' lang='lat' dir='ltr'>ubi</span> 
     </span>
    </p>
   </div>
   <div class='ocr_carea' id='block_1_10' title="bbox 297 1389 1379 3562">
    <p class='ocr_par' dir='ltr' id='par_1_12' title="bbox 298 1389 1378 1699">
     <span class='ocr_line' id='line_1_33' title="bbox 299 1389 1377 1432; baseline 0.001 -11"><span class='ocrx_word' id='word_1_207' title='bbox 299 1391 402 1432; x_wconf 91' lang='lat' dir='ltr'>ponit,</span> <span class='ocrx_word' id='word_1_208' title='bbox 420 1400 496 1421; x_wconf 91' lang='lat' dir='ltr'>cum</span> <span class='ocrx_word' id='word_1_209' title='bbox 512 1390 579 1421; x_wconf 94' lang='lat' dir='ltr'>duo</span> <span class='ocrx_word' id='word_1_210' title='bbox 596 1391 659 1421; x_wconf 91' lang='lat' dir='ltr'>sint</span> <span class='ocrx_word' id='word_1_211' title='bbox 675 1389 715 1420; x_wconf 87' lang='lat' dir='ltr'>de</span> <span class='ocrx_word' id='word_1_212' title='bbox 731 1390 855 1420; x_wconf 90' lang='lat' dir='ltr'>ratione</span> <span class='ocrx_word' id='word_1_213' title='bbox 870 1389 1040 1427; x_wconf 85' lang='lat' dir='ltr'>individui,</span> <span class='ocrx_word' id='word_1_214' title='bbox 1053 1391 1176 1422; x_wconf 90' lang='lat' dir='ltr'>scilicet</span> <span class='ocrx_word' id='word_1_215' title='bbox 1190 1391 1377 1422; x_wconf 90' lang='lat' dir='ltr'>incommu-</span> 
     </span>
     <span class='ocr_line' id='line_1_34' title="bbox 298 1434 1376 1472; baseline -0.001 -5"><span class='ocrx_word' id='word_1_216' title='bbox 298 1435 476 1467; x_wconf 85' lang='lat' dir='ltr'>nicabilitas</span> <span class='ocrx_word' id='word_1_217' title='bbox 511 1441 543 1466; x_wconf 93' lang='lat' dir='ltr'>et</span> <span class='ocrx_word' id='word_1_218' title='bbox 575 1434 737 1466; x_wconf 91' lang='lat' dir='ltr'>distinctio</span> <span class='ocrx_word' id='word_1_219' title='bbox 767 1435 939 1466; x_wconf 88' lang='lat' dir='ltr'>materialis</span> <span class='ocrx_word' id='word_1_220' title='bbox 963 1435 1002 1466; x_wconf 93' lang='lat' dir='ltr'>ab</span> <span class='ocrx_word' id='word_1_221' title='bbox 1031 1435 1111 1472; x_wconf 90' lang='lat' dir='ltr'>aliis,</span> <span class='ocrx_word' id='word_1_222' title='bbox 1136 1436 1233 1466; x_wconf 88' lang='lat' dir='ltr'>unius</span> <span class='ocrx_word' id='word_1_223' title='bbox 1256 1436 1376 1467; x_wconf 88' lang='lat' dir='ltr'>horum</span> 
     </span>
     <span class='ocr_line' id='line_1_35' title="bbox 299 1479 1376 1521; baseline 0 -10"><span class='ocrx_word' id='word_1_224' title='bbox 299 1481 497 1521; x_wconf 89' lang='lat' dir='ltr'>principium</span> <span class='ocrx_word' id='word_1_225' title='bbox 513 1489 581 1510; x_wconf 90' lang='lat' dir='ltr'>esse</span> <span class='ocrx_word' id='word_1_226' title='bbox 597 1480 774 1516; x_wconf 86' lang='lat' dir='ltr'>materiam,</span> <span class='ocrx_word' id='word_1_227' title='bbox 791 1479 921 1510; x_wconf 89' lang='lat' dir='ltr'>alterius</span> <span class='ocrx_word' id='word_1_228' title='bbox 935 1489 1013 1510; x_wconf 90' lang='lat' dir='ltr'>vero</span> <span class='ocrx_word' id='word_1_229' title='bbox 1031 1481 1258 1521; x_wconf 86' lang='lat' dir='ltr'>quantitatem;</span> <span class='ocrx_word' id='word_1_230' title='bbox 1283 1486 1316 1511; x_wconf 90' lang='lat' dir='ltr'>et</span> <span class='ocrx_word' id='word_1_231' title='bbox 1330 1481 1376 1511; x_wconf 92' lang='lat' dir='ltr'>sic</span> 
     </span>
     <span class='ocr_line' id='line_1_36' title="bbox 298 1523 1375 1567; baseline -0.001 -11"><span class='ocrx_word' id='word_1_232' title='bbox 298 1525 397 1556; x_wconf 91' lang='lat' dir='ltr'>totale</span> <span class='ocrx_word' id='word_1_233' title='bbox 420 1523 684 1556; x_wconf 89' lang='lat' dir='ltr'>individuationis</span> <span class='ocrx_word' id='word_1_234' title='bbox 707 1524 905 1565; x_wconf 88' lang='lat' dir='ltr'>principium</span> <span class='ocrx_word' id='word_1_235' title='bbox 921 1533 990 1555; x_wconf 89' lang='lat' dir='ltr'>esse</span> <span class='ocrx_word' id='word_1_236' title='bbox 1006 1525 1179 1556; x_wconf 82' lang='lat' dir='ltr'>materiam</span> <span class='ocrx_word' id='word_1_237' title='bbox 1197 1525 1375 1567; x_wconf 78' lang='lat' dir='ltr'>signatam,</span> 
     </span>
     <span class='ocr_line' id='line_1_37' title="bbox 299 1567 1375 1611; baseline -0.001 -10"><span class='ocrx_word' id='word_1_238' title='bbox 299 1569 390 1606; x_wconf 88' lang='lat' dir='ltr'>idest,</span> <span class='ocrx_word' id='word_1_239' title='bbox 410 1569 577 1600; x_wconf 85' lang='lat' dir='ltr'>materiam</span> <span class='ocrx_word' id='word_1_240' title='bbox 598 1569 658 1600; x_wconf 92' lang='lat' dir='ltr'>sub</span> <span class='ocrx_word' id='word_1_241' title='bbox 677 1568 855 1608; x_wconf 89' lang='lat' dir='ltr'>quantitate</span> <span class='ocrx_word' id='word_1_242' title='bbox 879 1567 978 1610; x_wconf 90' lang='lat' dir='ltr'>(quae</span> <span class='ocrx_word' id='word_1_243' title='bbox 998 1570 1131 1611; x_wconf 78' lang='lat' dir='ltr'>signum</span> <span class='ocrx_word' id='word_1_244' title='bbox 1155 1570 1225 1600; x_wconf 90' lang='lat' dir='ltr'>eius</span> <span class='ocrx_word' id='word_1_245' title='bbox 1248 1569 1375 1606; x_wconf 87' lang='lat' dir='ltr'>dicitur,</span> 
     </span>
     <span class='ocr_line' id='line_1_38' title="bbox 299 1611 1378 1655; baseline -0.002 -9"><span class='ocrx_word' id='word_1_246' title='bbox 299 1624 340 1646; x_wconf 92' lang='lat' dir='ltr'>eo</span> <span class='ocrx_word' id='word_1_247' title='bbox 365 1613 455 1655; x_wconf 93' lang='lat' dir='ltr'>quod</span> <span class='ocrx_word' id='word_1_248' title='bbox 478 1623 536 1655; x_wconf 92' lang='lat' dir='ltr'>per</span> <span class='ocrx_word' id='word_1_249' title='bbox 558 1614 663 1654; x_wconf 88' lang='lat' dir='ltr'>ipsam</span> <span class='ocrx_word' id='word_1_250' title='bbox 685 1613 841 1644; x_wconf 90' lang='lat' dir='ltr'>sensibilis</span> <span class='ocrx_word' id='word_1_251' title='bbox 857 1611 912 1644; x_wconf 84' lang='lat' dir='ltr'>fiat</span> <span class='ocrx_word' id='word_1_252' title='bbox 928 1618 960 1644; x_wconf 90' lang='lat' dir='ltr'>et</span> <span class='ocrx_word' id='word_1_253' title='bbox 979 1613 1190 1645; x_wconf 87' lang='lat' dir='ltr'>determinata</span> <span class='ocrx_word' id='word_1_254' title='bbox 1208 1613 1249 1645; x_wconf 89' lang='lat' dir='ltr'>ad</span> <span class='ocrx_word' id='word_1_255' title='bbox 1272 1615 1325 1645; x_wconf 89' lang='lat' dir='ltr'>hic</span> <span class='ocrx_word' id='word_1_256' title='bbox 1345 1619 1378 1645; x_wconf 90' lang='lat' dir='ltr'>et</span> 
     </span>
     <span class='ocr_line' id='line_1_39' title="bbox 299 1657 1376 1699; baseline -0.001 -9"><span class='ocrx_word' id='word_1_257' title='bbox 299 1659 413 1699; x_wconf 90' lang='lat' dir='ltr'>nunc),</span> <span class='ocrx_word' id='word_1_258' title='bbox 430 1664 466 1690; x_wconf 91' lang='lat' dir='ltr'>ut</span> <span class='ocrx_word' id='word_1_259' title='bbox 482 1658 598 1689; x_wconf 81' lang='lat' dir='ltr'>dicitur</span> <span class='ocrx_word' id='word_1_260' title='bbox 617 1658 651 1688; x_wconf 88' lang='lat' dir='ltr'>in</span> <span class='ocrx_word' id='word_1_261' title='bbox 667 1662 804 1688; x_wconf 90' lang='lat' dir='ltr'>tractatu</span> <span class='ocrx_word' id='word_1_262' title='bbox 819 1657 859 1688; x_wconf 85' lang='lat' dir='ltr'>de</span> <span class='ocrx_word' id='word_1_263' title='bbox 873 1658 1040 1699; x_wconf 78' lang='lat' dir='ltr'>Principio</span> <span class='ocrx_word' id='word_1_264' title='bbox 1058 1658 1337 1689; x_wconf 70' lang='lat' dir='ltr'>Indiuiduationis</span> <span class='ocrx_word' id='word_1_265' title='bbox 1347 1660 1376 1689; x_wconf 66' lang='lat'>⁹.</span> 
     </span>
    </p>

    <p class='ocr_par' dir='ltr' id='par_1_13' title="bbox 297 1702 1377 2225">
     <span class='ocr_line' id='line_1_40' title="bbox 356 1702 1377 1744; baseline 0 -10"><span class='ocrx_word' id='word_1_266' title='bbox 356 1704 395 1734; x_wconf 91' lang='lat' dir='ltr'>V.</span> <span class='ocrx_word' id='word_1_267' title='bbox 420 1703 508 1734; x_wconf 89' lang='lat' dir='ltr'>Huic</span> <span class='ocrx_word' id='word_1_268' title='bbox 532 1703 728 1743; x_wconf 86' lang='lat' dir='ltr'>expositioni</span> <span class='ocrx_word' id='word_1_269' title='bbox 749 1711 819 1732; x_wconf 93' lang='lat' dir='ltr'>non</span> <span class='ocrx_word' id='word_1_270' title='bbox 843 1702 972 1733; x_wconf 89' lang='lat' dir='ltr'>obstant</span> <span class='ocrx_word' id='word_1_271' title='bbox 994 1704 1134 1734; x_wconf 91' lang='lat' dir='ltr'>rationes</span> <span class='ocrx_word' id='word_1_272' title='bbox 1157 1703 1280 1744; x_wconf 89' lang='lat' dir='ltr'>primae</span> <span class='ocrx_word' id='word_1_273' title='bbox 1304 1703 1377 1744; x_wconf 92' lang='lat' dir='ltr'>opi-</span> 
     </span>
     <span class='ocr_line' id='line_1_41' title="bbox 300 1746 1377 1788; baseline -0.001 -9"><span class='ocrx_word' id='word_1_274' title='bbox 300 1749 417 1779; x_wconf 89' lang='lat' dir='ltr'>nionis.</span> <span class='ocrx_word' id='word_1_275' title='bbox 434 1748 549 1788; x_wconf 88' lang='lat' dir='ltr'>Arguit</span> <span class='ocrx_word' id='word_1_276' title='bbox 565 1748 652 1778; x_wconf 89' lang='lat' dir='ltr'>enim</span> <span class='ocrx_word' id='word_1_277' title='bbox 669 1747 724 1777; x_wconf 90' lang='lat' dir='ltr'>sic.</span> <span class='ocrx_word' id='word_1_278' title='bbox 740 1747 860 1778; x_wconf 84' lang='lat' dir='ltr'>Primo.</span> <span class='ocrx_word' id='word_1_279' title='bbox 878 1746 968 1778; x_wconf 92' lang='lat' dir='ltr'>Idem</span> <span class='ocrx_word' id='word_1_280' title='bbox 984 1753 1032 1779; x_wconf 91' lang='lat' dir='ltr'>est</span> <span class='ocrx_word' id='word_1_281' title='bbox 1047 1748 1244 1788; x_wconf 91' lang='lat' dir='ltr'>principium</span> <span class='ocrx_word' id='word_1_282' title='bbox 1265 1747 1377 1779; x_wconf 89' lang='lat' dir='ltr'>distin·</span> 
     </span>
     <span class='ocr_line' id='line_1_42' title="bbox 300 1791 1377 1832; baseline -0.001 -8"><span class='ocrx_word' id='word_1_283' title='bbox 300 1793 416 1824; x_wconf 89' lang='lat' dir='ltr'>ctionis</span> <span class='ocrx_word' id='word_1_284' title='bbox 439 1791 597 1823; x_wconf 90' lang='lat' dir='ltr'>individui</span> <span class='ocrx_word' id='word_1_285' title='bbox 620 1802 639 1822; x_wconf 92' lang='lat' dir='ltr'>a</span> <span class='ocrx_word' id='word_1_286' title='bbox 661 1792 780 1832; x_wconf 88' lang='lat' dir='ltr'>specie,</span> <span class='ocrx_word' id='word_1_287' title='bbox 805 1797 837 1823; x_wconf 90' lang='lat' dir='ltr'>et</span> <span class='ocrx_word' id='word_1_288' title='bbox 859 1792 898 1822; x_wconf 91' lang='lat' dir='ltr'>ab</span> <span class='ocrx_word' id='word_1_289' title='bbox 923 1792 1023 1823; x_wconf 90' lang='lat' dir='ltr'>altero</span> <span class='ocrx_word' id='word_1_290' title='bbox 1043 1791 1214 1823; x_wconf 88' lang='lat' dir='ltr'>individuo</span> <span class='ocrx_word' id='word_1_291' title='bbox 1230 1791 1377 1823; x_wconf 88' lang='lat' dir='ltr'>eiusdem</span> 
     </span>
     <span class='ocr_line' id='line_1_43' title="bbox 299 1836 1376 1878; baseline 0 -10"><span class='ocrx_word' id='word_1_292' title='bbox 299 1837 432 1878; x_wconf 85' lang='lat' dir='ltr'>speciei:</span> <span class='ocrx_word' id='word_1_293' title='bbox 455 1837 537 1867; x_wconf 90' lang='lat' dir='ltr'>sicut</span> <span class='ocrx_word' id='word_1_294' title='bbox 552 1836 772 1867; x_wconf 86' lang='lat' dir='ltr'>universaliter</span> <span class='ocrx_word' id='word_1_295' title='bbox 787 1845 900 1867; x_wconf 87' lang='lat' dir='ltr'>verum</span> <span class='ocrx_word' id='word_1_296' title='bbox 915 1842 963 1867; x_wconf 90' lang='lat' dir='ltr'>est</span> <span class='ocrx_word' id='word_1_297' title='bbox 979 1836 1080 1877; x_wconf 89' lang='lat' dir='ltr'>quod,</span> <span class='ocrx_word' id='word_1_298' title='bbox 1097 1836 1376 1878; x_wconf 88' lang='lat' dir='ltr'>quandocumque</span> 
     </span>
     <span class='ocr_line' id='line_1_44' title="bbox 299 1880 1374 1922; baseline -0.001 -10"><span class='ocrx_word' id='word_1_299' title='bbox 299 1881 433 1922; x_wconf 88' lang='lat' dir='ltr'>aliquod</span> <span class='ocrx_word' id='word_1_300' title='bbox 456 1890 632 1911; x_wconf 90' lang='lat' dir='ltr'>commune</span> <span class='ocrx_word' id='word_1_301' title='bbox 657 1880 808 1911; x_wconf 89' lang='lat' dir='ltr'>dividitur</span> <span class='ocrx_word' id='word_1_302' title='bbox 834 1881 868 1911; x_wconf 91' lang='lat' dir='ltr'>in</span> <span class='ocrx_word' id='word_1_303' title='bbox 898 1880 1007 1921; x_wconf 86' lang='lat' dir='ltr'>plures</span> <span class='ocrx_word' id='word_1_304' title='bbox 1035 1886 1140 1922; x_wconf 87' lang='lat' dir='ltr'>partes</span> <span class='ocrx_word' id='word_1_305' title='bbox 1172 1882 1374 1918; x_wconf 87' lang='lat' dir='ltr'>subiectivas,</span> 
     </span>
     <span class='ocr_line' id='line_1_45' title="bbox 298 1924 1376 1967; baseline -0.001 -10"><span class='ocrx_word' id='word_1_306' title='bbox 298 1936 356 1967; x_wconf 93' lang='lat' dir='ltr'>per</span> <span class='ocrx_word' id='word_1_307' title='bbox 380 1925 467 1957; x_wconf 89' lang='lat' dir='ltr'>idem</span> <span class='ocrx_word' id='word_1_308' title='bbox 490 1924 642 1956; x_wconf 85' lang='lat' dir='ltr'>differunt</span> <span class='ocrx_word' id='word_1_309' title='bbox 665 1924 817 1956; x_wconf 87' lang='lat' dir='ltr'>inferiora</span> <span class='ocrx_word' id='word_1_310' title='bbox 839 1925 923 1956; x_wconf 90' lang='lat' dir='ltr'>inter</span> <span class='ocrx_word' id='word_1_311' title='bbox 945 1935 979 1956; x_wconf 90' lang='lat' dir='ltr'>se</span> <span class='ocrx_word' id='word_1_312' title='bbox 1002 1931 1034 1956; x_wconf 92' lang='lat' dir='ltr'>et</span> <span class='ocrx_word' id='word_1_313' title='bbox 1057 1935 1075 1956; x_wconf 89' lang='lat' dir='ltr'>a</span> <span class='ocrx_word' id='word_1_314' title='bbox 1098 1926 1268 1966; x_wconf 85' lang='lat' dir='ltr'>superiori,</span> <span class='ocrx_word' id='word_1_315' title='bbox 1292 1926 1376 1956; x_wconf 88' lang='lat' dir='ltr'>sicut</span> 
     </span>
     <span class='ocr_line' id='line_1_46' title="bbox 298 1969 1374 2011; baseline -0.001 -9"><span class='ocrx_word' id='word_1_316' title='bbox 298 1971 339 2002; x_wconf 92' lang='lat' dir='ltr'>de</span> <span class='ocrx_word' id='word_1_317' title='bbox 351 1970 520 2011; x_wconf 88' lang='lat' dir='ltr'>speciebus</span> <span class='ocrx_word' id='word_1_318' title='bbox 532 1969 668 2000; x_wconf 90' lang='lat' dir='ltr'>alicuius</span> <span class='ocrx_word' id='word_1_319' title='bbox 679 1970 805 2009; x_wconf 86' lang='lat' dir='ltr'>generis</span> <span class='ocrx_word' id='word_1_320' title='bbox 816 1975 914 2010; x_wconf 91' lang='lat' dir='ltr'>patet.</span> <span class='ocrx_word' id='word_1_321' title='bbox 931 1969 995 2001; x_wconf 89' lang='lat' dir='ltr'>Sed</span> <span class='ocrx_word' id='word_1_322' title='bbox 1010 1971 1143 2001; x_wconf 90' lang='lat' dir='ltr'>materia</span> <span class='ocrx_word' id='word_1_323' title='bbox 1158 1980 1227 2001; x_wconf 92' lang='lat' dir='ltr'>non</span> <span class='ocrx_word' id='word_1_324' title='bbox 1243 1976 1374 2011; x_wconf 86' lang='lat' dir='ltr'>quanta,</span> 
     </span>
     <span class='ocr_line' id='line_1_47' title="bbox 297 2013 1375 2056; baseline -0.001 -10"><span class='ocrx_word' id='word_1_325' title='bbox 297 2015 355 2046; x_wconf 90' lang='lat' dir='ltr'>sed</span> <span class='ocrx_word' id='word_1_326' title='bbox 378 2015 423 2046; x_wconf 90' lang='lat' dir='ltr'>sic</span> <span class='ocrx_word' id='word_1_327' title='bbox 446 2014 651 2055; x_wconf 88' lang='lat' dir='ltr'>appropriata</span> <span class='ocrx_word' id='word_1_328' title='bbox 674 2019 710 2044; x_wconf 93' lang='lat' dir='ltr'>ut</span> <span class='ocrx_word' id='word_1_329' title='bbox 733 2013 883 2051; x_wconf 86' lang='lat' dir='ltr'>diximus,</span> <span class='ocrx_word' id='word_1_330' title='bbox 907 2019 955 2045; x_wconf 90' lang='lat' dir='ltr'>est</span> <span class='ocrx_word' id='word_1_331' title='bbox 978 2015 1175 2056; x_wconf 88' lang='lat' dir='ltr'>principium</span> <span class='ocrx_word' id='word_1_332' title='bbox 1203 2015 1375 2046; x_wconf 88' lang='lat' dir='ltr'>intrinsece</span> 
     </span>
     <span class='ocr_line' id='line_1_48' title="bbox 299 2058 1374 2099; baseline -0.001 -8"><span class='ocrx_word' id='word_1_333' title='bbox 299 2060 519 2091; x_wconf 87' lang='lat' dir='ltr'>distinctivum</span> <span class='ocrx_word' id='word_1_334' title='bbox 542 2058 701 2089; x_wconf 89' lang='lat' dir='ltr'>individui</span> <span class='ocrx_word' id='word_1_335' title='bbox 723 2068 742 2089; x_wconf 88' lang='lat' dir='ltr'>a</span> <span class='ocrx_word' id='word_1_336' title='bbox 765 2059 884 2099; x_wconf 89' lang='lat' dir='ltr'>specie,</span> <span class='ocrx_word' id='word_1_337' title='bbox 908 2064 945 2090; x_wconf 93' lang='lat' dir='ltr'>ut</span> <span class='ocrx_word' id='word_1_338' title='bbox 967 2059 1037 2090; x_wconf 90' lang='lat' dir='ltr'>vult</span> <span class='ocrx_word' id='word_1_339' title='bbox 1067 2058 1204 2090; x_wconf 87' lang='lat' dir='ltr'>Sanctus</span> <span class='ocrx_word' id='word_1_340' title='bbox 1228 2059 1374 2090; x_wconf 81' lang='lat' dir='ltr'>Thomas</span> 
     </span>
     <span class='ocr_line' id='line_1_49' title="bbox 297 2103 1375 2145; baseline -0.001 -9"><span class='ocrx_word' id='word_1_341' title='bbox 297 2105 331 2136; x_wconf 89' lang='lat' dir='ltr'>in</span> <span class='ocrx_word' id='word_1_342' title='bbox 354 2109 489 2135; x_wconf 86' lang='lat' dir='ltr'>tractatu</span> <span class='ocrx_word' id='word_1_343' title='bbox 519 2103 560 2134; x_wconf 82' lang='lat' dir='ltr'>de</span> <span class='ocrx_word' id='word_1_344' title='bbox 582 2103 748 2144; x_wconf 78' lang='lat' dir='ltr'>Principio</span> <span class='ocrx_word' id='word_1_345' title='bbox 773 2103 1059 2135; x_wconf 70' lang='lat' dir='ltr'>Indiuiduarionis.</span> <span class='ocrx_word' id='word_1_346' title='bbox 1092 2104 1180 2145; x_wconf 87' lang='lat' dir='ltr'>Ergo</span> <span class='ocrx_word' id='word_1_347' title='bbox 1211 2113 1279 2135; x_wconf 89' lang='lat' dir='ltr'>non</span> <span class='ocrx_word' id='word_1_348' title='bbox 1306 2113 1375 2135; x_wconf 90' lang='lat' dir='ltr'>ma—</span> 
     </span>
     <span class='ocr_line' id='line_1_50' title="bbox 297 2147 1374 2190; baseline 0 -10"><span class='ocrx_word' id='word_1_349' title='bbox 297 2150 375 2180; x_wconf 90' lang='lat' dir='ltr'>teria</span> <span class='ocrx_word' id='word_1_350' title='bbox 399 2153 528 2189; x_wconf 85' lang='lat' dir='ltr'>quanta,</span> <span class='ocrx_word' id='word_1_351' title='bbox 553 2147 610 2179; x_wconf 89' lang='lat' dir='ltr'>sed</span> <span class='ocrx_word' id='word_1_352' title='bbox 632 2149 765 2179; x_wconf 89' lang='lat' dir='ltr'>materia</span> <span class='ocrx_word' id='word_1_353' title='bbox 794 2149 839 2179; x_wconf 92' lang='lat' dir='ltr'>sic</span> <span class='ocrx_word' id='word_1_354' title='bbox 869 2150 1075 2190; x_wconf 89' lang='lat' dir='ltr'>appropriata</span> <span class='ocrx_word' id='word_1_355' title='bbox 1106 2154 1155 2180; x_wconf 91' lang='lat' dir='ltr'>est</span> <span class='ocrx_word' id='word_1_356' title='bbox 1176 2149 1374 2190; x_wconf 90' lang='lat' dir='ltr'>principium</span> 
     </span>
     <span class='ocr_line' id='line_1_51' title="bbox 298 2193 946 2225; baseline -0.005 0"><span class='ocrx_word' id='word_1_357' title='bbox 298 2193 512 2225; x_wconf 90' lang='lat' dir='ltr'>distinctionis</span> <span class='ocrx_word' id='word_1_358' title='bbox 535 2193 633 2224; x_wconf 91' lang='lat' dir='ltr'>unius</span> <span class='ocrx_word' id='word_1_359' title='bbox 657 2193 696 2223; x_wconf 90' lang='lat' dir='ltr'>ab</span> <span class='ocrx_word' id='word_1_360' title='bbox 720 2193 794 2223; x_wconf 92' lang='lat' dir='ltr'>alio.</span> <span class='ocrx_word' id='word_1_361' title='bbox 944 2211 946 2213; x_wconf 97' lang='lat'>-</span> 
     </span>
    </p>

    <p class='ocr_par' dir='ltr' id='par_1_14' title="bbox 297 2236 1375 2501">
     <span class='ocr_line' id='line_1_52' title="bbox 354 2236 1374 2279; baseline 0 -10"><span class='ocrx_word' id='word_1_362' title='bbox 354 2236 517 2269; x_wconf 88' lang='lat' dir='ltr'>Secundo.</span> <span class='ocrx_word' id='word_1_363' title='bbox 541 2236 618 2268; x_wconf 90' lang='lat' dir='ltr'>Hoc</span> <span class='ocrx_word' id='word_1_364' title='bbox 641 2237 737 2268; x_wconf 82' lang='lat' dir='ltr'>modo</span> <span class='ocrx_word' id='word_1_365' title='bbox 763 2237 1014 2279; x_wconf 82' lang='lat' dir='ltr'>unumquodque</span> <span class='ocrx_word' id='word_1_366' title='bbox 1027 2237 1123 2268; x_wconf 83' lang='lat' dir='ltr'>habet</span> <span class='ocrx_word' id='word_1_367' title='bbox 1138 2238 1294 2269; x_wconf 83' lang='lat' dir='ltr'>unitatem</span> <span class='ocrx_word' id='word_1_368' title='bbox 1310 2247 1374 2279; x_wconf 86' lang='lat' dir='ltr'>quo</span> 
     </span>
     <span class='ocr_line' id='line_1_53' title="bbox 297 2281 1375 2322; baseline -0.001 -8"><span class='ocrx_word' id='word_1_369' title='bbox 297 2283 393 2314; x_wconf 84' lang='lat' dir='ltr'>habet</span> <span class='ocrx_word' id='word_1_370' title='bbox 407 2292 486 2318; x_wconf 86' lang='lat' dir='ltr'>esse,</span> <span class='ocrx_word' id='word_1_371' title='bbox 504 2287 540 2313; x_wconf 95' lang='lat' dir='ltr'>ut</span> <span class='ocrx_word' id='word_1_372' title='bbox 555 2281 672 2313; x_wconf 94' lang='lat' dir='ltr'>dicitur</span> <span class='ocrx_word' id='word_1_373' title='bbox 686 2282 802 2318; x_wconf 88' lang='lat' dir='ltr'>Prima,</span> <span class='ocrx_word' id='word_1_374' title='bbox 820 2291 852 2322; x_wconf 89' lang='lat' dir='ltr'>q.</span> <span class='ocrx_word' id='word_1_375' title='bbox 868 2292 972 2319; x_wconf 78' lang='lat' dir='ltr'>Lxxvr,</span> <span class='ocrx_word' id='word_1_376' title='bbox 989 2291 1017 2312; x_wconf 84' lang='lat' dir='ltr'>a.</span> <span class='ocrx_word' id='word_1_377' title='bbox 1033 2291 1062 2318; x_wconf 89' lang='lat'>2,</span> <span class='ocrx_word' id='word_1_378' title='bbox 1080 2282 1120 2313; x_wconf 90' lang='lat' dir='ltr'>ad</span> <span class='ocrx_word' id='word_1_379' title='bbox 1138 2292 1167 2313; x_wconf 92' lang='lat'>2.</span> <span class='ocrx_word' id='word_1_380' title='bbox 1185 2282 1249 2314; x_wconf 91' lang='lat' dir='ltr'>Sed</span> <span class='ocrx_word' id='word_1_381' title='bbox 1265 2282 1375 2314; x_wconf 87' lang='lat' dir='ltr'>Sortes</span> 
     </span>
     <span class='ocr_line' id='line_1_54' title="bbox 298 2325 1373 2367; baseline 0 -9"><span class='ocrx_word' id='word_1_382' title='bbox 298 2337 367 2358; x_wconf 91' lang='lat' dir='ltr'>non</span> <span class='ocrx_word' id='word_1_383' title='bbox 391 2332 439 2358; x_wconf 92' lang='lat' dir='ltr'>est</span> <span class='ocrx_word' id='word_1_384' title='bbox 462 2326 570 2358; x_wconf 89' lang='lat' dir='ltr'>Sortes</span> <span class='ocrx_word' id='word_1_385' title='bbox 593 2325 770 2358; x_wconf 84' lang='lat' dir='ltr'>formaliter</span> <span class='ocrx_word' id='word_1_386' title='bbox 800 2327 988 2367; x_wconf 90' lang='lat' dir='ltr'>quantitate,</span> <span class='ocrx_word' id='word_1_387' title='bbox 1012 2326 1069 2358; x_wconf 90' lang='lat' dir='ltr'>sed</span> <span class='ocrx_word' id='word_1_388' title='bbox 1100 2337 1157 2358; x_wconf 90' lang='lat' dir='ltr'>sua</span> <span class='ocrx_word' id='word_1_389' title='bbox 1187 2328 1373 2358; x_wconf 88' lang='lat' dir='ltr'>substantia.</span> 
     </span>
     <span class='ocr_line' id='line_1_55' title="bbox 297 2370 1374 2412; baseline 0 -9"><span class='ocrx_word' id='word_1_390' title='bbox 297 2372 386 2412; x_wconf 88' lang='lat' dir='ltr'>Ergo</span> <span class='ocrx_word' id='word_1_391' title='bbox 406 2381 467 2403; x_wconf 90' lang='lat' dir='ltr'>nec</span> <span class='ocrx_word' id='word_1_392' title='bbox 490 2380 575 2402; x_wconf 88' lang='lat' dir='ltr'>unus</span> <span class='ocrx_word' id='word_1_393' title='bbox 598 2381 736 2402; x_wconf 90' lang='lat' dir='ltr'>numero</span> <span class='ocrx_word' id='word_1_394' title='bbox 757 2380 818 2402; x_wconf 87' lang='lat' dir='ltr'>nec</span> <span class='ocrx_word' id='word_1_395' title='bbox 841 2370 1010 2402; x_wconf 89' lang='lat' dir='ltr'>distinctus</span> <span class='ocrx_word' id='word_1_396' title='bbox 1033 2381 1172 2403; x_wconf 90' lang='lat' dir='ltr'>numero</span> <span class='ocrx_word' id='word_1_397' title='bbox 1197 2373 1374 2412; x_wconf 89' lang='lat' dir='ltr'>quantitate</span> 
     </span>
     <span class='ocr_line' id='line_1_56' title="bbox 299 2415 1374 2457; baseline 0.001 -10"><span class='ocrx_word' id='word_1_398' title='bbox 299 2416 486 2448; x_wconf 83' lang='lat' dir='ltr'>formaliter.</span> <span class='ocrx_word' id='word_1_399' title='bbox 511 2415 597 2456; x_wconf 91' lang='lat' dir='ltr'>Ergo</span> <span class='ocrx_word' id='word_1_400' title='bbox 622 2416 782 2456; x_wconf 87' lang='lat' dir='ltr'>quantitas</span> <span class='ocrx_word' id='word_1_401' title='bbox 805 2425 873 2446; x_wconf 91' lang='lat' dir='ltr'>non</span> <span class='ocrx_word' id='word_1_402' title='bbox 897 2421 945 2447; x_wconf 89' lang='lat' dir='ltr'>est</span> <span class='ocrx_word' id='word_1_403' title='bbox 967 2416 1165 2457; x_wconf 89' lang='lat' dir='ltr'>principium</span> <span class='ocrx_word' id='word_1_404' title='bbox 1195 2416 1374 2448; x_wconf 90' lang='lat' dir='ltr'>individua-</span> 
     </span>
     <span class='ocr_line' id='line_1_57' title="bbox 299 2460 918 2501; baseline -0.002 -9"><span class='ocrx_word' id='word_1_405' title='bbox 299 2462 397 2492; x_wconf 87' lang='lat' dir='ltr'>tionis</span> <span class='ocrx_word' id='word_1_406' title='bbox 421 2466 581 2501; x_wconf 88' lang='lat' dir='ltr'>quantum</span> <span class='ocrx_word' id='word_1_407' title='bbox 604 2460 645 2492; x_wconf 89' lang='lat' dir='ltr'>ad</span> <span class='ocrx_word' id='word_1_408' title='bbox 668 2460 918 2491; x_wconf 90' lang='lat' dir='ltr'>distinctionem.</span> 
     </span>
    </p>

    <p class='ocr_par' dir='ltr' id='par_1_15' title="bbox 298 2504 1376 2813">
     <span class='ocr_line' id='line_1_58' title="bbox 356 2504 1373 2547; baseline 0.001 -11"><span class='ocrx_word' id='word_1_409' title='bbox 356 2515 386 2536; x_wconf 90' lang='lat'>2.</span> <span class='ocrx_word' id='word_1_410' title='bbox 411 2504 638 2546; x_wconf 87' lang='lat' dir='ltr'>Respondetur</span> <span class='ocrx_word' id='word_1_411' title='bbox 661 2511 770 2536; x_wconf 89' lang='lat' dir='ltr'>autem</span> <span class='ocrx_word' id='word_1_412' title='bbox 798 2504 839 2536; x_wconf 91' lang='lat' dir='ltr'>ad</span> <span class='ocrx_word' id='word_1_413' title='bbox 870 2506 1013 2546; x_wconf 90' lang='lat' dir='ltr'>primum</span> <span class='ocrx_word' id='word_1_414' title='bbox 1043 2505 1224 2547; x_wconf 88' lang='lat' dir='ltr'>dupliciter.</span> <span class='ocrx_word' id='word_1_415' title='bbox 1253 2506 1373 2542; x_wconf 90' lang='lat' dir='ltr'>Primo,</span> 
     </span>
     <span class='ocr_line' id='line_1_59' title="bbox 299 2549 1374 2591; baseline 0.002 -11"><span class='ocrx_word' id='word_1_416' title='bbox 299 2550 391 2591; x_wconf 89' lang='lat' dir='ltr'>quod</span> <span class='ocrx_word' id='word_1_417' title='bbox 414 2550 518 2581; x_wconf 88' lang='lat' dir='ltr'>maior</span> <span class='ocrx_word' id='word_1_418' title='bbox 542 2555 590 2580; x_wconf 89' lang='lat' dir='ltr'>est</span> <span class='ocrx_word' id='word_1_419' title='bbox 612 2549 690 2580; x_wconf 87' lang='lat' dir='ltr'>falsa</span> <span class='ocrx_word' id='word_1_420' title='bbox 714 2549 754 2581; x_wconf 93' lang='lat' dir='ltr'>de</span> <span class='ocrx_word' id='word_1_421' title='bbox 784 2549 991 2581; x_wconf 86' lang='lat' dir='ltr'>distinctione</span> <span class='ocrx_word' id='word_1_422' title='bbox 1021 2550 1177 2581; x_wconf 88' lang='lat' dir='ltr'>materiali</span> <span class='ocrx_word' id='word_1_423' title='bbox 1201 2556 1232 2582; x_wconf 92' lang='lat' dir='ltr'>et</span> <span class='ocrx_word' id='word_1_424' title='bbox 1259 2550 1374 2582; x_wconf 89' lang='lat' dir='ltr'>indivi-</span> 
     </span>
     <span class='ocr_line' id='line_1_60' title="bbox 300 2593 1374 2636; baseline 0.001 -11"><span class='ocrx_word' id='word_1_425' title='bbox 300 2595 400 2626; x_wconf 89' lang='lat' dir='ltr'>duali:</span> <span class='ocrx_word' id='word_1_426' title='bbox 427 2593 587 2635; x_wconf 89' lang='lat' dir='ltr'>quidquid</span> <span class='ocrx_word' id='word_1_427' title='bbox 609 2595 650 2625; x_wconf 88' lang='lat' dir='ltr'>sit</span> <span class='ocrx_word' id='word_1_428' title='bbox 672 2593 712 2625; x_wconf 91' lang='lat' dir='ltr'>de</span> <span class='ocrx_word' id='word_1_429' title='bbox 736 2593 863 2625; x_wconf 84' lang='lat' dir='ltr'>formali</span> <span class='ocrx_word' id='word_1_430' title='bbox 884 2600 916 2626; x_wconf 89' lang='lat' dir='ltr'>et</span> <span class='ocrx_word' id='word_1_431' title='bbox 941 2594 1102 2636; x_wconf 87' lang='lat' dir='ltr'>specifica.</span> <span class='ocrx_word' id='word_1_432' title='bbox 1126 2595 1188 2626; x_wconf 91' lang='lat' dir='ltr'>Per</span> <span class='ocrx_word' id='word_1_433' title='bbox 1207 2596 1374 2627; x_wconf 87' lang='lat' dir='ltr'>materiam</span> 
     </span>
     <span class='ocr_line' id='line_1_61' title="bbox 299 2638 1375 2681; baseline 0.001 -11"><span class='ocrx_word' id='word_1_434' title='bbox 299 2640 387 2671; x_wconf 90' lang='lat' dir='ltr'>enim</span> <span class='ocrx_word' id='word_1_435' title='bbox 411 2640 493 2670; x_wconf 87' lang='lat' dir='ltr'>hanc</span> <span class='ocrx_word' id='word_1_436' title='bbox 517 2638 722 2679; x_wconf 81' lang='lat' dir='ltr'>distinguitur</span> <span class='ocrx_word' id='word_1_437' title='bbox 745 2638 949 2670; x_wconf 91' lang='lat' dir='ltr'>individuum</span> <span class='ocrx_word' id='word_1_438' title='bbox 973 2650 992 2670; x_wconf 86' lang='lat' dir='ltr'>a</span> <span class='ocrx_word' id='word_1_439' title='bbox 1014 2640 1133 2680; x_wconf 84' lang='lat' dir='ltr'>specie,</span> <span class='ocrx_word' id='word_1_440' title='bbox 1158 2640 1234 2680; x_wconf 85' lang='lat' dir='ltr'>quia</span> <span class='ocrx_word' id='word_1_441' title='bbox 1250 2641 1290 2671; x_wconf 90' lang='lat' dir='ltr'>ab</span> <span class='ocrx_word' id='word_1_442' title='bbox 1305 2640 1375 2681; x_wconf 91' lang='lat' dir='ltr'>ipsa</span> 
     </span>
     <span class='ocr_line' id='line_1_62' title="bbox 299 2682 1376 2725; baseline 0.002 -11"><span class='ocrx_word' id='word_1_443' title='bbox 299 2685 395 2715; x_wconf 89' lang='lat' dir='ltr'>habet</span> <span class='ocrx_word' id='word_1_444' title='bbox 418 2682 508 2725; x_wconf 92' lang='lat' dir='ltr'>quod</span> <span class='ocrx_word' id='word_1_445' title='bbox 531 2684 571 2714; x_wconf 90' lang='lat' dir='ltr'>sit</span> <span class='ocrx_word' id='word_1_446' title='bbox 597 2684 916 2721; x_wconf 89' lang='lat' dir='ltr'>incommunicabile,</span> <span class='ocrx_word' id='word_1_447' title='bbox 941 2689 1054 2715; x_wconf 87' lang='lat' dir='ltr'>natura</span> <span class='ocrx_word' id='word_1_448' title='bbox 1085 2690 1193 2716; x_wconf 87' lang='lat' dir='ltr'>autem</span> <span class='ocrx_word' id='word_1_449' title='bbox 1225 2693 1376 2716; x_wconf 90' lang='lat' dir='ltr'>commu-</span> 
     </span>
     <span class='ocr_line' id='line_1_63' title="bbox 298 2727 1376 2769; baseline 0.001 -10"><span class='ocrx_word' id='word_1_450' title='bbox 298 2729 443 2759; x_wconf 91' lang='lat' dir='ltr'>nicabilis</span> <span class='ocrx_word' id='word_1_451' title='bbox 467 2734 527 2759; x_wconf 87' lang='lat' dir='ltr'>est:</span> <span class='ocrx_word' id='word_1_452' title='bbox 552 2727 609 2759; x_wconf 89' lang='lat' dir='ltr'>sed</span> <span class='ocrx_word' id='word_1_453' title='bbox 632 2737 690 2769; x_wconf 91' lang='lat' dir='ltr'>per</span> <span class='ocrx_word' id='word_1_454' title='bbox 709 2729 921 2769; x_wconf 89' lang='lat' dir='ltr'>quantitatem</span> <span class='ocrx_word' id='word_1_455' title='bbox 937 2729 1142 2760; x_wconf 84' lang='lat' dir='ltr'>materialiter</span> <span class='ocrx_word' id='word_1_456' title='bbox 1157 2730 1197 2760; x_wconf 92' lang='lat' dir='ltr'>ab</span> <span class='ocrx_word' id='word_1_457' title='bbox 1213 2729 1277 2760; x_wconf 90' lang='lat' dir='ltr'>alio</span> <span class='ocrx_word' id='word_1_458' title='bbox 1293 2729 1376 2761; x_wconf 91' lang='lat' dir='ltr'>indi-</span> 
     </span>
     <span class='ocr_line' id='line_1_64' title="bbox 299 2772 638 2813; baseline 0 -10"><span class='ocrx_word' id='word_1_459' title='bbox 299 2773 398 2805; x_wconf 91' lang='lat' dir='ltr'>viduo</span> <span class='ocrx_word' id='word_1_460' title='bbox 423 2772 638 2813; x_wconf 85' lang='lat' dir='ltr'>distinguitur.</span> 
     </span>
    </p>

    <p class='ocr_par' dir='ltr' id='par_1_16' title="bbox 298 2817 1377 3170">
     <span class='ocr_line' id='line_1_65' title="bbox 355 2817 1376 2859; baseline 0.001 -11"><span class='ocrx_word' id='word_1_461' title='bbox 355 2817 518 2854; x_wconf 91' lang='lat' dir='ltr'>Secundo,</span> <span class='ocrx_word' id='word_1_462' title='bbox 542 2817 632 2858; x_wconf 89' lang='lat' dir='ltr'>quod</span> <span class='ocrx_word' id='word_1_463' title='bbox 655 2818 763 2848; x_wconf 91' lang='lat' dir='ltr'>minor</span> <span class='ocrx_word' id='word_1_464' title='bbox 787 2818 883 2848; x_wconf 92' lang='lat' dir='ltr'>etiam</span> <span class='ocrx_word' id='word_1_465' title='bbox 908 2823 955 2849; x_wconf 87' lang='lat' dir='ltr'>est</span> <span class='ocrx_word' id='word_1_466' title='bbox 979 2817 1066 2849; x_wconf 82' lang='lat' dir='ltr'>falsa.</span> <span class='ocrx_word' id='word_1_467' title='bbox 1095 2818 1172 2849; x_wconf 92' lang='lat' dir='ltr'>Non</span> <span class='ocrx_word' id='word_1_468' title='bbox 1201 2819 1288 2849; x_wconf 88' lang='lat' dir='ltr'>enim</span> <span class='ocrx_word' id='word_1_469' title='bbox 1318 2827 1376 2859; x_wconf 92' lang='lat' dir='ltr'>per</span> 
     </span>
     <span class='ocr_line' id='line_1_66' title="bbox 298 2861 1376 2904; baseline 0 -10"><span class='ocrx_word' id='word_1_470' title='bbox 298 2863 402 2894; x_wconf 82' lang='lat' dir='ltr'>solam</span> <span class='ocrx_word' id='word_1_471' title='bbox 425 2862 591 2893; x_wconf 88' lang='lat' dir='ltr'>materiam</span> <span class='ocrx_word' id='word_1_472' title='bbox 615 2861 820 2902; x_wconf 83' lang='lat' dir='ltr'>distinguitur</span> <span class='ocrx_word' id='word_1_473' title='bbox 843 2861 1047 2894; x_wconf 83' lang='lat' dir='ltr'>individuum</span> <span class='ocrx_word' id='word_1_474' title='bbox 1070 2872 1088 2892; x_wconf 89' lang='lat' dir='ltr'>a</span> <span class='ocrx_word' id='word_1_475' title='bbox 1111 2863 1229 2903; x_wconf 91' lang='lat' dir='ltr'>specie,</span> <span class='ocrx_word' id='word_1_476' title='bbox 1246 2862 1302 2894; x_wconf 85' lang='lat' dir='ltr'>sed</span> <span class='ocrx_word' id='word_1_477' title='bbox 1318 2873 1376 2904; x_wconf 89' lang='lat' dir='ltr'>per</span> 
     </span>
     <span class='ocr_line' id='line_1_67' title="bbox 299 2907 1376 2948; baseline 0 -10"><span class='ocrx_word' id='word_1_478' title='bbox 299 2907 465 2938; x_wconf 82' lang='lat' dir='ltr'>materiam</span> <span class='ocrx_word' id='word_1_479' title='bbox 489 2907 645 2946; x_wconf 83' lang='lat' dir='ltr'>signatam</span> <span class='ocrx_word' id='word_1_480' title='bbox 668 2907 728 2938; x_wconf 91' lang='lat' dir='ltr'>sub</span> <span class='ocrx_word' id='word_1_481' title='bbox 753 2908 945 2947; x_wconf 88' lang='lat' dir='ltr'>quantitate:</span> <span class='ocrx_word' id='word_1_482' title='bbox 970 2916 1029 2948; x_wconf 90' lang='lat' dir='ltr'>per</span> <span class='ocrx_word' id='word_1_483' title='bbox 1051 2907 1135 2938; x_wconf 90' lang='lat' dir='ltr'>hanc</span> <span class='ocrx_word' id='word_1_484' title='bbox 1162 2908 1250 2938; x_wconf 90' lang='lat' dir='ltr'>enim</span> <span class='ocrx_word' id='word_1_485' title='bbox 1279 2908 1376 2939; x_wconf 89' lang='lat' dir='ltr'>habet</span> 
     </span>
     <span class='ocr_line' id='line_1_68' title="bbox 300 2950 1375 2992; baseline 0.001 -10"><span class='ocrx_word' id='word_1_486' title='bbox 300 2951 503 2983; x_wconf 88' lang='lat' dir='ltr'>individuum</span> <span class='ocrx_word' id='word_1_487' title='bbox 520 2950 611 2991; x_wconf 91' lang='lat' dir='ltr'>quod</span> <span class='ocrx_word' id='word_1_488' title='bbox 626 2951 667 2982; x_wconf 89' lang='lat' dir='ltr'>sit</span> <span class='ocrx_word' id='word_1_489' title='bbox 682 2951 722 2982; x_wconf 90' lang='lat' dir='ltr'>ad</span> <span class='ocrx_word' id='word_1_490' title='bbox 737 2952 789 2982; x_wconf 92' lang='lat' dir='ltr'>hic</span> <span class='ocrx_word' id='word_1_491' title='bbox 813 2957 846 2983; x_wconf 89' lang='lat' dir='ltr'>et</span> <span class='ocrx_word' id='word_1_492' title='bbox 867 2961 956 2983; x_wconf 90' lang='lat' dir='ltr'>nunc</span> <span class='ocrx_word' id='word_1_493' title='bbox 981 2951 1241 2987; x_wconf 85' lang='lat' dir='ltr'>determinatum,</span> <span class='ocrx_word' id='word_1_494' title='bbox 1257 2952 1290 2983; x_wconf 91' lang='lat' dir='ltr'>in</span> <span class='ocrx_word' id='word_1_495' title='bbox 1307 2961 1375 2992; x_wconf 91' lang='lat' dir='ltr'>quo</span> 
     </span>
     <span class='ocr_line' id='line_1_69' title="bbox 301 2995 1376 3036; baseline 0.002 -10"><span class='ocrx_word' id='word_1_496' title='bbox 301 3006 319 3027; x_wconf 92' lang='lat' dir='ltr'>a</span> <span class='ocrx_word' id='word_1_497' title='bbox 341 2996 449 3036; x_wconf 88' lang='lat' dir='ltr'>specie</span> <span class='ocrx_word' id='word_1_498' title='bbox 473 2995 688 3036; x_wconf 81' lang='lat' dir='ltr'>distinguitur,</span> <span class='ocrx_word' id='word_1_499' title='bbox 713 3005 796 3036; x_wconf 91' lang='lat' dir='ltr'>quae</span> <span class='ocrx_word' id='word_1_500' title='bbox 821 2997 860 3027; x_wconf 89' lang='lat' dir='ltr'>ab</span> <span class='ocrx_word' id='word_1_501' title='bbox 884 2996 937 3027; x_wconf 88' lang='lat' dir='ltr'>hic</span> <span class='ocrx_word' id='word_1_502' title='bbox 961 3002 993 3027; x_wconf 90' lang='lat' dir='ltr'>et</span> <span class='ocrx_word' id='word_1_503' title='bbox 1016 3005 1104 3027; x_wconf 90' lang='lat' dir='ltr'>nunc</span> <span class='ocrx_word' id='word_1_504' title='bbox 1120 2996 1281 3027; x_wconf 87' lang='lat' dir='ltr'>abstrahit.</span> <span class='ocrx_word' id='word_1_505' title='bbox 1306 2996 1376 3028; x_wconf 93' lang='lat' dir='ltr'>Nec</span> 
     </span>
     <span class='ocr_line' id='line_1_70' title="bbox 301 3040 1375 3081; baseline 0.001 -10"><span class='ocrx_word' id='word_1_506' title='bbox 301 3041 492 3081; x_wconf 89' lang='lat' dir='ltr'>oppositum</span> <span class='ocrx_word' id='word_1_507' title='bbox 515 3040 612 3071; x_wconf 90' lang='lat' dir='ltr'>huius</span> <span class='ocrx_word' id='word_1_508' title='bbox 634 3041 740 3081; x_wconf 89' lang='lat' dir='ltr'>inquit</span> <span class='ocrx_word' id='word_1_509' title='bbox 765 3041 901 3072; x_wconf 89' lang='lat' dir='ltr'>Sanctus</span> <span class='ocrx_word' id='word_1_510' title='bbox 925 3041 1071 3072; x_wconf 82' lang='lat' dir='ltr'>Thomas</span> <span class='ocrx_word' id='word_1_511' title='bbox 1094 3042 1127 3072; x_wconf 91' lang='lat' dir='ltr'>in</span> <span class='ocrx_word' id='word_1_512' title='bbox 1152 3041 1208 3071; x_wconf 93' lang='lat' dir='ltr'>illo</span> <span class='ocrx_word' id='word_1_513' title='bbox 1224 3046 1375 3072; x_wconf 87' lang='lat' dir='ltr'>tractatu:</span> 
     </span>
     <span class='ocr_line' id='line_1_71' title="bbox 300 3084 1377 3125; baseline 0.001 -10"><span class='ocrx_word' id='word_1_514' title='bbox 300 3086 403 3116; x_wconf 88' lang='lat' dir='ltr'>immo</span> <span class='ocrx_word' id='word_1_515' title='bbox 427 3084 460 3116; x_wconf 93' lang='lat' dir='ltr'>id</span> <span class='ocrx_word' id='word_1_516' title='bbox 484 3084 575 3125; x_wconf 92' lang='lat' dir='ltr'>quod</span> <span class='ocrx_word' id='word_1_517' title='bbox 597 3084 638 3116; x_wconf 89' lang='lat' dir='ltr'>de</span> <span class='ocrx_word' id='word_1_518' title='bbox 661 3091 771 3117; x_wconf 87' lang='lat' dir='ltr'>mente</span> <span class='ocrx_word' id='word_1_519' title='bbox 794 3086 864 3117; x_wconf 85' lang='lat' dir='ltr'>eius</span> <span class='ocrx_word' id='word_1_520' title='bbox 887 3085 940 3116; x_wconf 92' lang='lat' dir='ltr'>hic</span> <span class='ocrx_word' id='word_1_521' title='bbox 964 3085 1091 3122; x_wconf 87' lang='lat' dir='ltr'>dicitur,</span> <span class='ocrx_word' id='word_1_522' title='bbox 1107 3086 1152 3116; x_wconf 91' lang='lat' dir='ltr'>ibi</span> <span class='ocrx_word' id='word_1_523' title='bbox 1168 3085 1377 3117; x_wconf 82' lang='lat' dir='ltr'>manifestum</span> 
     </span>
     <span class='ocr_line' id='line_1_72' title="bbox 302 3129 860 3170; baseline 0 -10"><span class='ocrx_word' id='word_1_524' title='bbox 302 3129 470 3170; x_wconf 83' lang='lat' dir='ltr'>diligenter</span> <span class='ocrx_word' id='word_1_525' title='bbox 493 3129 769 3161; x_wconf 83' lang='lat' dir='ltr'>considerantibus</span> <span class='ocrx_word' id='word_1_526' title='bbox 792 3130 860 3161; x_wconf 90' lang='lat' dir='ltr'>erit.</span> 
     </span>
    </p>

    <p class='ocr_par' dir='ltr' id='par_1_17' title="bbox 303 3173 1379 3562">
     <span class='ocr_line' id='line_1_73' title="bbox 359 3173 1376 3215; baseline 0.001 -10"><span class='ocrx_word' id='word_1_527' title='bbox 359 3175 389 3205; x_wconf 87' lang='lat'>3.</span> <span class='ocrx_word' id='word_1_528' title='bbox 414 3173 467 3205; x_wconf 92' lang='lat' dir='ltr'>Ad</span> <span class='ocrx_word' id='word_1_529' title='bbox 490 3173 671 3206; x_wconf 89' lang='lat' dir='ltr'>secundum</span> <span class='ocrx_word' id='word_1_530' title='bbox 687 3173 804 3206; x_wconf 89' lang='lat' dir='ltr'>dicitur</span> <span class='ocrx_word' id='word_1_531' title='bbox 819 3175 926 3215; x_wconf 90' lang='lat' dir='ltr'>primo</span> <span class='ocrx_word' id='word_1_532' title='bbox 943 3173 1044 3215; x_wconf 89' lang='lat' dir='ltr'>quod,</span> <span class='ocrx_word' id='word_1_533' title='bbox 1061 3175 1088 3205; x_wconf 88' lang='lat' dir='ltr'>si</span> <span class='ocrx_word' id='word_1_534' title='bbox 1104 3174 1184 3206; x_wconf 86' lang='lat' dir='ltr'>haec</span> <span class='ocrx_word' id='word_1_535' title='bbox 1199 3175 1280 3206; x_wconf 90' lang='lat' dir='ltr'>ratio</span> <span class='ocrx_word' id='word_1_536' title='bbox 1297 3184 1376 3206; x_wconf 92' lang='lat' dir='ltr'>con-</span> 
     </span>
     <span class='ocr_line' id='line_1_74' title="bbox 303 3218 1377 3260; baseline 0.001 -11"><span class='ocrx_word' id='word_1_537' title='bbox 303 3218 455 3255; x_wconf 90' lang='lat' dir='ltr'>cluderet,</span> <span class='ocrx_word' id='word_1_538' title='bbox 480 3219 669 3259; x_wconf 88' lang='lat' dir='ltr'>probaretur</span> <span class='ocrx_word' id='word_1_539' title='bbox 698 3228 756 3260; x_wconf 91' lang='lat' dir='ltr'>per</span> <span class='ocrx_word' id='word_1_540' title='bbox 785 3219 889 3260; x_wconf 88' lang='lat' dir='ltr'>ipsam</span> <span class='ocrx_word' id='word_1_541' title='bbox 916 3220 1073 3250; x_wconf 87' lang='lat' dir='ltr'>unitatem</span> <span class='ocrx_word' id='word_1_542' title='bbox 1097 3219 1377 3250; x_wconf 87' lang='lat' dir='ltr'>transcendentem</span> 
     </span>
     <span class='ocr_line' id='line_1_75' title="bbox 305 3262 1377 3305; baseline 0.002 -12"><span class='ocrx_word' id='word_1_543' title='bbox 305 3272 372 3294; x_wconf 88' lang='lat' dir='ltr'>esse</span> <span class='ocrx_word' id='word_1_544' title='bbox 389 3262 475 3294; x_wconf 90' lang='lat' dir='ltr'>idem</span> <span class='ocrx_word' id='word_1_545' title='bbox 487 3272 563 3294; x_wconf 91' lang='lat' dir='ltr'>cum</span> <span class='ocrx_word' id='word_1_546' title='bbox 576 3263 698 3294; x_wconf 88' lang='lat' dir='ltr'>unitate</span> <span class='ocrx_word' id='word_1_547' title='bbox 715 3263 884 3301; x_wconf 87' lang='lat' dir='ltr'>numerali,</span> <span class='ocrx_word' id='word_1_548' title='bbox 898 3269 935 3295; x_wconf 91' lang='lat' dir='ltr'>ut</span> <span class='ocrx_word' id='word_1_549' title='bbox 949 3263 1054 3294; x_wconf 91' lang='lat' dir='ltr'>voluit</span> <span class='ocrx_word' id='word_1_550' title='bbox 1066 3263 1233 3294; x_wconf 84' lang='lat' dir='ltr'>Avicenna</span> <span class='ocrx_word' id='word_1_551' title='bbox 1242 3265 1269 3294; x_wconf 74' lang='lat' dir='ltr'>&#39;t</span> <span class='ocrx_word' id='word_1_552' title='bbox 1287 3263 1377 3305; x_wconf 91' lang='lat' dir='ltr'>quod</span> 
     </span>
     <span class='ocr_line' id='line_1_76' title="bbox 304 3307 1378 3348; baseline 0.002 -11"><span class='ocrx_word' id='word_1_553' title='bbox 304 3307 343 3337; x_wconf 92' lang='lat' dir='ltr'>ab</span> <span class='ocrx_word' id='word_1_554' title='bbox 359 3308 501 3338; x_wconf 88' lang='lat' dir='ltr'>Averroe</span> <span class='ocrx_word' id='word_1_555' title='bbox 525 3313 557 3338; x_wconf 90' lang='lat' dir='ltr'>et</span> <span class='ocrx_word' id='word_1_556' title='bbox 580 3307 698 3339; x_wconf 90' lang='lat' dir='ltr'>Sancto</span> <span class='ocrx_word' id='word_1_557' title='bbox 715 3307 856 3345; x_wconf 89' lang='lat' dir='ltr'>Thoma,</span> <span class='ocrx_word' id='word_1_558' title='bbox 873 3308 916 3339; x_wconf 90' lang='lat' dir='ltr'>IV</span> <span class='ocrx_word' id='word_1_559' title='bbox 933 3308 1088 3348; x_wconf 66' lang='lat' dir='ltr'>Metapa„</span> <span class='ocrx_word' id='word_1_560' title='bbox 1106 3317 1226 3339; x_wconf 87' lang='lat' dir='ltr'>comm.</span> <span class='ocrx_word' id='word_1_561' title='bbox 1246 3308 1263 3339; x_wconf 89' lang='lat'><strong>3</strong></span> <span class='ocrx_word' id='word_1_562' title='bbox 1278 3309 1304 3345; x_wconf 76' lang='lat'>*,</span> <span class='ocrx_word' id='word_1_563' title='bbox 1329 3318 1378 3340; x_wconf 89' lang='lat' dir='ltr'>re-</span> 
     </span>
     <span class='ocr_line' id='line_1_77' title="bbox 304 3351 1378 3393; baseline 0.003 -12"><span class='ocrx_word' id='word_1_564' title='bbox 304 3352 466 3391; x_wconf 87' lang='lat' dir='ltr'>probatur.</span> <span class='ocrx_word' id='word_1_565' title='bbox 491 3351 543 3383; x_wconf 91' lang='lat' dir='ltr'>Sic</span> <span class='ocrx_word' id='word_1_566' title='bbox 567 3353 655 3383; x_wconf 91' lang='lat' dir='ltr'>enim</span> <span class='ocrx_word' id='word_1_567' title='bbox 679 3358 874 3393; x_wconf 85' lang='lat' dir='ltr'>argueretur.</span> <span class='ocrx_word' id='word_1_568' title='bbox 899 3352 1169 3393; x_wconf 88' lang='lat' dir='ltr'>Unumquodque</span> <span class='ocrx_word' id='word_1_569' title='bbox 1192 3353 1256 3384; x_wconf 91' lang='lat' dir='ltr'>hoc</span> <span class='ocrx_word' id='word_1_570' title='bbox 1276 3352 1378 3384; x_wconf 91' lang='lat' dir='ltr'>modo</span> 
     </span>
     <span class='ocr_line' id='line_1_78' title="bbox 306 3395 1378 3438; baseline 0.003 -13"><span class='ocrx_word' id='word_1_571' title='bbox 306 3395 399 3426; x_wconf 89' lang='lat' dir='ltr'>habet</span> <span class='ocrx_word' id='word_1_572' title='bbox 423 3397 579 3427; x_wconf 89' lang='lat' dir='ltr'>unitatem</span> <span class='ocrx_word' id='word_1_573' title='bbox 611 3397 812 3428; x_wconf 89' lang='lat' dir='ltr'>numeralem</span> <span class='ocrx_word' id='word_1_574' title='bbox 844 3407 912 3438; x_wconf 93' lang='lat' dir='ltr'>quo</span> <span class='ocrx_word' id='word_1_575' title='bbox 941 3397 1037 3428; x_wconf 88' lang='lat' dir='ltr'>habet</span> <span class='ocrx_word' id='word_1_576' title='bbox 1064 3406 1143 3428; x_wconf 87' lang='lat' dir='ltr'>esse.</span> <span class='ocrx_word' id='word_1_577' title='bbox 1175 3396 1239 3428; x_wconf 90' lang='lat' dir='ltr'>Sed</span> <span class='ocrx_word' id='word_1_578' title='bbox 1269 3397 1378 3429; x_wconf 86' lang='lat' dir='ltr'>Sortes</span> 
     </span>
     <span class='ocr_line' id='line_1_79' title="bbox 306 3440 1378 3482; baseline 0.002 -12"><span class='ocrx_word' id='word_1_579' title='bbox 306 3440 435 3471; x_wconf 86' lang='lat' dir='ltr'>entitate</span> <span class='ocrx_word' id='word_1_580' title='bbox 458 3450 516 3471; x_wconf 88' lang='lat' dir='ltr'>sua</span> <span class='ocrx_word' id='word_1_581' title='bbox 539 3446 586 3471; x_wconf 88' lang='lat' dir='ltr'>est</span> <span class='ocrx_word' id='word_1_582' title='bbox 610 3450 676 3472; x_wconf 91' lang='lat' dir='ltr'>ens.</span> <span class='ocrx_word' id='word_1_583' title='bbox 702 3441 789 3482; x_wconf 89' lang='lat' dir='ltr'>Ergo</span> <span class='ocrx_word' id='word_1_584' title='bbox 813 3447 861 3473; x_wconf 89' lang='lat' dir='ltr'>est</span> <span class='ocrx_word' id='word_1_585' title='bbox 884 3451 970 3473; x_wconf 87' lang='lat' dir='ltr'>unus</span> <span class='ocrx_word' id='word_1_586' title='bbox 992 3451 1132 3472; x_wconf 89' lang='lat' dir='ltr'>numero</span> <span class='ocrx_word' id='word_1_587' title='bbox 1155 3451 1214 3472; x_wconf 84' lang='lat' dir='ltr'>sua</span> <span class='ocrx_word' id='word_1_588' title='bbox 1236 3442 1378 3473; x_wconf 89' lang='lat' dir='ltr'>entitate.</span> 
     </span>
     <span class='ocr_line' id='line_1_80' title="bbox 306 3483 1378 3527; baseline 0.004 -14"><span class='ocrx_word' id='word_1_589' title='bbox 306 3483 391 3523; x_wconf 85' lang='lat' dir='ltr'>Ergo</span> <span class='ocrx_word' id='word_1_590' title='bbox 416 3485 520 3515; x_wconf 87' lang='lat' dir='ltr'>unitas</span> <span class='ocrx_word' id='word_1_591' title='bbox 542 3485 715 3517; x_wconf 88' lang='lat' dir='ltr'>numeralis</span> <span class='ocrx_word' id='word_1_592' title='bbox 739 3492 786 3517; x_wconf 89' lang='lat' dir='ltr'>est</span> <span class='ocrx_word' id='word_1_593' title='bbox 809 3485 896 3517; x_wconf 90' lang='lat' dir='ltr'>idem</span> <span class='ocrx_word' id='word_1_594' title='bbox 913 3485 1004 3527; x_wconf 89' lang='lat' dir='ltr'>quod</span> <span class='ocrx_word' id='word_1_595' title='bbox 1020 3487 1090 3517; x_wconf 87' lang='lat' dir='ltr'>eius</span> <span class='ocrx_word' id='word_1_596' title='bbox 1105 3486 1251 3517; x_wconf 87' lang='lat' dir='ltr'>essentia.</span> <span class='ocrx_word' id='word_1_597' title='bbox 1277 3486 1318 3517; x_wconf 86' lang='lat' dir='ltr'>Et</span> <span class='ocrx_word' id='word_1_598' title='bbox 1333 3487 1378 3517; x_wconf 92' lang='lat' dir='ltr'>sic</span> 
     </span>
     <span class='ocr_line' id='line_1_81' title="bbox 307 3528 1379 3562; baseline 0.005 -5"><span class='ocrx_word' id='word_1_599' title='bbox 307 3528 410 3558; x_wconf 88' lang='lat' dir='ltr'>unitas</span> <span class='ocrx_word' id='word_1_600' title='bbox 433 3529 605 3560; x_wconf 89' lang='lat' dir='ltr'>numeralis</span> <span class='ocrx_word' id='word_1_601' title='bbox 629 3535 660 3560; x_wconf 88' lang='lat' dir='ltr'>et</span> <span class='ocrx_word' id='word_1_602' title='bbox 683 3530 910 3562; x_wconf 84' lang='lat' dir='ltr'>transcendens</span> <span class='ocrx_word' id='word_1_603' title='bbox 935 3536 1029 3561; x_wconf 89' lang='lat' dir='ltr'>erunt</span> <span class='ocrx_word' id='word_1_604' title='bbox 1043 3529 1145 3561; x_wconf 88' lang='lat' dir='ltr'>idem:</span> <span class='ocrx_word' id='word_1_605' title='bbox 1170 3531 1276 3561; x_wconf 86' lang='lat' dir='ltr'>unitas</span> <span class='ocrx_word' id='word_1_606' title='bbox 1291 3532 1379 3562; x_wconf 87' lang='lat' dir='ltr'>enim</span> 
     </span>
    </p>
   </div>
   <div class='ocr_carea' id='block_1_11' title="bbox 64 3570 1379 3613">
    <p class='ocr_par' dir='ltr' id='par_1_18' title="bbox 64 3570 1379 3613">
     <span class='ocr_line' id='line_1_82' title="bbox 64 3570 1379 3613; baseline 0.004 -12"><span class='ocrx_word' id='word_1_607' title='bbox 64 3572 73 3581; x_wconf 89' lang='lat'>&#39;</span> <span class='ocrx_word' id='word_1_608' title='bbox 89 3571 181 3597; x_wconf 50' lang='lat' dir='ltr'>¹50¹ss</span> <span class='ocrx_word' id='word_1_609' title='bbox 197 3570 279 3597; x_wconf 56' lang='lat'>⁶⁴¹¹·</span> <span class='ocrx_word' id='word_1_610' title='bbox 306 3572 542 3609; x_wconf 88' lang='lat' dir='ltr'>transcendens,</span> <span class='ocrx_word' id='word_1_611' title='bbox 570 3573 656 3613; x_wconf 89' lang='lat' dir='ltr'>apud</span> <span class='ocrx_word' id='word_1_612' title='bbox 687 3574 842 3606; x_wconf 89' lang='lat' dir='ltr'>Sanctum</span> <span class='ocrx_word' id='word_1_613' title='bbox 866 3575 1031 3606; x_wconf 87' lang='lat' dir='ltr'>Thomam</span> <span class='ocrx_word' id='word_1_614' title='bbox 1048 3575 1075 3610; x_wconf 74' lang='grc'>”,</span> <span class='ocrx_word' id='word_1_615' title='bbox 1100 3574 1178 3606; x_wconf 93' lang='lat' dir='ltr'>dicit</span> <span class='ocrx_word' id='word_1_616' title='bbox 1207 3575 1379 3606; x_wconf 80' lang='lat' dir='ltr'>essentiam</span> 
     </span>
    </p>
   </div>
   <div class='ocr_carea' id='block_1_12' title="bbox 63 3604 93 3646">
    <p class='ocr_par' dir='ltr' id='par_1_19' title="bbox 63 3604 93 3646">
     <span class='ocr_line' id='line_1_83' title="bbox 63 3604 93 3646; baseline 0 0"><span class='ocrx_word' id='word_1_617' title='bbox 63 3604 93 3646; x_wconf 62' lang='grc' dir='ltr'>ἓξ</span> 
     </span>
    </p>
   </div>
   <div class='ocr_carea' id='block_1_13' title="bbox 100 3598 278 3623">
    <p class='ocr_par' dir='ltr' id='par_1_20' title="bbox 100 3598 278 3623">
     <span class='ocr_line' id='line_1_84' title="bbox 100 3598 278 3623; baseline 0 -4"><span class='ocrx_word' id='word_1_618' title='bbox 100 3604 130 3623; x_wconf 80' lang='grc' dir='ltr'>ιν,</span> <span class='ocrx_word' id='word_1_619' title='bbox 146 3603 202 3621; x_wconf 65' lang='grc'>..1,</span> <span class='ocrx_word' id='word_1_620' title='bbox 218 3598 246 3619; x_wconf 77' lang='lat' dir='ltr'>nd</span> <span class='ocrx_word' id='word_1_621' title='bbox 259 3604 278 3623; x_wconf 84' lang='lat'>2;</span> 
     </span>
    </p>
   </div>
   <div class='ocr_carea' id='block_1_14' title="bbox 97 3615 740 3652">
    <p class='ocr_par' dir='ltr' id='par_1_21' title="bbox 97 3615 740 3652">
     <span class='ocr_line' id='line_1_85' title="bbox 97 3615 740 3652; baseline 0.006 -7"><span class='ocrx_word' id='word_1_622' title='bbox 97 3623 280 3652; x_wconf 69' lang='lat' dir='ltr'>pot.,q.1x,n.7.</span> <span class='ocrx_word' id='word_1_623' title='bbox 308 3615 357 3645; x_wconf 85' lang='lat' dir='ltr'>rei</span> <span class='ocrx_word' id='word_1_624' title='bbox 379 3625 451 3646; x_wconf 87' lang='lat' dir='ltr'>cum</span> <span class='ocrx_word' id='word_1_625' title='bbox 477 3616 740 3649; x_wconf 75' lang='lat' dir='ltr'>individuatione.</span> 
     </span>
    </p>
   </div>
   <div class='ocr_carea' id='block_1_15' title="bbox 903 244 1916 294">
    <p class='ocr_par' dir='ltr' id='par_1_22' title="bbox 903 244 1916 294">
     <span class='ocr_line' id='line_1_86' title="bbox 903 244 1916 294; baseline 0.002 -11"><span class='ocrx_word' id='word_1_626' title='bbox 903 246 1091 283; x_wconf 90' lang='lat' dir='ltr'>SUMMA</span> <span class='ocrx_word' id='word_1_627' title='bbox 1122 244 1344 283; x_wconf 88' lang='lat' dir='ltr'>CONTRA</span> <span class='ocrx_word' id='word_1_628' title='bbox 1374 245 1651 294; x_wconf 88' lang='lat' dir='ltr'>GENTILES,</span> <span class='ocrx_word' id='word_1_629' title='bbox 1683 246 1795 285; x_wconf 80' lang='lat' dir='ltr'>CAP.</span> <span class='ocrx_word' id='word_1_630' title='bbox 1817 246 1916 285; x_wconf 88' lang='lat' dir='ltr'>XXI.</span> 
     </span>
    </p>
   </div>
   <div class='ocr_carea' id='block_1_16' title="bbox 1428 322 2514 3660">
    <p class='ocr_par' dir='ltr' id='par_1_23' title="bbox 1428 322 2514 1744">
     <span class='ocr_line' id='line_1_87' title="bbox 1490 322 2511 366; baseline 0.001 -12"><span class='ocrx_word' id='word_1_631' title='bbox 1490 323 1617 355; x_wconf 90' lang='lat' dir='ltr'>Dicitur</span> <span class='ocrx_word' id='word_1_632' title='bbox 1638 324 1796 362; x_wconf 88' lang='lat' dir='ltr'>secundo,</span> <span class='ocrx_word' id='word_1_633' title='bbox 1820 325 1912 366; x_wconf 90' lang='lat' dir='ltr'>quod</span> <span class='ocrx_word' id='word_1_634' title='bbox 1938 324 2058 365; x_wconf 81' lang='lat' dir='ltr'>duplex</span> <span class='ocrx_word' id='word_1_635' title='bbox 2088 325 2194 355; x_wconf 89' lang='lat' dir='ltr'>unitas</span> <span class='ocrx_word' id='word_1_636' title='bbox 2224 323 2379 354; x_wconf 86' lang='lat' dir='ltr'>convenit</span> <span class='ocrx_word' id='word_1_637' title='bbox 2408 322 2511 356; x_wconf 76' lang='lat' dir='ltr'>Sorti:</span> 
     </span>
     <span class='ocr_line' id='line_1_88' title="bbox 1434 368 2512 409; baseline 0.003 -12"><span class='ocrx_word' id='word_1_638' title='bbox 1434 376 1500 398; x_wconf 90' lang='lat' dir='ltr'>una</span> <span class='ocrx_word' id='word_1_639' title='bbox 1522 368 1645 399; x_wconf 90' lang='lat' dir='ltr'>scilicet</span> <span class='ocrx_word' id='word_1_640' title='bbox 1666 369 1910 407; x_wconf 86' lang='lat' dir='ltr'>transcendens;</span> <span class='ocrx_word' id='word_1_641' title='bbox 1935 374 1968 400; x_wconf 85' lang='lat' dir='ltr'>et</span> <span class='ocrx_word' id='word_1_642' title='bbox 1983 369 2044 400; x_wconf 89' lang='lat' dir='ltr'>alia</span> <span class='ocrx_word' id='word_1_643' title='bbox 2059 368 2100 399; x_wconf 91' lang='lat' dir='ltr'>de</span> <span class='ocrx_word' id='word_1_644' title='bbox 2115 377 2234 409; x_wconf 87' lang='lat' dir='ltr'>genere</span> <span class='ocrx_word' id='word_1_645' title='bbox 2250 368 2446 408; x_wconf 83' lang='lat' dir='ltr'>quantitatis,</span> <span class='ocrx_word' id='word_1_646' title='bbox 2462 378 2512 400; x_wconf 83' lang='lat' dir='ltr'>se-</span> 
     </span>
     <span class='ocr_line' id='line_1_89' title="bbox 1434 411 2512 454; baseline 0.001 -12"><span class='ocrx_word' id='word_1_647' title='bbox 1434 411 1580 443; x_wconf 90' lang='lat' dir='ltr'>cundum</span> <span class='ocrx_word' id='word_1_648' title='bbox 1596 422 1696 453; x_wconf 90' lang='lat' dir='ltr'>quam</span> <span class='ocrx_word' id='word_1_649' title='bbox 1711 413 1781 444; x_wconf 90' lang='lat' dir='ltr'>aliis</span> <span class='ocrx_word' id='word_1_650' title='bbox 1797 414 1926 454; x_wconf 87' lang='lat' dir='ltr'>quantis</span> <span class='ocrx_word' id='word_1_651' title='bbox 1942 418 2205 450; x_wconf 85' lang='lat' dir='ltr'>connumeratur,</span> <span class='ocrx_word' id='word_1_652' title='bbox 2222 417 2254 443; x_wconf 88' lang='lat' dir='ltr'>et</span> <span class='ocrx_word' id='word_1_653' title='bbox 2268 421 2328 453; x_wconf 89' lang='lat' dir='ltr'>per</span> <span class='ocrx_word' id='word_1_654' title='bbox 2343 421 2444 453; x_wconf 88' lang='lat' dir='ltr'>quam</span> <span class='ocrx_word' id='word_1_655' title='bbox 2464 418 2512 444; x_wconf 88' lang='lat' dir='ltr'>est</span> 
     </span>
     <span class='ocr_line' id='line_1_90' title="bbox 1432 456 2512 498; baseline 0.002 -12"><span class='ocrx_word' id='word_1_656' title='bbox 1432 456 1497 486; x_wconf 90' lang='lat' dir='ltr'>hoc</span> <span class='ocrx_word' id='word_1_657' title='bbox 1517 457 1680 497; x_wconf 88' lang='lat' dir='ltr'>signatum</span> <span class='ocrx_word' id='word_1_658' title='bbox 1704 462 1736 488; x_wconf 86' lang='lat' dir='ltr'>et</span> <span class='ocrx_word' id='word_1_659' title='bbox 1758 457 2026 489; x_wconf 84' lang='lat' dir='ltr'>demonstratum.</span> <span class='ocrx_word' id='word_1_660' title='bbox 2051 457 2085 488; x_wconf 92' lang='lat' dir='ltr'>Si</span> <span class='ocrx_word' id='word_1_661' title='bbox 2101 467 2178 498; x_wconf 91' lang='lat' dir='ltr'>ergo</span> <span class='ocrx_word' id='word_1_662' title='bbox 2194 457 2371 497; x_wconf 90' lang='lat' dir='ltr'>loquamur</span> <span class='ocrx_word' id='word_1_663' title='bbox 2385 457 2427 488; x_wconf 87' lang='lat' dir='ltr'>de</span> <span class='ocrx_word' id='word_1_664' title='bbox 2443 466 2512 488; x_wconf 88' lang='lat' dir='ltr'>esse</span> 
     </span>
     <span class='ocr_line' id='line_1_91' title="bbox 1431 500 2512 542; baseline 0.003 -12"><span class='ocrx_word' id='word_1_665' title='bbox 1431 501 1478 531; x_wconf 92' lang='lat' dir='ltr'>rei</span> <span class='ocrx_word' id='word_1_666' title='bbox 1494 500 1653 538; x_wconf 83' lang='lat' dir='ltr'>absolute,</span> <span class='ocrx_word' id='word_1_667' title='bbox 1668 502 1852 542; x_wconf 88' lang='lat' dir='ltr'>propositio</span> <span class='ocrx_word' id='word_1_668' title='bbox 1875 503 1984 534; x_wconf 87' lang='lat' dir='ltr'>Sancti</span> <span class='ocrx_word' id='word_1_669' title='bbox 2000 502 2150 533; x_wconf 90' lang='lat' dir='ltr'>Thomae</span> <span class='ocrx_word' id='word_1_670' title='bbox 2171 502 2269 532; x_wconf 89' lang='lat' dir='ltr'>habet</span> <span class='ocrx_word' id='word_1_671' title='bbox 2285 501 2453 532; x_wconf 89' lang='lat' dir='ltr'>veritatem</span> <span class='ocrx_word' id='word_1_672' title='bbox 2472 501 2512 533; x_wconf 88' lang='lat' dir='ltr'>de</span> 
     </span>
     <span class='ocr_line' id='line_1_92' title="bbox 1432 545 2512 587; baseline 0.001 -12"><span class='ocrx_word' id='word_1_673' title='bbox 1432 545 1555 576; x_wconf 86' lang='lat' dir='ltr'>unitate</span> <span class='ocrx_word' id='word_1_674' title='bbox 1570 546 1631 576; x_wconf 90' lang='lat' dir='ltr'>sibi</span> <span class='ocrx_word' id='word_1_675' title='bbox 1647 546 1922 587; x_wconf 87' lang='lat' dir='ltr'>correspondente</span> <span class='ocrx_word' id='word_1_676' title='bbox 1945 547 2103 584; x_wconf 90' lang='lat' dir='ltr'>absolute,</span> <span class='ocrx_word' id='word_1_677' title='bbox 2121 555 2206 587; x_wconf 92' lang='lat' dir='ltr'>quae</span> <span class='ocrx_word' id='word_1_678' title='bbox 2222 551 2270 576; x_wconf 91' lang='lat' dir='ltr'>est</span> <span class='ocrx_word' id='word_1_679' title='bbox 2285 546 2391 577; x_wconf 90' lang='lat' dir='ltr'>unitas</span> <span class='ocrx_word' id='word_1_680' title='bbox 2411 551 2512 577; x_wconf 89' lang='lat' dir='ltr'>trans-</span> 
     </span>
     <span class='ocr_line' id='line_1_93' title="bbox 1432 589 2511 632; baseline 0.001 -12"><span class='ocrx_word' id='word_1_681' title='bbox 1432 589 1591 620; x_wconf 86' lang='lat' dir='ltr'>cendens:</span> <span class='ocrx_word' id='word_1_682' title='bbox 1625 590 1670 620; x_wconf 87' lang='lat' dir='ltr'>sic</span> <span class='ocrx_word' id='word_1_683' title='bbox 1701 591 1790 621; x_wconf 87' lang='lat' dir='ltr'>enim</span> <span class='ocrx_word' id='word_1_684' title='bbox 1817 600 1931 622; x_wconf 87' lang='lat' dir='ltr'>verum</span> <span class='ocrx_word' id='word_1_685' title='bbox 1961 597 2010 622; x_wconf 88' lang='lat' dir='ltr'>est</span> <span class='ocrx_word' id='word_1_686' title='bbox 2039 590 2132 632; x_wconf 93' lang='lat' dir='ltr'>quod</span> <span class='ocrx_word' id='word_1_687' title='bbox 2164 590 2416 631; x_wconf 77' lang='lat' dir='ltr'>unumquodque</span> <span class='ocrx_word' id='word_1_688' title='bbox 2446 599 2511 632; x_wconf 82' lang='lat' dir='ltr'>quo</span> 
     </span>
     <span class='ocr_line' id='line_1_94' title="bbox 1432 633 2513 672; baseline 0.002 -9"><span class='ocrx_word' id='word_1_689' title='bbox 1432 633 1528 664; x_wconf 85' lang='lat' dir='ltr'>modo</span> <span class='ocrx_word' id='word_1_690' title='bbox 1552 634 1648 664; x_wconf 84' lang='lat' dir='ltr'>habet</span> <span class='ocrx_word' id='word_1_691' title='bbox 1670 644 1748 671; x_wconf 81' lang='lat' dir='ltr'>esse,</span> <span class='ocrx_word' id='word_1_692' title='bbox 1772 635 1869 666; x_wconf 77' lang='lat' dir='ltr'>habet</span> <span class='ocrx_word' id='word_1_693' title='bbox 1896 635 1994 666; x_wconf 76' lang='lat' dir='ltr'>etiam</span> <span class='ocrx_word' id='word_1_694' title='bbox 2025 636 2183 666; x_wconf 81' lang='lat' dir='ltr'>unitatem</span> <span class='ocrx_word' id='word_1_695' title='bbox 2214 633 2513 672; x_wconf 63' lang='lat' dir='ltr'>transcendentem</span> 
     </span>
     <span class='ocr_line' id='line_1_95' title="bbox 1432 679 2511 720; baseline 0.002 -12"><span class='ocrx_word' id='word_1_696' title='bbox 1432 679 1509 719; x_wconf 93' lang='lat' dir='ltr'>quia</span> <span class='ocrx_word' id='word_1_697' title='bbox 1524 679 1608 709; x_wconf 88' lang='lat' dir='ltr'>sicut</span> <span class='ocrx_word' id='word_1_698' title='bbox 1623 679 1746 720; x_wconf 91' lang='lat' dir='ltr'>aliquid</span> <span class='ocrx_word' id='word_1_699' title='bbox 1766 679 1931 711; x_wconf 85' lang='lat' dir='ltr'>concurrit</span> <span class='ocrx_word' id='word_1_700' title='bbox 1946 679 1988 710; x_wconf 89' lang='lat' dir='ltr'>ad</span> <span class='ocrx_word' id='word_1_701' title='bbox 2003 689 2072 710; x_wconf 87' lang='lat' dir='ltr'>esse</span> <span class='ocrx_word' id='word_1_702' title='bbox 2087 680 2234 716; x_wconf 88' lang='lat' dir='ltr'>alicuius,</span> <span class='ocrx_word' id='word_1_703' title='bbox 2251 680 2295 710; x_wconf 89' lang='lat' dir='ltr'>ita</span> <span class='ocrx_word' id='word_1_704' title='bbox 2310 685 2343 710; x_wconf 91' lang='lat' dir='ltr'>et</span> <span class='ocrx_word' id='word_1_705' title='bbox 2358 679 2398 710; x_wconf 88' lang='lat' dir='ltr'>ad</span> <span class='ocrx_word' id='word_1_706' title='bbox 2413 679 2511 710; x_wconf 89' lang='lat' dir='ltr'>talem</span> 
     </span>
     <span class='ocr_line' id='line_1_96' title="bbox 1432 720 2511 755; baseline 0.002 -2"><span class='ocrx_word' id='word_1_707' title='bbox 1432 723 1502 753; x_wconf 92' lang='lat' dir='ltr'>eius</span> <span class='ocrx_word' id='word_1_708' title='bbox 1524 723 1694 754; x_wconf 91' lang='lat' dir='ltr'>unitatem.</span> <span class='ocrx_word' id='word_1_709' title='bbox 1723 723 1766 754; x_wconf 93' lang='lat' dir='ltr'>Et</span> <span class='ocrx_word' id='word_1_710' title='bbox 1792 723 1833 754; x_wconf 91' lang='lat' dir='ltr'>ad</span> <span class='ocrx_word' id='word_1_711' title='bbox 1863 720 1952 754; x_wconf 84' lang='lat' dir='ltr'>hunc</span> <span class='ocrx_word' id='word_1_712' title='bbox 1981 732 2114 755; x_wconf 87' lang='lat' dir='ltr'>sensum</span> <span class='ocrx_word' id='word_1_713' title='bbox 2143 724 2275 755; x_wconf 87' lang='lat' dir='ltr'>locutus</span> <span class='ocrx_word' id='word_1_714' title='bbox 2303 729 2351 755; x_wconf 85' lang='lat' dir='ltr'>est</span> <span class='ocrx_word' id='word_1_715' title='bbox 2374 724 2511 755; x_wconf 86' lang='lat' dir='ltr'>Sanctus</span> 
     </span>
     <span class='ocr_line' id='line_1_97' title="bbox 1431 767 2512 808; baseline 0.001 -11"><span class='ocrx_word' id='word_1_716' title='bbox 1431 767 1579 798; x_wconf 87' lang='lat' dir='ltr'>Thomas</span> <span class='ocrx_word' id='word_1_717' title='bbox 1601 768 1635 798; x_wconf 92' lang='lat' dir='ltr'>in</span> <span class='ocrx_word' id='word_1_718' title='bbox 1658 768 1735 798; x_wconf 92' lang='lat' dir='ltr'>loco</span> <span class='ocrx_word' id='word_1_719' title='bbox 1759 767 1913 808; x_wconf 86' lang='lat' dir='ltr'>allegato:</span> <span class='ocrx_word' id='word_1_720' title='bbox 1937 767 1984 798; x_wconf 89' lang='lat' dir='ltr'>ibi</span> <span class='ocrx_word' id='word_1_721' title='bbox 2007 768 2096 799; x_wconf 91' lang='lat' dir='ltr'>enim</span> <span class='ocrx_word' id='word_1_722' title='bbox 2118 768 2160 799; x_wconf 83' lang='lat' dir='ltr'>de</span> <span class='ocrx_word' id='word_1_723' title='bbox 2183 769 2290 800; x_wconf 87' lang='lat' dir='ltr'>anima</span> <span class='ocrx_word' id='word_1_724' title='bbox 2318 768 2512 799; x_wconf 86' lang='lat' dir='ltr'>intellectiva</span> 
     </span>
     <span class='ocr_line' id='line_1_98' title="bbox 1431 811 2512 853; baseline 0.001 -11"><span class='ocrx_word' id='word_1_725' title='bbox 1431 811 1586 852; x_wconf 87' lang='lat' dir='ltr'>loquitur,</span> <span class='ocrx_word' id='word_1_726' title='bbox 1616 821 1716 853; x_wconf 89' lang='lat' dir='ltr'>quam</span> <span class='ocrx_word' id='word_1_727' title='bbox 1745 817 1872 843; x_wconf 90' lang='lat' dir='ltr'>constat</span> <span class='ocrx_word' id='word_1_728' title='bbox 1901 820 1971 842; x_wconf 62' lang='lat' dir='ltr'>esse</span> <span class='ocrx_word' id='word_1_729' title='bbox 2000 821 2102 842; x_wconf 90' lang='lat' dir='ltr'>unam</span> <span class='ocrx_word' id='word_1_730' title='bbox 2131 821 2201 843; x_wconf 88' lang='lat' dir='ltr'>non</span> <span class='ocrx_word' id='word_1_731' title='bbox 2233 813 2454 853; x_wconf 84' lang='lat' dir='ltr'>quantitative,</span> <span class='ocrx_word' id='word_1_732' title='bbox 2485 813 2512 843; x_wconf 93' lang='lat' dir='ltr'>si</span> 
     </span>
     <span class='ocr_line' id='line_1_99' title="bbox 1430 855 2512 896; baseline 0.002 -10"><span class='ocrx_word' id='word_1_733' title='bbox 1430 856 1574 896; x_wconf 88' lang='lat' dir='ltr'>praecise</span> <span class='ocrx_word' id='word_1_734' title='bbox 1597 862 1754 893; x_wconf 88' lang='lat' dir='ltr'>sumatur,</span> <span class='ocrx_word' id='word_1_735' title='bbox 1778 856 1836 887; x_wconf 89' lang='lat' dir='ltr'>sed</span> <span class='ocrx_word' id='word_1_736' title='bbox 1858 855 2122 887; x_wconf 86' lang='lat' dir='ltr'>transcendenter</span> <span class='ocrx_word' id='word_1_737' title='bbox 2142 861 2280 894; x_wconf 87' lang='lat' dir='ltr'>tantum,</span> <span class='ocrx_word' id='word_1_738' title='bbox 2304 866 2382 888; x_wconf 87' lang='lat' dir='ltr'>cum</span> <span class='ocrx_word' id='word_1_739' title='bbox 2405 858 2512 888; x_wconf 87' lang='lat' dir='ltr'>unitas</span> 
     </span>
     <span class='ocr_line' id='line_1_100' title="bbox 1431 901 2512 941; baseline 0.001 -10"><span class='ocrx_word' id='word_1_740' title='bbox 1431 901 1643 941; x_wconf 90' lang='lat' dir='ltr'>quantitativa</span> <span class='ocrx_word' id='word_1_741' title='bbox 1658 911 1728 932; x_wconf 89' lang='lat' dir='ltr'>non</span> <span class='ocrx_word' id='word_1_742' title='bbox 1743 902 1917 932; x_wconf 88' lang='lat' dir='ltr'>conveniat</span> <span class='ocrx_word' id='word_1_743' title='bbox 1939 901 2002 931; x_wconf 90' lang='lat' dir='ltr'>nisi</span> <span class='ocrx_word' id='word_1_744' title='bbox 2025 901 2122 931; x_wconf 89' lang='lat' dir='ltr'>rebus</span> <span class='ocrx_word' id='word_1_745' title='bbox 2143 901 2372 939; x_wconf 82' lang='lat' dir='ltr'>materialibus,</span> <span class='ocrx_word' id='word_1_746' title='bbox 2390 907 2428 932; x_wconf 92' lang='lat' dir='ltr'>ut</span> <span class='ocrx_word' id='word_1_747' title='bbox 2442 902 2512 933; x_wconf 88' lang='lat' dir='ltr'>vult</span> 
     </span>
     <span class='ocr_line' id='line_1_101' title="bbox 1430 943 2512 987; baseline 0 -11"><span class='ocrx_word' id='word_1_748' title='bbox 1430 944 1568 976; x_wconf 82' lang='lat' dir='ltr'>Sanctus</span> <span class='ocrx_word' id='word_1_749' title='bbox 1591 945 1738 976; x_wconf 87' lang='lat' dir='ltr'>Thomas</span> <span class='ocrx_word' id='word_1_750' title='bbox 1759 946 1832 976; x_wconf 81' lang='lat' dir='ltr'>Por.</span> <span class='ocrx_word' id='word_1_751' title='bbox 1857 955 1889 987; x_wconf 93' lang='lat' dir='ltr'>q.</span> <span class='ocrx_word' id='word_1_752' title='bbox 1906 955 1948 982; x_wconf 85' lang='lat' dir='ltr'>rx,</span> <span class='ocrx_word' id='word_1_753' title='bbox 1973 954 2002 976; x_wconf 87' lang='lat' dir='ltr'>a.</span> <span class='ocrx_word' id='word_1_754' title='bbox 2023 953 2060 985; x_wconf 76' lang='lat'>73</span> <span class='ocrx_word' id='word_1_755' title='bbox 2084 943 2173 975; x_wconf 89' lang='lat' dir='ltr'>unde</span> <span class='ocrx_word' id='word_1_756' title='bbox 2202 945 2273 976; x_wconf 86' lang='lat' dir='ltr'>vult</span> <span class='ocrx_word' id='word_1_757' title='bbox 2302 945 2405 986; x_wconf 92' lang='lat' dir='ltr'>quod,</span> <span class='ocrx_word' id='word_1_758' title='bbox 2434 946 2512 987; x_wconf 87' lang='lat' dir='ltr'>quia</span> 
     </span>
     <span class='ocr_line' id='line_1_102' title="bbox 1430 988 2511 1031; baseline 0.002 -12"><span class='ocrx_word' id='word_1_759' title='bbox 1430 990 1538 1020; x_wconf 90' lang='lat' dir='ltr'>anima</span> <span class='ocrx_word' id='word_1_760' title='bbox 1561 999 1631 1020; x_wconf 92' lang='lat' dir='ltr'>non</span> <span class='ocrx_word' id='word_1_761' title='bbox 1654 989 1817 1031; x_wconf 89' lang='lat' dir='ltr'>dependet</span> <span class='ocrx_word' id='word_1_762' title='bbox 1839 1000 1858 1021; x_wconf 89' lang='lat' dir='ltr'>a</span> <span class='ocrx_word' id='word_1_763' title='bbox 1881 999 2020 1030; x_wconf 90' lang='lat' dir='ltr'>corpore</span> <span class='ocrx_word' id='word_1_764' title='bbox 2047 988 2230 1020; x_wconf 87' lang='lat' dir='ltr'>secundum</span> <span class='ocrx_word' id='word_1_765' title='bbox 2253 998 2332 1026; x_wconf 83' lang='lat' dir='ltr'>esse,</span> <span class='ocrx_word' id='word_1_766' title='bbox 2356 989 2433 1021; x_wconf 80' lang='lat' dir='ltr'>licet</span> <span class='ocrx_word' id='word_1_767' title='bbox 2454 990 2511 1021; x_wconf 92' lang='lat' dir='ltr'>ha-</span> 
     </span>
     <span class='ocr_line' id='line_1_103' title="bbox 1430 1033 2510 1075; baseline 0 -11"><span class='ocrx_word' id='word_1_768' title='bbox 1430 1034 1505 1064; x_wconf 91' lang='lat' dir='ltr'>beat</span> <span class='ocrx_word' id='word_1_769' title='bbox 1527 1043 1597 1065; x_wconf 89' lang='lat' dir='ltr'>esse</span> <span class='ocrx_word' id='word_1_770' title='bbox 1620 1035 1655 1064; x_wconf 91' lang='lat' dir='ltr'>in</span> <span class='ocrx_word' id='word_1_771' title='bbox 1678 1043 1818 1075; x_wconf 91' lang='lat' dir='ltr'>corpore</span> <span class='ocrx_word' id='word_1_772' title='bbox 1840 1040 1878 1066; x_wconf 93' lang='lat' dir='ltr'>ut</span> <span class='ocrx_word' id='word_1_773' title='bbox 1899 1035 1934 1065; x_wconf 92' lang='lat' dir='ltr'>in</span> <span class='ocrx_word' id='word_1_774' title='bbox 1956 1033 2110 1065; x_wconf 90' lang='lat' dir='ltr'>Secundo</span> <span class='ocrx_word' id='word_1_775' title='bbox 2133 1033 2231 1064; x_wconf 91' lang='lat' dir='ltr'>huius</span> <span class='ocrx_word' id='word_1_776' title='bbox 2254 1033 2467 1065; x_wconf 80' lang='lat' dir='ltr'>declarabitur</span> <span class='ocrx_word' id='word_1_777' title='bbox 2481 1035 2510 1072; x_wconf 73' lang='grc'>“,</span> 
     </span>
     <span class='ocr_line' id='line_1_104' title="bbox 1429 1077 2512 1120; baseline 0 -11"><span class='ocrx_word' id='word_1_778' title='bbox 1429 1077 1505 1109; x_wconf 93' lang='lat' dir='ltr'>ideo</span> <span class='ocrx_word' id='word_1_779' title='bbox 1521 1087 1583 1109; x_wconf 89' lang='lat' dir='ltr'>nec</span> <span class='ocrx_word' id='word_1_780' title='bbox 1598 1088 1616 1109; x_wconf 89' lang='lat' dir='ltr'>a</span> <span class='ocrx_word' id='word_1_781' title='bbox 1632 1088 1772 1120; x_wconf 89' lang='lat' dir='ltr'>corpore</span> <span class='ocrx_word' id='word_1_782' title='bbox 1795 1078 1978 1110; x_wconf 84' lang='lat' dir='ltr'>secundum</span> <span class='ocrx_word' id='word_1_783' title='bbox 2001 1087 2095 1109; x_wconf 87' lang='lat' dir='ltr'>suam</span> <span class='ocrx_word' id='word_1_784' title='bbox 2118 1078 2277 1109; x_wconf 79' lang='lat' dir='ltr'>unitatem</span> <span class='ocrx_word' id='word_1_785' title='bbox 2300 1077 2474 1118; x_wconf 82' lang='lat' dir='ltr'>dependet.</span> <span class='ocrx_word' id='word_1_786' title='bbox 2487 1095 2512 1102; x_wconf 92' lang='lat'><em>-</em></span> 
     </span>
     <span class='ocr_line' id='line_1_105' title="bbox 1430 1122 2513 1164; baseline -0.001 -10"><span class='ocrx_word' id='word_1_787' title='bbox 1430 1122 1465 1154; x_wconf 92' lang='lat' dir='ltr'>Si</span> <span class='ocrx_word' id='word_1_788' title='bbox 1487 1131 1565 1153; x_wconf 89' lang='lat' dir='ltr'>vero</span> <span class='ocrx_word' id='word_1_789' title='bbox 1589 1123 1766 1164; x_wconf 86' lang='lat' dir='ltr'>loquamur</span> <span class='ocrx_word' id='word_1_790' title='bbox 1787 1123 1829 1155; x_wconf 94' lang='lat' dir='ltr'>de</span> <span class='ocrx_word' id='word_1_791' title='bbox 1853 1133 1922 1154; x_wconf 89' lang='lat' dir='ltr'>esse</span> <span class='ocrx_word' id='word_1_792' title='bbox 1946 1128 2082 1164; x_wconf 89' lang='lat' dir='ltr'>quanto,</span> <span class='ocrx_word' id='word_1_793' title='bbox 2103 1122 2190 1153; x_wconf 87' lang='lat' dir='ltr'>dicta</span> <span class='ocrx_word' id='word_1_794' title='bbox 2208 1123 2392 1163; x_wconf 86' lang='lat' dir='ltr'>propositio</span> <span class='ocrx_word' id='word_1_795' title='bbox 2415 1123 2513 1154; x_wconf 83' lang='lat' dir='ltr'>habet</span> 
     </span>
     <span class='ocr_line' id='line_1_106' title="bbox 1430 1167 2512 1209; baseline 0.002 -12"><span class='ocrx_word' id='word_1_796' title='bbox 1430 1168 1597 1198; x_wconf 89' lang='lat' dir='ltr'>veritatem</span> <span class='ocrx_word' id='word_1_797' title='bbox 1621 1167 1661 1199; x_wconf 92' lang='lat' dir='ltr'>de</span> <span class='ocrx_word' id='word_1_798' title='bbox 1685 1168 1808 1199; x_wconf 89' lang='lat' dir='ltr'>unitate</span> <span class='ocrx_word' id='word_1_799' title='bbox 1828 1168 1889 1199; x_wconf 93' lang='lat' dir='ltr'>sibi</span> <span class='ocrx_word' id='word_1_800' title='bbox 1911 1168 2167 1209; x_wconf 88' lang='lat' dir='ltr'>proportionata,</span> <span class='ocrx_word' id='word_1_801' title='bbox 2185 1176 2270 1208; x_wconf 89' lang='lat' dir='ltr'>quae</span> <span class='ocrx_word' id='word_1_802' title='bbox 2286 1172 2335 1198; x_wconf 85' lang='lat' dir='ltr'>est</span> <span class='ocrx_word' id='word_1_803' title='bbox 2349 1167 2456 1198; x_wconf 81' lang='lat' dir='ltr'>unitas</span> <span class='ocrx_word' id='word_1_804' title='bbox 2470 1167 2512 1199; x_wconf 86' lang='lat' dir='ltr'>de</span> 
     </span>
     <span class='ocr_line' id='line_1_107' title="bbox 1428 1211 2512 1253; baseline 0.001 -11"><span class='ocrx_word' id='word_1_805' title='bbox 1428 1220 1548 1252; x_wconf 84' lang='lat' dir='ltr'>genere</span> <span class='ocrx_word' id='word_1_806' title='bbox 1571 1213 1772 1253; x_wconf 89' lang='lat' dir='ltr'>quantitatis:</span> <span class='ocrx_word' id='word_1_807' title='bbox 1796 1212 1871 1244; x_wconf 89' lang='lat' dir='ltr'>licet</span> <span class='ocrx_word' id='word_1_808' title='bbox 1894 1221 1964 1243; x_wconf 88' lang='lat' dir='ltr'>non</span> <span class='ocrx_word' id='word_1_809' title='bbox 1979 1212 2020 1243; x_wconf 92' lang='lat' dir='ltr'>sit</span> <span class='ocrx_word' id='word_1_810' title='bbox 2035 1221 2054 1243; x_wconf 82' lang='lat' dir='ltr'>a</span> <span class='ocrx_word' id='word_1_811' title='bbox 2069 1212 2190 1244; x_wconf 89' lang='lat' dir='ltr'>Sancto</span> <span class='ocrx_word' id='word_1_812' title='bbox 2206 1211 2338 1243; x_wconf 87' lang='lat' dir='ltr'>Thoma</span> <span class='ocrx_word' id='word_1_813' title='bbox 2360 1211 2402 1242; x_wconf 82' lang='lat' dir='ltr'>ad</span> <span class='ocrx_word' id='word_1_814' title='bbox 2423 1212 2512 1243; x_wconf 87' lang='lat' dir='ltr'>hunc</span> 
     </span>
     <span class='ocr_line' id='line_1_108' title="bbox 1430 1255 2514 1298; baseline 0.001 -11"><span class='ocrx_word' id='word_1_815' title='bbox 1430 1265 1563 1287; x_wconf 88' lang='lat' dir='ltr'>sensum</span> <span class='ocrx_word' id='word_1_816' title='bbox 1593 1255 1715 1288; x_wconf 90' lang='lat' dir='ltr'>ibidem</span> <span class='ocrx_word' id='word_1_817' title='bbox 1744 1258 1861 1298; x_wconf 85' lang='lat' dir='ltr'>posita.</span> <span class='ocrx_word' id='word_1_818' title='bbox 1893 1256 1972 1296; x_wconf 88' lang='lat' dir='ltr'>Quo</span> <span class='ocrx_word' id='word_1_819' title='bbox 1995 1256 2099 1288; x_wconf 89' lang='lat' dir='ltr'>modo</span> <span class='ocrx_word' id='word_1_820' title='bbox 2127 1256 2216 1287; x_wconf 85' lang='lat' dir='ltr'>enim</span> <span class='ocrx_word' id='word_1_821' title='bbox 2245 1255 2514 1298; x_wconf 77' lang='lat' dir='ltr'>unumquodque</span> 
     </span>
     <span class='ocr_line' id='line_1_109' title="bbox 1430 1300 2512 1343; baseline 0 -11"><span class='ocrx_word' id='word_1_822' title='bbox 1430 1301 1527 1332; x_wconf 88' lang='lat' dir='ltr'>habet</span> <span class='ocrx_word' id='word_1_823' title='bbox 1541 1310 1612 1332; x_wconf 90' lang='lat' dir='ltr'>esse</span> <span class='ocrx_word' id='word_1_824' title='bbox 1627 1306 1799 1342; x_wconf 88' lang='lat' dir='ltr'>quantum,</span> <span class='ocrx_word' id='word_1_825' title='bbox 1823 1301 1942 1333; x_wconf 90' lang='lat' dir='ltr'>eodem</span> <span class='ocrx_word' id='word_1_826' title='bbox 1964 1300 2068 1333; x_wconf 89' lang='lat' dir='ltr'>modo</span> <span class='ocrx_word' id='word_1_827' title='bbox 2091 1301 2189 1332; x_wconf 86' lang='lat' dir='ltr'>habet</span> <span class='ocrx_word' id='word_1_828' title='bbox 2210 1301 2370 1333; x_wconf 86' lang='lat' dir='ltr'>unitatem</span> <span class='ocrx_word' id='word_1_829' title='bbox 2393 1300 2435 1332; x_wconf 86' lang='lat' dir='ltr'>de</span> <span class='ocrx_word' id='word_1_830' title='bbox 2456 1309 2512 1343; x_wconf 84' lang='lat' dir='ltr'>ge-</span> 
     </span>
     <span class='ocr_line' id='line_1_110' title="bbox 1429 1345 2513 1387; baseline 0 -11"><span class='ocrx_word' id='word_1_831' title='bbox 1429 1355 1507 1377; x_wconf 89' lang='lat' dir='ltr'>nere</span> <span class='ocrx_word' id='word_1_832' title='bbox 1531 1347 1728 1387; x_wconf 86' lang='lat' dir='ltr'>quantitatis.</span> <span class='ocrx_word' id='word_1_833' title='bbox 1759 1346 1802 1377; x_wconf 91' lang='lat' dir='ltr'>Et</span> <span class='ocrx_word' id='word_1_834' title='bbox 1824 1345 1902 1387; x_wconf 88' lang='lat' dir='ltr'>quia</span> <span class='ocrx_word' id='word_1_835' title='bbox 1931 1346 2012 1377; x_wconf 88' lang='lat' dir='ltr'>nihil</span> <span class='ocrx_word' id='word_1_836' title='bbox 2042 1346 2140 1377; x_wconf 87' lang='lat' dir='ltr'>habet</span> <span class='ocrx_word' id='word_1_837' title='bbox 2169 1354 2240 1376; x_wconf 83' lang='lat' dir='ltr'>esse</span> <span class='ocrx_word' id='word_1_838' title='bbox 2262 1351 2423 1386; x_wconf 87' lang='lat' dir='ltr'>quantum</span> <span class='ocrx_word' id='word_1_839' title='bbox 2449 1346 2513 1376; x_wconf 79' lang='lat' dir='ltr'>nisi</span> 
     </span>
     <span class='ocr_line' id='line_1_111' title="bbox 1430 1389 2514 1432; baseline 0 -10"><span class='ocrx_word' id='word_1_840' title='bbox 1430 1400 1489 1431; x_wconf 90' lang='lat' dir='ltr'>per</span> <span class='ocrx_word' id='word_1_841' title='bbox 1504 1391 1718 1431; x_wconf 87' lang='lat' dir='ltr'>quantitatem</span> <span class='ocrx_word' id='word_1_842' title='bbox 1740 1390 1928 1428; x_wconf 81' lang='lat' dir='ltr'>formaliter,</span> <span class='ocrx_word' id='word_1_843' title='bbox 1946 1390 2022 1422; x_wconf 89' lang='lat' dir='ltr'>ideo</span> <span class='ocrx_word' id='word_1_844' title='bbox 2038 1389 2304 1432; x_wconf 87' lang='lat' dir='ltr'>unumquodque</span> <span class='ocrx_word' id='word_1_845' title='bbox 2326 1398 2387 1432; x_wconf 86' lang='lat' dir='ltr'>per</span> <span class='ocrx_word' id='word_1_846' title='bbox 2408 1399 2514 1432; x_wconf 78' lang='lat' dir='ltr'>quan-</span> 
     </span>
     <span class='ocr_line' id='line_1_112' title="bbox 1430 1435 2513 1476; baseline 0 -10"><span class='ocrx_word' id='word_1_847' title='bbox 1430 1436 1554 1466; x_wconf 88' lang='lat' dir='ltr'>titatem</span> <span class='ocrx_word' id='word_1_848' title='bbox 1577 1441 1626 1466; x_wconf 85' lang='lat' dir='ltr'>est</span> <span class='ocrx_word' id='word_1_849' title='bbox 1648 1435 1827 1467; x_wconf 86' lang='lat' dir='ltr'>formaliter</span> <span class='ocrx_word' id='word_1_850' title='bbox 1848 1444 1954 1467; x_wconf 90' lang='lat' dir='ltr'>unum</span> <span class='ocrx_word' id='word_1_851' title='bbox 1977 1436 2101 1467; x_wconf 88' lang='lat' dir='ltr'>unitate</span> <span class='ocrx_word' id='word_1_852' title='bbox 2124 1435 2345 1476; x_wconf 83' lang='lat' dir='ltr'>quantitativa.</span> <span class='ocrx_word' id='word_1_853' title='bbox 2377 1435 2428 1466; x_wconf 91' lang='lat' dir='ltr'>De</span> <span class='ocrx_word' id='word_1_854' title='bbox 2451 1435 2513 1466; x_wconf 80' lang='lat' dir='ltr'>hac</span> 
     </span>
     <span class='ocr_line' id='line_1_113' title="bbox 1430 1479 2512 1521; baseline 0 -10"><span class='ocrx_word' id='word_1_855' title='bbox 1430 1485 1541 1510; x_wconf 89' lang='lat' dir='ltr'>autem</span> <span class='ocrx_word' id='word_1_856' title='bbox 1564 1481 1687 1511; x_wconf 80' lang='lat' dir='ltr'>unitate</span> <span class='ocrx_word' id='word_1_857' title='bbox 1710 1480 1879 1521; x_wconf 90' lang='lat' dir='ltr'>loquimur</span> <span class='ocrx_word' id='word_1_858' title='bbox 1901 1489 1979 1511; x_wconf 91' lang='lat' dir='ltr'>cum</span> <span class='ocrx_word' id='word_1_859' title='bbox 2000 1479 2139 1511; x_wconf 91' lang='lat' dir='ltr'>dicimus</span> <span class='ocrx_word' id='word_1_860' title='bbox 2154 1485 2303 1511; x_wconf 79' lang='lat' dir='ltr'>naturam</span> <span class='ocrx_word' id='word_1_861' title='bbox 2326 1488 2386 1521; x_wconf 87' lang='lat' dir='ltr'>per</span> <span class='ocrx_word' id='word_1_862' title='bbox 2408 1487 2512 1521; x_wconf 85' lang='lat' dir='ltr'>quan-</span> 
     </span>
     <span class='ocr_line' id='line_1_114' title="bbox 1430 1523 2511 1556; baseline 0.001 -1"><span class='ocrx_word' id='word_1_863' title='bbox 1430 1525 1555 1555; x_wconf 86' lang='lat' dir='ltr'>titatem</span> <span class='ocrx_word' id='word_1_864' title='bbox 1578 1524 1756 1556; x_wconf 85' lang='lat' dir='ltr'>formaliter</span> <span class='ocrx_word' id='word_1_865' title='bbox 1786 1531 1819 1556; x_wconf 87' lang='lat' dir='ltr'>et</span> <span class='ocrx_word' id='word_1_866' title='bbox 1847 1524 2041 1556; x_wconf 87' lang='lat' dir='ltr'>individuari</span> <span class='ocrx_word' id='word_1_867' title='bbox 2064 1530 2096 1555; x_wconf 91' lang='lat' dir='ltr'>et</span> <span class='ocrx_word' id='word_1_868' title='bbox 2119 1525 2238 1556; x_wconf 83' lang='lat' dir='ltr'>habere</span> <span class='ocrx_word' id='word_1_869' title='bbox 2267 1523 2511 1556; x_wconf 79' lang='lat' dir='ltr'>distinctionem</span> 
     </span>
     <span class='ocr_line' id='line_1_115' title="bbox 1430 1568 2512 1610; baseline 0 -10"><span class='ocrx_word' id='word_1_870' title='bbox 1430 1569 1630 1600; x_wconf 88' lang='lat' dir='ltr'>materialem</span> <span class='ocrx_word' id='word_1_871' title='bbox 1653 1570 1693 1600; x_wconf 86' lang='lat' dir='ltr'>ab</span> <span class='ocrx_word' id='word_1_872' title='bbox 1723 1569 1799 1600; x_wconf 86' lang='lat' dir='ltr'>alio.</span> <span class='ocrx_word' id='word_1_873' title='bbox 1831 1569 1940 1610; x_wconf 91' lang='lat' dir='ltr'>Inquit</span> <span class='ocrx_word' id='word_1_874' title='bbox 1963 1570 2052 1600; x_wconf 86' lang='lat' dir='ltr'>enim</span> <span class='ocrx_word' id='word_1_875' title='bbox 2076 1569 2213 1600; x_wconf 87' lang='lat' dir='ltr'>Sanctus</span> <span class='ocrx_word' id='word_1_876' title='bbox 2236 1568 2384 1600; x_wconf 84' lang='lat' dir='ltr'>Thomas</span> <span class='ocrx_word' id='word_1_877' title='bbox 2406 1576 2512 1610; x_wconf 79' lang='lat' dir='ltr'>quan—</span> 
     </span>
     <span class='ocr_line' id='line_1_116' title="bbox 1429 1613 2510 1655; baseline -0.001 -10"><span class='ocrx_word' id='word_1_878' title='bbox 1429 1614 1554 1645; x_wconf 84' lang='lat' dir='ltr'>titatem</span> <span class='ocrx_word' id='word_1_879' title='bbox 1569 1613 1644 1645; x_wconf 89' lang='lat' dir='ltr'>ideo</span> <span class='ocrx_word' id='word_1_880' title='bbox 1661 1623 1855 1645; x_wconf 87' lang='lat' dir='ltr'>concurrere</span> <span class='ocrx_word' id='word_1_881' title='bbox 1870 1613 1911 1645; x_wconf 88' lang='lat' dir='ltr'>ad</span> <span class='ocrx_word' id='word_1_882' title='bbox 1926 1613 2218 1645; x_wconf 84' lang='lat' dir='ltr'>individuationem</span> <span class='ocrx_word' id='word_1_883' title='bbox 2241 1613 2318 1654; x_wconf 84' lang='lat' dir='ltr'>quia</span> <span class='ocrx_word' id='word_1_884' title='bbox 2332 1622 2391 1654; x_wconf 86' lang='lat' dir='ltr'>per</span> <span class='ocrx_word' id='word_1_885' title='bbox 2405 1614 2510 1655; x_wconf 85' lang='lat' dir='ltr'>ipsam</span> 
     </span>
     <span class='ocr_line' id='line_1_117' title="bbox 1430 1657 2510 1699; baseline 0.001 -10"><span class='ocrx_word' id='word_1_886' title='bbox 1430 1657 1635 1690; x_wconf 89' lang='lat' dir='ltr'>individuum</span> <span class='ocrx_word' id='word_1_887' title='bbox 1650 1664 1699 1689; x_wconf 92' lang='lat' dir='ltr'>est</span> <span class='ocrx_word' id='word_1_888' title='bbox 1713 1659 1778 1690; x_wconf 90' lang='lat' dir='ltr'>hoc</span> <span class='ocrx_word' id='word_1_889' title='bbox 1793 1659 1956 1699; x_wconf 83' lang='lat' dir='ltr'>signatum</span> <span class='ocrx_word' id='word_1_890' title='bbox 1972 1664 2005 1690; x_wconf 88' lang='lat' dir='ltr'>et</span> <span class='ocrx_word' id='word_1_891' title='bbox 2016 1658 2286 1695; x_wconf 80' lang='lat' dir='ltr'>demonstratum,</span> <span class='ocrx_word' id='word_1_892' title='bbox 2298 1658 2338 1688; x_wconf 89' lang='lat' dir='ltr'>ab</span> <span class='ocrx_word' id='word_1_893' title='bbox 2355 1659 2510 1690; x_wconf 81' lang='lat' dir='ltr'>omnibus</span> 
     </span>
     <span class='ocr_line' id='line_1_118' title="bbox 1430 1700 2508 1744; baseline 0 -10"><span class='ocrx_word' id='word_1_894' title='bbox 1430 1703 1499 1734; x_wconf 89' lang='lat' dir='ltr'>aliis</span> <span class='ocrx_word' id='word_1_895' title='bbox 1511 1702 1658 1734; x_wconf 86' lang='lat' dir='ltr'>eiusdem</span> <span class='ocrx_word' id='word_1_896' title='bbox 1673 1704 1794 1744; x_wconf 88' lang='lat' dir='ltr'>speciei</span> <span class='ocrx_word' id='word_1_897' title='bbox 1805 1703 2010 1734; x_wconf 86' lang='lat' dir='ltr'>materialiter</span> <span class='ocrx_word' id='word_1_898' title='bbox 2022 1708 2055 1734; x_wconf 90' lang='lat' dir='ltr'>et</span> <span class='ocrx_word' id='word_1_899' title='bbox 2064 1702 2274 1734; x_wconf 81' lang='lat' dir='ltr'>numeraliter</span> <span class='ocrx_word' id='word_1_900' title='bbox 2284 1700 2473 1734; x_wconf 76' lang='lat' dir='ltr'>distinctum</span> <span class='ocrx_word' id='word_1_901' title='bbox 2480 1703 2508 1733; x_wconf 75' lang='lat'>&#39;-</span> 
     </span>
    </p>

    <p class='ocr_par' dir='ltr' id='par_1_24' title="bbox 1429 1746 2510 2503">
     <span class='ocr_line' id='line_1_119' title="bbox 1485 1746 2509 1789; baseline 0 -11"><span class='ocrx_word' id='word_1_902' title='bbox 1485 1747 1538 1778; x_wconf 83' lang='lat' dir='ltr'>Ad</span> <span class='ocrx_word' id='word_1_903' title='bbox 1566 1753 1795 1788; x_wconf 87' lang='lat' dir='ltr'>argumentum</span> <span class='ocrx_word' id='word_1_904' title='bbox 1823 1756 1901 1788; x_wconf 90' lang='lat' dir='ltr'>ergo</span> <span class='ocrx_word' id='word_1_905' title='bbox 1931 1747 2048 1779; x_wconf 88' lang='lat' dir='ltr'>dicitur</span> <span class='ocrx_word' id='word_1_906' title='bbox 2075 1746 2176 1789; x_wconf 89' lang='lat' dir='ltr'>quod,</span> <span class='ocrx_word' id='word_1_907' title='bbox 2201 1747 2228 1777; x_wconf 86' lang='lat' dir='ltr'>si</span> <span class='ocrx_word' id='word_1_908' title='bbox 2257 1747 2363 1778; x_wconf 83' lang='lat' dir='ltr'>maior</span> <span class='ocrx_word' id='word_1_909' title='bbox 2391 1746 2509 1778; x_wconf 85' lang='lat' dir='ltr'>intelli-</span> 
     </span>
     <span class='ocr_line' id='line_1_120' title="bbox 1429 1790 2509 1833; baseline 0 -11"><span class='ocrx_word' id='word_1_910' title='bbox 1429 1797 1532 1833; x_wconf 88' lang='lat' dir='ltr'>gatur,</span> <span class='ocrx_word' id='word_1_911' title='bbox 1556 1797 1594 1822; x_wconf 91' lang='lat' dir='ltr'>ut</span> <span class='ocrx_word' id='word_1_912' title='bbox 1616 1792 1753 1823; x_wconf 90' lang='lat' dir='ltr'>Sanctus</span> <span class='ocrx_word' id='word_1_913' title='bbox 1775 1792 1922 1823; x_wconf 84' lang='lat' dir='ltr'>Thomas</span> <span class='ocrx_word' id='word_1_914' title='bbox 1943 1792 2071 1833; x_wconf 88' lang='lat' dir='ltr'>accipit,</span> <span class='ocrx_word' id='word_1_915' title='bbox 2095 1791 2137 1822; x_wconf 92' lang='lat' dir='ltr'>de</span> <span class='ocrx_word' id='word_1_916' title='bbox 2159 1800 2230 1822; x_wconf 80' lang='lat' dir='ltr'>esse</span> <span class='ocrx_word' id='word_1_917' title='bbox 2251 1791 2400 1822; x_wconf 79' lang='lat' dir='ltr'>absolute</span> <span class='ocrx_word' id='word_1_918' title='bbox 2419 1796 2452 1823; x_wconf 82' lang='lat' dir='ltr'>et</span> <span class='ocrx_word' id='word_1_919' title='bbox 2466 1790 2509 1823; x_wconf 81' lang='lat' dir='ltr'>de</span> 
     </span>
     <span class='ocr_line' id='line_1_121' title="bbox 1430 1836 2509 1878; baseline 0.001 -11"><span class='ocrx_word' id='word_1_920' title='bbox 1430 1837 1553 1867; x_wconf 90' lang='lat' dir='ltr'>unitate</span> <span class='ocrx_word' id='word_1_921' title='bbox 1567 1836 1824 1873; x_wconf 83' lang='lat' dir='ltr'>transcendente,</span> <span class='ocrx_word' id='word_1_922' title='bbox 1841 1836 2031 1868; x_wconf 88' lang='lat' dir='ltr'>conceditur</span> <span class='ocrx_word' id='word_1_923' title='bbox 2044 1841 2152 1867; x_wconf 91' lang='lat' dir='ltr'>totum</span> <span class='ocrx_word' id='word_1_924' title='bbox 2168 1841 2410 1876; x_wconf 84' lang='lat' dir='ltr'>argumentum:</span> <span class='ocrx_word' id='word_1_925' title='bbox 2431 1837 2509 1878; x_wconf 73' lang='lat' dir='ltr'>quia</span> 
     </span>
     <span class='ocr_line' id='line_1_122' title="bbox 1429 1879 2508 1922; baseline 0 -11"><span class='ocrx_word' id='word_1_926' title='bbox 1429 1890 1499 1911; x_wconf 90' lang='lat' dir='ltr'>non</span> <span class='ocrx_word' id='word_1_927' title='bbox 1529 1880 1668 1912; x_wconf 91' lang='lat' dir='ltr'>dicimus</span> <span class='ocrx_word' id='word_1_928' title='bbox 1697 1881 1912 1921; x_wconf 87' lang='lat' dir='ltr'>quantitatem</span> <span class='ocrx_word' id='word_1_929' title='bbox 1942 1890 2012 1912; x_wconf 85' lang='lat' dir='ltr'>esse</span> <span class='ocrx_word' id='word_1_930' title='bbox 2042 1881 2240 1922; x_wconf 90' lang='lat' dir='ltr'>principium</span> <span class='ocrx_word' id='word_1_931' title='bbox 2269 1879 2407 1911; x_wconf 80' lang='lat' dir='ltr'>formale</span> <span class='ocrx_word' id='word_1_932' title='bbox 2438 1889 2508 1922; x_wconf 83' lang='lat' dir='ltr'>quo</span> 
     </span>
     <span class='ocr_line' id='line_1_123' title="bbox 1430 1925 2508 1966; baseline 0.001 -10"><span class='ocrx_word' id='word_1_933' title='bbox 1430 1925 1540 1956; x_wconf 91' lang='lat' dir='ltr'>Sortes</span> <span class='ocrx_word' id='word_1_934' title='bbox 1555 1930 1603 1956; x_wconf 91' lang='lat' dir='ltr'>est</span> <span class='ocrx_word' id='word_1_935' title='bbox 1618 1934 1704 1956; x_wconf 88' lang='lat' dir='ltr'>unus</span> <span class='ocrx_word' id='word_1_936' title='bbox 1719 1925 1996 1962; x_wconf 62' lang='lat' dir='ltr'>transcendentem</span> <span class='ocrx_word' id='word_1_937' title='bbox 2017 1925 2093 1956; x_wconf 88' lang='lat' dir='ltr'>licet</span> <span class='ocrx_word' id='word_1_938' title='bbox 2107 1925 2147 1956; x_wconf 87' lang='lat' dir='ltr'>sit</span> <span class='ocrx_word' id='word_1_939' title='bbox 2162 1933 2259 1956; x_wconf 83' lang='lat' dir='ltr'>causa</span> <span class='ocrx_word' id='word_1_940' title='bbox 2274 1925 2343 1956; x_wconf 86' lang='lat' dir='ltr'>sine</span> <span class='ocrx_word' id='word_1_941' title='bbox 2359 1933 2426 1966; x_wconf 73' lang='lat' dir='ltr'>qua</span> <span class='ocrx_word' id='word_1_942' title='bbox 2438 1932 2508 1957; x_wconf 75' lang='lat' dir='ltr'>nou</span> 
     </span>
     <span class='ocr_line' id='line_1_124' title="bbox 1430 1968 2508 2010; baseline 0.002 -10"><span class='ocrx_word' id='word_1_943' title='bbox 1430 1975 1478 2000; x_wconf 90' lang='lat' dir='ltr'>est</span> <span class='ocrx_word' id='word_1_944' title='bbox 1501 1969 1669 2000; x_wconf 89' lang='lat' dir='ltr'>distinctus</span> <span class='ocrx_word' id='word_1_945' title='bbox 1692 1979 1710 2000; x_wconf 89' lang='lat' dir='ltr'>a</span> <span class='ocrx_word' id='word_1_946' title='bbox 1734 1969 1869 2000; x_wconf 85' lang='lat' dir='ltr'>Platone</span> <span class='ocrx_word' id='word_1_947' title='bbox 1896 1969 2159 2001; x_wconf 86' lang='lat' dir='ltr'>transcendenter</span> <span class='ocrx_word' id='word_1_948' title='bbox 2188 1970 2222 2000; x_wconf 86' lang='lat' dir='ltr'>in</span> <span class='ocrx_word' id='word_1_949' title='bbox 2245 1968 2361 2001; x_wconf 83' lang='lat' dir='ltr'>eadem</span> <span class='ocrx_word' id='word_1_950' title='bbox 2383 1969 2508 2010; x_wconf 75' lang='lat' dir='ltr'>specie3</span> 
     </span>
     <span class='ocr_line' id='line_1_125' title="bbox 1429 2014 2510 2057; baseline 0.001 -12"><span class='ocrx_word' id='word_1_951' title='bbox 1429 2023 1498 2045; x_wconf 90' lang='lat' dir='ltr'>non</span> <span class='ocrx_word' id='word_1_952' title='bbox 1522 2015 1610 2045; x_wconf 88' lang='lat' dir='ltr'>enim</span> <span class='ocrx_word' id='word_1_953' title='bbox 1633 2014 1817 2046; x_wconf 86' lang='lat' dir='ltr'>humanitas</span> <span class='ocrx_word' id='word_1_954' title='bbox 1840 2014 1942 2046; x_wconf 87' lang='lat' dir='ltr'>Sortis</span> <span class='ocrx_word' id='word_1_955' title='bbox 1972 2020 2021 2046; x_wconf 88' lang='lat' dir='ltr'>est</span> <span class='ocrx_word' id='word_1_956' title='bbox 2050 2014 2131 2045; x_wconf 90' lang='lat' dir='ltr'>haec</span> <span class='ocrx_word' id='word_1_957' title='bbox 2161 2014 2344 2045; x_wconf 85' lang='lat' dir='ltr'>humanitas</span> <span class='ocrx_word' id='word_1_958' title='bbox 2366 2014 2429 2046; x_wconf 83' lang='lat' dir='ltr'>nisi</span> <span class='ocrx_word' id='word_1_959' title='bbox 2449 2023 2510 2057; x_wconf 82' lang='lat' dir='ltr'>per</span> 
     </span>
     <span class='ocr_line' id='line_1_126' title="bbox 1429 2058 2509 2096; baseline 0.001 -6"><span class='ocrx_word' id='word_1_960' title='bbox 1429 2059 1514 2090; x_wconf 87' lang='lat' dir='ltr'>hanc</span> <span class='ocrx_word' id='word_1_961' title='bbox 1536 2059 1715 2096; x_wconf 86' lang='lat' dir='ltr'>materiam,</span> <span class='ocrx_word' id='word_1_962' title='bbox 1737 2059 1871 2090; x_wconf 84' lang='lat' dir='ltr'>materia</span> <span class='ocrx_word' id='word_1_963' title='bbox 1894 2064 2004 2090; x_wconf 86' lang='lat' dir='ltr'>autem</span> <span class='ocrx_word' id='word_1_964' title='bbox 2027 2068 2095 2091; x_wconf 87' lang='lat' dir='ltr'>uon</span> <span class='ocrx_word' id='word_1_965' title='bbox 2119 2063 2168 2090; x_wconf 89' lang='lat' dir='ltr'>est</span> <span class='ocrx_word' id='word_1_966' title='bbox 2194 2059 2274 2090; x_wconf 88' lang='lat' dir='ltr'>haec</span> <span class='ocrx_word' id='word_1_967' title='bbox 2301 2060 2433 2091; x_wconf 82' lang='lat' dir='ltr'>materia</span> <span class='ocrx_word' id='word_1_968' title='bbox 2459 2058 2509 2091; x_wconf 81' lang='lat' dir='ltr'>di-</span> 
     </span>
     <span class='ocr_line' id='line_1_127' title="bbox 1429 2103 2509 2145; baseline 0.002 -11"><span class='ocrx_word' id='word_1_969' title='bbox 1429 2104 1545 2134; x_wconf 85' lang='lat' dir='ltr'>stincta</span> <span class='ocrx_word' id='word_1_970' title='bbox 1567 2104 1607 2134; x_wconf 86' lang='lat' dir='ltr'>ab</span> <span class='ocrx_word' id='word_1_971' title='bbox 1631 2103 1685 2134; x_wconf 88' lang='lat' dir='ltr'>illa</span> <span class='ocrx_word' id='word_1_972' title='bbox 1708 2104 1771 2135; x_wconf 85' lang='lat' dir='ltr'>nisi</span> <span class='ocrx_word' id='word_1_973' title='bbox 1793 2104 1833 2134; x_wconf 90' lang='lat' dir='ltr'>sit</span> <span class='ocrx_word' id='word_1_974' title='bbox 1856 2103 1917 2135; x_wconf 87' lang='lat' dir='ltr'>sub</span> <span class='ocrx_word' id='word_1_975' title='bbox 1941 2104 2120 2145; x_wconf 79' lang='lat' dir='ltr'>quantitate</span> <span class='ocrx_word' id='word_1_976' title='bbox 2143 2103 2213 2134; x_wconf 86' lang='lat' dir='ltr'>hac.</span> <span class='ocrx_word' id='word_1_977' title='bbox 2233 2121 2257 2126; x_wconf 98' lang='lat'>-</span> <span class='ocrx_word' id='word_1_978' title='bbox 2271 2103 2305 2135; x_wconf 92' lang='lat' dir='ltr'>Si</span> <span class='ocrx_word' id='word_1_979' title='bbox 2329 2109 2439 2136; x_wconf 81' lang='lat' dir='ltr'>autem</span> <span class='ocrx_word' id='word_1_980' title='bbox 2454 2113 2509 2136; x_wconf 75' lang='lat' dir='ltr'>au·</span> 
     </span>
     <span class='ocr_line' id='line_1_128' title="bbox 1429 2147 2508 2190; baseline 0.002 -11"><span class='ocrx_word' id='word_1_981' title='bbox 1429 2154 1536 2179; x_wconf 88' lang='lat' dir='ltr'>matur</span> <span class='ocrx_word' id='word_1_982' title='bbox 1550 2149 1655 2179; x_wconf 86' lang='lat' dir='ltr'>maior</span> <span class='ocrx_word' id='word_1_983' title='bbox 1670 2154 1707 2179; x_wconf 93' lang='lat' dir='ltr'>ut</span> <span class='ocrx_word' id='word_1_984' title='bbox 1721 2147 1871 2185; x_wconf 82' lang='lat' dir='ltr'>diximus,</span> <span class='ocrx_word' id='word_1_985' title='bbox 1888 2154 1920 2181; x_wconf 89' lang='lat' dir='ltr'>et</span> <span class='ocrx_word' id='word_1_986' title='bbox 1935 2148 2130 2190; x_wconf 85' lang='lat' dir='ltr'>procedatur</span> <span class='ocrx_word' id='word_1_987' title='bbox 2150 2147 2191 2179; x_wconf 88' lang='lat' dir='ltr'>ad</span> <span class='ocrx_word' id='word_1_988' title='bbox 2213 2149 2372 2180; x_wconf 84' lang='lat' dir='ltr'>unitatem</span> <span class='ocrx_word' id='word_1_989' title='bbox 2391 2157 2508 2181; x_wconf 68' lang='lat' dir='ltr'>nime-</span> 
     </span>
     <span class='ocr_line' id='line_1_129' title="bbox 1429 2193 2509 2234; baseline 0.002 -10"><span class='ocrx_word' id='word_1_990' title='bbox 1429 2193 1540 2229; x_wconf 85' lang='lat' dir='ltr'>ralem,</span> <span class='ocrx_word' id='word_1_991' title='bbox 1563 2198 1700 2233; x_wconf 88' lang='lat' dir='ltr'>negatur</span> <span class='ocrx_word' id='word_1_992' title='bbox 1722 2199 1960 2234; x_wconf 85' lang='lat' dir='ltr'>argumentum.</span> <span class='ocrx_word' id='word_1_993' title='bbox 1991 2193 2088 2232; x_wconf 88' lang='lat' dir='ltr'>Quia,</span> <span class='ocrx_word' id='word_1_994' title='bbox 2113 2198 2150 2224; x_wconf 91' lang='lat' dir='ltr'>ut</span> <span class='ocrx_word' id='word_1_995' title='bbox 2171 2197 2270 2234; x_wconf 83' lang='lat' dir='ltr'>patet,</span> <span class='ocrx_word' id='word_1_996' title='bbox 2294 2194 2509 2226; x_wconf 83' lang='lat' dir='ltr'>committitur</span> 
     </span>
     <span class='ocr_line' id='line_1_130' title="bbox 1429 2237 2508 2279; baseline 0.002 -11"><span class='ocrx_word' id='word_1_997' title='bbox 1429 2237 1553 2268; x_wconf 84' lang='lat' dir='ltr'>fallacia</span> <span class='ocrx_word' id='word_1_998' title='bbox 1577 2237 1874 2279; x_wconf 79' lang='lat' dir='ltr'>aequivocationis:</span> <span class='ocrx_word' id='word_1_999' title='bbox 1889 2239 1923 2270; x_wconf 86' lang='lat' dir='ltr'>in</span> <span class='ocrx_word' id='word_1_1000' title='bbox 1945 2237 2126 2279; x_wconf 84' lang='lat' dir='ltr'>praemissis</span> <span class='ocrx_word' id='word_1_1001' title='bbox 2145 2238 2234 2269; x_wconf 90' lang='lat' dir='ltr'>enim</span> <span class='ocrx_word' id='word_1_1002' title='bbox 2248 2238 2388 2270; x_wconf 87' lang='lat' dir='ltr'>sumitur</span> <span class='ocrx_word' id='word_1_1003' title='bbox 2401 2239 2508 2270; x_wconf 77' lang='lat' dir='ltr'>unitas</span> 
     </span>
     <span class='ocr_line' id='line_1_131' title="bbox 1429 2281 2508 2324; baseline 0.002 -11"><span class='ocrx_word' id='word_1_1004' title='bbox 1429 2282 1668 2319; x_wconf 84' lang='lat' dir='ltr'>transcendens,</span> <span class='ocrx_word' id='word_1_1005' title='bbox 1689 2287 1722 2313; x_wconf 92' lang='lat' dir='ltr'>et</span> <span class='ocrx_word' id='word_1_1006' title='bbox 1744 2282 1777 2313; x_wconf 90' lang='lat' dir='ltr'>in</span> <span class='ocrx_word' id='word_1_1007' title='bbox 1802 2283 2014 2315; x_wconf 87' lang='lat' dir='ltr'>conclusione</span> <span class='ocrx_word' id='word_1_1008' title='bbox 2037 2282 2144 2314; x_wconf 84' lang='lat' dir='ltr'>unitas</span> <span class='ocrx_word' id='word_1_1009' title='bbox 2169 2281 2212 2313; x_wconf 92' lang='lat' dir='ltr'>de</span> <span class='ocrx_word' id='word_1_1010' title='bbox 2236 2291 2356 2323; x_wconf 87' lang='lat' dir='ltr'>genere</span> <span class='ocrx_word' id='word_1_1011' title='bbox 2379 2284 2508 2324; x_wconf 81' lang='lat' dir='ltr'>quanti-</span> 
     </span>
     <span class='ocr_line' id='line_1_132' title="bbox 1429 2326 2506 2365; baseline 0.002 -7"><span class='ocrx_word' id='word_1_1012' title='bbox 1429 2327 1512 2358; x_wconf 88' lang='lat' dir='ltr'>tatis.</span> <span class='ocrx_word' id='word_1_1013' title='bbox 1534 2345 1558 2350; x_wconf 93' lang='lat'>—</span> <span class='ocrx_word' id='word_1_1014' title='bbox 1581 2326 1614 2358; x_wconf 92' lang='lat' dir='ltr'>Si</span> <span class='ocrx_word' id='word_1_1015' title='bbox 1638 2332 1748 2358; x_wconf 86' lang='lat' dir='ltr'>autern</span> <span class='ocrx_word' id='word_1_1016' title='bbox 1771 2333 1919 2359; x_wconf 87' lang='lat' dir='ltr'>sumatur</span> <span class='ocrx_word' id='word_1_1017' title='bbox 1947 2327 2001 2358; x_wconf 91' lang='lat' dir='ltr'>illa</span> <span class='ocrx_word' id='word_1_1018' title='bbox 2030 2326 2135 2358; x_wconf 90' lang='lat' dir='ltr'>maior</span> <span class='ocrx_word' id='word_1_1019' title='bbox 2163 2327 2199 2358; x_wconf 90' lang='lat' dir='ltr'>in</span> <span class='ocrx_word' id='word_1_1020' title='bbox 2228 2327 2374 2358; x_wconf 84' lang='lat' dir='ltr'>secundo</span> <span class='ocrx_word' id='word_1_1021' title='bbox 2398 2337 2506 2365; x_wconf 84' lang='lat' dir='ltr'>sensu.</span> 
     </span>
     <span class='ocr_line' id='line_1_133' title="bbox 1429 2371 2508 2412; baseline 0.002 -10"><span class='ocrx_word' id='word_1_1022' title='bbox 1429 2377 1564 2412; x_wconf 89' lang='lat' dir='ltr'>negatur</span> <span class='ocrx_word' id='word_1_1023' title='bbox 1587 2372 1684 2402; x_wconf 88' lang='lat' dir='ltr'>etiam</span> <span class='ocrx_word' id='word_1_1024' title='bbox 1707 2377 1946 2412; x_wconf 86' lang='lat' dir='ltr'>argumentum.</span> <span class='ocrx_word' id='word_1_1025' title='bbox 1971 2371 2057 2411; x_wconf 86' lang='lat' dir='ltr'>Quia</span> <span class='ocrx_word' id='word_1_1026' title='bbox 2077 2372 2186 2403; x_wconf 91' lang='lat' dir='ltr'>minor</span> <span class='ocrx_word' id='word_1_1027' title='bbox 2199 2380 2268 2403; x_wconf 91' lang='lat' dir='ltr'>non</span> <span class='ocrx_word' id='word_1_1028' title='bbox 2283 2377 2370 2404; x_wconf 88' lang='lat' dir='ltr'>recte</span> <span class='ocrx_word' id='word_1_1029' title='bbox 2391 2372 2508 2404; x_wconf 87' lang='lat' dir='ltr'>subsu-</span> 
     </span>
     <span class='ocr_line' id='line_1_134' title="bbox 1429 2415 2508 2459; baseline 0.002 -12"><span class='ocrx_word' id='word_1_1030' title='bbox 1429 2417 1537 2447; x_wconf 89' lang='lat' dir='ltr'>mitur.</span> <span class='ocrx_word' id='word_1_1031' title='bbox 1567 2416 1707 2447; x_wconf 91' lang='lat' dir='ltr'>Deberet</span> <span class='ocrx_word' id='word_1_1032' title='bbox 1733 2417 1822 2447; x_wconf 89' lang='lat' dir='ltr'>enim</span> <span class='ocrx_word' id='word_1_1033' title='bbox 1852 2422 1932 2454; x_wconf 80' lang='lat' dir='ltr'>esse,</span> <span class='ocrx_word' id='word_1_1034' title='bbox 1956 2416 2021 2448; x_wconf 82' lang='lat' dir='ltr'>Sed</span> <span class='ocrx_word' id='word_1_1035' title='bbox 2047 2415 2160 2447; x_wconf 80' lang='lat' dir='ltr'>Sortes</span> <span class='ocrx_word' id='word_1_1036' title='bbox 2191 2425 2258 2447; x_wconf 83' lang='lat' dir='ltr'>non</span> <span class='ocrx_word' id='word_1_1037' title='bbox 2288 2421 2337 2448; x_wconf 80' lang='lat' dir='ltr'>est</span> <span class='ocrx_word' id='word_1_1038' title='bbox 2366 2421 2508 2459; x_wconf 72' lang='lat' dir='ltr'>quantus</span> 
     </span>
     <span class='ocr_line' id='line_1_135' title="bbox 1429 2460 2348 2503; baseline 0.001 -12"><span class='ocrx_word' id='word_1_1039' title='bbox 1429 2460 1610 2502; x_wconf 82' lang='lat' dir='ltr'>quantitate</span> <span class='ocrx_word' id='word_1_1040' title='bbox 1623 2461 1829 2503; x_wconf 82' lang='lat' dir='ltr'>formaliter.</span> <span class='ocrx_word' id='word_1_1041' title='bbox 1854 2460 1956 2500; x_wconf 91' lang='lat' dir='ltr'>Quod</span> <span class='ocrx_word' id='word_1_1042' title='bbox 1979 2466 2105 2492; x_wconf 85' lang='lat' dir='ltr'>constat</span> <span class='ocrx_word' id='word_1_1043' title='bbox 2129 2460 2246 2492; x_wconf 80' lang='lat' dir='ltr'>falsum</span> <span class='ocrx_word' id='word_1_1044' title='bbox 2269 2470 2348 2493; x_wconf 88' lang='lat' dir='ltr'>esse.</span> 
     </span>
    </p>

    <p class='ocr_par' dir='ltr' id='par_1_25' title="bbox 1429 2505 2508 2670">
     <span class='ocr_line' id='line_1_136' title="bbox 1485 2505 2507 2547; baseline 0.002 -11"><span class='ocrx_word' id='word_1_1045' title='bbox 1485 2505 1644 2544; x_wconf 89' lang='lat' dir='ltr'>Quamvis</span> <span class='ocrx_word' id='word_1_1046' title='bbox 1659 2511 1769 2537; x_wconf 86' lang='lat' dir='ltr'>autem</span> <span class='ocrx_word' id='word_1_1047' title='bbox 1785 2505 1913 2543; x_wconf 88' lang='lat' dir='ltr'>Scotus,</span> <span class='ocrx_word' id='word_1_1048' title='bbox 1929 2506 1964 2537; x_wconf 93' lang='lat' dir='ltr'>in</span> <span class='ocrx_word' id='word_1_1049' title='bbox 1979 2505 2006 2537; x_wconf 90' lang='lat'>11</span> <span class='ocrx_word' id='word_1_1050' title='bbox 2023 2505 2123 2543; x_wconf 65' lang='lat' dir='ltr'>Sent„</span> <span class='ocrx_word' id='word_1_1051' title='bbox 2141 2505 2172 2537; x_wconf 92' lang='lat' dir='ltr'>d.</span> <span class='ocrx_word' id='word_1_1052' title='bbox 2185 2515 2230 2543; x_wconf 85' lang='lat' dir='ltr'>m,</span> <span class='ocrx_word' id='word_1_1053' title='bbox 2248 2514 2280 2547; x_wconf 90' lang='lat' dir='ltr'>q.</span> <span class='ocrx_word' id='word_1_1054' title='bbox 2293 2515 2335 2543; x_wconf 83' lang='lat' dir='ltr'>vr,</span> <span class='ocrx_word' id='word_1_1055' title='bbox 2352 2516 2371 2537; x_wconf 93' lang='lat' dir='ltr'>a</span> <span class='ocrx_word' id='word_1_1056' title='bbox 2386 2505 2507 2538; x_wconf 79' lang='lat' dir='ltr'>Sancto</span> 
     </span>
     <span class='ocr_line' id='line_1_137' title="bbox 1429 2549 2508 2594; baseline 0.001 -13"><span class='ocrx_word' id='word_1_1057' title='bbox 1429 2549 1561 2581; x_wconf 88' lang='lat' dir='ltr'>Th0ma</span> <span class='ocrx_word' id='word_1_1058' title='bbox 1584 2549 1624 2581; x_wconf 90' lang='lat' dir='ltr'>de</span> <span class='ocrx_word' id='word_1_1059' title='bbox 1648 2550 1809 2591; x_wconf 88' lang='lat' dir='ltr'>principio</span> <span class='ocrx_word' id='word_1_1060' title='bbox 1833 2550 2099 2582; x_wconf 86' lang='lat' dir='ltr'>individuationis</span> <span class='ocrx_word' id='word_1_1061' title='bbox 2114 2549 2289 2594; x_wconf 82' lang='lat' dir='ltr'>dissentiat,</span> <span class='ocrx_word' id='word_1_1062' title='bbox 2306 2551 2383 2592; x_wconf 87' lang='lat' dir='ltr'>quia</span> <span class='ocrx_word' id='word_1_1063' title='bbox 2398 2556 2508 2582; x_wconf 86' lang='lat' dir='ltr'>tamen</span> 
     </span>
     <span class='ocr_line' id='line_1_138' title="bbox 1430 2594 2508 2636; baseline 0.002 -11"><span class='ocrx_word' id='word_1_1064' title='bbox 1430 2595 1470 2626; x_wconf 89' lang='lat' dir='ltr'>ab</span> <span class='ocrx_word' id='word_1_1065' title='bbox 1493 2595 1563 2625; x_wconf 85' lang='lat' dir='ltr'>aliis</span> <span class='ocrx_word' id='word_1_1066' title='bbox 1585 2595 1666 2626; x_wconf 89' lang='lat' dir='ltr'>haec</span> <span class='ocrx_word' id='word_1_1067' title='bbox 1690 2595 1837 2636; x_wconf 89' lang='lat' dir='ltr'>quaestio</span> <span class='ocrx_word' id='word_1_1068' title='bbox 1861 2595 2049 2636; x_wconf 88' lang='lat' dir='ltr'>plenissime</span> <span class='ocrx_word' id='word_1_1069' title='bbox 2065 2600 2114 2626; x_wconf 86' lang='lat' dir='ltr'>est</span> <span class='ocrx_word' id='word_1_1070' title='bbox 2129 2594 2271 2627; x_wconf 87' lang='lat' dir='ltr'>discussa</span> <span class='ocrx_word' id='word_1_1071' title='bbox 2282 2596 2310 2632; x_wconf 78' lang='lat'>&#39;,</span> <span class='ocrx_word' id='word_1_1072' title='bbox 2335 2595 2411 2627; x_wconf 90' lang='lat' dir='ltr'>ideo</span> <span class='ocrx_word' id='word_1_1073' title='bbox 2426 2595 2508 2627; x_wconf 75' lang='lat' dir='ltr'>haee</span> 
     </span>
     <span class='ocr_line' id='line_1_139' title="bbox 1429 2639 1599 2670; baseline 0 0"><span class='ocrx_word' id='word_1_1074' title='bbox 1429 2639 1504 2670; x_wconf 88' lang='lat' dir='ltr'>satis</span> <span class='ocrx_word' id='word_1_1075' title='bbox 1527 2640 1599 2670; x_wconf 86' lang='lat' dir='ltr'>sint.</span> 
     </span>
    </p>

    <p class='ocr_par' dir='ltr' id='par_1_26' title="bbox 1429 2682 2510 3038">
     <span class='ocr_line' id='line_1_140' title="bbox 1485 2682 2507 2717; baseline 0.003 -3"><span class='ocrx_word' id='word_1_1076' title='bbox 1485 2683 1539 2715; x_wconf 92' lang='lat' dir='ltr'>Vl.</span> <span class='ocrx_word' id='word_1_1077' title='bbox 1565 2683 1676 2715; x_wconf 90' lang='lat' dir='ltr'>Unum</span> <span class='ocrx_word' id='word_1_1078' title='bbox 1700 2682 1867 2715; x_wconf 80' lang='lat' dir='ltr'>dumtaxat</span> <span class='ocrx_word' id='word_1_1079' title='bbox 1889 2683 2026 2716; x_wconf 89' lang='lat' dir='ltr'>dubium</span> <span class='ocrx_word' id='word_1_1080' title='bbox 2041 2685 2192 2716; x_wconf 87' lang='lat' dir='ltr'>occurrit.</span> <span class='ocrx_word' id='word_1_1081' title='bbox 2213 2684 2402 2716; x_wconf 87' lang='lat' dir='ltr'>Secundum</span> <span class='ocrx_word' id='word_1_1082' title='bbox 2419 2685 2507 2717; x_wconf 86' lang='lat' dir='ltr'>enim</span> 
     </span>
     <span class='ocr_line' id='line_1_141' title="bbox 1429 2728 2508 2766; baseline 0.002 -7"><span class='ocrx_word' id='word_1_1083' title='bbox 1429 2728 1612 2760; x_wconf 87' lang='lat' dir='ltr'>doctrinam</span> <span class='ocrx_word' id='word_1_1084' title='bbox 1635 2728 1743 2760; x_wconf 86' lang='lat' dir='ltr'>Sancti</span> <span class='ocrx_word' id='word_1_1085' title='bbox 1767 2728 1928 2766; x_wconf 82' lang='lat' dir='ltr'>Thomae,</span> <span class='ocrx_word' id='word_1_1086' title='bbox 1953 2728 2058 2760; x_wconf 88' lang='lat' dir='ltr'>forma</span> <span class='ocrx_word' id='word_1_1087' title='bbox 2079 2729 2295 2761; x_wconf 85' lang='lat' dir='ltr'>substantialis</span> <span class='ocrx_word' id='word_1_1088' title='bbox 2321 2729 2452 2762; x_wconf 81' lang='lat' dir='ltr'>advenit</span> <span class='ocrx_word' id='word_1_1089' title='bbox 2474 2729 2508 2761; x_wconf 86' lang='lat' dir='ltr'>in</span> 
     </span>
     <span class='ocr_line' id='line_1_142' title="bbox 1429 2773 2508 2816; baseline 0.002 -12"><span class='ocrx_word' id='word_1_1090' title='bbox 1429 2774 1536 2814; x_wconf 91' lang='lat' dir='ltr'>primo</span> <span class='ocrx_word' id='word_1_1091' title='bbox 1561 2773 1691 2804; x_wconf 87' lang='lat' dir='ltr'>instanti</span> <span class='ocrx_word' id='word_1_1092' title='bbox 1714 2773 1764 2804; x_wconf 88' lang='lat' dir='ltr'>sui</span> <span class='ocrx_word' id='word_1_1093' title='bbox 1781 2782 1850 2804; x_wconf 85' lang='lat' dir='ltr'>esse</span> <span class='ocrx_word' id='word_1_1094' title='bbox 1866 2774 2018 2805; x_wconf 87' lang='lat' dir='ltr'>materiae</span> <span class='ocrx_word' id='word_1_1095' title='bbox 2033 2773 2156 2811; x_wconf 85' lang='lat' dir='ltr'>nudae;</span> <span class='ocrx_word' id='word_1_1096' title='bbox 2173 2778 2206 2806; x_wconf 90' lang='lat' dir='ltr'>et</span> <span class='ocrx_word' id='word_1_1097' title='bbox 2220 2774 2310 2816; x_wconf 86' lang='lat' dir='ltr'>prius</span> <span class='ocrx_word' id='word_1_1098' title='bbox 2325 2774 2508 2806; x_wconf 82' lang='lat' dir='ltr'>secundum</span> 
     </span>
     <span class='ocr_line' id='line_1_143' title="bbox 1429 2817 2508 2860; baseline 0.002 -12"><span class='ocrx_word' id='word_1_1099' title='bbox 1429 2824 1577 2849; x_wconf 86' lang='lat' dir='ltr'>naturam</span> <span class='ocrx_word' id='word_1_1100' title='bbox 1601 2817 1707 2848; x_wconf 86' lang='lat' dir='ltr'>forma</span> <span class='ocrx_word' id='word_1_1101' title='bbox 1729 2823 1838 2849; x_wconf 89' lang='lat' dir='ltr'>actuat</span> <span class='ocrx_word' id='word_1_1102' title='bbox 1860 2819 2027 2850; x_wconf 87' lang='lat' dir='ltr'>materiam</span> <span class='ocrx_word' id='word_1_1103' title='bbox 2054 2827 2155 2860; x_wconf 89' lang='lat' dir='ltr'>quam</span> <span class='ocrx_word' id='word_1_1104' title='bbox 2182 2818 2227 2850; x_wconf 92' lang='lat' dir='ltr'>illi</span> <span class='ocrx_word' id='word_1_1105' title='bbox 2254 2818 2432 2850; x_wconf 83' lang='lat' dir='ltr'>accidentia</span> <span class='ocrx_word' id='word_1_1106' title='bbox 2457 2819 2508 2850; x_wconf 86' lang='lat' dir='ltr'>in-</span> 
     </span>
     <span class='ocr_line' id='line_1_144' title="bbox 1429 2862 2508 2904; baseline 0.002 -11"><span class='ocrx_word' id='word_1_1107' title='bbox 1429 2863 1502 2894; x_wconf 85' lang='lat' dir='ltr'>sint.</span> <span class='ocrx_word' id='word_1_1108' title='bbox 1520 2862 1555 2893; x_wconf 91' lang='lat' dir='ltr'>ln</span> <span class='ocrx_word' id='word_1_1109' title='bbox 1572 2862 1630 2894; x_wconf 89' lang='lat' dir='ltr'>illo</span> <span class='ocrx_word' id='word_1_1110' title='bbox 1646 2871 1724 2903; x_wconf 89' lang='lat' dir='ltr'>ergo</span> <span class='ocrx_word' id='word_1_1111' title='bbox 1743 2862 1843 2903; x_wconf 90' lang='lat' dir='ltr'>priori</span> <span class='ocrx_word' id='word_1_1112' title='bbox 1866 2863 1901 2894; x_wconf 90' lang='lat' dir='ltr'>in</span> <span class='ocrx_word' id='word_1_1113' title='bbox 1917 2872 1985 2904; x_wconf 91' lang='lat' dir='ltr'>quo</span> <span class='ocrx_word' id='word_1_1114' title='bbox 2001 2862 2107 2894; x_wconf 87' lang='lat' dir='ltr'>forma</span> <span class='ocrx_word' id='word_1_1115' title='bbox 2122 2863 2234 2895; x_wconf 89' lang='lat' dir='ltr'>unitur</span> <span class='ocrx_word' id='word_1_1116' title='bbox 2248 2863 2411 2900; x_wconf 85' lang='lat' dir='ltr'>materiae,</span> <span class='ocrx_word' id='word_1_1117' title='bbox 2428 2872 2508 2895; x_wconf 86' lang='lat' dir='ltr'>con-</span> 
     </span>
     <span class='ocr_line' id='line_1_145' title="bbox 1429 2906 2510 2949; baseline 0.002 -11"><span class='ocrx_word' id='word_1_1118' title='bbox 1429 2908 1571 2938; x_wconf 85' lang='lat' dir='ltr'>stituitur</span> <span class='ocrx_word' id='word_1_1119' title='bbox 1590 2906 1806 2943; x_wconf 88' lang='lat' dir='ltr'>individuum,</span> <span class='ocrx_word' id='word_1_1120' title='bbox 1830 2913 1863 2938; x_wconf 89' lang='lat' dir='ltr'>et</span> <span class='ocrx_word' id='word_1_1121' title='bbox 1884 2913 1993 2938; x_wconf 87' lang='lat' dir='ltr'>tamen</span> <span class='ocrx_word' id='word_1_1122' title='bbox 2016 2908 2062 2938; x_wconf 91' lang='lat' dir='ltr'>ibi</span> <span class='ocrx_word' id='word_1_1123' title='bbox 2084 2916 2154 2939; x_wconf 89' lang='lat' dir='ltr'>non</span> <span class='ocrx_word' id='word_1_1124' title='bbox 2177 2913 2226 2939; x_wconf 87' lang='lat' dir='ltr'>est</span> <span class='ocrx_word' id='word_1_1125' title='bbox 2251 2908 2423 2949; x_wconf 84' lang='lat' dir='ltr'>quantitas,</span> <span class='ocrx_word' id='word_1_1126' title='bbox 2451 2907 2510 2940; x_wconf 85' lang='lat' dir='ltr'>sed</span> 
     </span>
     <span class='ocr_line' id='line_1_146' title="bbox 1429 2951 2510 2994; baseline 0.002 -12"><span class='ocrx_word' id='word_1_1127' title='bbox 1429 2952 1499 2983; x_wconf 88' lang='lat' dir='ltr'>sola</span> <span class='ocrx_word' id='word_1_1128' title='bbox 1518 2952 1660 2983; x_wconf 87' lang='lat' dir='ltr'>materia.</span> <span class='ocrx_word' id='word_1_1129' title='bbox 1685 2951 1772 2992; x_wconf 86' lang='lat' dir='ltr'>Ergo</span> <span class='ocrx_word' id='word_1_1130' title='bbox 1796 2951 1866 2983; x_wconf 89' lang='lat' dir='ltr'>sola</span> <span class='ocrx_word' id='word_1_1131' title='bbox 1887 2952 2021 2983; x_wconf 81' lang='lat' dir='ltr'>materia</span> <span class='ocrx_word' id='word_1_1132' title='bbox 2041 2957 2090 2983; x_wconf 89' lang='lat' dir='ltr'>est</span> <span class='ocrx_word' id='word_1_1133' title='bbox 2110 2951 2374 2984; x_wconf 86' lang='lat' dir='ltr'>individuationis</span> <span class='ocrx_word' id='word_1_1134' title='bbox 2389 2953 2510 2994; x_wconf 85' lang='lat' dir='ltr'>princi-</span> 
     </span>
     <span class='ocr_line' id='line_1_147' title="bbox 1430 2995 2222 3038; baseline 0.001 -11"><span class='ocrx_word' id='word_1_1135' title='bbox 1430 2998 1533 3038; x_wconf 91' lang='lat' dir='ltr'>pium,</span> <span class='ocrx_word' id='word_1_1136' title='bbox 1557 3002 1589 3027; x_wconf 91' lang='lat' dir='ltr'>et</span> <span class='ocrx_word' id='word_1_1137' title='bbox 1613 2995 1653 3027; x_wconf 89' lang='lat' dir='ltr'>ad</span> <span class='ocrx_word' id='word_1_1138' title='bbox 1676 3005 1748 3028; x_wconf 87' lang='lat' dir='ltr'>eam</span> <span class='ocrx_word' id='word_1_1139' title='bbox 1772 2997 1933 3037; x_wconf 86' lang='lat' dir='ltr'>quantitas</span> <span class='ocrx_word' id='word_1_1140' title='bbox 1956 3005 2025 3027; x_wconf 93' lang='lat' dir='ltr'>non</span> <span class='ocrx_word' id='word_1_1141' title='bbox 2049 2997 2222 3028; x_wconf 89' lang='lat' dir='ltr'>concurrit.</span> 
     </span>
    </p>

    <p class='ocr_par' dir='ltr' id='par_1_27' title="bbox 1429 3040 2510 3482">
     <span class='ocr_line' id='line_1_148' title="bbox 1487 3040 2508 3082; baseline 0 -10"><span class='ocrx_word' id='word_1_1142' title='bbox 1487 3041 1612 3072; x_wconf 90' lang='lat' dir='ltr'>Dicitur</span> <span class='ocrx_word' id='word_1_1143' title='bbox 1635 3040 1676 3072; x_wconf 90' lang='lat' dir='ltr'>ad</span> <span class='ocrx_word' id='word_1_1144' title='bbox 1699 3041 1763 3072; x_wconf 91' lang='lat' dir='ltr'>hoc</span> <span class='ocrx_word' id='word_1_1145' title='bbox 1786 3041 1904 3082; x_wconf 89' lang='lat' dir='ltr'>primo,</span> <span class='ocrx_word' id='word_1_1146' title='bbox 1929 3040 2021 3082; x_wconf 91' lang='lat' dir='ltr'>quod</span> <span class='ocrx_word' id='word_1_1147' title='bbox 2043 3041 2172 3073; x_wconf 91' lang='lat' dir='ltr'>nullum</span> <span class='ocrx_word' id='word_1_1148' title='bbox 2202 3041 2323 3072; x_wconf 87' lang='lat' dir='ltr'>instans</span> <span class='ocrx_word' id='word_1_1149' title='bbox 2347 3047 2395 3073; x_wconf 88' lang='lat' dir='ltr'>est</span> <span class='ocrx_word' id='word_1_1150' title='bbox 2416 3042 2451 3073; x_wconf 82' lang='lat' dir='ltr'>in</span> <span class='ocrx_word' id='word_1_1151' title='bbox 2473 3050 2508 3072; x_wconf 87' lang='lat' dir='ltr'>re</span> 
     </span>
     <span class='ocr_line' id='line_1_149' title="bbox 1429 3085 2509 3127; baseline 0.001 -11"><span class='ocrx_word' id='word_1_1152' title='bbox 1429 3087 1463 3116; x_wconf 87' lang='lat' dir='ltr'>in</span> <span class='ocrx_word' id='word_1_1153' title='bbox 1487 3095 1555 3126; x_wconf 90' lang='lat' dir='ltr'>quo</span> <span class='ocrx_word' id='word_1_1154' title='bbox 1579 3085 1685 3117; x_wconf 84' lang='lat' dir='ltr'>forma</span> <span class='ocrx_word' id='word_1_1155' title='bbox 1707 3085 1879 3117; x_wconf 86' lang='lat' dir='ltr'>materialis</span> <span class='ocrx_word' id='word_1_1156' title='bbox 1902 3086 2033 3117; x_wconf 84' lang='lat' dir='ltr'>uniatur</span> <span class='ocrx_word' id='word_1_1157' title='bbox 2055 3087 2208 3117; x_wconf 80' lang='lat' dir='ltr'>materiae</span> <span class='ocrx_word' id='word_1_1158' title='bbox 2231 3085 2354 3126; x_wconf 85' lang='lat' dir='ltr'>absque</span> <span class='ocrx_word' id='word_1_1159' title='bbox 2380 3086 2509 3127; x_wconf 81' lang='lat' dir='ltr'>quanti·</span> 
     </span>
     <span class='ocr_line' id='line_1_150' title="bbox 1429 3129 2508 3171; baseline 0 -10"><span class='ocrx_word' id='word_1_1160' title='bbox 1429 3135 1507 3161; x_wconf 86' lang='lat' dir='ltr'>tate:</span> <span class='ocrx_word' id='word_1_1161' title='bbox 1533 3139 1574 3161; x_wconf 92' lang='lat' dir='ltr'>eo</span> <span class='ocrx_word' id='word_1_1162' title='bbox 1597 3130 1689 3171; x_wconf 89' lang='lat' dir='ltr'>quod</span> <span class='ocrx_word' id='word_1_1163' title='bbox 1712 3130 1792 3161; x_wconf 89' lang='lat' dir='ltr'>haec</span> <span class='ocrx_word' id='word_1_1164' title='bbox 1815 3129 1921 3161; x_wconf 86' lang='lat' dir='ltr'>forma</span> <span class='ocrx_word' id='word_1_1165' title='bbox 1942 3139 2011 3162; x_wconf 89' lang='lat' dir='ltr'>non</span> <span class='ocrx_word' id='word_1_1166' title='bbox 2034 3131 2165 3162; x_wconf 83' lang='lat' dir='ltr'>uniatur</span> <span class='ocrx_word' id='word_1_1167' title='bbox 2179 3130 2241 3162; x_wconf 86' lang='lat' dir='ltr'>nisi</span> <span class='ocrx_word' id='word_1_1168' title='bbox 2259 3130 2336 3161; x_wconf 90' lang='lat' dir='ltr'>huic</span> <span class='ocrx_word' id='word_1_1169' title='bbox 2355 3130 2508 3161; x_wconf 79' lang='lat' dir='ltr'>materiae</span> 
     </span>
     <span class='ocr_line' id='line_1_151' title="bbox 1430 3174 2509 3215; baseline 0.001 -10"><span class='ocrx_word' id='word_1_1170' title='bbox 1430 3175 1470 3206; x_wconf 88' lang='lat' dir='ltr'>ab</span> <span class='ocrx_word' id='word_1_1171' title='bbox 1493 3175 1554 3206; x_wconf 85' lang='lat' dir='ltr'>alia</span> <span class='ocrx_word' id='word_1_1172' title='bbox 1577 3180 1667 3215; x_wconf 87' lang='lat' dir='ltr'>parte</span> <span class='ocrx_word' id='word_1_1173' title='bbox 1691 3175 1843 3206; x_wconf 85' lang='lat' dir='ltr'>materiae</span> <span class='ocrx_word' id='word_1_1174' title='bbox 1866 3174 2049 3211; x_wconf 87' lang='lat' dir='ltr'>distinctae;</span> <span class='ocrx_word' id='word_1_1175' title='bbox 2073 3175 2207 3206; x_wconf 76' lang='lat' dir='ltr'>materia</span> <span class='ocrx_word' id='word_1_1176' title='bbox 2234 3179 2344 3205; x_wconf 84' lang='lat' dir='ltr'>autem</span> <span class='ocrx_word' id='word_1_1177' title='bbox 2373 3183 2442 3206; x_wconf 88' lang='lat' dir='ltr'>non</span> <span class='ocrx_word' id='word_1_1178' title='bbox 2468 3175 2509 3206; x_wconf 88' lang='lat' dir='ltr'>sit</span> 
     </span>
     <span class='ocr_line' id='line_1_152' title="bbox 1430 3218 2509 3261; baseline -0.001 -11"><span class='ocrx_word' id='word_1_1179' title='bbox 1430 3220 1510 3251; x_wconf 87' lang='lat' dir='ltr'>haec</span> <span class='ocrx_word' id='word_1_1180' title='bbox 1533 3225 1566 3250; x_wconf 88' lang='lat' dir='ltr'>et</span> <span class='ocrx_word' id='word_1_1181' title='bbox 1589 3218 1738 3250; x_wconf 84' lang='lat' dir='ltr'>distincta</span> <span class='ocrx_word' id='word_1_1182' title='bbox 1762 3219 1802 3250; x_wconf 85' lang='lat' dir='ltr'>ab</span> <span class='ocrx_word' id='word_1_1183' title='bbox 1825 3219 1886 3250; x_wconf 86' lang='lat' dir='ltr'>alia</span> <span class='ocrx_word' id='word_1_1184' title='bbox 1908 3220 2042 3251; x_wconf 79' lang='lat' dir='ltr'>materia</span> <span class='ocrx_word' id='word_1_1185' title='bbox 2063 3220 2125 3251; x_wconf 79' lang='lat' dir='ltr'>nisi</span> <span class='ocrx_word' id='word_1_1186' title='bbox 2147 3228 2207 3261; x_wconf 85' lang='lat' dir='ltr'>per</span> <span class='ocrx_word' id='word_1_1187' title='bbox 2229 3219 2451 3260; x_wconf 84' lang='lat' dir='ltr'>quantitatem,</span> <span class='ocrx_word' id='word_1_1188' title='bbox 2471 3223 2509 3250; x_wconf 87' lang='lat' dir='ltr'>ut</span> 
     </span>
     <span class='ocr_line' id='line_1_153' title="bbox 1430 3263 2509 3305; baseline 0 -10"><span class='ocrx_word' id='word_1_1189' title='bbox 1430 3265 1537 3305; x_wconf 88' lang='lat' dir='ltr'>inquit</span> <span class='ocrx_word' id='word_1_1190' title='bbox 1549 3263 1687 3295; x_wconf 86' lang='lat' dir='ltr'>Sanctus</span> <span class='ocrx_word' id='word_1_1191' title='bbox 1698 3263 1855 3300; x_wconf 87' lang='lat' dir='ltr'>Thomas,</span> <span class='ocrx_word' id='word_1_1192' title='bbox 1867 3273 1967 3305; x_wconf 80' lang='lat' dir='ltr'>super</span> <span class='ocrx_word' id='word_1_1193' title='bbox 1980 3264 2073 3295; x_wconf 81' lang='lat' dir='ltr'>Boet.</span> <span class='ocrx_word' id='word_1_1194' title='bbox 2090 3264 2194 3301; x_wconf 68' lang='lat' dir='ltr'>Tria„</span> <span class='ocrx_word' id='word_1_1195' title='bbox 2208 3271 2240 3303; x_wconf 88' lang='lat' dir='ltr'>q.</span> <span class='ocrx_word' id='word_1_1196' title='bbox 2253 3271 2294 3299; x_wconf 82' lang='lat' dir='ltr'>tv,</span> <span class='ocrx_word' id='word_1_1197' title='bbox 2308 3272 2336 3293; x_wconf 90' lang='lat' dir='ltr'>a.</span> <span class='ocrx_word' id='word_1_1198' title='bbox 2348 3271 2366 3294; x_wconf 89' lang='lat'>2</span> <span class='ocrx_word' id='word_1_1199' title='bbox 2375 3263 2402 3300; x_wconf 74' lang='lat'>⁶,</span> <span class='ocrx_word' id='word_1_1200' title='bbox 2416 3269 2449 3295; x_wconf 92' lang='lat' dir='ltr'>et</span> <span class='ocrx_word' id='word_1_1201' title='bbox 2460 3268 2509 3295; x_wconf 82' lang='lat' dir='ltr'>est</span> 
     </span>
     <span class='ocr_line' id='line_1_154' title="bbox 1431 3307 2509 3350; baseline -0.001 -11"><span class='ocrx_word' id='word_1_1202' title='bbox 1431 3308 1472 3340; x_wconf 93' lang='lat' dir='ltr'>de</span> <span class='ocrx_word' id='word_1_1203' title='bbox 1494 3314 1605 3339; x_wconf 89' lang='lat' dir='ltr'>mente</span> <span class='ocrx_word' id='word_1_1204' title='bbox 1627 3308 1819 3345; x_wconf 83' lang='lat' dir='ltr'>Aristotelis,</span> <span class='ocrx_word' id='word_1_1205' title='bbox 1843 3308 1856 3339; x_wconf 93' lang='lat'>1</span> <span class='ocrx_word' id='word_1_1206' title='bbox 1879 3307 2096 3350; x_wconf 70' lang='lat' dir='ltr'>Pnysicorum</span> <span class='ocrx_word' id='word_1_1207' title='bbox 2111 3308 2140 3339; x_wconf 76' lang='grc'>“.</span> <span class='ocrx_word' id='word_1_1208' title='bbox 2166 3307 2243 3339; x_wconf 86' lang='lat' dir='ltr'>ldeo</span> <span class='ocrx_word' id='word_1_1209' title='bbox 2266 3316 2436 3348; x_wconf 89' lang='lat' dir='ltr'>nunquam</span> <span class='ocrx_word' id='word_1_1210' title='bbox 2460 3313 2509 3339; x_wconf 87' lang='lat' dir='ltr'>est</span> 
     </span>
     <span class='ocr_line' id='line_1_155' title="bbox 1431 3352 2509 3393; baseline 0 -9"><span class='ocrx_word' id='word_1_1211' title='bbox 1431 3353 1636 3384; x_wconf 89' lang='lat' dir='ltr'>individuum</span> <span class='ocrx_word' id='word_1_1212' title='bbox 1659 3353 1694 3384; x_wconf 88' lang='lat' dir='ltr'>in</span> <span class='ocrx_word' id='word_1_1213' title='bbox 1716 3358 1830 3384; x_wconf 84' lang='lat' dir='ltr'>natura</span> <span class='ocrx_word' id='word_1_1214' title='bbox 1859 3352 1951 3393; x_wconf 91' lang='lat' dir='ltr'>quod</span> <span class='ocrx_word' id='word_1_1215' title='bbox 1980 3361 2050 3384; x_wconf 91' lang='lat' dir='ltr'>non</span> <span class='ocrx_word' id='word_1_1216' title='bbox 2077 3353 2118 3383; x_wconf 83' lang='lat' dir='ltr'>sit</span> <span class='ocrx_word' id='word_1_1217' title='bbox 2143 3352 2453 3384; x_wconf 86' lang='lat' dir='ltr'>incommunicabile</span> <span class='ocrx_word' id='word_1_1218' title='bbox 2476 3357 2509 3384; x_wconf 90' lang='lat' dir='ltr'>et</span> 
     </span>
     <span class='ocr_line' id='line_1_156' title="bbox 1432 3396 2510 3437; baseline 0.001 -9"><span class='ocrx_word' id='word_1_1219' title='bbox 1432 3398 1631 3434; x_wconf 86' lang='lat' dir='ltr'>distinctum,</span> <span class='ocrx_word' id='word_1_1220' title='bbox 1655 3397 1972 3437; x_wconf 89' lang='lat' dir='ltr'>determinatumque</span> <span class='ocrx_word' id='word_1_1221' title='bbox 1986 3396 2027 3428; x_wconf 85' lang='lat' dir='ltr'>ad</span> <span class='ocrx_word' id='word_1_1222' title='bbox 2042 3397 2095 3427; x_wconf 88' lang='lat' dir='ltr'>hic</span> <span class='ocrx_word' id='word_1_1223' title='bbox 2110 3401 2143 3427; x_wconf 88' lang='lat' dir='ltr'>et</span> <span class='ocrx_word' id='word_1_1224' title='bbox 2157 3405 2256 3433; x_wconf 90' lang='lat' dir='ltr'>nunc,</span> <span class='ocrx_word' id='word_1_1225' title='bbox 2274 3402 2306 3427; x_wconf 86' lang='lat' dir='ltr'>et</span> <span class='ocrx_word' id='word_1_1226' title='bbox 2327 3397 2373 3428; x_wconf 86' lang='lat' dir='ltr'>sic</span> <span class='ocrx_word' id='word_1_1227' title='bbox 2393 3397 2510 3429; x_wconf 89' lang='lat' dir='ltr'>habeat</span> 
     </span>
     <span class='ocr_line' id='line_1_157' title="bbox 1433 3441 1956 3482; baseline -0.002 -9"><span class='ocrx_word' id='word_1_1228' title='bbox 1433 3448 1464 3473; x_wconf 91' lang='lat' dir='ltr'>et</span> <span class='ocrx_word' id='word_1_1229' title='bbox 1487 3443 1654 3473; x_wconf 85' lang='lat' dir='ltr'>materiam</span> <span class='ocrx_word' id='word_1_1230' title='bbox 1677 3447 1710 3473; x_wconf 87' lang='lat' dir='ltr'>et</span> <span class='ocrx_word' id='word_1_1231' title='bbox 1733 3441 1956 3482; x_wconf 80' lang='lat' dir='ltr'>quantitatem.</span> 
     </span>
    </p>

    <p class='ocr_par' dir='ltr' id='par_1_28' title="bbox 1433 3484 2510 3660">
     <span class='ocr_line' id='line_1_158' title="bbox 1488 3484 2508 3527; baseline 0.001 -10"><span class='ocrx_word' id='word_1_1232' title='bbox 1488 3487 1615 3517; x_wconf 88' lang='lat' dir='ltr'>Dicitur</span> <span class='ocrx_word' id='word_1_1233' title='bbox 1644 3485 1789 3518; x_wconf 89' lang='lat' dir='ltr'>secundo</span> <span class='ocrx_word' id='word_1_1234' title='bbox 1820 3484 1922 3526; x_wconf 85' lang='lat' dir='ltr'>quod,</span> <span class='ocrx_word' id='word_1_1235' title='bbox 1946 3484 2021 3516; x_wconf 90' lang='lat' dir='ltr'>licet</span> <span class='ocrx_word' id='word_1_1236' title='bbox 2043 3485 2087 3516; x_wconf 86' lang='lat' dir='ltr'>its</span> <span class='ocrx_word' id='word_1_1237' title='bbox 2110 3485 2150 3516; x_wconf 88' lang='lat' dir='ltr'>sit</span> <span class='ocrx_word' id='word_1_1238' title='bbox 2173 3486 2206 3516; x_wconf 91' lang='lat' dir='ltr'>in</span> <span class='ocrx_word' id='word_1_1239' title='bbox 2230 3494 2274 3523; x_wconf 91' lang='lat' dir='ltr'>re,</span> <span class='ocrx_word' id='word_1_1240' title='bbox 2300 3486 2376 3527; x_wconf 87' lang='lat' dir='ltr'>quia</span> <span class='ocrx_word' id='word_1_1241' title='bbox 2398 3491 2508 3518; x_wconf 85' lang='lat' dir='ltr'>tamen</span> 
     </span>
     <span class='ocr_line' id='line_1_159' title="bbox 1433 3530 2509 3572; baseline 0.001 -11"><span class='ocrx_word' id='word_1_1242' title='bbox 1433 3531 1615 3562; x_wconf 85' lang='lat' dir='ltr'>intellectus</span> <span class='ocrx_word' id='word_1_1243' title='bbox 1638 3540 1677 3562; x_wconf 88' lang='lat' dir='ltr'>ea</span> <span class='ocrx_word' id='word_1_1244' title='bbox 1699 3539 1784 3571; x_wconf 86' lang='lat' dir='ltr'>quae</span> <span class='ocrx_word' id='word_1_1245' title='bbox 1806 3530 1904 3560; x_wconf 86' lang='lat' dir='ltr'>simul</span> <span class='ocrx_word' id='word_1_1246' title='bbox 1927 3535 2003 3560; x_wconf 91' lang='lat' dir='ltr'>sunt</span> <span class='ocrx_word' id='word_1_1247' title='bbox 2025 3534 2119 3560; x_wconf 84' lang='lat' dir='ltr'>natus</span> <span class='ocrx_word' id='word_1_1248' title='bbox 2147 3534 2195 3561; x_wconf 89' lang='lat' dir='ltr'>est</span> <span class='ocrx_word' id='word_1_1249' title='bbox 2222 3531 2392 3572; x_wconf 85' lang='lat' dir='ltr'>separatim</span> <span class='ocrx_word' id='word_1_1250' title='bbox 2415 3531 2509 3562; x_wconf 89' lang='lat' dir='ltr'>intel-</span> 
     </span>
     <span class='ocr_line' id='line_1_160' title="bbox 1433 3573 2510 3615; baseline 0 -9"><span class='ocrx_word' id='word_1_1251' title='bbox 1433 3575 1544 3615; x_wconf 89' lang='lat' dir='ltr'>ligere;</span> <span class='ocrx_word' id='word_1_1252' title='bbox 1569 3581 1600 3606; x_wconf 91' lang='lat' dir='ltr'>et</span> <span class='ocrx_word' id='word_1_1253' title='bbox 1624 3575 1734 3606; x_wconf 89' lang='lat' dir='ltr'>omnia</span> <span class='ocrx_word' id='word_1_1254' title='bbox 1757 3573 1935 3605; x_wconf 87' lang='lat' dir='ltr'>accidentia</span> <span class='ocrx_word' id='word_1_1255' title='bbox 1957 3579 2227 3615; x_wconf 88' lang='lat' dir='ltr'>praesupponunt</span> <span class='ocrx_word' id='word_1_1256' title='bbox 2249 3574 2430 3606; x_wconf 88' lang='lat' dir='ltr'>secundum</span> <span class='ocrx_word' id='word_1_1257' title='bbox 2452 3585 2510 3606; x_wconf 89' lang='lat' dir='ltr'>na-</span> 
     </span>
     <span class='ocr_line' id='line_1_161' title="bbox 1433 3619 2509 3660; baseline 0.001 -11"><span class='ocrx_word' id='word_1_1258' title='bbox 1433 3625 1537 3650; x_wconf 90' lang='lat' dir='ltr'>turam</span> <span class='ocrx_word' id='word_1_1259' title='bbox 1562 3619 1700 3651; x_wconf 84' lang='lat' dir='ltr'>formam</span> <span class='ocrx_word' id='word_1_1260' title='bbox 1724 3628 1793 3649; x_wconf 87' lang='lat' dir='ltr'>esse</span> <span class='ocrx_word' id='word_1_1261' title='bbox 1813 3619 1847 3649; x_wconf 89' lang='lat' dir='ltr'>in</span> <span class='ocrx_word' id='word_1_1262' title='bbox 1863 3619 1995 3649; x_wconf 89' lang='lat' dir='ltr'>materia</span> <span class='ocrx_word' id='word_1_1263' title='bbox 2019 3619 2051 3649; x_wconf 90' lang='lat' dir='ltr'>in</span> <span class='ocrx_word' id='word_1_1264' title='bbox 2075 3628 2192 3660; x_wconf 89' lang='lat' dir='ltr'>genere</span> <span class='ocrx_word' id='word_1_1265' title='bbox 2216 3629 2332 3651; x_wconf 82' lang='lat' dir='ltr'>causae</span> <span class='ocrx_word' id='word_1_1266' title='bbox 2355 3619 2509 3656; x_wconf 80' lang='lat' dir='ltr'>formalis,</span> 
     </span>
    </p>
   </div>
   <div class='ocr_carea' id='block_1_17' title="bbox 2538 1032 2716 1061">
    <p class='ocr_par' dir='ltr' id='par_1_29' title="bbox 2538 1032 2716 1061">
     <span class='ocr_line' id='line_1_162' title="bbox 2538 1032 2716 1061; baseline 0 -6"><span class='ocrx_word' id='word_1_1267' title='bbox 2538 1033 2549 1043; x_wconf 86' lang='grc'><em>·</em></span> <span class='ocrx_word' id='word_1_1268' title='bbox 2564 1032 2622 1061; x_wconf 77' lang='lat' dir='ltr'>Cap.</span> <span class='ocrx_word' id='word_1_1269' title='bbox 2632 1038 2716 1055; x_wconf 74' lang='lat' dir='ltr'>uvm.</span> 
     </span>
    </p>
   </div>
   <div class='ocr_carea' id='block_1_18' title="bbox 2535 1701 2753 1751">
    <p class='ocr_par' dir='ltr' id='par_1_30' title="bbox 2535 1701 2753 1751">
     <span class='ocr_line' id='line_1_163' title="bbox 2535 1701 2753 1751; baseline -0.005 -26"><span class='ocrx_word' id='word_1_1270' title='bbox 2535 1701 2704 1751; x_wconf 43' lang='lat' dir='ltr'>aizel-M.</span> <span class='ocrx_word' id='word_1_1271' title='bbox 2714 1701 2753 1724; x_wconf 75' lang='lat' dir='ltr'>In-</span> 
     </span>
    </p>
   </div>
   <div class='ocr_carea' id='block_1_19' title="bbox 2535 3265 2749 3294">
    <p class='ocr_par' dir='ltr' id='par_1_31' title="bbox 2535 3265 2749 3294">
     <span class='ocr_line' id='line_1_164' title="bbox 2535 3265 2749 3294; baseline -0.005 -6"><span class='ocrx_word' id='word_1_1272' title='bbox 2535 3265 2654 3288; x_wconf 69' lang='lat' dir='ltr'>&#39;Al-leaea·</span> <span class='ocrx_word' id='word_1_1273' title='bbox 2664 3270 2715 3294; x_wconf 61' lang='grc' dir='ltr'>ιΑ.</span> <span class='ocrx_word' id='word_1_1274' title='bbox 2724 3270 2749 3293; x_wconf 83' lang='grc' dir='ltr'>ιι,</span> 
     </span>
    </p>
   </div>
   <div class='ocr_carea' id='block_1_20' title="bbox 2535 3298 2751 3454">
    <p class='ocr_par' dir='ltr' id='par_1_32' title="bbox 2535 3298 2751 3454">
     <span class='ocr_line' id='line_1_165' title="bbox 2535 3298 2750 3346; baseline -0.005 -5"><span class='ocrx_word' id='word_1_1275' title='bbox 2535 3298 2750 3346; x_wconf 60' lang='lat' dir='ltr'>f&#39;cissrnmnm,</span> 
     </span>
     <span class='ocr_line' id='line_1_166' title="bbox 2589 3344 2751 3368; baseline -0.006 0"><span class='ocrx_word' id='word_1_1276' title='bbox 2589 3346 2644 3368; x_wconf 76' lang='lat' dir='ltr'>me.</span> <span class='ocrx_word' id='word_1_1277' title='bbox 2657 3344 2683 3367; x_wconf 59' lang='grc' dir='ltr'><strong>ἡ</strong></span> <span class='ocrx_word' id='word_1_1278' title='bbox 2697 3346 2751 3367; x_wconf 69' lang='lat' dir='ltr'>odo</span> 
     </span>
     <span class='ocr_line' id='line_1_167' title="bbox 2582 3370 2750 3400; baseline -0.006 -5"><span class='ocrx_word' id='word_1_1279' title='bbox 2582 3388 2588 3395; x_wconf 91' lang='lat'>.</span> <span class='ocrx_word' id='word_1_1280' title='bbox 2645 3378 2675 3400; x_wconf 68' lang='grc'>1.,</span> <span class='ocrx_word' id='word_1_1281' title='bbox 2682 3371 2723 3394; x_wconf 71' lang='lat' dir='ltr'>nb.</span> <span class='ocrx_word' id='word_1_1282' title='bbox 2732 3370 2750 3397; x_wconf 71' lang='grc' dir='ltr'>Ι.</span> 
     </span>
     <span class='ocr_line' id='line_1_168' title="bbox 2535 3397 2750 3454; baseline -0.009 -5"><span class='ocrx_word' id='word_1_1283' title='bbox 2535 3397 2663 3454; x_wconf 64' lang='grc' dir='ltr'>ἓ“;έ,ὀ“ἓ</span> <span class='ocrx_word' id='word_1_1284' title='bbox 2672 3403 2750 3454; x_wconf 54' lang='grc' dir='ltr'>..ᾕςὶτ</span> 
     </span>
    </p>
   </div>
  </div>
 </body>
</html>
