2742 4152
0 1451 9 1460 ·
25 1449 62 1470 Pa.
73 1454 124 1475 xut,
142 1455 159 1469 ι.

10 3121 18 3129 ·
35 3119 86 3140 Vid.
112 3119 137 3140 R.
161 3119 219 3140 Mos.

11 3146 221 3173 Maimon.,Doctor

250 263 298 299 28
809 256 998 293 SUMMA
1028 255 1251 292 CONTRA
1280 253 1557 303 GENTILES,
1588 255 1700 300 CAP.
1722 256 1785 304 XI,
1806 256 1885 293 XII.

246 341 387 371 nominis
409 339 499 368 Deus
522 336 736 376 significatum
755 335 835 365 nihil
858 335 898 364 sit
913 335 946 364 in
969 339 1092 369 natura,
1108 333 1166 364 sed
1188 338 1315 381 tantum

245 386 279 415 in
299 384 501 424 cogitatione.
525 399 548 403 -
571 380 634 411 Sed
649 381 714 410 hoc
728 378 974 419 intelligendum
998 383 1045 409 est
1068 378 1265 418 simpliciter,
1283 382 1316 407 et

246 434 404 468 quantum
430 426 471 457 ad
497 434 565 456 esse
591 430 734 460 naturae,
755 434 823 455 non
851 429 960 454 autem
988 428 1148 462 quantum
1174 421 1215 452 ad
1246 431 1315 453 esse

246 473 431 512 cogitatum.
456 470 551 508 Quia,
575 470 651 500 licet
673 470 762 499 Deus
785 478 854 499 non
881 473 964 498 esset
986 468 1020 497 in
1045 472 1170 503 natura,
1194 466 1315 507 signifi-

245 522 353 547 catum
376 521 483 545 tamen
513 515 609 545 huius
638 514 780 544 nominis
810 513 900 543 Deus
931 517 978 542 est
1000 511 1105 542 maius
1134 510 1315 551 significato

244 561 339 591 huius
362 559 504 590 nominis
522 560 629 594 homo,
650 559 681 589 >si
703 564 879 598 utrumque
903 556 1077 596 accipiatur
1091 556 1125 586 in
1140 565 1210 586 esse
1226 556 1316 596 cogi-

244 610 310 635 tato
327 609 467 635 tantum:
483 604 559 635 licet
573 604 670 634 huius
684 603 827 634 nominis
843 602 939 632 homo
956 599 1172 641 significatum
1179 600 1224 630 sit
1239 601 1316 630 sim-

243 649 368 690 pliciter
391 653 423 679 et
444 649 478 679 in
503 658 571 679 esse
593 654 727 679 naturae
750 648 863 682 maius,
888 646 972 676 sicut
995 654 1051 675 ens
1074 654 1144 676 non
1171 650 1255 680 ente,
1280 650 1317 675 ut

244 693 392 724 diximus.

299 737 352 768 IX.
377 737 428 768 Ad
449 737 635 773 secundam,
653 736 788 767 Sanctus
811 735 956 766 Thomas
979 738 1076 773 negat
1095 733 1179 764 hanc
1202 742 1317 764 conse-

243 783 424 822 quentiam:
441 782 531 812 Deus
546 782 680 822 cogitari
694 785 802 821 potest
816 789 884 810 non
901 788 980 814 esse,
1002 778 1088 817 Ergo
1105 778 1178 808 Deo
1194 777 1318 818 aliquid

242 827 347 857 maius
374 827 507 866 cogitari
539 831 655 866 potest.
688 825 781 856 Esset
813 824 900 854 enim
927 823 1015 853 bona
1043 822 1069 852 si
1097 822 1189 863 quod
1215 823 1318 863 possit

243 871 377 911 cogitari
399 880 468 902 non
492 880 570 907 esse,
595 881 635 901 ex
656 869 903 910 imperfectione
921 868 972 898 sui
995 876 1065 898 esse
1080 872 1136 897 aut
1151 867 1317 898 incertitu-

243 915 319 946 dine
335 916 527 956 proveniret,
545 916 701 955 quoniam
716 919 794 944 tunc
809 912 1037 953 imperfectum
1054 917 1224 942 ensesset:
1248 920 1317 942 non

243 965 352 991 autem
367 960 394 990 si
408 960 578 1000 proveniat
601 969 639 990 ex
658 958 819 990 debilitate
835 957 1017 988 intellectus
1039 957 1151 992 nostri,
1168 957 1226 996 qui
1241 965 1318 987 eum

242 1004 360 1035 intueri
382 1013 451 1034 non
474 1009 590 1043 potest.

298 1047 542 1079 Advertendum
556 1054 665 1079 autem
681 1046 773 1087 quod
795 1056 864 1077 non
887 1051 935 1077 est
959 1044 1073 1076 eadem
1088 1045 1170 1076 ratio
1194 1044 1234 1076 de
1250 1045 1317 1075 istis

243 1092 367 1124 duabus
389 1093 678 1132 propositionibus,
694 1092 803 1122 Potest
826 1090 970 1132 cogitari
993 1099 1062 1121 esse
1081 1089 1208 1130 aliquid
1230 1089 1318 1130 quod

243 1146 307 1168 non
327 1142 436 1177 potest
458 1137 601 1178 cogitari
617 1146 682 1167 non
700 1145 778 1171 esse,
802 1141 844 1172 et,
868 1135 978 1166 Potest
993 1144 1062 1166 esse
1077 1135 1110 1165 in
1128 1144 1239 1165 rerum
1259 1144 1317 1165 na-

242 1187 318 1212 tura
341 1181 467 1222 aliquid
496 1181 584 1222 quod
614 1190 679 1211 non
707 1185 817 1221 potest
839 1179 984 1221 cogitari
1008 1189 1074 1210 non
1101 1188 1180 1210 esse.
1210 1179 1318 1210 Prima

242 1224 385 1266 quidem,
403 1235 502 1267 quam
517 1230 745 1266 argumentum
761 1226 904 1261 assumit,
922 1229 970 1256 est
984 1234 1059 1255 vera
1065 1234 1075 1254 -:
1093 1224 1128 1254 in
1144 1232 1213 1255 esse
1229 1224 1317 1254 enim

242 1270 404 1310 cogitabili
419 1279 488 1301 non
511 1270 701 1301 inconvenit
715 1268 839 1310 aliquid
854 1278 924 1300 esse
947 1268 1039 1309 quod
1053 1278 1123 1300 non
1142 1268 1245 1309 possit
1261 1277 1317 1299 co-

240 1315 332 1355 gitari
354 1324 422 1346 non
446 1324 524 1346 esse.
558 1314 623 1346 Sed
645 1313 788 1345 secunda
811 1319 859 1345 est
881 1314 974 1345 falsa:
1003 1313 1080 1354 quia
1101 1313 1182 1344 nihil
1210 1318 1318 1353 potest

241 1369 310 1390 esse
332 1360 367 1389 in
390 1368 498 1390 rerum
521 1364 635 1390 natura
658 1358 750 1400 quod
772 1368 841 1390 non
864 1359 967 1399 possit
990 1358 1124 1399 cogitari
1142 1367 1213 1388 non
1229 1366 1316 1394 esse›;

241 1413 317 1434 cum
341 1404 438 1435 etiam
461 1404 570 1435 Deum
591 1413 662 1434 non
685 1413 754 1435 esse
769 1405 804 1434 in
819 1404 962 1434 humana
982 1403 1179 1443 cogitatione
1203 1402 1317 1433 cadere

240 1449 351 1489 possit,
375 1448 464 1479 iuxta
486 1448 568 1480 illud
589 1448 709 1479 Psalmi
724 1449 757 1478 *z
782 1448 880 1479 Dixit
902 1447 1058 1488 insipiens
1073 1448 1107 1478 in
1123 1446 1224 1477 corde
1237 1454 1317 1478 suo:

241 1493 317 1523 Non
341 1498 389 1523 est
410 1493 511 1524 Deus.

296 1536 542 1568 Advertendum
557 1537 691 1568 ulterius
707 1536 799 1577 quod
821 1546 1028 1578 consequens
1050 1534 1147 1571 istud,
1167 1535 1239 1566 Deo
1256 1535 1318 1566 ali-

240 1581 319 1623 quid
331 1582 437 1613 maius
451 1582 595 1623 cogitari
604 1586 723 1622 potest,
737 1587 784 1612 est
795 1580 914 1613 falsum
928 1582 956 1613 si
971 1589 1197 1621 supponamus
1208 1580 1318 1610 Deum

241 1635 320 1663 esse,
344 1632 378 1658 et
399 1626 534 1657 nomine
558 1626 621 1658 Dei
636 1625 809 1666 significari
829 1625 864 1656 id
880 1635 948 1666 quo
971 1625 1077 1657 maius
1100 1624 1235 1665 cogitari
1248 1633 1319 1655 non

241 1675 359 1712 potest.
381 1671 424 1702 Et
447 1671 524 1711 quia
547 1676 776 1711 argumentum
798 1669 925 1702 videtur
940 1670 997 1701 illo
1013 1669 1184 1710 supposito
1203 1678 1319 1709 proce-

242 1715 328 1752 dere,
358 1715 434 1746 ideo
465 1715 602 1747 Sanctus
633 1715 780 1746 Thomas
811 1715 1081 1756 consequentiam
1112 1718 1225 1753 negat:
1249 1722 1319 1744 non

242 1765 351 1791 autem
375 1759 545 1791 falsitatem
561 1760 824 1800 consequentiae,
840 1764 877 1790 ut
891 1758 1018 1790 videtur
1032 1757 1263 1798 respondendo
1279 1757 1320 1788 ad

242 1805 380 1845 primam
395 1804 555 1836 rationem
569 1814 696 1845 negare,
709 1805 743 1835 in
759 1813 825 1844 qua
839 1813 909 1835 non
925 1803 1130 1844 supponitur,
1142 1803 1247 1833 immo
1262 1811 1320 1833 ne-

242 1854 345 1889 gatur,
362 1858 401 1880 ex
416 1849 630 1890 responsione
645 1849 840 1889 ponentium
853 1849 962 1880 Deum
976 1857 1046 1879 non
1062 1856 1142 1883 esse,
1158 1847 1192 1878 in
1211 1855 1320 1877 rerum

242 1898 356 1924 natura
379 1902 447 1924 esse
470 1893 593 1934 aliquid
616 1903 684 1934 quo
710 1894 816 1924 maius
840 1893 974 1933 cogitari
995 1901 1065 1923 non
1088 1891 1199 1932 possit.
1225 1890 1320 1923 Unde

242 1947 311 1969 non
334 1943 382 1969 est
397 1938 609 1971 contradictio
625 1938 705 1969 dum
720 1938 755 1968 in
769 1937 984 1978 responsione
1007 1935 1048 1967 ad
1071 1937 1212 1976 primum
1241 1945 1320 1966 con-

243 1981 327 2013 cedit
350 1982 422 2013 Deo
446 1982 568 2022 aliquid
599 1983 704 2013 maius
733 1991 830 2022 posse
854 1981 998 2021 cogitari,
1023 1981 1075 2012 hic
1107 1986 1217 2011 autem
1239 1979 1320 2011 illud

242 2035 311 2057 esse
335 2025 451 2058 falsum
474 2026 600 2057 videtur
616 2026 798 2058 admittere:
815 2026 860 2056 ibi
876 2026 964 2056 enim
987 2024 1156 2065 respondit
1178 2033 1247 2055 non
1263 2023 1319 2056 ad-

1371 333 1471 363 misso
1487 343 1557 364 esse
1573 333 1696 374 aliquid
1710 334 1745 364 in
1760 339 1874 372 natura
1890 344 1958 375 quo
1974 335 2079 365 maius
2095 334 2230 374 cogitari
2246 343 2315 365 non
2331 336 2449 375 possit;

1371 378 1424 416 hic
1447 387 1524 408 vero
1547 377 1724 418 respondet
1745 379 1916 419 supposito
1932 388 1991 420 per
2005 384 2195 419 arguentem
2218 378 2310 419 quod
2330 378 2453 420 aliquid

1371 422 1433 452 tale
1456 422 1497 452 sit
1519 422 1554 452 in
1575 427 1699 452 natura.
1835 447 1837 449 .
2076 445 2079 447 .
2444 439 2448 443 -

1427 466 1466 496 X.
1491 466 1542 497 Ad
1565 466 1696 497 tertium
1727 466 1903 507 respondet
1934 466 2025 507 quod
2055 467 2171 507 utique
2193 467 2378 498 videntibus
2404 466 2452 498 di-

1373 511 1481 541 vinam
1504 510 1676 541 essentiam
1698 516 1817 542 notum
1833 516 1881 542 est
1897 511 2005 542 Deum
2021 521 2091 542 esse
2109 520 2168 552 per
2183 521 2232 542 se:
2257 521 2327 542 non
2341 516 2452 542 tamen

1373 560 1420 585 est
1443 564 1502 595 per
1527 564 1562 585 se
1588 560 1707 586 notum
1733 556 1840 592 nobis,
1865 557 1923 596 qui
1949 556 1990 587 ad
2016 565 2094 587 eum
2121 555 2390 596 cognoscendum
2413 565 2452 586 ex

1373 598 1542 630 effectibus
1563 599 1782 639 pervenimus.

1428 643 1480 674 Ad
1503 643 1601 674 huius
1625 643 1830 680 evidentiam,
1851 644 2021 676 sciendum
2044 645 2151 685 primo
2168 644 2269 685 quod,
2286 645 2362 675 licet
2376 653 2452 685 pro-

1372 689 1494 728 positio
1508 688 1544 718 in
1561 697 1626 728 qua
1648 687 1737 718 idem
1752 687 1794 718 de
1816 697 1851 718 se
1873 689 1947 728 ipso
1971 689 2184 730 praedicatur,
2200 690 2241 720 sit
2262 689 2453 730 simpliciter

1373 742 1431 773 per
1454 742 1488 763 se
1510 737 1599 768 nota,
1625 741 1702 763 cum
1724 731 1946 772 praedicatum
1973 743 2042 764 non
2065 733 2174 764 solum
2197 735 2237 764 sit
2260 733 2301 765 de
2328 734 2452 764 ratione

1373 777 1521 813 subiecti,
1537 776 1594 807 sed
1610 777 1707 807 etiam
1722 777 1763 807 sit
1777 776 1866 807 idem
1881 778 2030 808 subiecto
2045 777 2199 815 totaliter3
2216 784 2326 809 tamen
2342 776 2453 819 quoad

1373 831 1435 852 nos
1458 826 1566 862 potest
1581 830 1650 852 non
1674 830 1743 852 esse
1765 830 1825 861 per
1847 830 1883 852 se
1905 827 1994 858 nota,
2010 827 2067 853 aut
2082 822 2159 862 quia
2173 824 2391 854 terminorum
2411 823 2452 852 si-

1372 865 1523 907 gnificata
1538 866 1736 906 ignoramus,
1753 866 1837 896 sicut
1855 865 1972 896 accidit
1986 866 2104 897 Latino
2118 865 2161 897 de
2175 866 2244 904 ista,
2264 868 2453 907 Anthropos

1374 915 1423 941 est
1436 911 1618 950 anthropos
1621 917 1634 947 ;
1649 915 1706 941 aut
1717 910 1795 951 quia
1808 919 1879 941 non
1889 911 2044 941 novimus
2055 910 2221 942 evidenter
2230 911 2452 952 praedicatum

1374 965 1444 986 esse
1466 954 1555 985 idem
1578 955 1736 991 subiecto,
1754 960 1787 985 et
1801 955 1848 985 sic
1863 960 1912 985 est
1927 954 1968 986 de
1983 955 2053 991 ista,
2069 955 2161 986 Deus
2180 960 2238 987 est.
2260 955 2349 994 Quia
2363 957 2453 987 enim

1374 999 1517 1030 divinam
1529 999 1701 1030 essentiam
1717 1003 1754 1029 ut
1768 999 1803 1030 in
1818 1008 1854 1030 se
1869 1004 1918 1030 est
1931 1009 2002 1030 non
2013 998 2172 1036 videmus,
2185 999 2260 1031 ideo
2271 1009 2334 1031 nec
2347 1001 2453 1040 ipsam

1375 1045 1444 1075 eius
1468 1044 1670 1074 existentiam
1693 1052 1752 1084 per
1774 1052 1809 1074 se
1832 1043 2110 1084 comprehendere
2135 1053 2323 1084 possumus,
2346 1050 2384 1075 ut
2406 1045 2454 1075 vi-

1374 1088 1508 1120 deamus
1532 1098 1572 1119 ex
1594 1088 1750 1124 terminis,
1774 1093 1874 1128 prout
1896 1098 1915 1119 a
1937 1088 2034 1119 nobis
2058 1089 2300 1129 concipiuntur,
2319 1097 2390 1119 esse
2413 1089 2453 1119 ab

1374 1133 1443 1164 eius
1456 1133 1594 1164 essentia
1604 1142 1675 1163 non
1690 1131 1860 1173 distingui:
1878 1132 1936 1163 sed
1951 1132 1992 1164 ad
2004 1142 2080 1164 eam
2095 1133 2320 1174 cognitionem
2332 1141 2372 1164 ex
2383 1133 2454 1164 eius

1374 1177 1542 1209 effectibus
1564 1177 1784 1218 pervenimus.
1808 1177 1916 1208 Beatis
1938 1182 2048 1208 autem
2071 1177 2153 1208 illud
2162 1183 2216 1208 est
2234 1178 2453 1214 notissimum,

1374 1232 1415 1253 eo
1439 1221 1531 1263 quod
1553 1222 1658 1262 ipsam
1681 1220 1825 1252 divinam
1848 1222 2021 1252 essentiam
2043 1222 2241 1254 intueantur.

1431 1277 1462 1298 2.
1486 1266 1538 1297 Ad
1560 1271 1714 1307 quartum
1737 1266 1845 1306 inquit
1859 1265 1952 1306 quod
1967 1266 2070 1297 homo
2091 1265 2250 1298 desiderat
2272 1265 2382 1298 Deum
2395 1275 2455 1299 na-

1373 1312 1516 1343 turaliter
1529 1311 1727 1351 inquantum
1742 1309 1901 1342 deciderat
1915 1310 2162 1348 beatitudinem,
2177 1320 2264 1353 quae
2283 1316 2332 1342 est
2354 1320 2454 1352 quae-

1373 1356 1449 1388 dam
1467 1355 1647 1387 similitudo
1663 1354 1791 1386 divinae
1806 1355 1969 1386 bonitatis.
1987 1355 2065 1387 Ideo
2080 1365 2151 1388 non
2166 1361 2298 1397 oportet
2313 1361 2350 1387 ut
2364 1355 2454 1387 Deus

1372 1402 1443 1442 ipse
1465 1401 1501 1431 in
1523 1410 1558 1431 se
1581 1399 1802 1431 consideratus
1825 1400 1867 1431 sit
1888 1400 2076 1432 naturaliter
2106 1401 2234 1432 homini
2263 1406 2373 1437 notus,
2396 1399 2455 1432 sed

1373 1450 1500 1477 tantum
1523 1445 1593 1476 eius
1615 1444 1804 1476 similitudo.

1428 1489 1482 1521 Ad
1497 1490 1595 1521 huius
1611 1488 1816 1525 evidentiam,
1832 1488 2080 1529 intelligendum
2096 1489 2188 1530 quod
2210 1489 2314 1521 homo
2337 1489 2456 1523 dicitur

1374 1534 1427 1565 hic
1449 1533 1635 1565 naturaliter
1650 1533 1830 1566 desiderare
1845 1533 2088 1571 beatitudinem,
2113 1543 2199 1574 quae
2221 1539 2271 1565 est
2293 1533 2455 1575 quaedam

1374 1579 1437 1610 Dei
1459 1577 1650 1614 similitudo,
1673 1583 1707 1609 et
1731 1579 1779 1609 sic
1802 1578 1912 1609 Deum
1942 1579 1977 1609 in
2006 1588 2066 1609 sua
2095 1578 2306 1611 similitudine
2330 1587 2455 1619 cogno-

1375 1632 1474 1659 scere,
1490 1632 1560 1654 non
1576 1623 1654 1663 quia
1669 1622 1828 1654 desideret
1851 1622 2086 1655 beatitudinem
2108 1623 2291 1655 secundum
2306 1623 2390 1654 hanc
2405 1631 2455 1654 ra-

1375 1668 1501 1699 tionem
1523 1667 1750 1710 particularem
1774 1666 1866 1708 quod
1889 1672 1937 1699 est
1959 1668 2041 1699 visio
2065 1667 2194 1699 divinae
2216 1668 2384 1704 essentiae,
2408 1668 2455 1699 sic

1376 1713 1465 1743 enim
1486 1721 1596 1753 neque
1619 1712 1806 1744 naturaliter
1828 1713 2038 1752 cognoscitur
2059 1721 2169 1753 neque
2190 1712 2377 1744 naturaliter
2398 1711 2455 1744 de·

1376 1756 1542 1793 sideratur,
1559 1757 1707 1788 absolute
1730 1756 1914 1797 loquendo:
1931 1756 1989 1788 sed
2004 1757 2082 1797 quia
2097 1757 2256 1788 desiderat
2270 1756 2456 1788 naturaliter

1376 1801 1611 1833 beatitudinem
1633 1802 1668 1832 in
1691 1801 1873 1837 communi,
1889 1801 1959 1832 vult
1981 1802 2070 1832 enim
2093 1802 2321 1843 unusquisque
2341 1802 2456 1835 beatus

1377 1854 1456 1877 esse.
1488 1845 1525 1877 ln
1548 1855 1762 1887 quocumque
1785 1851 1896 1877 autem
1919 1845 2126 1878 beatitudinis
2150 1847 2233 1878 ratio
2263 1846 2454 1883 collocetur,

1376 1889 1458 1921 illud
1481 1890 1642 1931 quaedam
1665 1889 1793 1922 divinae
1817 1891 1970 1922 bonitatis
1993 1896 2042 1921 est
2063 1890 2252 1922 similitudo.

1434 1935 1464 1966 3.
1488 1935 1540 1966 Ad
1561 1935 1710 1976 quintum
1733 1935 1841 1976 inquit
1872 1934 1964 1976 quod
1993 1935 2066 1966 Deo
2092 1935 2227 1976 quide·
2257 1935 2370 1966 omnia
2398 1943 2455 1966 eo-

1375 1984 1588 2020 gnoscuntur,
1603 1988 1673 2010 non
1688 1984 1844 2020 tanquam
1860 1980 1969 2020 primo
1986 1980 2130 2020 cognito,
2146 1979 2204 2011 sed
2219 1980 2296 2020 quia
2311 1988 2370 2020 per
2385 1979 2455 2010 eius

1375 2023 1580 2055 influentiam
1603 2024 1711 2055 omnis
1733 2024 1768 2055 in
1791 2024 1886 2055 nobis
1909 2029 2061 2056 causatur
2083 2025 2240 2065 cognitio.
2446 2045 2447 2048 =

1291 2154 1305 2180 ,Ξ
1317 2145 1371 2190 ψ.
1384 2153 1392 2180 Ξ

807 2303 1295 2361 CAPITULUM
1339 2305 1891 2362 DUODECIMUM

565 2433 654 2473 DE
699 2432 1030 2474 OPINIONE
1070 2433 1451 2475 DICENTIUM
1493 2433 1684 2487 QUOD
1725 2434 1922 2476 DEUM
1961 2433 2128 2476 ESSE

448 2502 897 2544 DEMONSTRARI
938 2503 1069 2544 NON
1112 2502 1353 2545 POTEST
1393 2503 1513 2546 SED
1558 2503 1723 2546 SOLA
1767 2504 1912 2546 FIDE
1954 2504 2248 2546 TENETUR

324 2664 388 2681 ,ἢ
432 2654 437 2662 ›
455 2645 497 2671 ετ
511 2640 642 2671 autem
657 2633 853 2683 quaedam
867 2633 1034 2672 aliorum
1050 2633 1183 2684 opinio
1209 2646 1319 2684 prae-

270 2698 279 2711 ³
318 2710 321 2715 ν
348 2676 380 2728 ’ᾖ
390 2671 441 2726 ’ἃ
468 2685 591 2724 dictae
629 2686 811 2736 positioni
849 2687 1050 2733 contraria,
1089 2699 1159 2737 per
1196 2700 1318 2738 quarn

469 2739 584 2777 etiam
613 2739 756 2778 inutilis
784 2740 1011 2778 redderetur
1037 2748 1201 2779 conatus
1229 2753 1319 2791 pro-

469 2793 559 2831 bare
580 2793 864 2832 intendentium
889 2796 1020 2832 Deum
1049 2806 1144 2832 esse.
1176 2794 1320 2832 Dicunt

332 2744 340 2749 ,
417 2734 425 2745 ⁴

269 2748 288 2785 ᾗ.
326 2747 439 2789 ⁴15⁶&

246 2847 351 2884 enirn
379 2846 488 2896 quod
516 2847 647 2884 Deum
666 2859 749 2884 esse
778 2859 859 2885 non
887 2855 1013 2898 potest
1040 2860 1111 2898 per
1129 2847 1320 2886 rationem
1342 2861 1352 2883 s
1374 2848 1523 2899 taph.*:
1555 2849 1660 2886 nulla
1688 2847 1904 2887 remanebit
1931 2848 1996 2887 via
2023 2849 2073 2887 ad
2100 2847 2454 2887 demonstrandum

246 2899 421 2947 inveniri,
447 2899 514 2937 sed
534 2912 603 2950 per
622 2902 746 2938 solam
765 2901 869 2938 viam
899 2901 991 2939 fidei
1011 2909 1047 2939 et
1075 2901 1320 2940 revelationis

247 2961 303 2991 est
330 2961 545 3003 acceptum.

301 3006 363 3044 Ad
392 3007 469 3045 hoc
497 3014 626 3044 autem
666 3006 878 3045 dicendum
915 3007 1011 3045 moti
1039 3016 1129 3046 sunt
1157 3008 1320 3058 quidam

247 3067 405 3110 propter
432 3059 667 3097 debilitatem
700 3061 896 3098 rationum
933 3073 1031 3111 quas
1059 3061 1178 3112 aliqui
1207 3061 1319 3099 indu—

248 3113 386 3150 cebant
413 3113 462 3150 ad
490 3113 740 3163 probandum
769 3115 897 3152 Deum
928 3127 1011 3152 esse
1030 3114 1061 3152 ⁸¹².

1428 2635 1535 2672 Item.
1558 2634 1599 2673 Si
1617 2633 1854 2684 principium
1874 2634 1924 2672 ad
1947 2633 2300 2673 demonstrandum
2319 2647 2369 2673 an
2389 2641 2453 2682 est,

1374 2688 1595 2726 secundum
1609 2696 1732 2725 artem
1748 2687 1989 2738 Philosophi,
2001 2695 2155 2738 oportet
2168 2687 2343 2738 accipere
2357 2687 2454 2738 quid

1374 2741 1562 2790 significet
1576 2741 1761 2787 nomen*;
1783 2743 1880 2779 ratio
1894 2753 1990 2779 vero
2003 2743 2218 2792 significata
2228 2753 2301 2792 per
2315 2753 2452 2779 nomen

1375 2801 1426 2832 est
1453 2795 1630 2844 definitio,
1659 2795 1879 2832 secundum
1908 2793 2209 2845 Philosophum,
2238 2794 2278 2832 in
2297 2795 2349 2833 lv
2366 2796 2455 2834 Me·-

1375 2902 1507 2940 Deum
1540 2914 1636 2947 esse,
1667 2909 1817 2940 remota
1845 2901 2001 2940 divinae
2034 2901 2222 2940 essentiae
2249 2903 2313 2940 vel
2339 2901 2453 2952 quid.-

1375 2955 1501 2994 ditatis
1529 2954 1762 3004 cognitione.

1429 3010 1535 3046 ltem.
1557 3008 1598 3047 Si
1616 3007 1956 3046 demonstrationis
1983 3007 2172 3059 principia
2200 3020 2224 3046 a
2251 3019 2369 3046 sensu
2387 3019 2452 3046 co-

1374 3061 1555 3111 gnitionis
1583 3061 1773 3111 originem
1806 3069 1978 3110 sumunt,
2008 3070 2052 3100 ut
2079 3060 2119 3099 in
2147 3060 2454 3100 Posterior-ibus*

1336 3133 1362 3149 ιο
1375 3114 1600 3164 ostenditur,
1621 3127 1667 3153 ea
1695 3126 1796 3166 quae
1825 3126 1988 3153 ornnem
2016 3126 2176 3154 sensum
2195 3123 2232 3153 et
2259 3113 2453 3161 sensibilia

2535 2744 2678 2798 {i

2511 2850 2536 2900 ,αφ

2545 2849 2591 2904 „53

2593 2849 2640 2904 ,ΞΣ-

2480 2851 2509 2900 e,-

2650 2849 2690 2905 ⁹}

2479 3062 2497 3110 ἶ.
2505 3061 2605 3116 'imum‘
2618 3067 2639 3084 a.
2647 3060 2694 3084 Tb.

11 3172 118 3200 Perplex.
141 3172 176 3194 Cf.
193 3172 221 3193 de

16 3199 74 3225 Ver„
85 3205 108 3227 q.
119 3205 140 3225 x,
156 3205 176 3220 a.
190 3206 221 3221 ιι.

303 3167 437 3204 Posset
464 3174 595 3205 tamen
623 3165 687 3204 hic
719 3179 826 3205 error
862 3167 1132 3206 fulcimentum
1160 3168 1321 3219 aliquod
1375 3168 1579 3217 excedunt,
1598 3169 1781 3207 videntur
1798 3167 2155 3207 indemonstrabilia
2183 3179 2277 3206 esse.
2307 3166 2453 3205 Huius-

250 3219 343 3257 falso
358 3218 430 3257 sibi
445 3231 642 3258 assumere
658 3232 709 3258 ex
724 3221 976 3270 quorundam
991 3222 1321 3272 philosophorum
1377 3222 1486 3260 modi
1514 3230 1647 3260 autem
1670 3230 1727 3260 est
1746 3223 1878 3260 Deum
1902 3234 1998 3260 esse.
2019 3222 2088 3260 Est
2106 3220 2220 3270 igitur
2246 3220 2452 3259 indemon-

250 3271 370 3319 dictis‚
390 3272 457 3322 qui
482 3274 692 3311 ostendunt
711 3273 751 3311 in
773 3275 858 3312 Deo
878 3274 980 3312 idem
1007 3287 1090 3312 esse
1114 3275 1322 3313 essentiam
1377 3275 1542 3313 strabile.

251 3333 287 3361 et
302 3337 396 3371 esse,
413 3326 553 3363 scilicet
572 3326 611 3364 id
630 3327 739 3377 quod
759 3328 1017 3377 respondetur
1034 3329 1083 3366 ad
1100 3330 1189 3380 quid
1207 3334 1269 3375 est,
1285 3336 1323 3366 et
1432 3328 1562 3366 Huius
1576 3336 1709 3366 autem
1723 3327 1932 3366 sententiae
1942 3327 2082 3366 falsitas
2096 3326 2210 3365 nobis
2225 3327 2451 3376 ostenditur,

252 3378 301 3415 ad
320 3378 587 3427 quaestionem
607 3392 656 3417 an
678 3386 738 3417 est.
764 3380 836 3418 Via
860 3388 991 3419 autem
1011 3381 1168 3420 rationis
1187 3393 1323 3433 perve·
1339 3399 1362 3420 ις
1378 3390 1464 3420 tum
1493 3394 1540 3420 ex
1567 3380 1906 3420 demonstrationis
1933 3388 2026 3426 arte,
2046 3391 2148 3430 quae
2177 3392 2224 3418 ex
2252 3380 2453 3419 effectibus

253 3430 323 3468 niri
343 3443 423 3469 non
442 3440 566 3482 potest
585 3440 627 3470 ut
655 3433 796 3471 sciatur
824 3434 872 3471 de
901 3435 986 3472 Deo
1007 3434 1101 3485 quid
1122 3443 1188 3473 est.
1210 3435 1324 3474 Unde
1379 3448 1516 3474 causas
1544 3435 1778 3473 concludere
1805 3434 1931 3473 docet.
1957 3456 1982 3461 -
2006 3433 2115 3472 Tum
2143 3446 2190 3472 ex
2218 3433 2303 3484 ipso
2332 3434 2453 3473 scien·

254 3495 325 3521 nec
339 3484 484 3522 ratione
500 3485 652 3524 videtur
666 3498 780 3536 posse
800 3487 1057 3526 demonstrari
1073 3501 1122 3526 an
1139 3490 1246 3526 Deus
1265 3488 1322 3526 sit.
1379 3488 1521 3527 tiarum
1554 3488 1702 3526 ordine.
1741 3489 1863 3534 Nam,
1892 3486 1923 3525 si
1960 3499 2042 3525 non
2074 3486 2121 3525 sit
2153 3486 2283 3537 aliqua
2314 3487 2454 3526 scibilis

312 3602 339 3621 ιι
362 3596 549 3631 fulcimentum]
570 3598 767 3625 fiandamentum
788 3600 953 3632 DEGNWZ;
974 3601 1009 3634 cs.
1029 3602 1058 3626 L.
1073 3601 1116 3627 lV.
1135 3609 1191 3635 cap.
1204 3610 1231 3634 4.
1245 3602 1384 3628 Adducunt
1402 3605 1452 3631 etc.

1545 3601 1578 3627 ¹3
1597 3602 1668 3627 idem
1686 3599 1756 3635 ene]
1776 3607 1823 3634 per
1841 3599 1969 3626 rationem
1988 3600 2058 3626 idem
2078 3601 2097 3625 d
2115 3604 2142 3626 et
2159 3600 2256 3626 addito
2275 3607 2334 3626 ease
2354 3600 2382 3626 Ρ.

311 3631 324 3656 5
345 3632 424 3665 null-1
445 3633 521 3665 igitur
538 3634 644 3659 addunt
662 3635 731 3660 ZPd.
