2768 4134
62 1017 71 1027 ·
86 1016 121 1039 Cf.
142 1016 276 1047 Commeat.

63 1050 83 1066 c.
93 1049 156 1069 xxvu,
171 1046 222 1064 ιιιιῐ.

62 1288 71 1298 ”
88 1286 124 1309 cf.
140 1286 197 1308 ibid.
214 1293 236 1309 n.
251 1293 273 1307 v.

310 246 358 284 86

307 327 399 364 triae
428 324 695 369 defendebant,
716 322 885 359 dicentes
913 328 1040 357 totum
1068 319 1266 357 mundum
1295 330 1379 355 esse

832 242 1020 280 SUMMA
1050 240 1274 278 CONTRA
1303 238 1580 287 GENTILES,
1613 240 1724 289 CAP.
1746 241 1898 289 XXVII,
1919 240 2087 278 XXVIII.

1434 318 1562 356 debite
1596 319 1753 358 divinus
1785 322 1911 359 cultus
1947 319 2185 358 exhibeatur.
2217 319 2514 359 Commentator

307 381 447 425 Deum,
486 389 567 414 non
604 375 751 413 ratione
788 373 973 424 corporis,
1010 373 1077 410 sed
1115 371 1263 410 ratione
1299 370 1380 409 ani-
1433 370 1550 409 etiam
1578 372 1679 420 dicit,
1718 373 1759 411 in
1791 374 1843 411 XI
1875 375 2138 425 Metaphysq
2107 373 2128 395 '¹‘
2169 374 2279 423 quod
2313 375 2374 411 hic
2409 375 2513 412 locus

306 444 404 478 mae,
444 430 540 468 sicut
577 431 700 467 homo
743 427 882 466 dicitur
922 426 1075 476 sapiens
1113 437 1195 463 non
1232 424 1380 462 ratione
1423 425 1503 473 fuit
1530 425 1656 476 lapsus
1682 429 1891 477 sapientum
1918 429 2040 479 gentis
2068 428 2286 473 Zahiorum,
2306 426 2405 465 idest
2429 428 2512 466 ido-

306 483 478 535 eorporis
506 483 573 521 sed
602 483 775 520 animae:
805 494 886 531 quo
915 479 1130 539 supposito3
1158 478 1269 528 sequi
1298 477 1381 538 opi-

1435 479 1638 516 latrarum:
1669 479 1762 529 quia
1780 480 1922 519 scilicet
1940 489 2158 532 posuerunt
2177 481 2309 519 Deum
2333 493 2416 519 esse
2437 481 2512 519 sor-

305 539 497 576 nabantur
525 537 633 587 quod
661 536 814 573 mundo
839 543 875 573 et
902 534 1075 585 partibus
1098 532 1181 570 eius
1210 544 1292 569 non
1325 531 1381 569 in-
1404 549 1413 570 ς
1436 544 1546 569 mam
1575 531 1681 570 caeli.

356 657 374 681 4
393 650 440 675 sed
459 649 561 675 animae
579 651 601 675 Α
620 650 705 680 solun
725 650 771 674 sed
790 649 889 674 ratione
908 648 1009 673 animae
1027 647 1164 678 WXsGN;
1182 647 1266 672 ceteri
1283 654 1326 672 om
1346 647 1407 672 hom
1427 646 1538 673 sicut...

1358 682 1373 707 3
1392 682 1544 716 Zabiorum]
1565 682 1750 716 saprobiorum
1770 690 1796 714 ι,
1815 683 1968 716 upbiorum
1987 684 2020 716 X,
2038 684 2170 710 tabiorum
2197 684 2230 715 D,
2255 689 2281 709 et
2299 684 2412 709 aliorum
2437 683 2516 717 (idest

970 727 988 751 4
1007 720 1068 752 quia
1088 717 1193 753 scilicet]
1214 718 1258 752 qui
1277 718 1376 744 scilicet
1393 719 1423 751 B,
1443 718 1514 744 idem
1534 719 1558 744 H
1572 721 1639 751 post
1656 721 1824 751 expunctum
1843 719 1906 752 quin
1923 719 2031 751 scilieet,
2045 727 2088 746 ars
2100 720 2130 751 F,
2144 720 2214 745 idem
2227 727 2246 745 a
2259 722 2412 746 correctore
2430 727 2515 752 supra

359 693 370 711 1
394 685 546 711 exhibeatur
563 686 597 717 Z3
617 685 751 710 exhibetur
769 684 921 710 exhibeatur
938 684 969 715 Ε,
988 683 1157 708 exhibebatur
1173 683 1266 708 ceteri.

304 721 359 755 om)
378 722 407 754 Z,
426 721 580 755 saphiorum
598 729 621 752 c,
640 721 774 746 zabiorum
793 721 835 745 vel
853 721 880 746 d.

304 758 364 790 quia
383 757 481 783 scilicet
501 757 533 789 G,
552 757 627 790 quasi
645 757 743 782 scilicet
760 756 804 780 W.

1557 647 1605 672 sed
1624 647 1734 672 animae.

1066 832 1407 867 Commentario
1434 833 1750 867 Fer-ramensis

307 940 437 1004 Sicur
455 935 621 960 ostensum
653 933 699 958 est
730 926 821 978 quod
851 926 939 956 Deus
970 934 1039 956 non
1070 932 1118 956 est
1145 934 1214 956 esse
1244 923 1381 955 formale
1404 923 1408 969 Ι

1494 924 1614 955 Tertio.
1639 923 1813 963 Quaelibet
1836 933 1910 965 pars
1934 929 2142 965 comparatur
2171 924 2212 956 ad
2240 930 2348 958 totum
2376 936 2514 968 compo-

348 974 508 1010 omnium‚
533 974 575 1003 ita
600 971 780 1003 ostenditur
802 972 836 1002 in
866 971 931 1001 hoc
966 969 1110 1010 capitulo
1135 969 1227 1010 quod
1257 969 1382 1000 nullius
1434 969 1533 1000 situm
1557 966 1640 1000 s'icut
1662 969 1811 1010 potentia
1833 968 1874 1000 ad
1897 967 2086 1000 actum.1n
2109 968 2183 1000 Deo
2214 975 2325 1001 autem
2353 972 2444 1003 nulla
2467 978 2515 1003 est

305 1020 354 1050 rei
375 1019 418 1050 sit
431 1019 550 1060 forma
567 1018 593 1047 ἦ

360 1064 382 1094 Ι.
407 1063 571 1093 Probatur
587 1062 709 1102 primo.
734 1061 812 1091 Esse
836 1059 983 1090 divinum
1006 1068 1075 1090 non
1098 1064 1207 1100 potest
1230 1068 1299 1090 esse
1323 1059 1381 1090 ali-

304 1109 396 1139 cuius
413 1108 541 1138 alterius
557 1105 742 1147 quidditatis
759 1115 777 1135 a
792 1114 826 1135 se
842 1104 1011 1135 distinctae
1031 1109 1131 1135 actus.
1155 1103 1246 1135 Deus
1270 1109 1380 1135 autem

304 1158 351 1183 est
374 1153 483 1192 ipsum
506 1161 575 1182 esse
599 1150 755 1181 divinum.
779 1149 867 1190 Ergo
892 1154 954 1180 etc.

360 1196 454 1228 Circa
483 1196 567 1226 hanc
596 1194 867 1235 propositionem,
890 1193 973 1225 Esse
1002 1193 1148 1224 divinum
1179 1203 1246 1225 non
1271 1199 1382 1234 potest

303 1251 371 1273 esse
386 1241 526 1272 alicuius
538 1240 674 1270 alterius
686 1239 877 1280 quidditatis
891 1243 994 1275 actu-5,
1009 1237 1183 1270 dubitatur.
1201 1238 1237 1270 In
1250 1237 1380 1270 Christo

303 1287 389 1317 enim
413 1286 555 1316 humana
577 1289 691 1315 natura
706 1293 765 1325 per
781 1293 850 1315 esse
867 1283 1014 1314 divinum
1031 1283 1136 1314 existit
1147 1284 1174 1314 ⁹.
1199 1283 1287 1324 Ergo
1311 1293 1381 1314 esse

302 1330 447 1362 divinum
472 1335 519 1360 est
542 1334 632 1360 actus
656 1329 739 1360 eius:
766 1329 842 1370 quia
865 1328 945 1359 nihil
969 1333 1017 1359 est
1045 1327 1132 1368 aliud
1163 1328 1380 1359 actualitatem

302 1374 427 1406 essendi
452 1384 521 1406 esse
545 1374 681 1405 alicuius
705 1379 825 1411 actum,
843 1382 942 1414 quam
965 1372 1046 1404 illud
1068 1382 1127 1414 per
1150 1373 1246 1404 talem
1272 1378 1381 1404 actua-

300 1421 422 1451 litatem
446 1420 589 1450 existere.
614 1418 702 1459 Ergo
726 1428 795 1450 esse
819 1418 966 1449 divinum
982 1425 1030 1449 est
1050 1424 1140 1449 actus
1163 1418 1300 1450 alicuius
1323 1428 1381 1450 na—

300 1471 390 1496 turae
414 1470 446 1495 et
469 1463 655 1505 quidditatis
679 1473 697 1494 a
721 1473 755 1494 se
779 1463 957 1494 distinctae.

356 1509 492 1546 Dicitur,
509 1508 710 1540 admittendo
727 1514 941 1549 assumptum,
955 1507 1047 1549 quod
1063 1517 1132 1539 esse
1148 1507 1296 1539 divinum
1311 1517 1380 1539 non

301 1560 348 1585 est
371 1560 462 1585 actus
484 1554 647 1584 humanae
670 1559 818 1584 naturae:
843 1563 912 1584 non
936 1553 1024 1584 enim
1047 1553 1158 1584 unitur
1177 1553 1237 1584 sibi
1261 1551 1380 1584 forma-

300 1600 371 1630 liter
394 1605 430 1630 ut
453 1604 544 1629 actus
567 1599 742 1639 potentiae.
773 1598 891 1638 Neque
921 1597 1039 1629 dicitur
1070 1598 1204 1628 existere
1228 1607 1286 1639 per
1311 1607 1380 1629 esse

301 1643 447 1675 divinum
463 1643 556 1684 quasi
571 1643 630 1673 sibi
646 1644 753 1683 primo
778 1643 951 1674 conveniat
975 1643 1120 1679 existere,
1138 1643 1272 1674 existere
1291 1643 1380 1674 enim

300 1699 368 1720 non
393 1689 546 1719 convenit
569 1697 627 1728 per
650 1697 684 1718 se
715 1688 822 1728 primo
853 1693 998 1724 naturae,
1023 1686 1079 1718 sed
1109 1688 1298 1728 supposito:
1323 1687 1380 1719 sed

301 1734 387 1774 quia·
400 1734 526 1764 realiter
549 1733 660 1763 unitur
683 1733 854 1774 supposito
879 1732 1027 1764 existenti
1043 1731 1221 1763 formaliter
1236 1742 1294 1774 per
1310 1743 1379 1764 esse

301 1778 457 1809 divinum.

357 1822 452 1854 Unde
476 1828 611 1863 negatur
635 1822 879 1863 consequentia.
895 1840 919 1845 -
933 1821 986 1853 Ad
1009 1822 1239 1863 probationem
1263 1821 1379 1854 dicitur

301 1867 391 1909 quod
414 1873 618 1908 assumptum
634 1872 682 1898 est
697 1876 810 1898 verum
826 1867 852 1898 si
871 1876 930 1908 per
945 1866 1044 1898 talem
1064 1866 1283 1898 actualitatem
1298 1867 1379 1899 illud

300 1913 406 1954 primo
423 1918 455 1943 et
470 1922 528 1953 per
544 1921 578 1943 se
595 1912 722 1942 existat:
747 1921 815 1943 non
840 1918 949 1943 autem
973 1911 999 1942 si
1023 1911 1135 1943 existat
1157 1917 1315 1952 tanquam
1338 1911 1379 1943 ad

300 1958 457 1988 unitatem
481 1957 641 1998 suppositi
665 1962 813 1987 tractum.

355 2002 480 2033 Dicitur
496 2001 640 2038 ulterius,
657 2011 718 2042 pro
734 2001 901 2033 intellectu
917 2001 1153 2042 propositionis
1165 2000 1275 2032 Sancti
1287 2001 1379 2032 Tho-

298 2057 381 2083 mae,
399 2046 489 2088 quod
512 2046 722 2088 quidditatem
747 2056 814 2077 non
839 2047 956 2087 accipit
979 2055 1039 2087 pro
1064 2051 1177 2077 natura
1200 2051 1237 2077 ut
1261 2056 1278 2076 a
1301 2055 1379 2087 sup-

298 2092 407 2132 posito
438 2091 653 2132 distinguitur,
684 2090 741 2122 sed
771 2090 990 2122 indifferenter
1019 2100 1079 2132 pro
1111 2091 1203 2121 omni
1234 2091 1377 2122 entitate.

299 2136 419 2167 Sensus
442 2137 531 2168 enim
555 2141 602 2167 est
626 2135 717 2176 quod
740 2135 887 2167 divinum
904 2145 974 2167 esse
994 2145 1063 2167 non
1087 2141 1196 2176 potest
1219 2145 1290 2167 esse
1313 2135 1379 2167 for-

299 2181 391 2212 malis
415 2187 505 2212 actus
529 2180 665 2212 alicuius
689 2181 829 2211 entitatis
852 2191 871 2211 a
894 2190 928 2211 se
951 2180 1078 2211 realiter
1102 2179 1281 2211 distinctae.

354 2226 480 2256 Dicitur
503 2226 608 2262 tertio,
634 2224 725 2266 quod
749 2225 930 2256 secundum
962 2224 1147 2256 Hervaeum
1172 2230 1204 2255 et
1227 2225 1308 2256 alios
1331 2231 1378 2256 te-

299 2276 412 2301 nentes
443 2279 512 2301 esse
544 2269 583 2300 de
612 2275 722 2300 mente
753 2269 863 2301 Sancti
886 2269 1036 2300 Th0mae
1061 2269 1152 2310 quod
1182 2279 1251 2300 non
1282 2270 1322 2300 sit
1344 2270 1378 2300 in

300 2314 431 2346 Christo
455 2320 581 2345 tantum
605 2323 710 2345 unum
734 2323 804 2345 esse
820 2314 881 2345 nisi
903 2314 1074 2355 loquendo
1098 2313 1138 2345 de
1162 2323 1231 2345 esse
1255 2323 1379 2355 suppo-

300 2360 381 2390 sitali
406 2365 437 2390 et
459 2359 632 2400 personali,
656 2365 859 2400 assumptum
891 2364 938 2389 est
969 2358 1100 2390 falsum:
1133 2367 1201 2389 non
1233 2359 1320 2390 enim
1343 2359 1377 2390 in

300 2404 430 2435 Christo
454 2405 597 2435 humana
619 2409 733 2435 natura
757 2404 862 2435 existit
885 2413 943 2445 per
966 2413 1035 2434 esse
1059 2403 1217 2440 divinum,
1242 2403 1298 2434 sed
1321 2413 1380 2444 per

300 2458 369 2480 esse
392 2449 572 2490 proprium.

356 2493 392 2524 11.
418 2493 577 2524 Secundo.
602 2492 721 2524 Forma
746 2493 891 2534 corporis
914 2502 982 2523 non
1007 2498 1054 2524 est
1078 2502 1157 2530 esse,
1175 2492 1230 2524 sed
1251 2492 1378 2524 essendi

300 2538 507 2579 principium,
532 2538 621 2569 Deus
645 2544 754 2569 autem
779 2544 826 2568 est
850 2546 928 2568 esse.
953 2537 1040 2578 Ergo
1066 2543 1126 2569 etc.

1433 1014 1662 1055 potentialitas.
1686 1013 1774 1055 Ergo
1798 1019 1860 1045 etc.

1490 1058 1631 1090 Adverte
1655 1058 1757 1100 quod,
1780 1058 1856 1090 licet
1883 1057 1989 1089 forma
2018 1058 2052 1089 in
2083 1057 2197 1090 ordine
2220 1058 2262 1090 ad
2283 1059 2452 1092 materiam
2473 1061 2516 1092 sit

1434 1109 1535 1139 actus,
1560 1104 1638 1144 quia
1659 1109 1770 1135 tamen
1793 1109 1901 1135 totum
1923 1103 2021 1134 habet
2043 1103 2205 1134 rationem
2228 1102 2354 1135 formae
2372 1104 2408 1135 in
2423 1114 2515 1136 eom-

1433 1149 1603 1190 paratione
1626 1147 1667 1179 ad
1689 1154 1806 1190 partes,
1826 1154 1864 1179 ut
1886 1146 1975 1179 enim
1999 1147 2117 1179 dicitur
2139 1147 2282 1190 11Phys.
2298 1149 2315 1166 '
2339 1154 2371 1180 et
2393 1149 2424 1180 V
2443 1148 2552 1181 Me-

1434 1193 1562 1234 taplgrs.
1579 1194 1606 1230 *‚
1630 1198 1737 1234 partes
1760 1198 1836 1224 sunt
1858 1193 1991 1224 materia
2014 1193 2129 1230 totius;
2153 1192 2229 1224 ideo
2260 1199 2292 1224 et
2320 1193 2391 1235 ipsa
2418 1194 2515 1226 etiam

1434 1237 1539 1269 forma
1561 1238 1596 1269 in
1620 1238 1867 1279 comparatione
1882 1237 1924 1269 ad
1939 1243 2047 1269 totum
2061 1238 2159 1269 habet
2173 1237 2313 1270 modum
2335 1239 2514 1280 potentiae.

1433 1283 1609 1324 Propterea
1624 1283 1708 1314 bene
1723 1283 1777 1314 hic
1793 1281 1909 1314 dicitur
1925 1281 2017 1324 quod
2032 1292 2106 1324 pars
2122 1289 2329 1324 comparatur
2344 1283 2385 1315 ad
2407 1289 2515 1316 totum

1434 1329 1517 1359 sicut
1539 1328 1687 1369 potentia
1710 1327 1751 1359 ad
1773 1333 1893 1359 actum.

1493 1372 1632 1410 Quarto.
1650 1372 1739 1404 Deus
1756 1378 1804 1404 est
1820 1382 1877 1404 ens
1891 1371 2143 1410 nobilissimum,
2160 1373 2253 1414 quasi
2267 1373 2373 1415 prima
2389 1372 2516 1406 essendi

1434 1427 1540 1449 causa.
1565 1417 1653 1458 Ergo
1670 1423 1731 1448 etc.
1747 1436 1770 1440 -
1784 1417 1944 1449 Probatur
1961 1417 2206 1458 consequentia.
2231 1417 2319 1456 Quia
2342 1417 2434 1460 quod
2455 1427 2516 1460 per

1433 1472 1467 1494 se
1491 1463 1588 1494 habet
1612 1472 1691 1499 esse,
1717 1468 1765 1494 est
1788 1462 1930 1494 nobilius
1962 1472 2002 1494 eo
2034 1461 2126 1504 quod
2156 1462 2254 1494 habet
2283 1472 2354 1495 esse
2379 1463 2415 1495 in
2437 1463 2515 1495 alio.

1434 1506 1551 1539 Omnis
1573 1513 1684 1539 autem
1708 1506 1814 1539 forma
1837 1507 1983 1549 corporis
1998 1507 2097 1539 habet
2112 1516 2182 1539 esse
2196 1507 2232 1539 in
2247 1507 2323 1539 alio.
2346 1507 2435 1550 Ergo
2452 1513 2514 1540 etc.

1493 1552 1627 1589 Quinto.
1652 1551 1750 1583 Tunc
1780 1553 2004 1594 compositum
2035 1562 2074 1584 ex
2104 1551 2177 1583 Deo
2208 1557 2241 1584 et
2269 1562 2409 1594 corpore
2431 1557 2516 1585 esset

1431 1607 1570 1628 movens
1586 1597 1746 1638 seipsum:
1771 1606 1848 1628 cum
1864 1597 1954 1629 Deus
1969 1597 2010 1628 sit
2024 1597 2169 1638 primum
2188 1606 2336 1629 movens.
2361 1596 2427 1630 Sed
2440 1606 2514 1629 mo-

1432 1652 1512 1673 vens
1535 1643 1679 1683 seipsum
1702 1647 1811 1683 potest
1833 1643 1958 1674 moveri
1981 1648 2013 1673 et
2036 1651 2105 1673 non
2129 1642 2265 1674 moveri.
2298 1642 2380 1674 Tale
2403 1647 2514 1674 autem

1432 1686 1686 1718 indeficientiam
1708 1693 1819 1718 motus
1842 1697 1861 1718 a
1889 1687 1996 1728 seipso
2026 1696 2095 1718 non
2125 1687 2232 1718 habet.
2263 1687 2352 1728 Ergo
2383 1693 2515 1729 oportet

1432 1742 1529 1774 supra
1544 1732 1654 1773 ipsum
1667 1741 1737 1763 esse
1748 1731 1836 1763 aliud
1848 1733 1991 1773 primum
2006 1741 2155 1769 movens,
2172 1731 2264 1773 quod
2274 1732 2426 1774 largiatur
2440 1741 2514 1774 per-

1432 1778 1624 1818 petuitatem
1647 1782 1769 1808 motus.
1794 1777 1835 1808 Et
1851 1777 1896 1808 sic
1913 1783 1996 1808 esset
2019 1775 2154 1817 aliquod
2170 1786 2308 1808 movens
2322 1777 2413 1818 prius
2428 1777 2512 1809 Deo.

1488 1821 1589 1853 Addit
1612 1827 1722 1852 autem
1753 1821 1891 1853 Sanctus
1915 1821 2062 1853 Thomas
2093 1821 2184 1862 quod
2214 1831 2387 1863 processus
2415 1821 2514 1854 huius

1431 1867 1565 1898 rationis
1580 1866 1669 1898 utilis
1684 1871 1732 1897 est
1747 1866 1947 1907 ponentibus
1962 1866 2186 1898 aeternitatem
2201 1871 2326 1898 motus:
2342 1865 2400 1898 sed
2416 1867 2513 1898 etiam

1410 1925 1412 1927 >
1431 1911 1497 1942 hoc
1519 1921 1588 1942 non
1611 1911 1732 1952 posito,
1757 1910 1871 1942 eadem
1895 1911 2065 1942 conclusio
2088 1910 2199 1942 haberi
2222 1916 2331 1952 potest
2354 1911 2451 1942 etiam
2474 1921 2514 1943 ex

1430 1956 1634 1997 regularitate
1657 1961 1768 1986 motus
1791 1955 1882 1987 caeli.
1907 1955 2019 1987 Motus
2042 1955 2130 1986 enim
2153 1954 2359 1987 uniformitas
2380 1956 2515 1997 requirit

1431 2007 1468 2032 ut
1491 2001 1532 2032 sit
1554 2000 1690 2042 aliquod
1719 2009 1858 2032 movens
1887 2001 2026 2032 omnino
2055 1999 2237 2038 immobile,
2261 2000 2353 2042 quod
2382 2010 2451 2032 non
2474 2001 2515 2032 sit

1431 2055 1505 2087 pars
1534 2046 1697 2076 moventis
1727 2045 1886 2086 seipsum:
1911 2055 1987 2076 cum
2019 2054 2158 2077 movens
2187 2046 2343 2087 seipsum,
2366 2046 2450 2078 sicut
2478 2046 2514 2077 in

1431 2091 1539 2131 seipso
1570 2090 1667 2121 habet
1697 2090 1823 2121 moveri
1851 2095 1883 2122 et
1913 2100 1982 2122 non
2012 2090 2149 2127 moveri,
2173 2090 2217 2121 ita
2243 2090 2360 2122 habeat
2387 2090 2514 2122 moveri

1431 2135 1577 2167 velocius
1601 2141 1633 2166 et
1655 2134 1788 2166 tardius.

1489 2179 1541 2211 111.
1570 2179 1794 2211 Confirmatur
1824 2189 1961 2221 quoque
1991 2179 2184 2211 auctoritate
2214 2179 2344 2217 Psalmi,
2373 2179 2513 2213 Elmna

1433 2229 1481 2256 est
1501 2230 1574 2262 etc.;
1591 2230 1623 2256 et
1639 2224 1698 2256 Iob
1714 2224 1948 2262 x1‚Excelsior
1971 2224 2063 2256 caeto
2089 2229 2150 2256 etc.

1489 2269 1569 2300 Item
1587 2249 1758 2310 gentiliuui
1778 2279 1867 2300 error
1884 2269 2094 2301 idolatrarum
2113 2268 2295 2301 excluditur
2316 2268 2514 2310 ponentium

1433 2313 1541 2344 Deum
1565 2314 1707 2345 animam
1724 2323 1793 2345 esse
1810 2313 1901 2351 caeli,
1918 2319 1974 2345 aut
1989 2314 2086 2345 etiam
2110 2313 2211 2345 totius
2233 2313 2364 2351 mundi3
2389 2318 2422 2345 et
2436 2322 2513 2355 pro-

1432 2363 1504 2399 pter
1526 2359 1590 2390 hoc
1614 2359 1758 2400 partibus
1781 2358 1896 2390 mundi
1924 2358 2034 2390 deberi
2064 2358 2192 2390 divinus
2215 2358 2332 2395 cultus,
2356 2363 2513 2400 tanquam

1433 2404 1467 2434 in
1490 2404 1603 2444 seipsis
1627 2403 1736 2435 Deum
1759 2410 1796 2435 ut
1819 2403 1959 2435 formam
1989 2403 2191 2435 habentibus.
2223 2403 2274 2435 De
2306 2413 2374 2445 quo
2405 2413 2514 2436 errore

1432 2449 1636 2479 mentionem
1653 2447 1728 2479 facit
1740 2449 1900 2479 Averroes
1912 2448 1956 2479 XI
1968 2448 2112 2490 Metaph.
2122 2449 2150 2486 ⁹,
2162 2457 2284 2480 comm.
2293 2457 2348 2488 41,
2360 2448 2514 2490 inquiens

1433 2492 1524 2534 quod
1548 2493 1600 2524 hic
1624 2493 1718 2524 locus
1748 2491 1809 2524 fuit
1839 2493 1948 2534 lapsus
1978 2494 2162 2534 sapientum
2191 2493 2297 2534 gentis
2319 2492 2513 2532 Zabiorum3

1433 2544 1464 2568 et
1479 2538 1692 2578 Augustinus,
1709 2538 1764 2569 lib.
1781 2537 1825 2568 1v
1841 2537 1881 2569 de
1899 2538 1967 2569 Civ.
1985 2537 2058 2574 Dei,
2076 2547 2103 2569 c.
2120 2548 2204 2575 xxxi,
2221 2543 2253 2569 et
2268 2537 2324 2569 lib.
2340 2537 2410 2576 VII,
2427 2547 2455 2570 c.
2467 2547 2512 2569 vr.

1378 2635 1432 2678 ‚W

686 2774 1172 2833 CAPITULUM
1206 2775 1679 2832 VIGESIMUM
1717 2775 2126 2833 OCTAVUM

1295 2886 1400 2918 A6r
1431 2886 1512 2918 a18.

914 2966 1008 3008 DE
1057 2966 1583 3009 PERFECTIONE
1632 2967 1898 3010 DIVINA

409 3112 432 3135 ἢ)
456 3139 460 3145 .
497 3112 579 3139 let-:T
608 3108 741 3138 autem
760 3111 806 3137 ea
825 3111 926 3149 quae
953 3107 1043 3136 sunt
1061 3107 1099 3137 et
1117 3099 1269 3147 vivunt,
1290 3112 1376 3150 per-

314 3190 330 3204 ‹.
398 3187 412 3205 'e
459 3175 485 3209 .'
510 3153 667 3192 fectiora
686 3153 760 3191 sint
780 3165 902 3203 quarn
921 3165 967 3191 ea
981 3165 1083 3203 quae
1102 3160 1255 3190 tantum
1274 3162 1375 3201 sunt,

361 3209 379 3247 ἢ
395 3206 413 3238 ”-’
440 3219 489 3266 557·
510 3208 619 3246 Deus
647 3215 791 3253 tamen,
822 3206 890 3257 qui
918 3218 999 3244 non
1028 3214 1085 3244 est
1117 3206 1222 3244 aliud
1255 3219 1376 3257 quam

404 3244 488 3297 ·’“’-’ὶ
512 3273 631 3299 suum
651 3273 747 3306 esse,
777 3268 833 3298 est
860 3259 1128 3298 universaliter
1156 3272 1225 3297 ens
1253 3261 1375 3320 perfe-

1431 3109 1541 3148 esset,
1563 3109 1600 3138 et
1619 3100 1674 3139 sic
1696 3101 1745 3139 de
1769 3100 1863 3139 aliis.
1895 3101 1959 3140 Sic
1977 3113 2069 3152 ergo
2098 3103 2318 3141 secundum
2341 3103 2510 3142 modum

1431 3166 1512 3204 quo
1532 3166 1593 3192 res
1612 3155 1730 3192 habet
1749 3167 1845 3202 esse,
1866 3163 1923 3193 est
1942 3167 2038 3193 suus
2065 3156 2211 3194 modus
2234 3155 2274 3194 in
2293 3155 2507 3195 nobilitate:

1431 3219 1523 3246 narn
1553 3220 1613 3245 res
1642 3209 1863 3247 secundum
1882 3209 1991 3260 quod
2010 3221 2129 3248 suurn
2157 3221 2241 3248 esse
2269 3209 2511 3248 contrahitur

1431 3261 1481 3299 ad
1496 3261 1668 3311 aliquem
1683 3261 1891 3312 specialem
1906 3263 2075 3301 modum
2094 3262 2302 3301 nobilitatis
2315 3262 2509 3302 maiorem

301 3324 419 3353 ctum.
457 3316 504 3353 Et
531 3314 620 3353 dico
649 3313 918 3352 universaliter
943 3313 1173 3363 perfectum,
1204 3313 1267 3352 cui
1295 3326 1375 3352 non
1399 3329 1407 3349 s
1431 3316 1493 3352 vel
1522 3315 1729 3363 minorem,
1759 3315 1899 3354 dicitur
1926 3327 2010 3354 esse
2038 3315 2254 3354 secundum
2286 3317 2362 3354 hoc
2398 3317 2508 3355 nobi-

302 3369 408 3406 deest
437 3368 598 3406 alicuius
626 3367 777 3418 generis
805 3367 996 3405 nobilitas.

357 3422 497 3460 Omnis
517 3422 622 3460 enim
647 3421 826 3460 nobilitas
852 3420 1137 3471 cuiuscumque
1157 3420 1212 3459 rei
1232 3429 1287 3458 est
1305 3421 1376 3459 sibi

1431 3368 1504 3406 lior
1531 3370 1593 3406 vel
1621 3369 1754 3407 minus
1781 3370 1933 3408 nobilis.
1970 3369 2088 3419 Igitur
2120 3368 2151 3407 si
2186 3369 2332 3420 aliquid
2361 3378 2418 3408 est
2445 3371 2509 3410 cui

1431 3422 1617 3472 competit
1634 3431 1714 3461 tota
1732 3423 1854 3462 virtus
1873 3422 2038 3469 essendi,
2065 3422 2101 3460 ei
2128 3424 2234 3461 nulla
2261 3423 2509 3462 nobilitatum

304 3475 520 3513 secundum
541 3488 658 3513 suum
679 3487 778 3513 esse:
809 3476 915 3512 nulla
943 3474 1049 3512 enim
1078 3473 1257 3512 nobilitas
1279 3483 1377 3512 esset
1431 3476 1566 3514 deesse
1595 3484 1721 3527 potest
1748 3489 1851 3526 quae
1879 3475 1992 3514 alicui
2021 3475 2075 3514 rei
2104 3477 2323 3515 conveniat.
2354 3478 2432 3516 Sed
2454 3477 2509 3516 rei

303 3527 453 3565 homini
489 3541 534 3566 ex
570 3541 640 3566 sua
676 3528 862 3579 sapientia
897 3527 969 3566 nisi
1002 3540 1073 3578 per
1106 3540 1194 3566 eam
1223 3527 1377 3578 sapiens
1432 3541 1534 3579 quae
1570 3538 1625 3567 est
1660 3542 1778 3568 suum
1815 3542 1914 3577 esse,
1949 3529 2135 3580 competit
2169 3542 2253 3569 esse
2288 3531 2507 3570 secundum

357 3641 396 3674 b7
416 3642 486 3667 nulla
504 3642 666 3668 nobilitatum
686 3643 804 3674 EGNW;
825 3644 895 3669 nulla
913 3644 996 3669 virtus
1016 3643 1156 3669 nobilitatis
1177 3643 1359 3676 axvswzf‘c,
1379 3645 1449 3670 nulla
1468 3645 1548 3670 virtus
1567 3645 1731 3671 nobilitatum
1750 3643 1858 3670 Dszb.

2539 372 2755 401 ·A1.1is.xn‚text.

2541 406 2603 423 com.
2613 407 2651 427 4¹.

2565 1153 2602 1176 ιιι,
2607 1154 2627 1177 5;
2635 1147 2709 1171 ιΤΙι.
2715 1148 2759 1176 ις.

2541 1195 2665 1251 laguna-1.
2658 1196 2759 1227 ·³³D¹d-

2541 2445 2603 2468 'Al-
2619 2444 2671 2468 xii.
