2768 4134
57 1410 219 1432 “IIdeAnim
205 1416 271 1437 n„a¹

58 1426 272 1489 ἓῐ.Ρ13ξίἿιυ.,1ΙΞη-ἶ

58 1496 85 1511 ne
88 1490 124 1511 a.d
149 1497 173 1515 α,
194 1490 233 1512 li.b
253 1490 271 1517 1,

58 1507 271 1545 p.4l.17(Oxon.

58 1572 140 1597 ἰαμ
156 1576 230 1597 praec

57 1677 66 1686 ·
80 1676 140 1697 lbid.

56 1939 64 1946 ¹
88 1939 97 1959 1
118 1939 200 1963 Alciqb
225 1945 270 1959 xxv

57 1964 119 2019 {¹ng
118 1964 225 1993 Didot).—
213 1965 270 1986 —Cf.

55 2018 102 2050 Api
80 1991 234 2044 ηιηἺχΙ

56 2077 99 2119 ἲ5ι
106 2049 164 2119 :VNm
160 2062 268 2097 ιηεείιιιιι,

55 2104 123 2146 ›menis
128 2101 247 2150 aluerant
217 2098 269 2146 H‘i-

56 2151 93 2190 (³¹.
96 2158 125 2178 gn
129 2158 140 2173 e
151 2152 173 2173 Ρ.
183 2131 248 2173 (gi
219 2132 258 2174 ΧΙ1

307 307 384 352 406
805 301 992 338 SUMMA
1022 300 1245 337 CONTRA
1274 298 1549 343 GENTILES,
1579 299 1672 334 LIB.
1694 299 1736 343 ΙΙ,
1767 299 1877 335 CAP.
1898 299 2010 335 LVII.

532 456 1022 513 CAPITULUM
1060 455 1255 531 QUIN
1259 455 1811 533 QUAGESIMUM
1850 454 2286 511 SEPTIMUM

1277 582 1307 612 A
1340 583 1416 621 45v
1452 583 1537 620 b14.

303 684 542 725 POSITIO
578 683 884 724 PLATONIS
919 683 1003 723 DE
1037 682 1272 724 UNIONE
1306 682 1549 722 ANIMAE
1582 682 2116 724 INTELLECTUALIS
2149 655 2241 724 ADv
2269 683 2511 725 CORPUS

440 848 457 859 ,s
489 826 537 851 x
579 814 639 851 his
678 822 810 851 autem
853 822 888 850 et
931 812 1121 850 similibus
1162 812 1377 850 rationibus
1434 813 1679 862 operationes
1699 826 1934 851 communes
1954 813 2026 851 sibi
2055 822 2091 851 et
2119 815 2284 865 corpori,
2305 824 2347 854 ut
2375 817 2511 855 timere

326 890 335 902 ι
373 904 395 910 Η
490 865 498 877 ’
527 867 646 917 aliqui
675 867 782 912 moti,
811 866 991 903 dixerunt
1019 866 1128 915 quod
1152 867 1258 903 nulla
1287 866 1377 903 sub·
1434 875 1470 903 et
1499 866 1609 904 irasci
1639 875 1675 904 et
1704 867 1844 904 sentire
1866 875 1903 904 et
1931 867 2178 905 huiusmodi:
2209 870 2306 907 haec
2324 870 2430 908 enim
2450 883 2511 908 ac-

427 916 496 996 ἓξ
527 921 664 958 stantia
694 919 955 957 intellectualis
983 927 1110 970 potest
1138 931 1222 956 esse
1251 919 1377 957 forma
1433 919 1567 957 cidunt
1595 921 1814 958 secundum
1844 920 2016 971 aliquam
2043 922 2408 981 transmutationem
2445 924 2510 962 ali-

335 974 341 986 ¹
372 963 383 980 ¹
427 966 496 996 *Α
527 974 712 1024 corporis,
745 974 821 1011 Sed
847 973 938 1022 quia
966 972 1059 1010 huic
1087 972 1271 1023 positioni
1294 972 1378 1023 ipsa
1434 973 1546 1011 cuius
1574 973 1852 1012 determinatae
1880 974 1998 1024 partis
2017 974 2202 1024 corporiS,
2224 987 2270 1012 ex
2299 988 2380 1026 quo
2408 986 2512 1028 patet

303 1027 472 1065 hominis
506 1036 643 1065 natura
678 1026 940 1064 contradicere
976 1026 1192 1073 videbatur,
1228 1025 1296 1076 qui
1331 1038 1378 1063 ex
1402 1042 1410 1060 τ
1434 1028 1542 1076 quod
1563 1027 1679 1065 simul
1707 1036 1796 1066 sunt
1815 1027 1970 1066 animae
1994 1036 2031 1065 et
2059 1028 2233 1078 corporis
2253 1030 2509 1079 operationes.

302 1081 433 1118 anima
461 1080 704 1118 intellectuali
733 1088 768 1117 et
796 1092 961 1130 corpore
980 1080 1136 1118 videtur
1158 1092 1242 1117 esse
1270 1092 1378 1118 com·
1435 1081 1600 1130 Oportet
1629 1081 1743 1130 igitur
1770 1094 1817 1119 ex
1846 1082 1978 1119 anima
2006 1090 2043 1119 et
2071 1094 2236 1132 corpore
2259 1095 2387 1121 unum
2415 1084 2511 1131 fieri,

301 1134 459 1184 positus,
490 1135 803 1182 excogitaverunt
836 1134 1028 1184 quasdam
1062 1134 1146 1171 vias
1178 1146 1248 1184 per
1280 1146 1378 1183 quas
1434 1142 1471 1171 et
1498 1135 1607 1184 quod
1636 1147 1716 1172 non
1746 1135 1820 1172 sint
1850 1136 2068 1173 secundum
2098 1148 2183 1173 esse
2211 1135 2375 1175 diversa.

301 1196 481 1224 naturam
509 1187 681 1225 hominis
710 1189 912 1225 salvarent.
1489 1188 1591 1225 Huic
1620 1196 1753 1226 autem
1773 1188 1911 1226 rationi
1931 1189 2151 1228 secundum
2170 1190 2341 1228 Platonis
2361 1199 2512 1228 senten-

354 1242 463 1278 Plato
502 1241 615 1290 igitur
650 1241 796 1290 posuit,
835 1249 872 1279 et
907 1241 991 1278 eius
1029 1253 1231 1290 sequaces,
1270 1241 1378 1290 quod
1433 1239 1527 1278 tiam
1557 1242 1748 1280 obviatur.
1778 1242 1886 1280 Nihil
1913 1242 2020 1280 enim
2039 1242 2320 1281 inconveniens
2343 1252 2400 1282 est
2427 1257 2512 1283 mo-

301 1293 431 1331 anima
451 1294 713 1332 intellectualis
729 1307 810 1333 non
825 1294 958 1332 unitur
972 1294 1127 1345 corpori
1142 1294 1239 1332 sicut
1253 1294 1377 1331 forma
1394 1311 1420 1326 ιο
1434 1294 1559 1332 ventis
1587 1304 1624 1332 et
1652 1295 1760 1342 moti,
1797 1296 1980 1346 quamvis
2015 1297 2236 1335 secundum
2269 1309 2353 1335 esse
2386 1297 2512 1337 diver-

300 1348 494 1395 materiae,
523 1349 591 1386 sed
620 1350 750 1386 solum
778 1349 876 1386 sicut
913 1356 1043 1386 motor
1070 1348 1216 1395 mobili,
1246 1347 1379 1385 dicens
1435 1360 1582 1395 sorum,
1603 1361 1686 1386 esse
1707 1350 1880 1387 eundem
1899 1358 2047 1387 actum:
2064 1362 2158 1388 nam
2177 1358 2308 1389 motus
2330 1360 2387 1390 est
2405 1351 2511 1391 idem

301 1401 473 1438 animam
503 1414 586 1440 esse
616 1402 655 1439 in
683 1414 848 1452 corpore
869 1404 961 1439 sicut
990 1408 1145 1439 nautam
1174 1405 1211 1439 in
1242 1403 1333 1439 navi
1344 1401 1375 1438 ³⁸.
1434 1410 1541 1439 actus
1565 1403 1759 1441 moventis
1787 1403 1886 1441 sicut
1904 1416 1927 1441 a
1946 1416 2027 1453 quo
2049 1412 2116 1451 est,
2137 1404 2234 1442 moti
2261 1413 2394 1443 autern
2416 1405 2513 1444 sicut

301 1456 350 1492 Et
385 1455 438 1493 sic
475 1456 570 1493 unio
599 1456 753 1494 animae
789 1464 826 1494 et
863 1455 1037 1506 corporis
1066 1467 1147 1493 non
1177 1463 1276 1493 esset
1304 1454 1378 1492 nisi
1434 1455 1473 1492 in
1502 1468 1583 1506 quo
1612 1465 1669 1494 est
1682 1457 1713 1494 ²¹⁸.
1754 1457 1817 1495 Sic
1845 1456 1959 1506 igitur
1986 1458 2095 1496 Plato
2123 1457 2254 1508 posuit
2281 1458 2549 1509 praemissas·

300 1521 370 1558 per
389 1517 612 1548 contactum
630 1510 791 1557 virtutis,
807 1511 856 1548 de
871 1522 952 1559 quo
973 1522 1091 1560 supra
1105 1509 1126 1532 '¹‘
1145 1509 1294 1547 dictum
1309 1516 1375 1546 est.
1434 1510 1680 1561 operationes
1709 1523 1793 1549 esse
1821 1510 1977 1549 animae
1997 1510 2231 1562 corporique
2260 1524 2510 1551 communes:

354 1563 441 1600 Hoc
469 1571 600 1601 autem
629 1564 784 1602 videtur
820 1563 1112 1602 inconveniens.
1148 1563 1376 1601 Secundum
1394 1578 1416 1595 κ
1433 1572 1476 1602 ut
1495 1564 1672 1602 videlicet
1691 1564 1766 1602 sint
1785 1564 1940 1603 animae
1955 1563 2053 1603 sicut
2073 1565 2267 1604 moventis
2282 1574 2319 1604 et
2337 1565 2512 1617 corporis

300 1616 542 1665 praedictum
557 1617 663 1654 enim
678 1626 901 1655 contactum
921 1630 1003 1655 non
1022 1617 1065 1654 fit
1085 1616 1230 1666 aliquid
1250 1628 1377 1654 unum
1433 1618 1531 1656 sicut
1559 1617 1667 1655 moti.

300 1669 533 1719 simpliciter,
554 1680 595 1708 ut
624 1680 825 1709 ostensum
855 1679 911 1708 est
924 1671 955 1708 *.
987 1672 1045 1708 Ex
1074 1670 1221 1708 unione
1245 1678 1377 1707 autem
1488 1671 1566 1708 Sed
1586 1671 1663 1708 hoc
1683 1683 1766 1708 esse
1786 1683 1868 1708 non
1895 1679 2034 1721 potest.
2056 1671 2171 1719 Quia,
2192 1680 2235 1709 ut
2262 1673 2402 1721 probat
2421 1673 2510 1711 Phi-

300 1722 453 1761 animae
483 1733 519 1762 et
547 1725 721 1774 corporis
750 1725 794 1762 fit
826 1726 960 1762 homo.
990 1724 1238 1774 Relinquitur
1265 1723 1378 1772 igitur
1433 1725 1622 1774 losophus
1650 1724 1690 1761 in
1718 1725 1748 1762 II
1769 1725 1815 1762 de
1841 1726 1983 1762 Anima
1996 1725 2028 1772 ³¹²,
2057 1727 2194 1762 sentire
2211 1726 2345 1763 accidit
2373 1728 2410 1764 in
2431 1728 2510 1778 ipso
2538 1736 2548 1746 ‘

300 1778 407 1826 quod
445 1779 568 1815 homo
604 1791 684 1816 non
721 1778 766 1816 sit
799 1791 924 1816 unum
960 1777 1200 1828 simpliciter:
1238 1785 1274 1814 et
1307 1789 1378 1827 per
1433 1780 1579 1817 moveri
1596 1791 1619 1815 a
1637 1779 1870 1816 sensibilibus
1894 1780 2153 1816 exterioribus.
2179 1779 2292 1816 Unde
2316 1791 2398 1817 non
2425 1787 2510 1832 pot-

300 1843 545 1880 consequens
574 1844 646 1870 nec
675 1845 743 1870 ens
773 1832 1006 1882 simpliciter,
1032 1832 1098 1869 sed
1120 1844 1189 1869 ens
1218 1843 1288 1880 per
1316 1842 1376 1868 ac·
1392 1845 1418 1859 2⁰
1433 1840 1488 1868 est
1516 1833 1640 1869 homo
1660 1831 1800 1869 sentire
1819 1831 1968 1881 absque
1998 1831 2176 1870 exteriori
2195 1832 2386 1871 sensibili:
2414 1833 2511 1872 sicut

299 1884 442 1922 cidens.
1432 1897 1514 1922 non
1541 1893 1667 1934 potest
1695 1884 1841 1934 aliquid
1870 1885 2022 1922 moveri
2051 1886 2199 1935 absque
2219 1895 2416 1926 movente.
2437 1888 2510 1926 Or-

352 1938 413 1974 Ad
443 1939 518 1975 hoc
538 1947 669 1976 autern
690 1939 929 1985 evitandum,
951 1939 1059 1975 Plato
1083 1937 1248 1988 posuit*
1266 1938 1375 1986 quod
1427 1949 1577 1987 ganum
1607 1938 1720 1987 igitur
1747 1950 1884 1975 sensus
1912 1945 2095 1975 movetur
2123 1946 2160 1975 et
2187 1939 2330 1988 patitur
2357 1940 2396 1977 in
2424 1953 2511 1980 sen-

257 1992 421 2039 ffhomo
450 2004 531 2029 non
561 1992 606 2029 sit
635 1992 778 2042 aliquid
809 1991 1074 2042 compositum
1104 2004 1150 2028 ex
1179 1990 1310 2028 anima
1339 1998 1375 2028 et
1430 1991 1574 2037 tiendo,
1613 1992 1681 2028 sed
1719 1991 1768 2028 ab
1811 1991 1990 2029 exteriori
2028 1988 2208 2029 sensibili.
2249 1993 2346 2030 Illud
2378 2001 2511 2032 autern

243 2018 479 2094 pcorpore:
511 2046 577 2083 sed
608 2045 715 2095 quod
745 2048 825 2096 ipsa
854 2048 984 2083 anima
1009 2051 1113 2082 utens
1140 2056 1302 2095 corpore
1329 2044 1375 2081 sit
1431 2058 1512 2095 quo
1541 2044 1685 2095 patitur
1703 2053 1759 2083 est
1787 2057 1939 2083 sensus:
1962 2046 2070 2095 quod
2100 2058 2146 2083 ex
2170 2046 2247 2083 hoc
2275 2054 2390 2097 patet,
2419 2047 2512 2098 quia

262 2099 437 2146 h0m0;
468 2098 564 2137 sicut
593 2100 728 2136 Petrus
748 2111 830 2137 non
850 2108 905 2137 est
933 2098 1080 2147 aliquid
1108 2097 1374 2148 compositum
1390 2098 1599 2137 ²scatentia
1626 2111 1745 2136 sensu
1774 2110 1855 2136 non
1882 2097 2085 2149 patiuntur
2117 2111 2140 2137 a
2173 2099 2419 2138 sensibilibus
2447 2102 2510 2140 tali

296 2163 342 2188 ex
372 2152 533 2190 homine
563 2160 599 2190 et
627 2152 872 2200 indumento,
902 2153 969 2190 sed
998 2153 1111 2190 homo
1140 2158 1244 2189 utens
1268 2153 1374 2189 indu·
1430 2153 1552 2190 modo
1581 2151 1784 2214 passionis,
1807 2153 1954 2191 Sensus
1981 2152 2096 2202 igitur
2122 2160 2180 2190 est
2207 2153 2329 2192 virtus
2356 2154 2512 2204 passiva

296 2211 431 2243 mento.
1430 2206 1551 2256 ipsius
1571 2206 1716 2256 organi.
1737 2206 1881 2244 Anima
1900 2206 2014 2256 igitur
2032 2205 2213 2244 sensitiva
2232 2219 2313 2245 non
2333 2220 2374 2245 se
2394 2209 2511 2247 habet

350 2260 437 2297 Hoc
456 2268 587 2298 autem
608 2273 690 2298 esse
711 2259 949 2310 impossibile
970 2258 1195 2297 ostenditur.
1218 2258 1374 2297 Animal
1429 2259 1469 2297 in
1494 2259 1696 2298 sentiendo
1727 2259 1825 2297 sicut
1843 2272 2010 2298 movens
2039 2268 2076 2298 et
2103 2271 2232 2309 agenS,
2252 2262 2320 2299 sed
2349 2261 2448 2300 sicut
2470 2262 2510 2300 id

295 2313 400 2350 enirn
430 2322 466 2350 et
495 2315 617 2351 homo
643 2322 732 2352 sunt
760 2315 956 2364 quaedam
976 2312 1170 2352 sensibilia
1199 2321 1235 2350 et
1264 2320 1373 2351 natu·
1429 2326 1510 2363 quo
1537 2313 1688 2364 patiens
1715 2313 1870 2364 patitur.
1908 2314 2029 2362 Quod
2064 2313 2304 2374 impossibile
2340 2323 2396 2352 est
2425 2327 2509 2353 esse

296 2366 398 2404 ralia.
416 2368 503 2404 Hoc
518 2375 649 2405 autem
664 2380 745 2405 non
761 2375 859 2405 esset
879 2367 909 2404 si
928 2371 1073 2417 'corpus
1088 2375 1124 2404 et
1145 2366 1227 2404 eius
1247 2374 1374 2416 partes
1389 2381 1414 2401 ιο
1429 2367 1630 2405 diversum
1663 2367 1883 2406 secundum
1921 2380 2004 2406 esse
2043 2380 2066 2406 a
2103 2367 2282 2418 patiente.
2321 2368 2416 2406 Non
2453 2377 2510 2407 est

295 2432 375 2457 non
405 2429 532 2458 essent
561 2421 608 2459 de
638 2421 802 2458 essentia
830 2421 1002 2459 hominis
1031 2429 1067 2458 et
1095 2419 1283 2467 animalis,
1304 2421 1371 2458 sed
1428 2420 1540 2469 igitur
1569 2421 1700 2459 anima
1728 2421 1916 2459 sensibilis
1944 2421 2165 2460 secundum
2194 2433 2277 2460 esse
2305 2421 2459 2460 diversa
2485 2434 2509 2460 a

294 2482 373 2512 tota
407 2475 570 2512 essentia
604 2475 805 2525 utriusque
841 2483 939 2512 esset
973 2475 1115 2521 anima,
1152 2474 1371 2511 secundum
1427 2486 1592 2524 corpore
1621 2475 1806 2512 animato.

295 2528 530 2577 positionem
558 2529 813 2578 praedictam:
845 2527 976 2566 anima
995 2528 1101 2566 enim
1121 2539 1202 2565 non
1232 2535 1287 2564 est
1306 2527 1371 2565 ali·
1481 2529 1695 2566 Praeterea.
1717 2528 1825 2566 Licet
1845 2537 1976 2566 motus
1992 2528 2038 2566 sit
2052 2528 2277 2566 communis
2297 2536 2405 2566 actus
2423 2536 2508 2567 mo-

294 2581 388 2631 quid
418 2582 597 2620 sensibile
633 2595 761 2632 neque
797 2582 1004 2620 materiale.
1041 2581 1282 2632 Impossibile
1316 2590 1371 2619 est
1426 2581 1551 2620 ventis
1585 2590 1621 2619 et
1654 2581 1761 2628 moti,
1799 2590 1931 2620 tamen
1969 2581 2042 2619 alia
2079 2581 2253 2632 operatio
2293 2590 2349 2620 est
2384 2582 2509 2621 facere

294 2635 407 2684 igitur
435 2635 638 2674 hominem
664 2645 700 2674 et
729 2635 872 2674 animal
902 2648 984 2674 esse
1011 2637 1179 2674 animam
1210 2641 1369 2673 utentem
1386 2649 1408 2669 τε
1426 2643 1580 2674 motum
1609 2643 1646 2673 et
1674 2635 1845 2686 recipere
1865 2643 2036 2674 motum:
2062 2636 2168 2673 unde
2189 2645 2224 2673 et
2249 2636 2330 2674 duo
2358 2633 2509 2687 praedi-

293 2702 464 2740 corpore,
490 2702 572 2727 non
600 2699 732 2728 autem
752 2689 898 2739 aliquid
923 2702 969 2727 ex
989 2701 1154 2739 corpore
1174 2697 1211 2727 et
1239 2689 1370 2727 anima
1425 2697 1604 2728 camenta
1622 2697 1824 2739 ponuntur
1840 2690 1972 2737 facere
1989 2697 2027 2726 et
2040 2691 2123 2739 pati
2129 2689 2159 2727 ²⁸.
2182 2689 2223 2728 Si
2241 2688 2355 2738 igitur
2367 2689 2409 2727 in
2422 2702 2509 2729 sen-

293 2743 569 2794 compositum.
1424 2743 1556 2781 tiendo
1576 2742 1707 2780 anima
1726 2742 1907 2780 sensitiva
1926 2755 1967 2780 se
1987 2742 2103 2781 habet
2121 2751 2164 2780 ut
2177 2755 2296 2791 agens
2310 2751 2347 2781 et
2365 2755 2509 2794 corpus

346 2799 452 2835 Item.
483 2796 724 2847 Impossibile
753 2805 809 2834 est
837 2797 945 2847 quod
975 2808 1114 2834 eorum
1144 2808 1245 2846 quae
1281 2804 1370 2833 sunt
1425 2805 1468 2834 ut
1482 2796 1643 2846 patiens,
1654 2796 1726 2834 alia
1741 2795 1810 2834 erit
1825 2796 2000 2846 operatio
2015 2795 2168 2834 animae
2183 2804 2221 2834 et
2235 2796 2307 2835 alia
2322 2797 2506 2848 corporis

292 2851 445 2888 diversa
474 2850 693 2888 secundum
726 2863 820 2897 esse,
857 2850 902 2887 sit
938 2850 1112 2900 operatio
1150 2862 1241 2887 una.
1271 2850 1369 2888 Dico
1426 2850 1568 2888 Anima
1588 2850 1701 2899 igitur
1729 2849 1911 2888 sensitiva
1935 2849 2092 2888 habebit
2115 2850 2288 2901 aliquam
2317 2850 2507 2901 operatio-

292 2913 423 2942 autem
453 2904 723 2955 operationem
751 2916 885 2950 unam,
906 2916 987 2941 non
1016 2916 1061 2941 ex
1091 2911 1198 2953 parte
1227 2903 1310 2941 eius
1330 2902 1369 2941 in
1384 2922 1411 2942 ⁴0
1425 2916 1517 2941 nem
1554 2903 1766 2954 propriam.
1801 2903 1970 2942 Habebit
2004 2902 2117 2953 igitur
2151 2912 2188 2942 et
2220 2903 2507 2944 subsistentiam

293 2959 401 3008 quod
429 2958 658 2996 terminatur
676 2957 787 3004 actio,
808 2958 876 2995 sed
897 2957 1116 2995 secundum
1137 2958 1245 3007 quod
1265 2970 1369 3006 egre·
1424 2957 1636 3008 propriam.
1675 2958 1766 2995 Non
1806 2956 1934 3006 igitur,
1972 2957 2167 2996 destructo
2199 2970 2380 3008 corpore,
2422 2970 2506 2997 esse

292 3012 395 3049 ditur
409 3013 457 3049 ab
474 3020 626 3061 agente:
643 3011 755 3049 multi
770 3011 875 3048 enim
890 3012 1084 3048 trahentes
1099 3011 1232 3048 navim
1248 3023 1369 3049 unam
1425 3011 1584 3048 desinet.
1623 3010 1788 3048 Animae
1817 3010 1930 3060 igitur
1957 3010 2180 3058 sensitivae‚
2214 3011 2330 3049 etiam
2359 3011 2505 3050 irratio-

292 3065 485 3103 actionem
505 3065 648 3103 faciunt
667 3077 713 3102 ex
733 3073 841 3114 parte
857 3064 1014 3114 operati,
1031 3065 1138 3114 quod
1155 3073 1211 3102 est
1231 3077 1368 3111 unum,
1425 3064 1614 3102 nabilium
1652 3064 1900 3111 animalium,
1939 3073 2052 3102 erunt
2089 3064 2339 3102 immortales.
2383 3065 2504 3113 Quod

293 3120 358 3156 sed
379 3127 511 3156 tamen
531 3131 579 3156 ex
597 3127 705 3169 parte
724 3118 961 3156 trahentium
981 3126 1070 3156 sunt
1090 3119 1234 3156 multae
1254 3117 1369 3156 actio·
1425 3117 1587 3168 quidem
1617 3117 1874 3168 improbabile
1902 3117 2066 3156 videtur.
2101 3118 2255 3156 Tamen
2284 3131 2306 3156 a
2335 3116 2503 3157 Platonis

293 3185 372 3219 nes,
402 3172 494 3222 quia
522 3181 612 3210 sunt
640 3171 782 3210 diversi
810 3171 1004 3222 impulsus
1032 3171 1081 3209 ad
1114 3172 1408 3218 trahendum3⁴s
1426 3171 1612 3222 opinione
1640 3183 1721 3209 non
1751 3171 1960 3219 discordat,
1990 3172 2058 3210 sed
2086 3171 2136 3210 de
2165 3173 2243 3210 hoc
2270 3170 2402 3210 infra*
2433 3169 2502 3208 erit

293 3238 383 3263 cum
405 3226 510 3265 enirn
530 3226 629 3264 actio
649 3234 912 3275 consequatur
930 3225 1099 3262 formam
1120 3233 1155 3262 et
1174 3225 1369 3272 virtutem,
1425 3227 1535 3263 locus
1555 3224 1781 3275 quaerendi.

294 3288 445 3329 oportet
465 3292 636 3330 quorum
657 3288 747 3317 sunt
766 3279 942 3317 diversae
964 3279 1112 3316 formae
1139 3286 1175 3316 et
1198 3278 1369 3325 virtutes,
1480 3278 1670 3328 Amplius.
1701 3277 1849 3316 Mobile
1878 3290 1958 3316 non
1988 3277 2146 3316 sortitur
2172 3276 2342 3327 speciem
2377 3288 2399 3314 a
2428 3289 2500 3315 suo

294 3345 376 3370 esse
398 3341 433 3370 et
453 3333 623 3371 actiones
644 3333 827 3370 diversas.
849 3332 1043 3380 Quamvis
1063 3339 1195 3369 autem
1216 3332 1369 3370 animae
1425 3340 1589 3370 motore.
1621 3332 1661 3370 Si
1690 3331 1803 3382 igitur
1822 3331 1953 3369 anima
1972 3343 2053 3370 non
2072 3329 2319 3378 coniungitur
2346 3330 2499 3381 corpori

295 3386 338 3422 sit
368 3387 495 3436 aliqua
516 3386 690 3437 operatio
719 3386 888 3436 propria,
918 3385 957 3423 in
986 3398 1065 3436 qua
1084 3397 1165 3423 non
1192 3398 1370 3423 commu·
1426 3385 1497 3423 nisi
1526 3385 1622 3423 sicut
1651 3394 1781 3423 motor
1818 3384 1963 3431 mobili,
2002 3395 2144 3434 corpus
2182 3390 2219 3420 et
2251 3392 2378 3434 partes
2417 3383 2500 3422 eius

295 3439 393 3476 nicat
422 3452 575 3490 corpus,
596 3441 692 3478 sicut
712 3439 937 3489 intelligere;
959 3447 1048 3477 sunt
1067 3447 1197 3476 tamen
1219 3439 1370 3489 aliquae
1387 3457 1411 3477 ³0
1425 3451 1506 3477 non
1535 3447 1830 3489 consequuntur
1858 3438 2028 3488 speciem
2060 3437 2110 3474 ab
2143 3435 2284 3474 anima.
2320 3438 2499 3476 Abeunte

350 3561 359 3578 ι
384 3555 420 3579 Ex
440 3555 479 3579 his
499 3555 596 3587 autem]
618 3556 653 3580 Ex
673 3555 712 3580 his
732 3555 780 3585 «D,
801 3556 838 3580 Ex
857 3555 907 3580 hoc
927 3560 1013 3580 autem
1035 3554 1064 3581 Ρ.
1148 3554 1161 3579 5
1181 3553 1235 3587 qui]
1256 3554 1317 3587 quia
1328 3555 1481 3587 WYpDZP,
1495 3555 1566 3588 quod
1579 3554 1631 3587 pG.
1715 3561 1746 3579 ια
1768 3551 1883 3586 nautam]
1897 3557 1973 3577 nauta
1986 3550 2104 3582 DHde,
2118 3556 2194 3575 nauta
2208 3556 2247 3575 est
2269 3550 2405 3577 Ρ.ιὸ
2425 3558 2498 3584 prae-

295 3590 390 3649 dicngm
406 3594 469 3622 post
488 3591 556 3615 enim
577 3591 689 3616 DYZPc.
774 3591 804 3616 33
825 3590 874 3624 est]
894 3596 964 3616 esset
984 3590 1032 3615 αΙ).
1117 3589 1149 3615 36
1168 3597 1278 3622 corpore
1297 3595 1322 3615 et
1341 3590 1427 3615 anima
1446 3591 1468 3615 Α
1487 3591 1573 3620 solus;
1593 3590 1678 3615 anima
1697 3596 1723 3615 et
1742 3595 1859 3622 corpore.
1930 3594 1965 3619 47
1985 3593 2099 3620 quorum
2118 3585 2188 3620 sunt]
2209 3587 2281 3619 quod
2300 3586 2352 3612 sint
2365 3594 2389 3618 α,
2409 3593 2452 3612 om
2467 3586 2498 3618 D,

295 3631 576 3686 quonqitggssmacigpt
586 3627 714 3686 digentis
734 3663 755 3687 Α
775 3663 860 3692 solun
886 3663 954 3687 idem
975 3662 1046 3695 quod
1065 3667 1138 3686 actus
1158 3661 1296 3686 moventis.
1389 3669 1421 3693 ¹4
1441 3660 1606 3695 corporique]
1627 3660 1796 3693 corporisque
1815 3659 1858 3684 Pe.
1956 3664 1987 3682 22
2009 3657 2154 3691 sentiendo}
2179 3658 2319 3683 sensiendo
2341 3659 2381 3691 pA
2401 3661 2427 3683 et
2445 3658 2497 3690 pH.

297 3702 330 3726 24
349 3695 410 3728 quo]
432 3697 502 3728 quod
522 3697 610 3723 DEPc.
704 3698 736 3722 28
756 3698 780 3722 id
801 3706 853 3730 quo
872 3699 894 3722 Α
914 3698 998 3729 solus;
1019 3705 1080 3730 quo.
1171 3705 1207 3729 4⁰
1227 3697 1432 3729 subsistentiam}
1453 3697 1624 3722 substantiam
1644 3695 1690 3720 az.
1785 3701 1819 3726 42
1840 3692 2060 3726 irrationabilium]
2081 3694 2267 3719 irrationalium
2288 3693 2352 3719 de.

2539 1502 2558 1518 ⁸
2563 1467 2685 1523 Ψὴῆἠῖ.
2686 1473 2753 1523 ⁵‘nu

2537 2700 2545 2710 ·
2555 2698 2635 2728 Cetea.
2650 2705 2676 2728 ιι,
2692 2700 2716 2723 6.

2530 3180 2539 3190 ·
2554 3179 2612 3209 Cup.
2622 3186 2711 3204 Luxu.
