<?xml version="1.0" encoding="UTF-8"?>
<!DOCTYPE html PUBLIC "-//W3C//DTD XHTML 1.0 Transitional//EN"
    "http://www.w3.org/TR/xhtml1/DTD/xhtml1-transitional.dtd">
<html xmlns="http://www.w3.org/1999/xhtml" xml:lang="en" lang="en">
 <head>
  <title>
</title>
<meta http-equiv="Content-Type" content="text/html;charset=utf-8" />
  <meta name='ocr-system' content='tesseract 3.04.00' />
  <meta name='ocr-capabilities' content='ocr_page ocr_carea ocr_par ocr_line ocrx_word'/>
</head>
<body>
  <div class='ocr_page' id='page_1' title='image "./operaomniaiussui13thom_0546.png"; bbox 0 0 2768 4134; ppageno 0'>
   <div class='ocr_carea' id='block_1_1' title="bbox 59 658 187 680">
    <p class='ocr_par' dir='ltr' id='par_1_1' title="bbox 59 658 187 680">
     <span class='ocr_line' id='line_1_1' title="bbox 59 658 187 680; baseline -0.023 0"><span class='ocrx_word' id='word_1_1' title='bbox 59 660 67 670; x_wconf 70' lang='lat'>⁸</span> <span class='ocrx_word' id='word_1_2' title='bbox 83 658 118 680; x_wconf 79' lang='lat' dir='ltr'>Ct.</span> <span class='ocrx_word' id='word_1_3' title='bbox 134 664 155 678; x_wconf 89' lang='lat' dir='ltr'>n.</span> <span class='ocrx_word' id='word_1_4' title='bbox 171 663 187 678; x_wconf 86' lang='lat'>1.</span> 
     </span>
    </p>
   </div>
   <div class='ocr_carea' id='block_1_2' title="bbox 60 2077 274 2129">
    <p class='ocr_par' dir='ltr' id='par_1_2' title="bbox 60 2077 274 2129">
     <span class='ocr_line' id='line_1_2' title="bbox 61 2077 274 2099; baseline -0.005 0"><span class='ocrx_word' id='word_1_5' title='bbox 61 2079 70 2088; x_wconf 88' lang='lat'>&#39;&#39;</span> <span class='ocrx_word' id='word_1_6' title='bbox 85 2077 120 2099; x_wconf 72' lang='lat' dir='ltr'>cf.</span> <span class='ocrx_word' id='word_1_7' title='bbox 136 2077 186 2099; x_wconf 85' lang='lat' dir='ltr'>init.</span> <span class='ocrx_word' id='word_1_8' title='bbox 205 2077 274 2099; x_wconf 87' lang='lat' dir='ltr'>Com-</span> 
     </span>
     <span class='ocr_line' id='line_1_3' title="bbox 60 2107 274 2129; baseline -0.009 -3"><span class='ocrx_word' id='word_1_9' title='bbox 60 2108 132 2126; x_wconf 81' lang='lat' dir='ltr'>ment.</span> <span class='ocrx_word' id='word_1_10' title='bbox 139 2110 146 2129; x_wconf 65' lang='grc' dir='ltr'>ς</span> <span class='ocrx_word' id='word_1_11' title='bbox 154 2107 175 2125; x_wconf 84' lang='lat' dir='ltr'>et</span> <span class='ocrx_word' id='word_1_12' title='bbox 185 2109 247 2126; x_wconf 88' lang='lat' dir='ltr'>num.</span> <span class='ocrx_word' id='word_1_13' title='bbox 258 2109 274 2125; x_wconf 80' lang='grc' dir='ltr'>ι.</span> 
     </span>
    </p>
   </div>
   <div class='ocr_carea' id='block_1_3' title="bbox 295 327 373 364">
    <p class='ocr_par' dir='ltr' id='par_1_3' title="bbox 295 327 373 364">
     <span class='ocr_line' id='line_1_4' title="bbox 295 327 373 364; baseline 0 0"><span class='ocrx_word' id='word_1_14' title='bbox 295 327 373 364; x_wconf 87' lang='lat'>472</span> 
     </span>
    </p>
   </div>
   <div class='ocr_carea' id='block_1_4' title="bbox 286 385 1374 3713">
    <p class='ocr_par' dir='ltr' id='par_1_4' title="bbox 286 385 1369 606">
     <span class='ocr_line' id='line_1_5' title="bbox 354 385 1369 428; baseline -0.008 -6"><span class='ocrx_word' id='word_1_15' title='bbox 354 392 490 428; x_wconf 84' lang='lat' dir='ltr'>Quarto.</span> <span class='ocrx_word' id='word_1_16' title='bbox 504 390 634 420; x_wconf 90' lang='lat' dir='ltr'>Diversa</span> <span class='ocrx_word' id='word_1_17' title='bbox 646 397 730 428; x_wconf 90' lang='lat' dir='ltr'>quae</span> <span class='ocrx_word' id='word_1_18' title='bbox 741 388 775 418; x_wconf 92' lang='lat' dir='ltr'>in</span> <span class='ocrx_word' id='word_1_19' title='bbox 786 387 929 418; x_wconf 82' lang='lat' dir='ltr'>inferiori</span> <span class='ocrx_word' id='word_1_20' title='bbox 941 385 1054 416; x_wconf 88' lang='lat' dir='ltr'>ordine</span> <span class='ocrx_word' id='word_1_21' title='bbox 1065 385 1285 426; x_wconf 89' lang='lat' dir='ltr'>potentiarum</span> <span class='ocrx_word' id='word_1_22' title='bbox 1296 393 1369 424; x_wconf 89' lang='lat' dir='ltr'>per-</span> 
     </span>
     <span class='ocr_line' id='line_1_6' title="bbox 286 429 1369 472; baseline -0.007 -6"><span class='ocrx_word' id='word_1_23' title='bbox 286 437 398 466; x_wconf 85' lang='lat' dir='ltr'>-tinent</span> <span class='ocrx_word' id='word_1_24' title='bbox 421 434 460 465; x_wconf 94' lang='lat' dir='ltr'>ad</span> <span class='ocrx_word' id='word_1_25' title='bbox 482 433 620 464; x_wconf 88' lang='lat' dir='ltr'>diversas</span> <span class='ocrx_word' id='word_1_26' title='bbox 642 432 813 472; x_wconf 88' lang='lat' dir='ltr'>potentias,</span> <span class='ocrx_word' id='word_1_27' title='bbox 836 432 870 461; x_wconf 90' lang='lat' dir='ltr'>in</span> <span class='ocrx_word' id='word_1_28' title='bbox 893 430 1050 471; x_wconf 82' lang='lat' dir='ltr'>superiori</span> <span class='ocrx_word' id='word_1_29' title='bbox 1072 429 1185 460; x_wconf 87' lang='lat' dir='ltr'>ordine</span> <span class='ocrx_word' id='word_1_30' title='bbox 1207 429 1369 469; x_wconf 83' lang='lat' dir='ltr'>pertinent</span> 
     </span>
     <span class='ocr_line' id='line_1_7' title="bbox 297 475 1367 518; baseline -0.007 -8"><span class='ocrx_word' id='word_1_31' title='bbox 297 479 337 510; x_wconf 87' lang='lat' dir='ltr'>ad</span> <span class='ocrx_word' id='word_1_32' title='bbox 347 487 467 509; x_wconf 87' lang='lat' dir='ltr'>unum:</span> <span class='ocrx_word' id='word_1_33' title='bbox 487 483 524 508; x_wconf 93' lang='lat' dir='ltr'>ut</span> <span class='ocrx_word' id='word_1_34' title='bbox 535 482 622 518; x_wconf 90' lang='lat' dir='ltr'>patet</span> <span class='ocrx_word' id='word_1_35' title='bbox 637 476 677 507; x_wconf 87' lang='lat' dir='ltr'>de</span> <span class='ocrx_word' id='word_1_36' title='bbox 694 485 791 506; x_wconf 91' lang='lat' dir='ltr'>sensu</span> <span class='ocrx_word' id='word_1_37' title='bbox 807 475 975 505; x_wconf 90' lang='lat' dir='ltr'>communi</span> <span class='ocrx_word' id='word_1_38' title='bbox 991 479 1139 514; x_wconf 91' lang='lat' dir='ltr'>respectu</span> <span class='ocrx_word' id='word_1_39' title='bbox 1155 478 1367 503; x_wconf 88' lang='lat' dir='ltr'>sensatorum.</span> 
     </span>
     <span class='ocr_line' id='line_1_8' title="bbox 297 517 1369 563; baseline -0.006 -10"><span class='ocrx_word' id='word_1_40' title='bbox 297 522 360 554; x_wconf 98' lang='lat' dir='ltr'>Sed</span> <span class='ocrx_word' id='word_1_41' title='bbox 381 521 622 563; x_wconf 88' lang='lat' dir='ltr'>apprehendere</span> <span class='ocrx_word' id='word_1_42' title='bbox 645 525 678 551; x_wconf 90' lang='lat' dir='ltr'>et</span> <span class='ocrx_word' id='word_1_43' title='bbox 700 528 888 550; x_wconf 86' lang='lat' dir='ltr'>conservare</span> <span class='ocrx_word' id='word_1_44' title='bbox 911 519 944 549; x_wconf 92' lang='lat' dir='ltr'>in</span> <span class='ocrx_word' id='word_1_45' title='bbox 961 524 1050 559; x_wconf 88' lang='lat' dir='ltr'>parte</span> <span class='ocrx_word' id='word_1_46' title='bbox 1065 518 1215 548; x_wconf 87' lang='lat' dir='ltr'>sensitiva</span> <span class='ocrx_word' id='word_1_47' title='bbox 1231 517 1369 558; x_wconf 85' lang='lat' dir='ltr'>pertinet</span> 
     </span>
     <span class='ocr_line' id='line_1_9' title="bbox 297 563 1264 606; baseline -0.005 -9"><span class='ocrx_word' id='word_1_48' title='bbox 297 567 336 598; x_wconf 93' lang='lat' dir='ltr'>ad</span> <span class='ocrx_word' id='word_1_49' title='bbox 359 566 497 597; x_wconf 87' lang='lat' dir='ltr'>diversas</span> <span class='ocrx_word' id='word_1_50' title='bbox 519 564 690 606; x_wconf 84' lang='lat' dir='ltr'>potentias.</span> <span class='ocrx_word' id='word_1_51' title='bbox 714 565 800 604; x_wconf 90' lang='lat' dir='ltr'>Ergo</span> <span class='ocrx_word' id='word_1_52' title='bbox 823 564 857 594; x_wconf 90' lang='lat' dir='ltr'>in</span> <span class='ocrx_word' id='word_1_53' title='bbox 880 563 1074 594; x_wconf 87' lang='lat' dir='ltr'>intellectiva</span> <span class='ocrx_word' id='word_1_54' title='bbox 1097 563 1264 592; x_wconf 89' lang='lat' dir='ltr'>uniuntur.</span> 
     </span>
    </p>

    <p class='ocr_par' dir='ltr' id='par_1_5' title="bbox 298 606 1369 1040">
     <span class='ocr_line' id='line_1_10' title="bbox 352 606 1369 650; baseline -0.006 -9"><span class='ocrx_word' id='word_1_55' title='bbox 352 610 493 641; x_wconf 84' lang='lat' dir='ltr'>Adverte</span> <span class='ocrx_word' id='word_1_56' title='bbox 509 609 599 650; x_wconf 91' lang='lat' dir='ltr'>quod</span> <span class='ocrx_word' id='word_1_57' title='bbox 610 610 670 639; x_wconf 90' lang='lat' dir='ltr'>ista</span> <span class='ocrx_word' id='word_1_58' title='bbox 684 609 764 639; x_wconf 89' lang='lat' dir='ltr'>ratio</span> <span class='ocrx_word' id='word_1_59' title='bbox 781 608 915 639; x_wconf 86' lang='lat' dir='ltr'>destruit</span> <span class='ocrx_word' id='word_1_60' title='bbox 930 607 1181 638; x_wconf 85' lang='lat' dir='ltr'>fundamentum</span> <span class='ocrx_word' id='word_1_61' title='bbox 1197 606 1369 646; x_wconf 87' lang='lat' dir='ltr'>positionis</span> 
     </span>
     <span class='ocr_line' id='line_1_11' title="bbox 298 650 1369 694; baseline -0.006 -9"><span class='ocrx_word' id='word_1_62' title='bbox 298 656 493 685; x_wconf 87' lang='lat' dir='ltr'>Avicennae.</span> <span class='ocrx_word' id='word_1_63' title='bbox 519 655 590 694; x_wconf 88' lang='lat' dir='ltr'>Ipse</span> <span class='ocrx_word' id='word_1_64' title='bbox 614 653 712 689; x_wconf 87' lang='lat' dir='ltr'>enim,</span> <span class='ocrx_word' id='word_1_65' title='bbox 732 658 768 683; x_wconf 91' lang='lat' dir='ltr'>ut</span> <span class='ocrx_word' id='word_1_66' title='bbox 791 662 829 683; x_wconf 87' lang='lat' dir='ltr'>ex</span> <span class='ocrx_word' id='word_1_67' title='bbox 860 652 1109 692; x_wconf 70' lang='lat' dir='ltr'>superioribus*</span> <span class='ocrx_word' id='word_1_68' title='bbox 1137 656 1234 691; x_wconf 91' lang='lat' dir='ltr'>patet,</span> <span class='ocrx_word' id='word_1_69' title='bbox 1265 650 1369 679; x_wconf 90' lang='lat' dir='ltr'>voluit</span> 
     </span>
     <span class='ocr_line' id='line_1_12' title="bbox 298 694 1369 739; baseline -0.007 -9"><span class='ocrx_word' id='word_1_70' title='bbox 298 699 388 739; x_wconf 93' lang='lat' dir='ltr'>quod</span> <span class='ocrx_word' id='word_1_71' title='bbox 404 699 464 729; x_wconf 90' lang='lat' dir='ltr'>alia</span> <span class='ocrx_word' id='word_1_72' title='bbox 479 698 626 738; x_wconf 89' lang='lat' dir='ltr'>potentia</span> <span class='ocrx_word' id='word_1_73' title='bbox 641 698 791 728; x_wconf 84' lang='lat' dir='ltr'>sensitiva</span> <span class='ocrx_word' id='word_1_74' title='bbox 807 702 890 727; x_wconf 88' lang='lat' dir='ltr'>esset</span> <span class='ocrx_word' id='word_1_75' title='bbox 906 696 1138 736; x_wconf 85' lang='lat' dir='ltr'>apprehensiva</span> <span class='ocrx_word' id='word_1_76' title='bbox 1155 700 1186 725; x_wconf 89' lang='lat' dir='ltr'>et</span> <span class='ocrx_word' id='word_1_77' title='bbox 1206 694 1266 725; x_wconf 90' lang='lat' dir='ltr'>alia</span> <span class='ocrx_word' id='word_1_78' title='bbox 1287 698 1369 724; x_wconf 90' lang='lat' dir='ltr'>esset</span> 
     </span>
     <span class='ocr_line' id='line_1_13' title="bbox 298 738 1367 783; baseline -0.005 -10"><span class='ocrx_word' id='word_1_79' title='bbox 298 743 527 779; x_wconf 89' lang='lat' dir='ltr'>conservativa,</span> <span class='ocrx_word' id='word_1_80' title='bbox 546 743 740 783; x_wconf 88' lang='lat' dir='ltr'>inquantum</span> <span class='ocrx_word' id='word_1_81' title='bbox 765 747 812 772; x_wconf 90' lang='lat' dir='ltr'>est</span> <span class='ocrx_word' id='word_1_82' title='bbox 834 741 868 771; x_wconf 92' lang='lat' dir='ltr'>in</span> <span class='ocrx_word' id='word_1_83' title='bbox 892 750 1014 781; x_wconf 90' lang='lat' dir='ltr'>organo</span> <span class='ocrx_word' id='word_1_84' title='bbox 1032 739 1202 779; x_wconf 85' lang='lat' dir='ltr'>corporali,</span> <span class='ocrx_word' id='word_1_85' title='bbox 1227 744 1259 768; x_wconf 91' lang='lat' dir='ltr'>et</span> <span class='ocrx_word' id='word_1_86' title='bbox 1281 738 1367 774; x_wconf 91' lang='lat' dir='ltr'>ideo,</span> 
     </span>
     <span class='ocr_line' id='line_1_14' title="bbox 299 785 1368 828; baseline -0.006 -10"><span class='ocrx_word' id='word_1_87' title='bbox 299 788 373 828; x_wconf 88' lang='lat' dir='ltr'>quia</span> <span class='ocrx_word' id='word_1_88' title='bbox 396 787 578 817; x_wconf 90' lang='lat' dir='ltr'>intellectus</span> <span class='ocrx_word' id='word_1_89' title='bbox 602 792 649 817; x_wconf 92' lang='lat' dir='ltr'>est</span> <span class='ocrx_word' id='word_1_90' title='bbox 671 786 771 816; x_wconf 90' lang='lat' dir='ltr'>virtus</span> <span class='ocrx_word' id='word_1_91' title='bbox 795 785 1029 826; x_wconf 89' lang='lat' dir='ltr'>apprehensiva</span> <span class='ocrx_word' id='word_1_92' title='bbox 1049 789 1080 814; x_wconf 91' lang='lat' dir='ltr'>et</span> <span class='ocrx_word' id='word_1_93' title='bbox 1104 792 1300 824; x_wconf 90' lang='lat' dir='ltr'>corporeum</span> <span class='ocrx_word' id='word_1_94' title='bbox 1317 792 1368 812; x_wconf 93' lang='lat' dir='ltr'>or-</span> 
     </span>
     <span class='ocr_line' id='line_1_15' title="bbox 298 827 1369 872; baseline -0.007 -9"><span class='ocrx_word' id='word_1_95' title='bbox 298 841 418 872; x_wconf 89' lang='lat' dir='ltr'>ganum</span> <span class='ocrx_word' id='word_1_96' title='bbox 441 841 510 862; x_wconf 92' lang='lat' dir='ltr'>non</span> <span class='ocrx_word' id='word_1_97' title='bbox 525 831 633 867; x_wconf 88' lang='lat' dir='ltr'>habet,</span> <span class='ocrx_word' id='word_1_98' title='bbox 657 831 717 860; x_wconf 90' lang='lat' dir='ltr'>sibi</span> <span class='ocrx_word' id='word_1_99' title='bbox 733 839 801 860; x_wconf 91' lang='lat' dir='ltr'>non</span> <span class='ocrx_word' id='word_1_100' title='bbox 817 830 970 860; x_wconf 89' lang='lat' dir='ltr'>convenit</span> <span class='ocrx_word' id='word_1_101' title='bbox 986 837 1185 859; x_wconf 90' lang='lat' dir='ltr'>conservare.</span> <span class='ocrx_word' id='word_1_102' title='bbox 1209 827 1270 857; x_wconf 92' lang='lat' dir='ltr'>Per</span> <span class='ocrx_word' id='word_1_103' title='bbox 1285 827 1369 857; x_wconf 86' lang='lat' dir='ltr'>hanc</span> 
     </span>
     <span class='ocr_line' id='line_1_16' title="bbox 299 871 1369 914; baseline -0.006 -7"><span class='ocrx_word' id='word_1_104' title='bbox 299 881 408 907; x_wconf 87' lang='lat' dir='ltr'>autem</span> <span class='ocrx_word' id='word_1_105' title='bbox 431 877 590 906; x_wconf 88' lang='lat' dir='ltr'>rationem</span> <span class='ocrx_word' id='word_1_106' title='bbox 613 874 794 905; x_wconf 89' lang='lat' dir='ltr'>ostenditur</span> <span class='ocrx_word' id='word_1_107' title='bbox 816 873 916 914; x_wconf 93' lang='lat' dir='ltr'>quod,</span> <span class='ocrx_word' id='word_1_108' title='bbox 940 873 1015 903; x_wconf 91' lang='lat' dir='ltr'>licet</span> <span class='ocrx_word' id='word_1_109' title='bbox 1045 873 1078 902; x_wconf 90' lang='lat' dir='ltr'>in</span> <span class='ocrx_word' id='word_1_110' title='bbox 1105 877 1195 912; x_wconf 88' lang='lat' dir='ltr'>parte</span> <span class='ocrx_word' id='word_1_111' title='bbox 1219 871 1369 902; x_wconf 85' lang='lat' dir='ltr'>sensitiva</span> 
     </span>
     <span class='ocr_line' id='line_1_17' title="bbox 299 916 1369 961; baseline -0.006 -10"><span class='ocrx_word' id='word_1_112' title='bbox 299 921 359 951; x_wconf 91' lang='lat' dir='ltr'>alia</span> <span class='ocrx_word' id='word_1_113' title='bbox 374 926 515 961; x_wconf 90' lang='lat' dir='ltr'>ponatur</span> <span class='ocrx_word' id='word_1_114' title='bbox 529 920 675 960; x_wconf 89' lang='lat' dir='ltr'>potentia</span> <span class='ocrx_word' id='word_1_115' title='bbox 694 918 926 959; x_wconf 90' lang='lat' dir='ltr'>apprehensiva</span> <span class='ocrx_word' id='word_1_116' title='bbox 949 922 981 947; x_wconf 89' lang='lat' dir='ltr'>et</span> <span class='ocrx_word' id='word_1_117' title='bbox 1003 917 1064 946; x_wconf 91' lang='lat' dir='ltr'>alia</span> <span class='ocrx_word' id='word_1_118' title='bbox 1087 916 1318 952; x_wconf 89' lang='lat' dir='ltr'>conservativa,</span> <span class='ocrx_word' id='word_1_119' title='bbox 1335 916 1369 945; x_wconf 91' lang='lat' dir='ltr'>in</span> 
     </span>
     <span class='ocr_line' id='line_1_18' title="bbox 298 960 1369 1004; baseline -0.006 -9"><span class='ocrx_word' id='word_1_120' title='bbox 298 965 464 995; x_wconf 90' lang='lat' dir='ltr'>intellectu</span> <span class='ocrx_word' id='word_1_121' title='bbox 476 971 584 995; x_wconf 91' lang='lat' dir='ltr'>tamen</span> <span class='ocrx_word' id='word_1_122' title='bbox 597 969 726 1004; x_wconf 88' lang='lat' dir='ltr'>oportet</span> <span class='ocrx_word' id='word_1_123' title='bbox 738 971 837 993; x_wconf 88' lang='lat' dir='ltr'>unam</span> <span class='ocrx_word' id='word_1_124' title='bbox 849 967 881 992; x_wconf 93' lang='lat' dir='ltr'>et</span> <span class='ocrx_word' id='word_1_125' title='bbox 892 960 1028 991; x_wconf 91' lang='lat' dir='ltr'>eandem</span> <span class='ocrx_word' id='word_1_126' title='bbox 1042 970 1111 990; x_wconf 88' lang='lat' dir='ltr'>esse</span> <span class='ocrx_word' id='word_1_127' title='bbox 1123 961 1177 990; x_wconf 90' lang='lat' dir='ltr'>cui</span> <span class='ocrx_word' id='word_1_128' title='bbox 1193 965 1369 1000; x_wconf 91' lang='lat' dir='ltr'>utrumque</span> 
     </span>
     <span class='ocr_line' id='line_1_19' title="bbox 299 1004 1367 1040; baseline -0.005 -1"><span class='ocrx_word' id='word_1_129' title='bbox 299 1010 480 1040; x_wconf 88' lang='lat' dir='ltr'>conveniat.</span> <span class='ocrx_word' id='word_1_130' title='bbox 498 1008 539 1038; x_wconf 93' lang='lat' dir='ltr'>Et</span> <span class='ocrx_word' id='word_1_131' title='bbox 554 1009 599 1038; x_wconf 88' lang='lat' dir='ltr'>sic</span> <span class='ocrx_word' id='word_1_132' title='bbox 614 1006 862 1038; x_wconf 89' lang='lat' dir='ltr'>fundamentum</span> <span class='ocrx_word' id='word_1_133' title='bbox 878 1005 958 1036; x_wconf 88' lang='lat' dir='ltr'>illud</span> <span class='ocrx_word' id='word_1_134' title='bbox 970 1005 1156 1035; x_wconf 85' lang='lat' dir='ltr'>Avicennae</span> <span class='ocrx_word' id='word_1_135' title='bbox 1172 1004 1300 1035; x_wconf 89' lang='lat' dir='ltr'>nullum</span> <span class='ocrx_word' id='word_1_136' title='bbox 1311 1009 1367 1035; x_wconf 90' lang='lat' dir='ltr'>est.</span> 
     </span>
    </p>

    <p class='ocr_par' dir='ltr' id='par_1_6' title="bbox 297 1048 1371 1313">
     <span class='ocr_line' id='line_1_20' title="bbox 357 1048 1369 1090; baseline -0.005 -7"><span class='ocrx_word' id='word_1_137' title='bbox 357 1053 498 1090; x_wconf 85' lang='lat' dir='ltr'>Quinto:</span> <span class='ocrx_word' id='word_1_138' title='bbox 525 1057 556 1082; x_wconf 89' lang='lat' dir='ltr'>et</span> <span class='ocrx_word' id='word_1_139' title='bbox 579 1057 626 1081; x_wconf 93' lang='lat' dir='ltr'>est</span> <span class='ocrx_word' id='word_1_140' title='bbox 649 1056 761 1081; x_wconf 90' lang='lat' dir='ltr'>contra</span> <span class='ocrx_word' id='word_1_141' title='bbox 785 1055 936 1090; x_wconf 89' lang='lat' dir='ltr'>quartum</span> <span class='ocrx_word' id='word_1_142' title='bbox 960 1049 1083 1080; x_wconf 90' lang='lat' dir='ltr'>dictum</span> <span class='ocrx_word' id='word_1_143' title='bbox 1113 1049 1310 1079; x_wconf 87' lang='lat' dir='ltr'>Avicennae.</span> <span class='ocrx_word' id='word_1_144' title='bbox 1336 1048 1369 1079; x_wconf 91' lang='lat' dir='ltr'>Si</span> 
     </span>
     <span class='ocr_line' id='line_1_21' title="bbox 299 1094 1370 1134; baseline -0.005 -6"><span class='ocrx_word' id='word_1_145' title='bbox 299 1097 460 1128; x_wconf 89' lang='lat' dir='ltr'>addiscere</span> <span class='ocrx_word' id='word_1_146' title='bbox 483 1095 563 1126; x_wconf 89' lang='lat' dir='ltr'>nihil</span> <span class='ocrx_word' id='word_1_147' title='bbox 587 1094 673 1126; x_wconf 87' lang='lat' dir='ltr'>aliud</span> <span class='ocrx_word' id='word_1_148' title='bbox 697 1096 736 1125; x_wconf 91' lang='lat' dir='ltr'>sit</span> <span class='ocrx_word' id='word_1_149' title='bbox 753 1104 851 1134; x_wconf 86' lang='lat' dir='ltr'>quarn</span> <span class='ocrx_word' id='word_1_150' title='bbox 874 1094 1042 1124; x_wconf 89' lang='lat' dir='ltr'>hominem</span> <span class='ocrx_word' id='word_1_151' title='bbox 1060 1094 1162 1134; x_wconf 88' lang='lat' dir='ltr'>aptari</span> <span class='ocrx_word' id='word_1_152' title='bbox 1180 1098 1217 1123; x_wconf 92' lang='lat' dir='ltr'>ut</span> <span class='ocrx_word' id='word_1_153' title='bbox 1239 1094 1370 1124; x_wconf 90' lang='lat' dir='ltr'>uniatur</span> 
     </span>
     <span class='ocr_line' id='line_1_22' title="bbox 298 1138 1371 1181; baseline -0.005 -9"><span class='ocrx_word' id='word_1_154' title='bbox 298 1141 524 1181; x_wconf 85' lang='lat' dir='ltr'>intelligentiae</span> <span class='ocrx_word' id='word_1_155' title='bbox 537 1139 653 1179; x_wconf 90' lang='lat' dir='ltr'>agenti,</span> <span class='ocrx_word' id='word_1_156' title='bbox 667 1140 724 1179; x_wconf 93' lang='lat' dir='ltr'>qui</span> <span class='ocrx_word' id='word_1_157' title='bbox 737 1138 872 1169; x_wconf 88' lang='lat' dir='ltr'>addiscit</span> <span class='ocrx_word' id='word_1_158' title='bbox 884 1147 983 1169; x_wconf 89' lang='lat' dir='ltr'>unam</span> <span class='ocrx_word' id='word_1_159' title='bbox 995 1138 1174 1174; x_wconf 87' lang='lat' dir='ltr'>scientiam,</span> <span class='ocrx_word' id='word_1_160' title='bbox 1187 1147 1254 1168; x_wconf 90' lang='lat' dir='ltr'>non</span> <span class='ocrx_word' id='word_1_161' title='bbox 1267 1138 1371 1177; x_wconf 88' lang='lat' dir='ltr'>magis</span> 
     </span>
     <span class='ocr_line' id='line_1_23' title="bbox 298 1182 1369 1224; baseline -0.004 -8"><span class='ocrx_word' id='word_1_162' title='bbox 298 1185 431 1216; x_wconf 91' lang='lat' dir='ltr'>addiscit</span> <span class='ocrx_word' id='word_1_163' title='bbox 454 1184 541 1215; x_wconf 91' lang='lat' dir='ltr'>illam</span> <span class='ocrx_word' id='word_1_164' title='bbox 565 1193 664 1224; x_wconf 92' lang='lat' dir='ltr'>quam</span> <span class='ocrx_word' id='word_1_165' title='bbox 680 1183 789 1214; x_wconf 88' lang='lat' dir='ltr'>aliam:</span> <span class='ocrx_word' id='word_1_166' title='bbox 815 1183 902 1224; x_wconf 89' lang='lat' dir='ltr'>quia,</span> <span class='ocrx_word' id='word_1_167' title='bbox 919 1182 1101 1213; x_wconf 90' lang='lat' dir='ltr'>secundum</span> <span class='ocrx_word' id='word_1_168' title='bbox 1116 1183 1236 1223; x_wconf 91' lang='lat' dir='ltr'>ipsum,</span> <span class='ocrx_word' id='word_1_169' title='bbox 1252 1182 1369 1213; x_wconf 90' lang='lat' dir='ltr'>intelli-</span> 
     </span>
     <span class='ocr_line' id='line_1_24' title="bbox 297 1227 1370 1270; baseline -0.003 -10"><span class='ocrx_word' id='word_1_170' title='bbox 297 1230 404 1270; x_wconf 87' lang='lat' dir='ltr'>gentia</span> <span class='ocrx_word' id='word_1_171' title='bbox 426 1238 523 1269; x_wconf 88' lang='lat' dir='ltr'>agens</span> <span class='ocrx_word' id='word_1_172' title='bbox 546 1237 661 1258; x_wconf 90' lang='lat' dir='ltr'>omnes</span> <span class='ocrx_word' id='word_1_173' title='bbox 684 1227 790 1258; x_wconf 91' lang='lat' dir='ltr'>influit</span> <span class='ocrx_word' id='word_1_174' title='bbox 813 1227 973 1258; x_wconf 88' lang='lat' dir='ltr'>scientias.</span> <span class='ocrx_word' id='word_1_175' title='bbox 998 1227 1073 1257; x_wconf 90' lang='lat' dir='ltr'>Hoc</span> <span class='ocrx_word' id='word_1_176' title='bbox 1101 1232 1211 1257; x_wconf 91' lang='lat' dir='ltr'>autem</span> <span class='ocrx_word' id='word_1_177' title='bbox 1243 1232 1370 1257; x_wconf 87' lang='lat' dir='ltr'>constat</span> 
     </span>
     <span class='ocr_line' id='line_1_25' title="bbox 298 1272 712 1313; baseline -0.005 -9"><span class='ocrx_word' id='word_1_178' title='bbox 298 1283 366 1304; x_wconf 89' lang='lat' dir='ltr'>esse</span> <span class='ocrx_word' id='word_1_179' title='bbox 389 1272 516 1304; x_wconf 85' lang='lat' dir='ltr'>falsum.</span> <span class='ocrx_word' id='word_1_180' title='bbox 540 1272 627 1313; x_wconf 87' lang='lat' dir='ltr'>Ergo</span> <span class='ocrx_word' id='word_1_181' title='bbox 651 1277 712 1303; x_wconf 90' lang='lat' dir='ltr'>etc.</span> 
     </span>
    </p>

    <p class='ocr_par' dir='ltr' id='par_1_7' title="bbox 291 1316 1372 1757">
     <span class='ocr_line' id='line_1_26' title="bbox 356 1316 1370 1357; baseline -0.002 -9"><span class='ocrx_word' id='word_1_182' title='bbox 356 1318 476 1348; x_wconf 84' lang='lat' dir='ltr'>Ultimo</span> <span class='ocrx_word' id='word_1_183' title='bbox 501 1318 643 1357; x_wconf 83' lang='lat' dir='ltr'>arguitur</span> <span class='ocrx_word' id='word_1_184' title='bbox 666 1317 742 1357; x_wconf 91' lang='lat' dir='ltr'>quia</span> <span class='ocrx_word' id='word_1_185' title='bbox 764 1317 845 1347; x_wconf 87' lang='lat' dir='ltr'>haec</span> <span class='ocrx_word' id='word_1_186' title='bbox 875 1316 989 1356; x_wconf 90' lang='lat' dir='ltr'>opinio</span> <span class='ocrx_word' id='word_1_187' title='bbox 1018 1321 1065 1346; x_wconf 91' lang='lat' dir='ltr'>est</span> <span class='ocrx_word' id='word_1_188' title='bbox 1089 1321 1202 1346; x_wconf 87' lang='lat' dir='ltr'>contra</span> <span class='ocrx_word' id='word_1_189' title='bbox 1225 1321 1370 1346; x_wconf 89' lang='lat' dir='ltr'>mentem</span> 
     </span>
     <span class='ocr_line' id='line_1_27' title="bbox 297 1360 1370 1402; baseline -0.002 -10"><span class='ocrx_word' id='word_1_190' title='bbox 297 1362 488 1398; x_wconf 83' lang='lat' dir='ltr'>Aristotelis,</span> <span class='ocrx_word' id='word_1_191' title='bbox 505 1362 572 1402; x_wconf 93' lang='lat' dir='ltr'>qui,</span> <span class='ocrx_word' id='word_1_192' title='bbox 590 1361 630 1392; x_wconf 91' lang='lat'>111</span> <span class='ocrx_word' id='word_1_193' title='bbox 643 1361 683 1391; x_wconf 87' lang='lat' dir='ltr'>de</span> <span class='ocrx_word' id='word_1_194' title='bbox 693 1361 822 1396; x_wconf 87' lang='lat' dir='ltr'>Anima,</span> <span class='ocrx_word' id='word_1_195' title='bbox 836 1361 942 1401; x_wconf 92' lang='lat' dir='ltr'>inquit</span> <span class='ocrx_word' id='word_1_196' title='bbox 957 1360 1160 1391; x_wconf 91' lang='lat' dir='ltr'>intellectum</span> <span class='ocrx_word' id='word_1_197' title='bbox 1177 1369 1246 1390; x_wconf 91' lang='lat' dir='ltr'>esse</span> <span class='ocrx_word' id='word_1_198' title='bbox 1263 1361 1370 1391; x_wconf 86' lang='lat' dir='ltr'>locum</span> 
     </span>
     <span class='ocr_line' id='line_1_28' title="bbox 297 1404 1370 1447; baseline -0.002 -10"><span class='ocrx_word' id='word_1_199' title='bbox 297 1406 496 1447; x_wconf 78' lang='lat' dir='ltr'>specierum:</span> <span class='ocrx_word' id='word_1_200' title='bbox 518 1405 609 1446; x_wconf 92' lang='lat' dir='ltr'>quod</span> <span class='ocrx_word' id='word_1_201' title='bbox 631 1406 711 1436; x_wconf 89' lang='lat' dir='ltr'>nihil</span> <span class='ocrx_word' id='word_1_202' title='bbox 735 1405 823 1436; x_wconf 92' lang='lat' dir='ltr'>aliud</span> <span class='ocrx_word' id='word_1_203' title='bbox 853 1411 900 1435; x_wconf 90' lang='lat' dir='ltr'>est</span> <span class='ocrx_word' id='word_1_204' title='bbox 929 1404 1018 1435; x_wconf 92' lang='lat' dir='ltr'>dictu</span> <span class='ocrx_word' id='word_1_205' title='bbox 1042 1414 1141 1445; x_wconf 89' lang='lat' dir='ltr'>quarn</span> <span class='ocrx_word' id='word_1_206' title='bbox 1167 1405 1276 1445; x_wconf 88' lang='lat' dir='ltr'>ipsum</span> <span class='ocrx_word' id='word_1_207' title='bbox 1301 1414 1370 1435; x_wconf 89' lang='lat' dir='ltr'>esse</span> 
     </span>
     <span class='ocr_line' id='line_1_29' title="bbox 299 1449 1369 1487; baseline -0.003 -5"><span class='ocrx_word' id='word_1_208' title='bbox 299 1452 485 1482; x_wconf 80' lang='lat' dir='ltr'>thesaurum</span> <span class='ocrx_word' id='word_1_209' title='bbox 508 1451 647 1487; x_wconf 88' lang='lat' dir='ltr'>illarum,</span> <span class='ocrx_word' id='word_1_210' title='bbox 671 1456 707 1481; x_wconf 92' lang='lat' dir='ltr'>ut</span> <span class='ocrx_word' id='word_1_211' title='bbox 729 1451 834 1481; x_wconf 90' lang='lat' dir='ltr'>verbis</span> <span class='ocrx_word' id='word_1_212' title='bbox 864 1449 1051 1480; x_wconf 88' lang='lat' dir='ltr'>Avicennae</span> <span class='ocrx_word' id='word_1_213' title='bbox 1082 1455 1222 1480; x_wconf 88' lang='lat' dir='ltr'>utamur.</span> <span class='ocrx_word' id='word_1_214' title='bbox 1239 1467 1262 1472; x_wconf 94' lang='lat'>—</span> <span class='ocrx_word' id='word_1_215' title='bbox 1279 1449 1369 1486; x_wconf 86' lang='lat' dir='ltr'>Item,</span> 
     </span>
     <span class='ocr_line' id='line_1_30' title="bbox 298 1494 1372 1536; baseline -0.002 -10"><span class='ocrx_word' id='word_1_216' title='bbox 298 1494 387 1536; x_wconf 90' lang='lat' dir='ltr'>quod</span> <span class='ocrx_word' id='word_1_217' title='bbox 411 1494 541 1536; x_wconf 91' lang='lat' dir='ltr'>quando</span> <span class='ocrx_word' id='word_1_218' title='bbox 564 1494 746 1526; x_wconf 92' lang='lat' dir='ltr'>intellectus</span> <span class='ocrx_word' id='word_1_219' title='bbox 769 1494 930 1535; x_wconf 91' lang='lat' dir='ltr'>possibilis</span> <span class='ocrx_word' id='word_1_220' title='bbox 958 1494 1095 1534; x_wconf 87' lang='lat' dir='ltr'>acquirit</span> <span class='ocrx_word' id='word_1_221' title='bbox 1121 1494 1299 1530; x_wconf 89' lang='lat' dir='ltr'>scientiam,</span> <span class='ocrx_word' id='word_1_222' title='bbox 1323 1499 1372 1525; x_wconf 87' lang='lat' dir='ltr'>est</span> 
     </span>
     <span class='ocr_line' id='line_1_31' title="bbox 291 1538 1372 1581; baseline -0.002 -11"><span class='ocrx_word' id='word_1_223' title='bbox 291 1545 410 1581; x_wconf 77' lang='lat' dir='ltr'>potens</span> <span class='ocrx_word' id='word_1_224' title='bbox 445 1539 577 1580; x_wconf 80' lang='lat' dir='ltr'>operari</span> <span class='ocrx_word' id='word_1_225' title='bbox 604 1548 668 1580; x_wconf 79' lang='lat' dir='ltr'>per</span> <span class='ocrx_word' id='word_1_226' title='bbox 685 1539 835 1580; x_wconf 85' lang='lat' dir='ltr'>seipsum,</span> <span class='ocrx_word' id='word_1_227' title='bbox 867 1538 942 1568; x_wconf 89' lang='lat' dir='ltr'>licet</span> <span class='ocrx_word' id='word_1_228' title='bbox 963 1543 1039 1569; x_wconf 85' lang='lat' dir='ltr'>actu</span> <span class='ocrx_word' id='word_1_229' title='bbox 1067 1548 1133 1568; x_wconf 90' lang='lat' dir='ltr'>non</span> <span class='ocrx_word' id='word_1_230' title='bbox 1158 1538 1332 1580; x_wconf 85' lang='lat' dir='ltr'>intelligat.</span> <span class='ocrx_word' id='word_1_231' title='bbox 1348 1556 1372 1561; x_wconf 90' lang='lat'><em>-</em></span> 
     </span>
     <span class='ocr_line' id='line_1_32' title="bbox 298 1581 1370 1625; baseline -0.002 -10"><span class='ocrx_word' id='word_1_232' title='bbox 298 1584 388 1620; x_wconf 78' lang='lat' dir='ltr'>item,</span> <span class='ocrx_word' id='word_1_233' title='bbox 401 1584 473 1614; x_wconf 91' lang='lat' dir='ltr'>VIlI</span> <span class='ocrx_word' id='word_1_234' title='bbox 488 1584 714 1625; x_wconf 73' lang='lat' dir='ltr'>Pnysicorum,</span> <span class='ocrx_word' id='word_1_235' title='bbox 731 1588 807 1614; x_wconf 87' lang='lat' dir='ltr'>text.</span> <span class='ocrx_word' id='word_1_236' title='bbox 821 1583 874 1619; x_wconf 85' lang='lat'>32,</span> <span class='ocrx_word' id='word_1_237' title='bbox 891 1582 982 1623; x_wconf 92' lang='lat' dir='ltr'>quod</span> <span class='ocrx_word' id='word_1_238' title='bbox 998 1588 1072 1613; x_wconf 88' lang='lat' dir='ltr'>ante</span> <span class='ocrx_word' id='word_1_239' title='bbox 1088 1581 1251 1614; x_wconf 90' lang='lat' dir='ltr'>addiscere</span> <span class='ocrx_word' id='word_1_240' title='bbox 1267 1583 1370 1614; x_wconf 91' lang='lat' dir='ltr'>homo</span> 
     </span>
     <span class='ocr_line' id='line_1_33' title="bbox 297 1627 1371 1669; baseline -0.001 -10"><span class='ocrx_word' id='word_1_241' title='bbox 297 1628 420 1669; x_wconf 87' lang='lat' dir='ltr'>indiget</span> <span class='ocrx_word' id='word_1_242' title='bbox 434 1633 563 1659; x_wconf 88' lang='lat' dir='ltr'>motore</span> <span class='ocrx_word' id='word_1_243' title='bbox 585 1637 644 1668; x_wconf 91' lang='lat' dir='ltr'>per</span> <span class='ocrx_word' id='word_1_244' title='bbox 666 1637 766 1668; x_wconf 90' lang='lat' dir='ltr'>quem</span> <span class='ocrx_word' id='word_1_245' title='bbox 789 1627 961 1658; x_wconf 85' lang='lat' dir='ltr'>reducatur</span> <span class='ocrx_word' id='word_1_246' title='bbox 975 1627 1010 1657; x_wconf 88' lang='lat' dir='ltr'>in</span> <span class='ocrx_word' id='word_1_247' title='bbox 1032 1632 1152 1663; x_wconf 85' lang='lat' dir='ltr'>actum,</span> <span class='ocrx_word' id='word_1_248' title='bbox 1169 1637 1238 1658; x_wconf 90' lang='lat' dir='ltr'>non</span> <span class='ocrx_word' id='word_1_249' title='bbox 1261 1633 1371 1658; x_wconf 89' lang='lat' dir='ltr'>autem</span> 
     </span>
     <span class='ocr_line' id='line_1_34' title="bbox 299 1671 1371 1713; baseline -0.001 -10"><span class='ocrx_word' id='word_1_250' title='bbox 299 1679 383 1713; x_wconf 90' lang='lat' dir='ltr'>post.</span> <span class='ocrx_word' id='word_1_251' title='bbox 398 1689 421 1695; x_wconf 93' lang='lat'>—-</span> <span class='ocrx_word' id='word_1_252' title='bbox 436 1673 478 1703; x_wconf 91' lang='lat' dir='ltr'>Et</span> <span class='ocrx_word' id='word_1_253' title='bbox 500 1673 555 1709; x_wconf 88' lang='lat' dir='ltr'>sic,</span> <span class='ocrx_word' id='word_1_254' title='bbox 575 1671 663 1712; x_wconf 90' lang='lat' dir='ltr'>apud</span> <span class='ocrx_word' id='word_1_255' title='bbox 684 1672 903 1708; x_wconf 78' lang='lat' dir='ltr'>Aristotelem,</span> <span class='ocrx_word' id='word_1_256' title='bbox 926 1677 1095 1702; x_wconf 85' lang='lat' dir='ltr'>remanent</span> <span class='ocrx_word' id='word_1_257' title='bbox 1118 1672 1242 1711; x_wconf 87' lang='lat' dir='ltr'>species</span> <span class='ocrx_word' id='word_1_258' title='bbox 1264 1673 1299 1702; x_wconf 91' lang='lat' dir='ltr'>in</span> <span class='ocrx_word' id='word_1_259' title='bbox 1321 1672 1371 1702; x_wconf 91' lang='lat' dir='ltr'>in-</span> 
     </span>
     <span class='ocr_line' id='line_1_35' title="bbox 299 1716 1025 1757; baseline -0.003 -9"><span class='ocrx_word' id='word_1_260' title='bbox 299 1717 440 1754; x_wconf 89' lang='lat' dir='ltr'>tellectu,</span> <span class='ocrx_word' id='word_1_261' title='bbox 458 1716 533 1748; x_wconf 91' lang='lat' dir='ltr'>dato</span> <span class='ocrx_word' id='word_1_262' title='bbox 557 1716 648 1757; x_wconf 90' lang='lat' dir='ltr'>quod</span> <span class='ocrx_word' id='word_1_263' title='bbox 670 1725 739 1746; x_wconf 92' lang='lat' dir='ltr'>non</span> <span class='ocrx_word' id='word_1_264' title='bbox 761 1716 918 1756; x_wconf 88' lang='lat' dir='ltr'>intelligat</span> <span class='ocrx_word' id='word_1_265' title='bbox 940 1721 1025 1746; x_wconf 90' lang='lat' dir='ltr'>actu.</span> 
     </span>
    </p>

    <p class='ocr_par' dir='ltr' id='par_1_8' title="bbox 299 1759 1374 2022">
     <span class='ocr_line' id='line_1_36' title="bbox 356 1759 1372 1800; baseline 0 -9"><span class='ocrx_word' id='word_1_266' title='bbox 356 1760 457 1799; x_wconf 90' lang='lat' dir='ltr'>Quod</span> <span class='ocrx_word' id='word_1_267' title='bbox 480 1761 577 1791; x_wconf 87' lang='lat' dir='ltr'>etiam</span> <span class='ocrx_word' id='word_1_268' title='bbox 592 1770 661 1791; x_wconf 90' lang='lat' dir='ltr'>non</span> <span class='ocrx_word' id='word_1_269' title='bbox 677 1761 740 1791; x_wconf 91' lang='lat' dir='ltr'>sint</span> <span class='ocrx_word' id='word_1_270' title='bbox 757 1761 792 1791; x_wconf 92' lang='lat' dir='ltr'>in</span> <span class='ocrx_word' id='word_1_271' title='bbox 808 1760 974 1791; x_wconf 91' lang='lat' dir='ltr'>intellectu</span> <span class='ocrx_word' id='word_1_272' title='bbox 991 1770 1008 1790; x_wconf 93' lang='lat' dir='ltr'>a</span> <span class='ocrx_word' id='word_1_273' title='bbox 1025 1759 1201 1790; x_wconf 85' lang='lat' dir='ltr'>substantia</span> <span class='ocrx_word' id='word_1_274' title='bbox 1217 1765 1372 1800; x_wconf 87' lang='lat' dir='ltr'>separata,</span> 
     </span>
     <span class='ocr_line' id='line_1_37' title="bbox 301 1804 1372 1845; baseline -0.002 -9"><span class='ocrx_word' id='word_1_275' title='bbox 301 1805 481 1836; x_wconf 89' lang='lat' dir='ltr'>secundum</span> <span class='ocrx_word' id='word_1_276' title='bbox 504 1805 720 1841; x_wconf 89' lang='lat' dir='ltr'>Aristotelem,</span> <span class='ocrx_word' id='word_1_277' title='bbox 745 1810 833 1845; x_wconf 90' lang='lat' dir='ltr'>patet</span> <span class='ocrx_word' id='word_1_278' title='bbox 849 1805 934 1845; x_wconf 88' lang='lat' dir='ltr'>quia,</span> <span class='ocrx_word' id='word_1_279' title='bbox 951 1804 993 1835; x_wconf 94' lang='lat'>111</span> <span class='ocrx_word' id='word_1_280' title='bbox 1009 1804 1049 1835; x_wconf 84' lang='lat' dir='ltr'>de</span> <span class='ocrx_word' id='word_1_281' title='bbox 1064 1804 1192 1839; x_wconf 85' lang='lat' dir='ltr'>Anima,</span> <span class='ocrx_word' id='word_1_282' title='bbox 1211 1809 1302 1835; x_wconf 84' lang='lat' dir='ltr'>textu</span> <span class='ocrx_word' id='word_1_283' title='bbox 1320 1804 1372 1845; x_wconf 86' lang='lat'>39,</span> 
     </span>
     <span class='ocr_line' id='line_1_38' title="bbox 301 1849 1373 1890; baseline 0 -10"><span class='ocrx_word' id='word_1_284' title='bbox 301 1849 377 1880; x_wconf 89' lang='lat' dir='ltr'>dicit</span> <span class='ocrx_word' id='word_1_285' title='bbox 389 1849 480 1890; x_wconf 93' lang='lat' dir='ltr'>quod</span> <span class='ocrx_word' id='word_1_286' title='bbox 489 1850 721 1890; x_wconf 82' lang='lat' dir='ltr'>phantasmata</span> <span class='ocrx_word' id='word_1_287' title='bbox 736 1858 771 1880; x_wconf 86' lang='lat' dir='ltr'>se</span> <span class='ocrx_word' id='word_1_288' title='bbox 785 1849 904 1880; x_wconf 86' lang='lat' dir='ltr'>habent</span> <span class='ocrx_word' id='word_1_289' title='bbox 917 1849 961 1879; x_wconf 83' lang='lat' dir='ltr'>ad</span> <span class='ocrx_word' id='word_1_290' title='bbox 979 1849 1174 1879; x_wconf 83' lang='lat' dir='ltr'>intellectum</span> <span class='ocrx_word' id='word_1_291' title='bbox 1184 1849 1373 1889; x_wconf 80' lang='lat' dir='ltr'>possibilem</span> 
     </span>
     <span class='ocr_line' id='line_1_39' title="bbox 299 1892 1374 1933; baseline 0 -9"><span class='ocrx_word' id='word_1_292' title='bbox 299 1894 384 1924; x_wconf 80' lang='lat' dir='ltr'>sicut</span> <span class='ocrx_word' id='word_1_293' title='bbox 404 1894 569 1925; x_wconf 85' lang='lat' dir='ltr'>sensibilia</span> <span class='ocrx_word' id='word_1_294' title='bbox 592 1894 635 1924; x_wconf 86' lang='lat' dir='ltr'>ad</span> <span class='ocrx_word' id='word_1_295' title='bbox 651 1903 791 1924; x_wconf 86' lang='lat' dir='ltr'>sensum.</span> <span class='ocrx_word' id='word_1_296' title='bbox 816 1893 952 1924; x_wconf 89' lang='lat' dir='ltr'>Constat</span> <span class='ocrx_word' id='word_1_297' title='bbox 970 1898 1079 1923; x_wconf 91' lang='lat' dir='ltr'>autem</span> <span class='ocrx_word' id='word_1_298' title='bbox 1103 1892 1194 1933; x_wconf 92' lang='lat' dir='ltr'>quod</span> <span class='ocrx_word' id='word_1_299' title='bbox 1211 1893 1374 1924; x_wconf 84' lang='lat' dir='ltr'>sensibilia</span> 
     </span>
     <span class='ocr_line' id='line_1_40' title="bbox 301 1938 1373 1978; baseline -0.001 -10"><span class='ocrx_word' id='word_1_300' title='bbox 301 1943 432 1968; x_wconf 83' lang='lat' dir='ltr'>causant</span> <span class='ocrx_word' id='word_1_301' title='bbox 454 1939 577 1978; x_wconf 91' lang='lat' dir='ltr'>species</span> <span class='ocrx_word' id='word_1_302' title='bbox 599 1939 633 1968; x_wconf 93' lang='lat' dir='ltr'>in</span> <span class='ocrx_word' id='word_1_303' title='bbox 649 1947 790 1968; x_wconf 90' lang='lat' dir='ltr'>sensum.</span> <span class='ocrx_word' id='word_1_304' title='bbox 807 1938 893 1977; x_wconf 90' lang='lat' dir='ltr'>Ergo</span> <span class='ocrx_word' id='word_1_305' title='bbox 910 1942 1039 1977; x_wconf 90' lang='lat' dir='ltr'>oportet</span> <span class='ocrx_word' id='word_1_306' title='bbox 1053 1942 1089 1968; x_wconf 92' lang='lat' dir='ltr'>ut</span> <span class='ocrx_word' id='word_1_307' title='bbox 1104 1943 1136 1967; x_wconf 91' lang='lat' dir='ltr'>et</span> <span class='ocrx_word' id='word_1_308' title='bbox 1152 1938 1373 1977; x_wconf 82' lang='lat' dir='ltr'>phantasmata</span> 
     </span>
     <span class='ocr_line' id='line_1_41' title="bbox 301 1981 1372 2022; baseline 0 -10"><span class='ocrx_word' id='word_1_309' title='bbox 301 1987 433 2013; x_wconf 87' lang='lat' dir='ltr'>causent</span> <span class='ocrx_word' id='word_1_310' title='bbox 456 1982 580 2022; x_wconf 89' lang='lat' dir='ltr'>species</span> <span class='ocrx_word' id='word_1_311' title='bbox 591 1982 625 2012; x_wconf 92' lang='lat' dir='ltr'>in</span> <span class='ocrx_word' id='word_1_312' title='bbox 638 1982 850 2018; x_wconf 88' lang='lat' dir='ltr'>intellectum,</span> <span class='ocrx_word' id='word_1_313' title='bbox 867 1987 899 2012; x_wconf 92' lang='lat' dir='ltr'>et</span> <span class='ocrx_word' id='word_1_314' title='bbox 913 1990 982 2012; x_wconf 90' lang='lat' dir='ltr'>non</span> <span class='ocrx_word' id='word_1_315' title='bbox 993 1981 1203 2021; x_wconf 87' lang='lat' dir='ltr'>intelligentia</span> <span class='ocrx_word' id='word_1_316' title='bbox 1217 1987 1372 2022; x_wconf 91' lang='lat' dir='ltr'>separata.</span> 
     </span>
    </p>

    <p class='ocr_par' dir='ltr' id='par_1_9' title="bbox 300 2025 1374 2412">
     <span class='ocr_line' id='line_1_42' title="bbox 356 2025 1374 2066; baseline 0.001 -10"><span class='ocrx_word' id='word_1_317' title='bbox 356 2026 395 2056; x_wconf 91' lang='lat' dir='ltr'>V.</span> <span class='ocrx_word' id='word_1_318' title='bbox 421 2026 590 2064; x_wconf 91' lang='lat' dir='ltr'>Quantum</span> <span class='ocrx_word' id='word_1_319' title='bbox 613 2025 653 2056; x_wconf 90' lang='lat' dir='ltr'>ad</span> <span class='ocrx_word' id='word_1_320' title='bbox 675 2027 817 2062; x_wconf 89' lang='lat' dir='ltr'>tertium,</span> <span class='ocrx_word' id='word_1_321' title='bbox 841 2025 1057 2066; x_wconf 88' lang='lat' dir='ltr'>respondetur</span> <span class='ocrx_word' id='word_1_322' title='bbox 1075 2025 1116 2056; x_wconf 92' lang='lat' dir='ltr'>ad</span> <span class='ocrx_word' id='word_1_323' title='bbox 1131 2025 1211 2056; x_wconf 92' lang='lat' dir='ltr'>duas</span> <span class='ocrx_word' id='word_1_324' title='bbox 1232 2027 1374 2057; x_wconf 87' lang='lat' dir='ltr'>rationes</span> 
     </span>
     <span class='ocr_line' id='line_1_43' title="bbox 301 2069 1373 2111; baseline 0 -10"><span class='ocrx_word' id='word_1_325' title='bbox 301 2069 453 2101; x_wconf 89' lang='lat' dir='ltr'>adductas</span> <span class='ocrx_word' id='word_1_326' title='bbox 476 2079 536 2111; x_wconf 91' lang='lat' dir='ltr'>pro</span> <span class='ocrx_word' id='word_1_327' title='bbox 561 2070 718 2110; x_wconf 89' lang='lat' dir='ltr'>opinione</span> <span class='ocrx_word' id='word_1_328' title='bbox 742 2070 928 2100; x_wconf 88' lang='lat' dir='ltr'>Avicennae</span> <span class='ocrx_word' id='word_1_329' title='bbox 940 2070 967 2100; x_wconf 74' lang='lat'>*.</span> <span class='ocrx_word' id='word_1_330' title='bbox 991 2069 1043 2100; x_wconf 85' lang='lat' dir='ltr'>Ad</span> <span class='ocrx_word' id='word_1_331' title='bbox 1066 2070 1215 2110; x_wconf 84' lang='lat' dir='ltr'>primam,</span> <span class='ocrx_word' id='word_1_332' title='bbox 1232 2079 1309 2101; x_wconf 87' lang='lat' dir='ltr'>cum</span> <span class='ocrx_word' id='word_1_333' title='bbox 1325 2080 1373 2101; x_wconf 91' lang='lat' dir='ltr'>ar-</span> 
     </span>
     <span class='ocr_line' id='line_1_44' title="bbox 300 2114 1372 2155; baseline 0.001 -10"><span class='ocrx_word' id='word_1_334' title='bbox 300 2115 457 2155; x_wconf 87' lang='lat' dir='ltr'>guebatur</span> <span class='ocrx_word' id='word_1_335' title='bbox 480 2114 581 2155; x_wconf 92' lang='lat' dir='ltr'>quod,</span> <span class='ocrx_word' id='word_1_336' title='bbox 605 2114 750 2154; x_wconf 90' lang='lat' dir='ltr'>quandiu</span> <span class='ocrx_word' id='word_1_337' title='bbox 779 2114 904 2145; x_wconf 85' lang='lat' dir='ltr'>formae</span> <span class='ocrx_word' id='word_1_338' title='bbox 933 2114 1154 2154; x_wconf 88' lang='lat' dir='ltr'>apprehensae</span> <span class='ocrx_word' id='word_1_339' title='bbox 1183 2119 1317 2146; x_wconf 91' lang='lat' dir='ltr'>manent</span> <span class='ocrx_word' id='word_1_340' title='bbox 1339 2116 1372 2146; x_wconf 92' lang='lat' dir='ltr'>in</span> 
     </span>
     <span class='ocr_line' id='line_1_45' title="bbox 300 2158 1374 2200; baseline 0.001 -10"><span class='ocrx_word' id='word_1_341' title='bbox 300 2160 445 2200; x_wconf 85' lang='lat' dir='ltr'>potentia</span> <span class='ocrx_word' id='word_1_342' title='bbox 468 2159 709 2200; x_wconf 90' lang='lat' dir='ltr'>apprehensiva,</span> <span class='ocrx_word' id='word_1_343' title='bbox 732 2164 807 2190; x_wconf 89' lang='lat' dir='ltr'>actu</span> <span class='ocrx_word' id='word_1_344' title='bbox 830 2158 1134 2199; x_wconf 90' lang='lat' dir='ltr'>apprehenduntur:</span> <span class='ocrx_word' id='word_1_345' title='bbox 1159 2159 1374 2199; x_wconf 89' lang='lat' dir='ltr'>respondetur</span> 
     </span>
     <span class='ocr_line' id='line_1_46' title="bbox 302 2203 1372 2245; baseline 0 -11"><span class='ocrx_word' id='word_1_346' title='bbox 302 2203 392 2244; x_wconf 90' lang='lat' dir='ltr'>quod</span> <span class='ocrx_word' id='word_1_347' title='bbox 413 2203 500 2234; x_wconf 90' lang='lat' dir='ltr'>istud</span> <span class='ocrx_word' id='word_1_348' title='bbox 515 2209 564 2234; x_wconf 90' lang='lat' dir='ltr'>est</span> <span class='ocrx_word' id='word_1_349' title='bbox 586 2203 713 2235; x_wconf 89' lang='lat' dir='ltr'>falsum.</span> <span class='ocrx_word' id='word_1_350' title='bbox 730 2203 813 2234; x_wconf 91' lang='lat' dir='ltr'>Sunt</span> <span class='ocrx_word' id='word_1_351' title='bbox 829 2204 917 2234; x_wconf 80' lang='lat' dir='ltr'>enirn</span> <span class='ocrx_word' id='word_1_352' title='bbox 933 2203 1133 2244; x_wconf 87' lang='lat' dir='ltr'>quandoque</span> <span class='ocrx_word' id='word_1_353' title='bbox 1155 2204 1191 2234; x_wconf 92' lang='lat' dir='ltr'>in</span> <span class='ocrx_word' id='word_1_354' title='bbox 1209 2210 1284 2235; x_wconf 86' lang='lat' dir='ltr'>actu</span> <span class='ocrx_word' id='word_1_355' title='bbox 1300 2213 1372 2245; x_wconf 90' lang='lat' dir='ltr'>per-</span> 
     </span>
     <span class='ocr_line' id='line_1_47' title="bbox 301 2247 1370 2289; baseline 0.001 -10"><span class='ocrx_word' id='word_1_356' title='bbox 301 2248 387 2279; x_wconf 87' lang='lat' dir='ltr'>fecto</span> <span class='ocrx_word' id='word_1_357' title='bbox 406 2248 439 2278; x_wconf 91' lang='lat' dir='ltr'>in</span> <span class='ocrx_word' id='word_1_358' title='bbox 462 2248 644 2281; x_wconf 87' lang='lat' dir='ltr'>intellectu:</span> <span class='ocrx_word' id='word_1_359' title='bbox 670 2254 701 2279; x_wconf 92' lang='lat' dir='ltr'>et</span> <span class='ocrx_word' id='word_1_360' title='bbox 724 2248 788 2279; x_wconf 91' lang='lat' dir='ltr'>hoc</span> <span class='ocrx_word' id='word_1_361' title='bbox 805 2253 853 2278; x_wconf 91' lang='lat' dir='ltr'>est</span> <span class='ocrx_word' id='word_1_362' title='bbox 876 2247 1008 2289; x_wconf 90' lang='lat' dir='ltr'>quando</span> <span class='ocrx_word' id='word_1_363' title='bbox 1024 2254 1098 2279; x_wconf 90' lang='lat' dir='ltr'>actu</span> <span class='ocrx_word' id='word_1_364' title='bbox 1123 2248 1306 2279; x_wconf 83' lang='lat' dir='ltr'>considerat</span> <span class='ocrx_word' id='word_1_365' title='bbox 1321 2249 1370 2280; x_wconf 91' lang='lat' dir='ltr'>in-</span> 
     </span>
     <span class='ocr_line' id='line_1_48' title="bbox 300 2292 1371 2333; baseline 0 -9"><span class='ocrx_word' id='word_1_366' title='bbox 300 2293 456 2324; x_wconf 88' lang='lat' dir='ltr'>tellectus.</span> <span class='ocrx_word' id='word_1_367' title='bbox 482 2292 691 2333; x_wconf 90' lang='lat' dir='ltr'>Quandoque</span> <span class='ocrx_word' id='word_1_368' title='bbox 706 2302 784 2323; x_wconf 89' lang='lat' dir='ltr'>vero</span> <span class='ocrx_word' id='word_1_369' title='bbox 800 2298 876 2323; x_wconf 92' lang='lat' dir='ltr'>sunt</span> <span class='ocrx_word' id='word_1_370' title='bbox 893 2293 928 2323; x_wconf 90' lang='lat' dir='ltr'>in</span> <span class='ocrx_word' id='word_1_371' title='bbox 951 2298 1026 2323; x_wconf 91' lang='lat' dir='ltr'>actu</span> <span class='ocrx_word' id='word_1_372' title='bbox 1041 2292 1245 2333; x_wconf 84' lang='lat' dir='ltr'>imperfecto,</span> <span class='ocrx_word' id='word_1_373' title='bbox 1261 2293 1371 2324; x_wconf 91' lang='lat' dir='ltr'>medio</span> 
     </span>
     <span class='ocr_line' id='line_1_49' title="bbox 301 2336 1371 2378; baseline 0.002 -11"><span class='ocrx_word' id='word_1_374' title='bbox 301 2336 402 2367; x_wconf 89' lang='lat' dir='ltr'>modo</span> <span class='ocrx_word' id='word_1_375' title='bbox 418 2336 538 2367; x_wconf 90' lang='lat' dir='ltr'>scilicet</span> <span class='ocrx_word' id='word_1_376' title='bbox 553 2337 636 2367; x_wconf 90' lang='lat' dir='ltr'>inter</span> <span class='ocrx_word' id='word_1_377' title='bbox 651 2337 831 2377; x_wconf 89' lang='lat' dir='ltr'>potentiam</span> <span class='ocrx_word' id='word_1_378' title='bbox 848 2343 879 2368; x_wconf 90' lang='lat' dir='ltr'>et</span> <span class='ocrx_word' id='word_1_379' title='bbox 894 2343 1019 2368; x_wconf 87' lang='lat' dir='ltr'>actum:</span> <span class='ocrx_word' id='word_1_380' title='bbox 1037 2342 1070 2368; x_wconf 93' lang='lat' dir='ltr'>et</span> <span class='ocrx_word' id='word_1_381' title='bbox 1084 2338 1149 2369; x_wconf 86' lang='lat' dir='ltr'>hoc</span> <span class='ocrx_word' id='word_1_382' title='bbox 1170 2342 1218 2368; x_wconf 87' lang='lat' dir='ltr'>est</span> <span class='ocrx_word' id='word_1_383' title='bbox 1239 2337 1371 2378; x_wconf 91' lang='lat' dir='ltr'>quando</span> 
     </span>
     <span class='ocr_line' id='line_1_50' title="bbox 300 2381 883 2412; baseline 0.002 -1"><span class='ocrx_word' id='word_1_384' title='bbox 300 2381 481 2412; x_wconf 88' lang='lat' dir='ltr'>intellectus</span> <span class='ocrx_word' id='word_1_385' title='bbox 504 2386 578 2412; x_wconf 90' lang='lat' dir='ltr'>actu</span> <span class='ocrx_word' id='word_1_386' title='bbox 601 2390 669 2412; x_wconf 93' lang='lat' dir='ltr'>non</span> <span class='ocrx_word' id='word_1_387' title='bbox 693 2381 883 2412; x_wconf 85' lang='lat' dir='ltr'>considerat.</span> 
     </span>
    </p>

    <p class='ocr_par' dir='ltr' id='par_1_10' title="bbox 299 2425 1373 2635">
     <span class='ocr_line' id='line_1_51' title="bbox 356 2425 1373 2466; baseline 0.002 -10"><span class='ocrx_word' id='word_1_388' title='bbox 356 2425 575 2456; x_wconf 89' lang='lat' dir='ltr'>Confirmatur</span> <span class='ocrx_word' id='word_1_389' title='bbox 597 2426 657 2456; x_wconf 91' lang='lat' dir='ltr'>ista</span> <span class='ocrx_word' id='word_1_390' title='bbox 679 2426 850 2466; x_wconf 90' lang='lat' dir='ltr'>responsio</span> <span class='ocrx_word' id='word_1_391' title='bbox 874 2435 912 2456; x_wconf 83' lang='lat' dir='ltr'>ex</span> <span class='ocrx_word' id='word_1_392' title='bbox 936 2426 1040 2457; x_wconf 87' lang='lat' dir='ltr'>verbis</span> <span class='ocrx_word' id='word_1_393' title='bbox 1066 2426 1259 2463; x_wconf 88' lang='lat' dir='ltr'>Aristotelis,</span> <span class='ocrx_word' id='word_1_394' title='bbox 1275 2427 1316 2457; x_wconf 95' lang='lat' dir='ltr'>lll</span> <span class='ocrx_word' id='word_1_395' title='bbox 1333 2427 1373 2458; x_wconf 88' lang='lat' dir='ltr'>de</span> 
     </span>
     <span class='ocr_line' id='line_1_52' title="bbox 300 2469 1372 2510; baseline 0.002 -10"><span class='ocrx_word' id='word_1_396' title='bbox 300 2470 427 2506; x_wconf 87' lang='lat' dir='ltr'>Anima,</span> <span class='ocrx_word' id='word_1_397' title='bbox 452 2475 541 2501; x_wconf 90' lang='lat' dir='ltr'>textu</span> <span class='ocrx_word' id='word_1_398' title='bbox 557 2469 588 2506; x_wconf 90' lang='lat'>8,</span> <span class='ocrx_word' id='word_1_399' title='bbox 612 2471 669 2500; x_wconf 93' lang='lat' dir='ltr'>ubi</span> <span class='ocrx_word' id='word_1_400' title='bbox 691 2471 786 2510; x_wconf 89' lang='lat' dir='ltr'>ponit</span> <span class='ocrx_word' id='word_1_401' title='bbox 810 2470 900 2510; x_wconf 92' lang='lat' dir='ltr'>quod</span> <span class='ocrx_word' id='word_1_402' title='bbox 923 2470 1105 2502; x_wconf 84' lang='lat' dir='ltr'>intellectus</span> <span class='ocrx_word' id='word_1_403' title='bbox 1126 2471 1247 2502; x_wconf 86' lang='lat' dir='ltr'>habens</span> <span class='ocrx_word' id='word_1_404' title='bbox 1268 2473 1372 2502; x_wconf 83' lang='lat' dir='ltr'>scien-</span> 
     </span>
     <span class='ocr_line' id='line_1_53' title="bbox 301 2515 1370 2557; baseline 0.003 -13"><span class='ocrx_word' id='word_1_405' title='bbox 301 2515 377 2544; x_wconf 88' lang='lat' dir='ltr'>tiam</span> <span class='ocrx_word' id='word_1_406' title='bbox 401 2519 447 2545; x_wconf 84' lang='lat' dir='ltr'>est</span> <span class='ocrx_word' id='word_1_407' title='bbox 470 2515 597 2555; x_wconf 85' lang='lat' dir='ltr'>quidem</span> <span class='ocrx_word' id='word_1_408' title='bbox 619 2515 724 2546; x_wconf 89' lang='lat' dir='ltr'>sciens</span> <span class='ocrx_word' id='word_1_409' title='bbox 747 2520 832 2551; x_wconf 86' lang='lat' dir='ltr'>actu,</span> <span class='ocrx_word' id='word_1_410' title='bbox 858 2520 890 2546; x_wconf 93' lang='lat' dir='ltr'>et</span> <span class='ocrx_word' id='word_1_411' title='bbox 905 2520 1015 2555; x_wconf 80' lang='lat' dir='ltr'>potest</span> <span class='ocrx_word' id='word_1_412' title='bbox 1037 2525 1102 2556; x_wconf 80' lang='lat' dir='ltr'>per</span> <span class='ocrx_word' id='word_1_413' title='bbox 1129 2516 1270 2556; x_wconf 81' lang='lat' dir='ltr'>seipsum</span> <span class='ocrx_word' id='word_1_414' title='bbox 1297 2526 1370 2557; x_wconf 81' lang='lat' dir='ltr'>ope-</span> 
     </span>
     <span class='ocr_line' id='line_1_54' title="bbox 300 2558 1370 2601; baseline 0.003 -12"><span class='ocrx_word' id='word_1_415' title='bbox 300 2558 380 2595; x_wconf 82' lang='lat' dir='ltr'>rari,</span> <span class='ocrx_word' id='word_1_416' title='bbox 403 2558 460 2589; x_wconf 86' lang='lat' dir='ltr'>sed</span> <span class='ocrx_word' id='word_1_417' title='bbox 482 2564 588 2590; x_wconf 86' lang='lat' dir='ltr'>tamen</span> <span class='ocrx_word' id='word_1_418' title='bbox 616 2564 664 2590; x_wconf 87' lang='lat' dir='ltr'>est</span> <span class='ocrx_word' id='word_1_419' title='bbox 686 2560 796 2601; x_wconf 82' lang='lat' dir='ltr'>aliquo</span> <span class='ocrx_word' id='word_1_420' title='bbox 828 2559 924 2590; x_wconf 84' lang='lat' dir='ltr'>modo</span> <span class='ocrx_word' id='word_1_421' title='bbox 955 2560 989 2590; x_wconf 85' lang='lat' dir='ltr'>in</span> <span class='ocrx_word' id='word_1_422' title='bbox 1014 2560 1174 2600; x_wconf 83' lang='lat' dir='ltr'>potentia,</span> <span class='ocrx_word' id='word_1_423' title='bbox 1206 2560 1281 2592; x_wconf 88' lang='lat' dir='ltr'>licet</span> <span class='ocrx_word' id='word_1_424' title='bbox 1305 2571 1370 2592; x_wconf 89' lang='lat' dir='ltr'>non</span> 
     </span>
     <span class='ocr_line' id='line_1_55' title="bbox 299 2603 922 2635; baseline 0.003 -2"><span class='ocrx_word' id='word_1_425' title='bbox 299 2603 382 2634; x_wconf 84' lang='lat' dir='ltr'>sicut</span> <span class='ocrx_word' id='word_1_426' title='bbox 404 2607 479 2633; x_wconf 87' lang='lat' dir='ltr'>ante</span> <span class='ocrx_word' id='word_1_427' title='bbox 502 2603 669 2634; x_wconf 86' lang='lat' dir='ltr'>addiscere</span> <span class='ocrx_word' id='word_1_428' title='bbox 692 2605 743 2635; x_wconf 83' lang='lat' dir='ltr'>vel</span> <span class='ocrx_word' id='word_1_429' title='bbox 766 2604 922 2635; x_wconf 78' lang='lat' dir='ltr'>invenire.</span> 
     </span>
    </p>

    <p class='ocr_par' dir='ltr' id='par_1_11' title="bbox 291 2647 1371 3713">
     <span class='ocr_line' id='line_1_56' title="bbox 354 2647 1371 2690; baseline 0.002 -12"><span class='ocrx_word' id='word_1_430' title='bbox 354 2647 596 2678; x_wconf 87' lang='lat' dir='ltr'>Attendendum</span> <span class='ocrx_word' id='word_1_431' title='bbox 621 2648 721 2689; x_wconf 92' lang='lat' dir='ltr'>quod,</span> <span class='ocrx_word' id='word_1_432' title='bbox 746 2649 823 2689; x_wconf 90' lang='lat' dir='ltr'>quia</span> <span class='ocrx_word' id='word_1_433' title='bbox 845 2648 924 2679; x_wconf 94' lang='lat' dir='ltr'>vidit</span> <span class='ocrx_word' id='word_1_434' title='bbox 947 2649 1114 2680; x_wconf 84' lang='lat' dir='ltr'>Avicenna</span> <span class='ocrx_word' id='word_1_435' title='bbox 1137 2649 1224 2690; x_wconf 89' lang='lat' dir='ltr'>apud</span> <span class='ocrx_word' id='word_1_436' title='bbox 1247 2650 1371 2680; x_wconf 86' lang='lat' dir='ltr'>Aristo-</span> 
     </span>
     <span class='ocr_line' id='line_1_57' title="bbox 299 2692 1370 2734; baseline 0.004 -12"><span class='ocrx_word' id='word_1_437' title='bbox 299 2692 395 2723; x_wconf 89' lang='lat' dir='ltr'>telem</span> <span class='ocrx_word' id='word_1_438' title='bbox 423 2701 491 2723; x_wconf 92' lang='lat' dir='ltr'>non</span> <span class='ocrx_word' id='word_1_439' title='bbox 507 2698 659 2733; x_wconf 87' lang='lat' dir='ltr'>oportere</span> <span class='ocrx_word' id='word_1_440' title='bbox 682 2693 743 2724; x_wconf 87' lang='lat' dir='ltr'>alia</span> <span class='ocrx_word' id='word_1_441' title='bbox 765 2693 890 2724; x_wconf 89' lang='lat' dir='ltr'>ratione</span> <span class='ocrx_word' id='word_1_442' title='bbox 913 2702 1036 2734; x_wconf 90' lang='lat' dir='ltr'>ponere</span> <span class='ocrx_word' id='word_1_443' title='bbox 1063 2694 1188 2734; x_wconf 88' lang='lat' dir='ltr'>species</span> <span class='ocrx_word' id='word_1_444' title='bbox 1214 2695 1248 2725; x_wconf 91' lang='lat' dir='ltr'>in</span> <span class='ocrx_word' id='word_1_445' title='bbox 1272 2703 1370 2726; x_wconf 85' lang='lat' dir='ltr'>sensu</span> 
     </span>
     <span class='ocr_line' id='line_1_58' title="bbox 299 2736 1370 2770; baseline 0.004 -4"><span class='ocrx_word' id='word_1_446' title='bbox 299 2741 330 2767; x_wconf 91' lang='lat' dir='ltr'>et</span> <span class='ocrx_word' id='word_1_447' title='bbox 352 2736 518 2767; x_wconf 91' lang='lat' dir='ltr'>intellectu</span> <span class='ocrx_word' id='word_1_448' title='bbox 541 2738 603 2768; x_wconf 90' lang='lat' dir='ltr'>nisi</span> <span class='ocrx_word' id='word_1_449' title='bbox 625 2742 662 2768; x_wconf 89' lang='lat' dir='ltr'>ut</span> <span class='ocrx_word' id='word_1_450' title='bbox 685 2747 797 2768; x_wconf 91' lang='lat' dir='ltr'>sensus</span> <span class='ocrx_word' id='word_1_451' title='bbox 820 2738 854 2769; x_wconf 91' lang='lat' dir='ltr'>in</span> <span class='ocrx_word' id='word_1_452' title='bbox 878 2744 953 2769; x_wconf 92' lang='lat' dir='ltr'>actu</span> <span class='ocrx_word' id='word_1_453' title='bbox 978 2739 1020 2769; x_wconf 89' lang='lat' dir='ltr'>sit</span> <span class='ocrx_word' id='word_1_454' title='bbox 1045 2743 1210 2769; x_wconf 88' lang='lat' dir='ltr'>sensatum</span> <span class='ocrx_word' id='word_1_455' title='bbox 1237 2739 1271 2770; x_wconf 91' lang='lat' dir='ltr'>in</span> <span class='ocrx_word' id='word_1_456' title='bbox 1295 2745 1370 2770; x_wconf 91' lang='lat' dir='ltr'>actu</span> 
     </span>
     <span class='ocr_line' id='line_1_59' title="bbox 298 2780 1370 2824; baseline 0.004 -13"><span class='ocrx_word' id='word_1_457' title='bbox 298 2786 329 2811; x_wconf 91' lang='lat' dir='ltr'>et</span> <span class='ocrx_word' id='word_1_458' title='bbox 351 2780 532 2812; x_wconf 90' lang='lat' dir='ltr'>intellectus</span> <span class='ocrx_word' id='word_1_459' title='bbox 562 2782 596 2812; x_wconf 92' lang='lat' dir='ltr'>in</span> <span class='ocrx_word' id='word_1_460' title='bbox 619 2787 693 2813; x_wconf 86' lang='lat' dir='ltr'>actu</span> <span class='ocrx_word' id='word_1_461' title='bbox 717 2783 757 2813; x_wconf 90' lang='lat' dir='ltr'>sit</span> <span class='ocrx_word' id='word_1_462' title='bbox 780 2792 830 2813; x_wconf 90' lang='lat' dir='ltr'>res</span> <span class='ocrx_word' id='word_1_463' title='bbox 852 2782 1015 2814; x_wconf 91' lang='lat' dir='ltr'>intellecta</span> <span class='ocrx_word' id='word_1_464' title='bbox 1037 2783 1071 2814; x_wconf 90' lang='lat' dir='ltr'>in</span> <span class='ocrx_word' id='word_1_465' title='bbox 1095 2788 1169 2814; x_wconf 90' lang='lat' dir='ltr'>actu</span> <span class='ocrx_word' id='word_1_466' title='bbox 1185 2793 1244 2824; x_wconf 90' lang='lat' dir='ltr'>per</span> <span class='ocrx_word' id='word_1_467' title='bbox 1265 2784 1370 2824; x_wconf 82' lang='lat' dir='ltr'>ipsam</span> 
     </span>
     <span class='ocr_line' id='line_1_60' title="bbox 297 2826 1369 2866; baseline 0.005 -11"><span class='ocrx_word' id='word_1_468' title='bbox 297 2826 454 2865; x_wconf 90' lang='lat' dir='ltr'>speciem;</span> <span class='ocrx_word' id='word_1_469' title='bbox 471 2826 604 2866; x_wconf 87' lang='lat' dir='ltr'>putabat</span> <span class='ocrx_word' id='word_1_470' title='bbox 626 2832 735 2857; x_wconf 88' lang='lat' dir='ltr'>autem</span> <span class='ocrx_word' id='word_1_471' title='bbox 759 2832 922 2858; x_wconf 90' lang='lat' dir='ltr'>sensatum</span> <span class='ocrx_word' id='word_1_472' title='bbox 937 2827 1001 2858; x_wconf 92' lang='lat' dir='ltr'>dici</span> <span class='ocrx_word' id='word_1_473' title='bbox 1021 2827 1054 2858; x_wconf 91' lang='lat' dir='ltr'>in</span> <span class='ocrx_word' id='word_1_474' title='bbox 1074 2833 1148 2859; x_wconf 91' lang='lat' dir='ltr'>actu</span> <span class='ocrx_word' id='word_1_475' title='bbox 1168 2837 1244 2859; x_wconf 90' lang='lat' dir='ltr'>cum</span> <span class='ocrx_word' id='word_1_476' title='bbox 1261 2834 1369 2860; x_wconf 88' lang='lat' dir='ltr'>actua-</span> 
     </span>
     <span class='ocr_line' id='line_1_61' title="bbox 296 2869 1370 2914; baseline 0.005 -15"><span class='ocrx_word' id='word_1_477' title='bbox 296 2869 368 2900; x_wconf 86' lang='lat' dir='ltr'>liter</span> <span class='ocrx_word' id='word_1_478' title='bbox 390 2870 534 2907; x_wconf 88' lang='lat' dir='ltr'>sentitur,</span> <span class='ocrx_word' id='word_1_479' title='bbox 555 2876 587 2901; x_wconf 91' lang='lat' dir='ltr'>et</span> <span class='ocrx_word' id='word_1_480' title='bbox 609 2871 809 2903; x_wconf 85' lang='lat' dir='ltr'>intellectum</span> <span class='ocrx_word' id='word_1_481' title='bbox 832 2881 901 2903; x_wconf 91' lang='lat' dir='ltr'>esse</span> <span class='ocrx_word' id='word_1_482' title='bbox 924 2877 998 2903; x_wconf 89' lang='lat' dir='ltr'>actu</span> <span class='ocrx_word' id='word_1_483' title='bbox 1023 2881 1099 2903; x_wconf 94' lang='lat' dir='ltr'>cum</span> <span class='ocrx_word' id='word_1_484' title='bbox 1122 2877 1197 2904; x_wconf 90' lang='lat' dir='ltr'>actu</span> <span class='ocrx_word' id='word_1_485' title='bbox 1219 2873 1370 2914; x_wconf 89' lang='lat' dir='ltr'>intelligi-</span> 
     </span>
     <span class='ocr_line' id='line_1_62' title="bbox 297 2914 1369 2956; baseline 0.005 -12"><span class='ocrx_word' id='word_1_486' title='bbox 297 2919 364 2944; x_wconf 89' lang='lat' dir='ltr'>tur:</span> <span class='ocrx_word' id='word_1_487' title='bbox 390 2914 464 2945; x_wconf 92' lang='lat' dir='ltr'>ideo</span> <span class='ocrx_word' id='word_1_488' title='bbox 492 2914 706 2946; x_wconf 84' lang='lat' dir='ltr'>concludebat</span> <span class='ocrx_word' id='word_1_489' title='bbox 730 2916 820 2956; x_wconf 92' lang='lat' dir='ltr'>quod</span> <span class='ocrx_word' id='word_1_490' title='bbox 843 2926 956 2947; x_wconf 88' lang='lat' dir='ltr'>sensus</span> <span class='ocrx_word' id='word_1_491' title='bbox 979 2917 1012 2948; x_wconf 90' lang='lat' dir='ltr'>in</span> <span class='ocrx_word' id='word_1_492' title='bbox 1037 2922 1111 2948; x_wconf 92' lang='lat' dir='ltr'>actu</span> <span class='ocrx_word' id='word_1_493' title='bbox 1135 2923 1182 2948; x_wconf 91' lang='lat' dir='ltr'>est</span> <span class='ocrx_word' id='word_1_494' title='bbox 1205 2923 1369 2949; x_wconf 88' lang='lat' dir='ltr'>sensatum</span> 
     </span>
     <span class='ocr_line' id='line_1_63' title="bbox 296 2958 1368 3003; baseline 0.005 -15"><span class='ocrx_word' id='word_1_495' title='bbox 296 2958 404 2999; x_wconf 89' lang='lat' dir='ltr'>ipsum</span> <span class='ocrx_word' id='word_1_496' title='bbox 421 2968 497 2990; x_wconf 91' lang='lat' dir='ltr'>cum</span> <span class='ocrx_word' id='word_1_497' title='bbox 512 2966 675 2991; x_wconf 90' lang='lat' dir='ltr'>sensatum</span> <span class='ocrx_word' id='word_1_498' title='bbox 691 2966 765 2992; x_wconf 89' lang='lat' dir='ltr'>actu</span> <span class='ocrx_word' id='word_1_499' title='bbox 788 2962 934 2998; x_wconf 89' lang='lat' dir='ltr'>sentitur,</span> <span class='ocrx_word' id='word_1_500' title='bbox 951 2967 983 2992; x_wconf 88' lang='lat' dir='ltr'>et</span> <span class='ocrx_word' id='word_1_501' title='bbox 1001 2961 1146 2992; x_wconf 89' lang='lat' dir='ltr'>similiter</span> <span class='ocrx_word' id='word_1_502' title='bbox 1162 2962 1253 3003; x_wconf 89' lang='lat' dir='ltr'>quod</span> <span class='ocrx_word' id='word_1_503' title='bbox 1275 2963 1368 2994; x_wconf 91' lang='lat' dir='ltr'>intel-</span> 
     </span>
     <span class='ocr_line' id='line_1_64' title="bbox 296 3003 1367 3038; baseline 0.005 -5"><span class='ocrx_word' id='word_1_504' title='bbox 296 3003 398 3034; x_wconf 91' lang='lat' dir='ltr'>lectus</span> <span class='ocrx_word' id='word_1_505' title='bbox 422 3009 470 3034; x_wconf 91' lang='lat' dir='ltr'>est</span> <span class='ocrx_word' id='word_1_506' title='bbox 492 3003 579 3035; x_wconf 90' lang='lat' dir='ltr'>idem</span> <span class='ocrx_word' id='word_1_507' title='bbox 603 3014 679 3036; x_wconf 91' lang='lat' dir='ltr'>cum</span> <span class='ocrx_word' id='word_1_508' title='bbox 701 3014 735 3036; x_wconf 89' lang='lat' dir='ltr'>re</span> <span class='ocrx_word' id='word_1_509' title='bbox 758 3005 901 3036; x_wconf 85' lang='lat' dir='ltr'>intellcta</span> <span class='ocrx_word' id='word_1_510' title='bbox 924 3015 1000 3036; x_wconf 91' lang='lat' dir='ltr'>cum</span> <span class='ocrx_word' id='word_1_511' title='bbox 1032 3011 1106 3037; x_wconf 91' lang='lat' dir='ltr'>actu</span> <span class='ocrx_word' id='word_1_512' title='bbox 1138 3006 1367 3038; x_wconf 87' lang='lat' dir='ltr'>consideratur.</span> 
     </span>
     <span class='ocr_line' id='line_1_65' title="bbox 297 3048 1367 3090; baseline 0.004 -12"><span class='ocrx_word' id='word_1_513' title='bbox 297 3048 338 3078; x_wconf 90' lang='lat' dir='ltr'>Et</span> <span class='ocrx_word' id='word_1_514' title='bbox 354 3048 430 3088; x_wconf 92' lang='lat' dir='ltr'>quia</span> <span class='ocrx_word' id='word_1_515' title='bbox 452 3057 521 3078; x_wconf 91' lang='lat' dir='ltr'>non</span> <span class='ocrx_word' id='word_1_516' title='bbox 536 3050 672 3080; x_wconf 86' lang='lat' dir='ltr'>sentitur</span> <span class='ocrx_word' id='word_1_517' title='bbox 686 3059 736 3080; x_wconf 92' lang='lat' dir='ltr'>res</span> <span class='ocrx_word' id='word_1_518' title='bbox 758 3050 819 3081; x_wconf 90' lang='lat' dir='ltr'>nisi</span> <span class='ocrx_word' id='word_1_519' title='bbox 835 3059 893 3090; x_wconf 90' lang='lat' dir='ltr'>per</span> <span class='ocrx_word' id='word_1_520' title='bbox 908 3056 1018 3081; x_wconf 90' lang='lat' dir='ltr'>actum</span> <span class='ocrx_word' id='word_1_521' title='bbox 1032 3060 1155 3086; x_wconf 76' lang='lat' dir='ltr'>sensuS,</span> <span class='ocrx_word' id='word_1_522' title='bbox 1172 3057 1204 3082; x_wconf 92' lang='lat' dir='ltr'>et</span> <span class='ocrx_word' id='word_1_523' title='bbox 1226 3061 1275 3082; x_wconf 91' lang='lat' dir='ltr'>res</span> <span class='ocrx_word' id='word_1_524' title='bbox 1298 3062 1367 3083; x_wconf 92' lang='lat' dir='ltr'>non</span> 
     </span>
     <span class='ocr_line' id='line_1_66' title="bbox 297 3093 1368 3137; baseline 0.005 -15"><span class='ocrx_word' id='word_1_525' title='bbox 297 3093 483 3132; x_wconf 84' lang='lat' dir='ltr'>intelligitur</span> <span class='ocrx_word' id='word_1_526' title='bbox 497 3093 559 3123; x_wconf 86' lang='lat' dir='ltr'>nisi</span> <span class='ocrx_word' id='word_1_527' title='bbox 574 3103 632 3134; x_wconf 89' lang='lat' dir='ltr'>per</span> <span class='ocrx_word' id='word_1_528' title='bbox 647 3099 755 3124; x_wconf 85' lang='lat' dir='ltr'>actum</span> <span class='ocrx_word' id='word_1_529' title='bbox 770 3094 962 3132; x_wconf 86' lang='lat' dir='ltr'>intellectus,</span> <span class='ocrx_word' id='word_1_530' title='bbox 978 3095 1053 3126; x_wconf 89' lang='lat' dir='ltr'>ideo</span> <span class='ocrx_word' id='word_1_531' title='bbox 1069 3096 1264 3136; x_wconf 81' lang='lat' dir='ltr'>sequebatur</span> <span class='ocrx_word' id='word_1_532' title='bbox 1277 3097 1368 3137; x_wconf 92' lang='lat' dir='ltr'>quod</span> 
     </span>
     <span class='ocr_line' id='line_1_67' title="bbox 298 3137 1367 3180; baseline 0.005 -14"><span class='ocrx_word' id='word_1_533' title='bbox 298 3137 477 3168; x_wconf 89' lang='lat' dir='ltr'>intellectus</span> <span class='ocrx_word' id='word_1_534' title='bbox 499 3147 569 3168; x_wconf 92' lang='lat' dir='ltr'>non</span> <span class='ocrx_word' id='word_1_535' title='bbox 592 3139 632 3169; x_wconf 91' lang='lat' dir='ltr'>sit</span> <span class='ocrx_word' id='word_1_536' title='bbox 654 3139 688 3169; x_wconf 88' lang='lat' dir='ltr'>in</span> <span class='ocrx_word' id='word_1_537' title='bbox 711 3145 785 3170; x_wconf 90' lang='lat' dir='ltr'>actu</span> <span class='ocrx_word' id='word_1_538' title='bbox 801 3149 859 3180; x_wconf 92' lang='lat' dir='ltr'>per</span> <span class='ocrx_word' id='word_1_539' title='bbox 882 3140 1025 3180; x_wconf 90' lang='lat' dir='ltr'>speciem</span> <span class='ocrx_word' id='word_1_540' title='bbox 1049 3139 1282 3180; x_wconf 82' lang='lat' dir='ltr'>intelligibilem</span> <span class='ocrx_word' id='word_1_541' title='bbox 1306 3142 1367 3172; x_wconf 93' lang='lat' dir='ltr'>nisi</span> 
     </span>
     <span class='ocr_line' id='line_1_68' title="bbox 298 3182 1367 3226; baseline 0.005 -15"><span class='ocrx_word' id='word_1_542' title='bbox 298 3190 374 3212; x_wconf 89' lang='lat' dir='ltr'>cum</span> <span class='ocrx_word' id='word_1_543' title='bbox 389 3191 447 3222; x_wconf 91' lang='lat' dir='ltr'>per</span> <span class='ocrx_word' id='word_1_544' title='bbox 469 3182 574 3222; x_wconf 89' lang='lat' dir='ltr'>ipsam</span> <span class='ocrx_word' id='word_1_545' title='bbox 598 3188 671 3213; x_wconf 90' lang='lat' dir='ltr'>actu</span> <span class='ocrx_word' id='word_1_546' title='bbox 695 3183 851 3224; x_wconf 88' lang='lat' dir='ltr'>intelligit,</span> <span class='ocrx_word' id='word_1_547' title='bbox 875 3193 985 3224; x_wconf 90' lang='lat' dir='ltr'>neque</span> <span class='ocrx_word' id='word_1_548' title='bbox 1008 3193 1120 3215; x_wconf 89' lang='lat' dir='ltr'>sensus</span> <span class='ocrx_word' id='word_1_549' title='bbox 1143 3194 1202 3225; x_wconf 90' lang='lat' dir='ltr'>per</span> <span class='ocrx_word' id='word_1_550' title='bbox 1224 3186 1367 3226; x_wconf 91' lang='lat' dir='ltr'>speciem</span> 
     </span>
     <span class='ocr_line' id='line_1_69' title="bbox 298 3225 1368 3270; baseline 0.006 -15"><span class='ocrx_word' id='word_1_551' title='bbox 298 3225 480 3256; x_wconf 87' lang='lat' dir='ltr'>sensibilem</span> <span class='ocrx_word' id='word_1_552' title='bbox 495 3227 557 3257; x_wconf 89' lang='lat' dir='ltr'>nisi</span> <span class='ocrx_word' id='word_1_553' title='bbox 573 3236 648 3258; x_wconf 90' lang='lat' dir='ltr'>cum</span> <span class='ocrx_word' id='word_1_554' title='bbox 664 3236 722 3267; x_wconf 91' lang='lat' dir='ltr'>per</span> <span class='ocrx_word' id='word_1_555' title='bbox 736 3228 840 3268; x_wconf 88' lang='lat' dir='ltr'>ipsam</span> <span class='ocrx_word' id='word_1_556' title='bbox 863 3228 1014 3259; x_wconf 86' lang='lat' dir='ltr'>sensibile</span> <span class='ocrx_word' id='word_1_557' title='bbox 1029 3229 1125 3259; x_wconf 86' lang='lat' dir='ltr'>sentit</span> <span class='ocrx_word' id='word_1_558' title='bbox 1148 3234 1180 3260; x_wconf 91' lang='lat' dir='ltr'>et</span> <span class='ocrx_word' id='word_1_559' title='bbox 1198 3231 1368 3270; x_wconf 83' lang='lat' dir='ltr'>cognoscit</span> 
     </span>
     <span class='ocr_line' id='line_1_70' title="bbox 299 3270 1367 3313; baseline 0.006 -14"><span class='ocrx_word' id='word_1_560' title='bbox 299 3275 381 3300; x_wconf 91' lang='lat' dir='ltr'>actu.</span> <span class='ocrx_word' id='word_1_561' title='bbox 410 3270 451 3300; x_wconf 93' lang='lat' dir='ltr'>Et</span> <span class='ocrx_word' id='word_1_562' title='bbox 479 3271 534 3307; x_wconf 89' lang='lat' dir='ltr'>sic,</span> <span class='ocrx_word' id='word_1_563' title='bbox 566 3277 709 3302; x_wconf 89' lang='lat' dir='ltr'>cessante</span> <span class='ocrx_word' id='word_1_564' title='bbox 739 3278 812 3304; x_wconf 89' lang='lat' dir='ltr'>actu</span> <span class='ocrx_word' id='word_1_565' title='bbox 837 3273 1043 3313; x_wconf 83' lang='lat' dir='ltr'>cognitionis,</span> <span class='ocrx_word' id='word_1_566' title='bbox 1075 3282 1161 3310; x_wconf 88' lang='lat' dir='ltr'>cum,</span> <span class='ocrx_word' id='word_1_567' title='bbox 1186 3274 1367 3306; x_wconf 89' lang='lat' dir='ltr'>secundum</span> 
     </span>
     <span class='ocr_line' id='line_1_71' title="bbox 298 3314 1368 3358; baseline 0.006 -14"><span class='ocrx_word' id='word_1_568' title='bbox 298 3314 415 3354; x_wconf 91' lang='lat' dir='ltr'>ipsum,</span> <span class='ocrx_word' id='word_1_569' title='bbox 451 3314 610 3346; x_wconf 85' lang='lat' dir='ltr'>desineret</span> <span class='ocrx_word' id='word_1_570' title='bbox 637 3317 784 3356; x_wconf 89' lang='lat' dir='ltr'>potentia</span> <span class='ocrx_word' id='word_1_571' title='bbox 813 3317 1047 3358; x_wconf 82' lang='lat' dir='ltr'>apprehensiva</span> <span class='ocrx_word' id='word_1_572' title='bbox 1070 3327 1139 3348; x_wconf 88' lang='lat' dir='ltr'>esse</span> <span class='ocrx_word' id='word_1_573' title='bbox 1163 3328 1267 3350; x_wconf 90' lang='lat' dir='ltr'>unum</span> <span class='ocrx_word' id='word_1_574' title='bbox 1291 3329 1368 3350; x_wconf 90' lang='lat' dir='ltr'>cum</span> 
     </span>
     <span class='ocr_line' id='line_1_72' title="bbox 298 3359 1368 3402; baseline 0.006 -14"><span class='ocrx_word' id='word_1_575' title='bbox 298 3367 332 3388; x_wconf 88' lang='lat' dir='ltr'>re</span> <span class='ocrx_word' id='word_1_576' title='bbox 347 3359 556 3399; x_wconf 86' lang='lat' dir='ltr'>apprehensa,</span> <span class='ocrx_word' id='word_1_577' title='bbox 580 3359 768 3392; x_wconf 88' lang='lat' dir='ltr'>desinebant</span> <span class='ocrx_word' id='word_1_578' title='bbox 792 3362 916 3402; x_wconf 88' lang='lat' dir='ltr'>species</span> <span class='ocrx_word' id='word_1_579' title='bbox 938 3361 1172 3393; x_wconf 85' lang='lat' dir='ltr'>intellectuales</span> <span class='ocrx_word' id='word_1_580' title='bbox 1194 3362 1368 3395; x_wconf 87' lang='lat' dir='ltr'>informare</span> 
     </span>
     <span class='ocr_line' id='line_1_73' title="bbox 299 3402 1368 3447; baseline 0.007 -15"><span class='ocrx_word' id='word_1_581' title='bbox 299 3402 508 3434; x_wconf 81' lang='lat' dir='ltr'>intellectam.</span> <span class='ocrx_word' id='word_1_582' title='bbox 533 3403 596 3435; x_wconf 89' lang='lat' dir='ltr'>Sed</span> <span class='ocrx_word' id='word_1_583' title='bbox 620 3414 658 3435; x_wconf 91' lang='lat' dir='ltr'>ex</span> <span class='ocrx_word' id='word_1_584' title='bbox 681 3406 893 3445; x_wconf 88' lang='lat' dir='ltr'>responsione</span> <span class='ocrx_word' id='word_1_585' title='bbox 917 3415 1017 3446; x_wconf 87' lang='lat' dir='ltr'>quam</span> <span class='ocrx_word' id='word_1_586' title='bbox 1039 3406 1092 3437; x_wconf 91' lang='lat' dir='ltr'>hic</span> <span class='ocrx_word' id='word_1_587' title='bbox 1115 3407 1208 3447; x_wconf 91' lang='lat' dir='ltr'>ponit</span> <span class='ocrx_word' id='word_1_588' title='bbox 1232 3407 1368 3439; x_wconf 87' lang='lat' dir='ltr'>Sanctus</span> 
     </span>
     <span class='ocr_line' id='line_1_74' title="bbox 299 3445 1368 3491; baseline 0.007 -15"><span class='ocrx_word' id='word_1_589' title='bbox 299 3445 453 3484; x_wconf 82' lang='lat' dir='ltr'>Thomas,</span> <span class='ocrx_word' id='word_1_590' title='bbox 470 3447 510 3478; x_wconf 91' lang='lat' dir='ltr'>de</span> <span class='ocrx_word' id='word_1_591' title='bbox 533 3454 643 3479; x_wconf 90' lang='lat' dir='ltr'>mente</span> <span class='ocrx_word' id='word_1_592' title='bbox 657 3450 848 3486; x_wconf 86' lang='lat' dir='ltr'>Aristotelis,</span> <span class='ocrx_word' id='word_1_593' title='bbox 865 3451 1002 3482; x_wconf 86' lang='lat' dir='ltr'>habetur</span> <span class='ocrx_word' id='word_1_594' title='bbox 1017 3450 1108 3491; x_wconf 90' lang='lat' dir='ltr'>quod</span> <span class='ocrx_word' id='word_1_595' title='bbox 1123 3451 1290 3483; x_wconf 84' lang='lat' dir='ltr'>Avicenna</span> <span class='ocrx_word' id='word_1_596' title='bbox 1313 3452 1368 3483; x_wconf 89' lang='lat' dir='ltr'>de-</span> 
     </span>
     <span class='ocr_line' id='line_1_75' title="bbox 300 3493 1367 3537; baseline 0.007 -17"><span class='ocrx_word' id='word_1_597' title='bbox 300 3496 412 3530; x_wconf 87' lang='lat' dir='ltr'>ceptus</span> <span class='ocrx_word' id='word_1_598' title='bbox 435 3497 482 3522; x_wconf 88' lang='lat' dir='ltr'>est</span> <span class='ocrx_word' id='word_1_599' title='bbox 505 3493 580 3532; x_wconf 88' lang='lat' dir='ltr'>quia</span> <span class='ocrx_word' id='word_1_600' title='bbox 602 3494 738 3524; x_wconf 85' lang='lat' dir='ltr'>nescivit</span> <span class='ocrx_word' id='word_1_601' title='bbox 761 3494 957 3535; x_wconf 86' lang='lat' dir='ltr'>distinguere</span> <span class='ocrx_word' id='word_1_602' title='bbox 980 3494 1020 3526; x_wconf 94' lang='lat' dir='ltr'>de</span> <span class='ocrx_word' id='word_1_603' title='bbox 1047 3504 1116 3526; x_wconf 87' lang='lat' dir='ltr'>esse</span> <span class='ocrx_word' id='word_1_604' title='bbox 1139 3495 1172 3526; x_wconf 84' lang='lat' dir='ltr'>in</span> <span class='ocrx_word' id='word_1_605' title='bbox 1196 3501 1272 3527; x_wconf 86' lang='lat' dir='ltr'>actu</span> <span class='ocrx_word' id='word_1_606' title='bbox 1290 3507 1367 3537; x_wconf 81' lang='lat' dir='ltr'>per-</span> 
     </span>
     <span class='ocr_line' id='line_1_76' title="bbox 291 3534 1368 3581; baseline 0.007 -17"><span class='ocrx_word' id='word_1_607' title='bbox 291 3534 395 3574; x_wconf 83' lang='lat' dir='ltr'>fecto,</span> <span class='ocrx_word' id='word_1_608' title='bbox 419 3541 449 3566; x_wconf 92' lang='lat' dir='ltr'>et</span> <span class='ocrx_word' id='word_1_609' title='bbox 465 3535 504 3566; x_wconf 93' lang='lat' dir='ltr'>de</span> <span class='ocrx_word' id='word_1_610' title='bbox 525 3546 594 3567; x_wconf 84' lang='lat' dir='ltr'>esse</span> <span class='ocrx_word' id='word_1_611' title='bbox 609 3537 642 3568; x_wconf 89' lang='lat' dir='ltr'>in</span> <span class='ocrx_word' id='word_1_612' title='bbox 659 3542 734 3568; x_wconf 84' lang='lat' dir='ltr'>actu</span> <span class='ocrx_word' id='word_1_613' title='bbox 758 3539 947 3581; x_wconf 69' lang='lat' dir='ltr'>imperfecto</span> <span class='ocrx_word' id='word_1_614' title='bbox 963 3544 995 3570; x_wconf 90' lang='lat' dir='ltr'>et</span> <span class='ocrx_word' id='word_1_615' title='bbox 1007 3539 1176 3570; x_wconf 80' lang='lat' dir='ltr'>habituali.</span> <span class='ocrx_word' id='word_1_616' title='bbox 1197 3539 1368 3572; x_wconf 86' lang='lat' dir='ltr'>Sensatum</span> 
     </span>
     <span class='ocr_line' id='line_1_77' title="bbox 301 3579 1368 3624; baseline 0.008 -17"><span class='ocrx_word' id='word_1_617' title='bbox 301 3579 387 3608; x_wconf 90' lang='lat' dir='ltr'>enim</span> <span class='ocrx_word' id='word_1_618' title='bbox 410 3585 441 3609; x_wconf 91' lang='lat' dir='ltr'>et</span> <span class='ocrx_word' id='word_1_619' title='bbox 463 3580 672 3618; x_wconf 89' lang='lat' dir='ltr'>intellectum,</span> <span class='ocrx_word' id='word_1_620' title='bbox 690 3591 766 3613; x_wconf 90' lang='lat' dir='ltr'>cum</span> <span class='ocrx_word' id='word_1_621' title='bbox 790 3589 864 3614; x_wconf 91' lang='lat' dir='ltr'>actu</span> <span class='ocrx_word' id='word_1_622' title='bbox 887 3583 1120 3624; x_wconf 89' lang='lat' dir='ltr'>percipiuntur,</span> <span class='ocrx_word' id='word_1_623' title='bbox 1139 3589 1214 3615; x_wconf 88' lang='lat' dir='ltr'>sunt</span> <span class='ocrx_word' id='word_1_624' title='bbox 1237 3585 1270 3615; x_wconf 89' lang='lat' dir='ltr'>in</span> <span class='ocrx_word' id='word_1_625' title='bbox 1294 3591 1368 3616; x_wconf 89' lang='lat' dir='ltr'>actu</span> 
     </span>
     <span class='ocr_line' id='line_1_78' title="bbox 301 3621 1367 3669; baseline 0.008 -18"><span class='ocrx_word' id='word_1_626' title='bbox 301 3621 455 3660; x_wconf 88' lang='lat' dir='ltr'>perfecto,</span> <span class='ocrx_word' id='word_1_627' title='bbox 478 3629 510 3654; x_wconf 93' lang='lat' dir='ltr'>et</span> <span class='ocrx_word' id='word_1_628' title='bbox 532 3631 607 3656; x_wconf 90' lang='lat' dir='ltr'>sunt</span> <span class='ocrx_word' id='word_1_629' title='bbox 621 3635 725 3657; x_wconf 88' lang='lat' dir='ltr'>unum</span> <span class='ocrx_word' id='word_1_630' title='bbox 750 3626 891 3667; x_wconf 84' lang='lat' dir='ltr'>perfecte</span> <span class='ocrx_word' id='word_1_631' title='bbox 913 3627 1094 3659; x_wconf 90' lang='lat' dir='ltr'>secundum</span> <span class='ocrx_word' id='word_1_632' title='bbox 1110 3637 1179 3659; x_wconf 85' lang='lat' dir='ltr'>esse</span> <span class='ocrx_word' id='word_1_633' title='bbox 1199 3630 1367 3669; x_wconf 86' lang='lat' dir='ltr'>cognosci-</span> 
     </span>
     <span class='ocr_line' id='line_1_79' title="bbox 301 3665 1366 3713; baseline 0.008 -18"><span class='ocrx_word' id='word_1_634' title='bbox 301 3665 365 3695; x_wconf 90' lang='lat' dir='ltr'>bile</span> <span class='ocrx_word' id='word_1_635' title='bbox 389 3675 463 3697; x_wconf 89' lang='lat' dir='ltr'>cum</span> <span class='ocrx_word' id='word_1_636' title='bbox 486 3677 581 3699; x_wconf 89' lang='lat' dir='ltr'>sensu</span> <span class='ocrx_word' id='word_1_637' title='bbox 604 3670 638 3700; x_wconf 91' lang='lat' dir='ltr'>in</span> <span class='ocrx_word' id='word_1_638' title='bbox 665 3676 738 3701; x_wconf 89' lang='lat' dir='ltr'>actu</span> <span class='ocrx_word' id='word_1_639' title='bbox 767 3676 799 3702; x_wconf 89' lang='lat' dir='ltr'>et</span> <span class='ocrx_word' id='word_1_640' title='bbox 821 3671 986 3703; x_wconf 90' lang='lat' dir='ltr'>intellectu</span> <span class='ocrx_word' id='word_1_641' title='bbox 1010 3673 1044 3703; x_wconf 91' lang='lat' dir='ltr'>in</span> <span class='ocrx_word' id='word_1_642' title='bbox 1071 3677 1156 3710; x_wconf 88' lang='lat' dir='ltr'>actu,</span> <span class='ocrx_word' id='word_1_643' title='bbox 1181 3681 1265 3713; x_wconf 86' lang='lat' dir='ltr'>quae</span> <span class='ocrx_word' id='word_1_644' title='bbox 1288 3679 1366 3705; x_wconf 91' lang='lat' dir='ltr'>tunc</span> 
     </span>
    </p>
   </div>
   <div class='ocr_carea' id='block_1_5' title="bbox 761 303 2023 351">
    <p class='ocr_par' dir='ltr' id='par_1_12' title="bbox 761 303 2023 351">
     <span class='ocr_line' id='line_1_80' title="bbox 761 303 2023 351; baseline -0.006 -4"><span class='ocrx_word' id='word_1_645' title='bbox 761 310 950 348; x_wconf 92' lang='lat' dir='ltr'>SUMMA</span> <span class='ocrx_word' id='word_1_646' title='bbox 978 307 1200 346; x_wconf 91' lang='lat' dir='ltr'>CONTRA</span> <span class='ocrx_word' id='word_1_647' title='bbox 1228 305 1503 351; x_wconf 85' lang='lat' dir='ltr'>GENTlLES,</span> <span class='ocrx_word' id='word_1_648' title='bbox 1531 305 1627 341; x_wconf 91' lang='lat' dir='ltr'>LIB.</span> <span class='ocrx_word' id='word_1_649' title='bbox 1647 305 1690 350; x_wconf 89' lang='lat' dir='ltr'>II,</span> <span class='ocrx_word' id='word_1_650' title='bbox 1719 303 1831 340; x_wconf 91' lang='lat' dir='ltr'>CAP.</span> <span class='ocrx_word' id='word_1_651' title='bbox 1850 303 2023 340; x_wconf 89' lang='lat' dir='ltr'><strong>LXXIV.</strong></span> 
     </span>
    </p>
   </div>
   <div class='ocr_carea' id='block_1_6' title="bbox 1421 379 2534 3715">
    <p class='ocr_par' dir='ltr' id='par_1_13' title="bbox 1421 379 2497 589">
     <span class='ocr_line' id='line_1_81' title="bbox 1422 379 2495 422; baseline 0 -10"><span class='ocrx_word' id='word_1_652' title='bbox 1422 387 1497 412; x_wconf 90' lang='lat' dir='ltr'>sunt</span> <span class='ocrx_word' id='word_1_653' title='bbox 1521 387 1552 411; x_wconf 90' lang='lat' dir='ltr'>et</span> <span class='ocrx_word' id='word_1_654' title='bbox 1575 381 1644 421; x_wconf 89' lang='lat' dir='ltr'>ipsa</span> <span class='ocrx_word' id='word_1_655' title='bbox 1666 381 1701 411; x_wconf 92' lang='lat' dir='ltr'>in</span> <span class='ocrx_word' id='word_1_656' title='bbox 1724 386 1799 411; x_wconf 90' lang='lat' dir='ltr'>actu</span> <span class='ocrx_word' id='word_1_657' title='bbox 1820 379 1977 420; x_wconf 87' lang='lat' dir='ltr'>perfecto.</span> <span class='ocrx_word' id='word_1_658' title='bbox 2001 379 2145 418; x_wconf 86' lang='lat' dir='ltr'>Quando</span> <span class='ocrx_word' id='word_1_659' title='bbox 2168 386 2279 412; x_wconf 90' lang='lat' dir='ltr'>autem</span> <span class='ocrx_word' id='word_1_660' title='bbox 2299 390 2369 412; x_wconf 91' lang='lat' dir='ltr'>non</span> <span class='ocrx_word' id='word_1_661' title='bbox 2391 381 2495 422; x_wconf 90' lang='lat' dir='ltr'>perci-</span> 
     </span>
     <span class='ocr_line' id='line_1_82' title="bbox 1421 424 2496 466; baseline -0.001 -9"><span class='ocrx_word' id='word_1_662' title='bbox 1421 427 1555 466; x_wconf 90' lang='lat' dir='ltr'>piuntur</span> <span class='ocrx_word' id='word_1_663' title='bbox 1571 430 1656 462; x_wconf 92' lang='lat' dir='ltr'>actu,</span> <span class='ocrx_word' id='word_1_664' title='bbox 1672 424 1729 455; x_wconf 88' lang='lat' dir='ltr'>sed</span> <span class='ocrx_word' id='word_1_665' title='bbox 1744 424 1865 455; x_wconf 87' lang='lat' dir='ltr'>habent</span> <span class='ocrx_word' id='word_1_666' title='bbox 1879 424 2003 464; x_wconf 91' lang='lat' dir='ltr'>species</span> <span class='ocrx_word' id='word_1_667' title='bbox 2018 424 2053 454; x_wconf 90' lang='lat' dir='ltr'>in</span> <span class='ocrx_word' id='word_1_668' title='bbox 2068 433 2166 455; x_wconf 88' lang='lat' dir='ltr'>sensu</span> <span class='ocrx_word' id='word_1_669' title='bbox 2181 431 2214 455; x_wconf 92' lang='lat' dir='ltr'>et</span> <span class='ocrx_word' id='word_1_670' title='bbox 2228 425 2404 462; x_wconf 82' lang='lat' dir='ltr'>intellectu,</span> <span class='ocrx_word' id='word_1_671' title='bbox 2417 430 2496 456; x_wconf 89' lang='lat' dir='ltr'>tunc</span> 
     </span>
     <span class='ocr_line' id='line_1_83' title="bbox 1422 467 2497 509; baseline 0 -9"><span class='ocrx_word' id='word_1_672' title='bbox 1422 475 1497 501; x_wconf 91' lang='lat' dir='ltr'>sunt</span> <span class='ocrx_word' id='word_1_673' title='bbox 1512 470 1546 500; x_wconf 92' lang='lat' dir='ltr'>in</span> <span class='ocrx_word' id='word_1_674' title='bbox 1563 474 1636 500; x_wconf 90' lang='lat' dir='ltr'>actu</span> <span class='ocrx_word' id='word_1_675' title='bbox 1653 468 1865 509; x_wconf 85' lang='lat' dir='ltr'>cognoscibili</span> <span class='ocrx_word' id='word_1_676' title='bbox 1880 467 2084 509; x_wconf 88' lang='lat' dir='ltr'>imperfecto,</span> <span class='ocrx_word' id='word_1_677' title='bbox 2108 469 2192 499; x_wconf 91' lang='lat' dir='ltr'>sicut</span> <span class='ocrx_word' id='word_1_678' title='bbox 2214 478 2327 500; x_wconf 83' lang='lat' dir='ltr'>sensus</span> <span class='ocrx_word' id='word_1_679' title='bbox 2350 475 2382 500; x_wconf 91' lang='lat' dir='ltr'>et</span> <span class='ocrx_word' id='word_1_680' title='bbox 2403 470 2497 500; x_wconf 91' lang='lat' dir='ltr'>intel—</span> 
     </span>
     <span class='ocr_line' id='line_1_84' title="bbox 1421 512 2497 554; baseline -0.001 -9"><span class='ocrx_word' id='word_1_681' title='bbox 1421 515 1524 545; x_wconf 90' lang='lat' dir='ltr'>lectus</span> <span class='ocrx_word' id='word_1_682' title='bbox 1548 519 1624 544; x_wconf 91' lang='lat' dir='ltr'>sunt</span> <span class='ocrx_word' id='word_1_683' title='bbox 1645 514 1679 543; x_wconf 91' lang='lat' dir='ltr'>in</span> <span class='ocrx_word' id='word_1_684' title='bbox 1703 518 1778 544; x_wconf 93' lang='lat' dir='ltr'>actu</span> <span class='ocrx_word' id='word_1_685' title='bbox 1800 512 2003 552; x_wconf 88' lang='lat' dir='ltr'>imperfecto.</span> <span class='ocrx_word' id='word_1_686' title='bbox 2023 512 2065 543; x_wconf 92' lang='lat' dir='ltr'>Et</span> <span class='ocrx_word' id='word_1_687' title='bbox 2084 513 2129 543; x_wconf 92' lang='lat' dir='ltr'>sic</span> <span class='ocrx_word' id='word_1_688' title='bbox 2153 518 2229 543; x_wconf 90' lang='lat' dir='ltr'>sunt</span> <span class='ocrx_word' id='word_1_689' title='bbox 2250 523 2356 544; x_wconf 89' lang='lat' dir='ltr'>unum</span> <span class='ocrx_word' id='word_1_690' title='bbox 2377 514 2497 554; x_wconf 88' lang='lat' dir='ltr'>imper-</span> 
     </span>
     <span class='ocr_line' id='line_1_85' title="bbox 1422 557 2291 589; baseline -0.001 0"><span class='ocrx_word' id='word_1_691' title='bbox 1422 558 1506 589; x_wconf 82' lang='lat' dir='ltr'>fecte</span> <span class='ocrx_word' id='word_1_692' title='bbox 1530 567 1606 589; x_wconf 88' lang='lat' dir='ltr'>cum</span> <span class='ocrx_word' id='word_1_693' title='bbox 1630 567 1727 588; x_wconf 90' lang='lat' dir='ltr'>sensu</span> <span class='ocrx_word' id='word_1_694' title='bbox 1750 558 1784 587; x_wconf 91' lang='lat' dir='ltr'>in</span> <span class='ocrx_word' id='word_1_695' title='bbox 1807 562 1883 588; x_wconf 89' lang='lat' dir='ltr'>actu</span> <span class='ocrx_word' id='word_1_696' title='bbox 1906 562 1938 588; x_wconf 91' lang='lat' dir='ltr'>et</span> <span class='ocrx_word' id='word_1_697' title='bbox 1959 557 2127 588; x_wconf 86' lang='lat' dir='ltr'>intellectu</span> <span class='ocrx_word' id='word_1_698' title='bbox 2149 557 2183 588; x_wconf 90' lang='lat' dir='ltr'>in</span> <span class='ocrx_word' id='word_1_699' title='bbox 2206 562 2291 588; x_wconf 91' lang='lat' dir='ltr'>actu.</span> 
     </span>
    </p>

    <p class='ocr_par' dir='ltr' id='par_1_14' title="bbox 1422 601 2499 998">
     <span class='ocr_line' id='line_1_86' title="bbox 1480 601 2499 638; baseline 0 -6"><span class='ocrx_word' id='word_1_700' title='bbox 1480 612 1509 633; x_wconf 91' lang='lat'>2.</span> <span class='ocrx_word' id='word_1_701' title='bbox 1537 602 1590 633; x_wconf 94' lang='lat' dir='ltr'>Ad</span> <span class='ocrx_word' id='word_1_702' title='bbox 1615 601 1803 638; x_wconf 86' lang='lat' dir='ltr'>secundam,</span> <span class='ocrx_word' id='word_1_703' title='bbox 1831 611 1908 632; x_wconf 90' lang='lat' dir='ltr'>cum</span> <span class='ocrx_word' id='word_1_704' title='bbox 1931 601 2151 632; x_wconf 88' lang='lat' dir='ltr'>adducebatur</span> <span class='ocrx_word' id='word_1_705' title='bbox 2177 602 2352 632; x_wconf 88' lang='lat' dir='ltr'>auctoritas</span> <span class='ocrx_word' id='word_1_706' title='bbox 2373 602 2499 633; x_wconf 85' lang='lat' dir='ltr'>Aristo-</span> 
     </span>
     <span class='ocr_line' id='line_1_87' title="bbox 1423 646 2498 687; baseline 0 -10"><span class='ocrx_word' id='word_1_707' title='bbox 1423 647 1494 677; x_wconf 89' lang='lat' dir='ltr'>telis</span> <span class='ocrx_word' id='word_1_708' title='bbox 1518 646 1655 677; x_wconf 91' lang='lat' dir='ltr'>dicentis</span> <span class='ocrx_word' id='word_1_709' title='bbox 1678 646 1872 677; x_wconf 88' lang='lat' dir='ltr'>memoriam</span> <span class='ocrx_word' id='word_1_710' title='bbox 1886 656 1956 677; x_wconf 94' lang='lat' dir='ltr'>non</span> <span class='ocrx_word' id='word_1_711' title='bbox 1971 656 2041 677; x_wconf 91' lang='lat' dir='ltr'>esse</span> <span class='ocrx_word' id='word_1_712' title='bbox 2063 647 2098 676; x_wconf 89' lang='lat' dir='ltr'>in</span> <span class='ocrx_word' id='word_1_713' title='bbox 2113 652 2204 687; x_wconf 86' lang='lat' dir='ltr'>parte</span> <span class='ocrx_word' id='word_1_714' title='bbox 2218 646 2425 683; x_wconf 85' lang='lat' dir='ltr'>intellectiva,</span> <span class='ocrx_word' id='word_1_715' title='bbox 2448 656 2498 678; x_wconf 86' lang='lat' dir='ltr'>re·</span> 
     </span>
     <span class='ocr_line' id='line_1_88' title="bbox 1422 690 2499 732; baseline 0 -10"><span class='ocrx_word' id='word_1_716' title='bbox 1422 690 1601 732; x_wconf 91' lang='lat' dir='ltr'>spondetur</span> <span class='ocrx_word' id='word_1_717' title='bbox 1623 690 1774 731; x_wconf 90' lang='lat' dir='ltr'>negando</span> <span class='ocrx_word' id='word_1_718' title='bbox 1798 691 2078 732; x_wconf 88' lang='lat' dir='ltr'>consequentiam.</span> <span class='ocrx_word' id='word_1_719' title='bbox 2102 691 2195 722; x_wconf 92' lang='lat' dir='ltr'>Licet</span> <span class='ocrx_word' id='word_1_720' title='bbox 2225 692 2312 722; x_wconf 88' lang='lat' dir='ltr'>enim</span> <span class='ocrx_word' id='word_1_721' title='bbox 2339 691 2499 722; x_wconf 82' lang='lat' dir='ltr'>memoria</span> 
     </span>
     <span class='ocr_line' id='line_1_89' title="bbox 1423 735 2498 776; baseline 0 -10"><span class='ocrx_word' id='word_1_722' title='bbox 1423 745 1507 776; x_wconf 88' lang='lat' dir='ltr'>quae</span> <span class='ocrx_word' id='word_1_723' title='bbox 1521 745 1591 766; x_wconf 90' lang='lat' dir='ltr'>non</span> <span class='ocrx_word' id='word_1_724' title='bbox 1607 740 1655 766; x_wconf 90' lang='lat' dir='ltr'>est</span> <span class='ocrx_word' id='word_1_725' title='bbox 1677 735 1739 765; x_wconf 90' lang='lat' dir='ltr'>nisi</span> <span class='ocrx_word' id='word_1_726' title='bbox 1754 735 1917 775; x_wconf 88' lang='lat' dir='ltr'>praeteriti</span> <span class='ocrx_word' id='word_1_727' title='bbox 1939 740 1977 766; x_wconf 89' lang='lat' dir='ltr'>ut</span> <span class='ocrx_word' id='word_1_728' title='bbox 1991 736 2199 775; x_wconf 90' lang='lat' dir='ltr'>praeteritum</span> <span class='ocrx_word' id='word_1_729' title='bbox 2215 741 2273 772; x_wconf 91' lang='lat' dir='ltr'>est,</span> <span class='ocrx_word' id='word_1_730' title='bbox 2290 741 2322 766; x_wconf 90' lang='lat' dir='ltr'>et</span> <span class='ocrx_word' id='word_1_731' title='bbox 2344 745 2403 776; x_wconf 92' lang='lat' dir='ltr'>per</span> <span class='ocrx_word' id='word_1_732' title='bbox 2418 744 2498 766; x_wconf 92' lang='lat' dir='ltr'>con-</span> 
     </span>
     <span class='ocr_line' id='line_1_90' title="bbox 1422 780 2498 820; baseline 0 -10"><span class='ocrx_word' id='word_1_733' title='bbox 1422 789 1563 820; x_wconf 89' lang='lat' dir='ltr'>sequens</span> <span class='ocrx_word' id='word_1_734' title='bbox 1593 789 1662 810; x_wconf 94' lang='lat' dir='ltr'>non</span> <span class='ocrx_word' id='word_1_735' title='bbox 1692 780 1845 809; x_wconf 84' lang='lat' dir='ltr'>abstrahit</span> <span class='ocrx_word' id='word_1_736' title='bbox 1868 789 1887 809; x_wconf 90' lang='lat' dir='ltr'>a</span> <span class='ocrx_word' id='word_1_737' title='bbox 1909 780 2155 819; x_wconf 85' lang='lat' dir='ltr'>particularibus</span> <span class='ocrx_word' id='word_1_738' title='bbox 2181 780 2435 817; x_wconf 90' lang='lat' dir='ltr'>conditionibus,</span> <span class='ocrx_word' id='word_1_739' title='bbox 2458 780 2498 810; x_wconf 87' lang='lat' dir='ltr'>sit</span> 
     </span>
     <span class='ocr_line' id='line_1_91' title="bbox 1422 824 2499 865; baseline 0 -10"><span class='ocrx_word' id='word_1_740' title='bbox 1422 830 1550 855; x_wconf 88' lang='lat' dir='ltr'>tantum</span> <span class='ocrx_word' id='word_1_741' title='bbox 1573 825 1607 855; x_wconf 91' lang='lat' dir='ltr'>in</span> <span class='ocrx_word' id='word_1_742' title='bbox 1630 829 1720 864; x_wconf 91' lang='lat' dir='ltr'>parte</span> <span class='ocrx_word' id='word_1_743' title='bbox 1736 824 1898 860; x_wconf 89' lang='lat' dir='ltr'>sensitiva,</span> <span class='ocrx_word' id='word_1_744' title='bbox 1913 833 1984 854; x_wconf 91' lang='lat' dir='ltr'>non</span> <span class='ocrx_word' id='word_1_745' title='bbox 2003 829 2114 854; x_wconf 89' lang='lat' dir='ltr'>autem</span> <span class='ocrx_word' id='word_1_746' title='bbox 2135 825 2170 855; x_wconf 92' lang='lat' dir='ltr'>in</span> <span class='ocrx_word' id='word_1_747' title='bbox 2192 825 2397 862; x_wconf 89' lang='lat' dir='ltr'>intellectiva,</span> <span class='ocrx_word' id='word_1_748' title='bbox 2413 834 2499 865; x_wconf 88' lang='lat' dir='ltr'>quae</span> 
     </span>
     <span class='ocr_line' id='line_1_92' title="bbox 1423 867 2499 909; baseline 0 -9"><span class='ocrx_word' id='word_1_749' title='bbox 1423 875 1471 900; x_wconf 91' lang='lat' dir='ltr'>est</span> <span class='ocrx_word' id='word_1_750' title='bbox 1494 868 1742 904; x_wconf 81' lang='lat' dir='ltr'>universalium3</span> <span class='ocrx_word' id='word_1_751' title='bbox 1766 877 1836 899; x_wconf 91' lang='lat' dir='ltr'>non</span> <span class='ocrx_word' id='word_1_752' title='bbox 1863 874 1973 900; x_wconf 89' lang='lat' dir='ltr'>tamen</span> <span class='ocrx_word' id='word_1_753' title='bbox 1997 867 2178 899; x_wconf 87' lang='lat' dir='ltr'>excluditur</span> <span class='ocrx_word' id='word_1_754' title='bbox 2207 869 2287 909; x_wconf 88' lang='lat' dir='ltr'>quin</span> <span class='ocrx_word' id='word_1_755' title='bbox 2315 869 2499 900; x_wconf 88' lang='lat' dir='ltr'>intellectus</span> 
     </span>
     <span class='ocr_line' id='line_1_93' title="bbox 1423 912 2499 954; baseline 0.001 -10"><span class='ocrx_word' id='word_1_756' title='bbox 1423 914 1463 944; x_wconf 91' lang='lat' dir='ltr'>sit</span> <span class='ocrx_word' id='word_1_757' title='bbox 1479 914 1720 944; x_wconf 85' lang='lat' dir='ltr'>conservativus</span> <span class='ocrx_word' id='word_1_758' title='bbox 1736 913 1920 953; x_wconf 89' lang='lat' dir='ltr'>specierum</span> <span class='ocrx_word' id='word_1_759' title='bbox 1935 912 2198 953; x_wconf 82' lang='lat' dir='ltr'>intelligibilium,</span> <span class='ocrx_word' id='word_1_760' title='bbox 2211 923 2296 954; x_wconf 86' lang='lat' dir='ltr'>quae</span> <span class='ocrx_word' id='word_1_761' title='bbox 2311 914 2499 945; x_wconf 89' lang='lat' dir='ltr'>abstrahunt</span> 
     </span>
     <span class='ocr_line' id='line_1_94' title="bbox 1423 956 2185 998; baseline 0 -10"><span class='ocrx_word' id='word_1_762' title='bbox 1423 959 1462 988; x_wconf 92' lang='lat' dir='ltr'>ab</span> <span class='ocrx_word' id='word_1_763' title='bbox 1486 958 1639 989; x_wconf 91' lang='lat' dir='ltr'>omnibus</span> <span class='ocrx_word' id='word_1_764' title='bbox 1663 956 1906 988; x_wconf 89' lang='lat' dir='ltr'>conditionibus</span> <span class='ocrx_word' id='word_1_765' title='bbox 1929 957 2185 998; x_wconf 84' lang='lat' dir='ltr'>particularibus.</span> 
     </span>
    </p>

    <p class='ocr_par' dir='ltr' id='par_1_15' title="bbox 1422 997 2502 1622">
     <span class='ocr_line' id='line_1_95' title="bbox 1479 997 2499 1039; baseline 0.001 -7"><span class='ocrx_word' id='word_1_766' title='bbox 1479 1001 1735 1038; x_wconf 87' lang='lat' dir='ltr'>Advertendum,</span> <span class='ocrx_word' id='word_1_767' title='bbox 1753 1011 1791 1032; x_wconf 88' lang='lat' dir='ltr'>ex</span> <span class='ocrx_word' id='word_1_768' title='bbox 1816 1001 1963 1032; x_wconf 88' lang='lat' dir='ltr'>doctrina</span> <span class='ocrx_word' id='word_1_769' title='bbox 1979 1001 2089 1032; x_wconf 89' lang='lat' dir='ltr'>Sancti</span> <span class='ocrx_word' id='word_1_770' title='bbox 2104 1001 2255 1032; x_wconf 87' lang='lat' dir='ltr'>Thomae</span> <span class='ocrx_word' id='word_1_771' title='bbox 2269 997 2379 1032; x_wconf 84' lang='lat' dir='ltr'>Prima</span> <span class='ocrx_word' id='word_1_772' title='bbox 2395 1002 2499 1039; x_wconf 84' lang='lat' dir='ltr'>Parte,</span> 
     </span>
     <span class='ocr_line' id='line_1_96' title="bbox 1424 1045 2499 1087; baseline 0.001 -10"><span class='ocrx_word' id='word_1_773' title='bbox 1424 1057 1456 1087; x_wconf 90' lang='lat' dir='ltr'>q.</span> <span class='ocrx_word' id='word_1_774' title='bbox 1473 1057 1576 1083; x_wconf 72' lang='lat' dir='ltr'>Lxxxx,</span> <span class='ocrx_word' id='word_1_775' title='bbox 1593 1057 1622 1077; x_wconf 87' lang='lat' dir='ltr'>a.</span> <span class='ocrx_word' id='word_1_776' title='bbox 1639 1047 1670 1083; x_wconf 89' lang='lat'>6,</span> <span class='ocrx_word' id='word_1_777' title='bbox 1688 1046 1779 1087; x_wconf 90' lang='lat' dir='ltr'>quod</span> <span class='ocrx_word' id='word_1_778' title='bbox 1794 1047 1953 1077; x_wconf 86' lang='lat' dir='ltr'>memoria</span> <span class='ocrx_word' id='word_1_779' title='bbox 1969 1045 2141 1086; x_wconf 88' lang='lat' dir='ltr'>dupliciter</span> <span class='ocrx_word' id='word_1_780' title='bbox 2163 1046 2268 1086; x_wconf 88' lang='lat' dir='ltr'>accipi</span> <span class='ocrx_word' id='word_1_781' title='bbox 2288 1052 2407 1086; x_wconf 81' lang='lat' dir='ltr'>potest.</span> <span class='ocrx_word' id='word_1_782' title='bbox 2422 1047 2499 1078; x_wconf 92' lang='lat' dir='ltr'>Uno</span> 
     </span>
     <span class='ocr_line' id='line_1_97' title="bbox 1423 1090 2500 1132; baseline -0.001 -10"><span class='ocrx_word' id='word_1_783' title='bbox 1423 1091 1536 1128; x_wconf 87' lang='lat' dir='ltr'>modo,</span> <span class='ocrx_word' id='word_1_784' title='bbox 1553 1100 1614 1132; x_wconf 89' lang='lat' dir='ltr'>pro</span> <span class='ocrx_word' id='word_1_785' title='bbox 1630 1092 1663 1122; x_wconf 74' lang='lat' dir='ltr'>vi</span> <span class='ocrx_word' id='word_1_786' title='bbox 1678 1091 1907 1122; x_wconf 74' lang='lat' dir='ltr'>conservativa</span> <span class='ocrx_word' id='word_1_787' title='bbox 1929 1091 2110 1131; x_wconf 81' lang='lat' dir='ltr'>specierum</span> <span class='ocrx_word' id='word_1_788' title='bbox 2129 1090 2306 1122; x_wconf 83' lang='lat' dir='ltr'>dumtaxat.</span> <span class='ocrx_word' id='word_1_789' title='bbox 2322 1090 2366 1121; x_wconf 90' lang='lat' dir='ltr'>Et</span> <span class='ocrx_word' id='word_1_790' title='bbox 2387 1092 2435 1122; x_wconf 91' lang='lat' dir='ltr'>sic</span> <span class='ocrx_word' id='word_1_791' title='bbox 2449 1092 2500 1122; x_wconf 88' lang='lat' dir='ltr'>in-</span> 
     </span>
     <span class='ocr_line' id='line_1_98' title="bbox 1423 1134 2501 1176; baseline 0.001 -10"><span class='ocrx_word' id='word_1_792' title='bbox 1423 1136 1552 1167; x_wconf 90' lang='lat' dir='ltr'>venitur</span> <span class='ocrx_word' id='word_1_793' title='bbox 1573 1137 1608 1166; x_wconf 93' lang='lat' dir='ltr'>in</span> <span class='ocrx_word' id='word_1_794' title='bbox 1632 1141 1722 1176; x_wconf 90' lang='lat' dir='ltr'>parte</span> <span class='ocrx_word' id='word_1_795' title='bbox 1744 1136 1956 1172; x_wconf 86' lang='lat' dir='ltr'>intellectiva;</span> <span class='ocrx_word' id='word_1_796' title='bbox 1973 1141 2005 1166; x_wconf 93' lang='lat' dir='ltr'>et</span> <span class='ocrx_word' id='word_1_797' title='bbox 2028 1145 2096 1166; x_wconf 87' lang='lat' dir='ltr'>non</span> <span class='ocrx_word' id='word_1_798' title='bbox 2117 1134 2324 1176; x_wconf 78' lang='lat' dir='ltr'>distinguitur</span> <span class='ocrx_word' id='word_1_799' title='bbox 2347 1136 2387 1166; x_wconf 88' lang='lat' dir='ltr'>ab</span> <span class='ocrx_word' id='word_1_800' title='bbox 2406 1136 2501 1167; x_wconf 88' lang='lat' dir='ltr'>intel-</span> 
     </span>
     <span class='ocr_line' id='line_1_99' title="bbox 1422 1179 2500 1221; baseline 0 -10"><span class='ocrx_word' id='word_1_801' title='bbox 1422 1181 1510 1211; x_wconf 92' lang='lat' dir='ltr'>lectu</span> <span class='ocrx_word' id='word_1_802' title='bbox 1534 1180 1670 1217; x_wconf 86' lang='lat' dir='ltr'>realiter,</span> <span class='ocrx_word' id='word_1_803' title='bbox 1694 1179 1751 1211; x_wconf 89' lang='lat' dir='ltr'>sed</span> <span class='ocrx_word' id='word_1_804' title='bbox 1774 1180 1844 1220; x_wconf 89' lang='lat' dir='ltr'>ipse</span> <span class='ocrx_word' id='word_1_805' title='bbox 1867 1180 2060 1217; x_wconf 88' lang='lat' dir='ltr'>intellectus,</span> <span class='ocrx_word' id='word_1_806' title='bbox 2088 1186 2126 1211; x_wconf 93' lang='lat' dir='ltr'>ut</span> <span class='ocrx_word' id='word_1_807' title='bbox 2155 1179 2398 1211; x_wconf 89' lang='lat' dir='ltr'>conservativus</span> <span class='ocrx_word' id='word_1_808' title='bbox 2426 1189 2500 1221; x_wconf 90' lang='lat' dir='ltr'>spe-</span> 
     </span>
     <span class='ocr_line' id='line_1_100' title="bbox 1424 1224 2501 1262; baseline -0.001 -6"><span class='ocrx_word' id='word_1_809' title='bbox 1424 1226 1548 1256; x_wconf 91' lang='lat' dir='ltr'>cierum</span> <span class='ocrx_word' id='word_1_810' title='bbox 1571 1224 1851 1261; x_wconf 91' lang='lat' dir='ltr'>intellectualium,</span> <span class='ocrx_word' id='word_1_811' title='bbox 1876 1224 1993 1255; x_wconf 90' lang='lat' dir='ltr'>dicitur</span> <span class='ocrx_word' id='word_1_812' title='bbox 2016 1225 2185 1256; x_wconf 88' lang='lat' dir='ltr'>memoria.</span> <span class='ocrx_word' id='word_1_813' title='bbox 2215 1224 2292 1255; x_wconf 84' lang='lat' dir='ltr'>Alio</span> <span class='ocrx_word' id='word_1_814' title='bbox 2322 1224 2436 1262; x_wconf 89' lang='lat' dir='ltr'>modo,</span> <span class='ocrx_word' id='word_1_815' title='bbox 2465 1230 2501 1256; x_wconf 81' lang='lat' dir='ltr'>ut</span> 
     </span>
     <span class='ocr_line' id='line_1_101' title="bbox 1424 1269 2501 1311; baseline 0.001 -11"><span class='ocrx_word' id='word_1_816' title='bbox 1424 1275 1471 1301; x_wconf 89' lang='lat' dir='ltr'>est</span> <span class='ocrx_word' id='word_1_817' title='bbox 1487 1269 1664 1311; x_wconf 82' lang='lat' dir='ltr'>praeteriti</span> <span class='ocrx_word' id='word_1_818' title='bbox 1687 1274 1723 1300; x_wconf 89' lang='lat' dir='ltr'>ut</span> <span class='ocrx_word' id='word_1_819' title='bbox 1739 1269 1957 1310; x_wconf 80' lang='lat' dir='ltr'>praeteritum</span> <span class='ocrx_word' id='word_1_820' title='bbox 1981 1274 2046 1300; x_wconf 85' lang='lat' dir='ltr'>est:</span> <span class='ocrx_word' id='word_1_821' title='bbox 2069 1275 2101 1300; x_wconf 91' lang='lat' dir='ltr'>et</span> <span class='ocrx_word' id='word_1_822' title='bbox 2124 1269 2170 1300; x_wconf 91' lang='lat' dir='ltr'>sic</span> <span class='ocrx_word' id='word_1_823' title='bbox 2189 1278 2259 1300; x_wconf 89' lang='lat' dir='ltr'>non</span> <span class='ocrx_word' id='word_1_824' title='bbox 2283 1273 2331 1299; x_wconf 89' lang='lat' dir='ltr'>est</span> <span class='ocrx_word' id='word_1_825' title='bbox 2352 1269 2388 1300; x_wconf 91' lang='lat' dir='ltr'>in</span> <span class='ocrx_word' id='word_1_826' title='bbox 2409 1274 2501 1310; x_wconf 81' lang='lat' dir='ltr'>parte</span> 
     </span>
     <span class='ocr_line' id='line_1_102' title="bbox 1422 1312 2500 1354; baseline 0 -9"><span class='ocrx_word' id='word_1_827' title='bbox 1422 1314 1628 1351; x_wconf 91' lang='lat' dir='ltr'>intellectiva,</span> <span class='ocrx_word' id='word_1_828' title='bbox 1644 1332 1668 1336; x_wconf 91' lang='lat'>—</span> <span class='ocrx_word' id='word_1_829' title='bbox 1682 1314 1835 1354; x_wconf 84' lang='lat' dir='ltr'>intellige,</span> <span class='ocrx_word' id='word_1_830' title='bbox 1852 1319 1889 1344; x_wconf 92' lang='lat' dir='ltr'>ut</span> <span class='ocrx_word' id='word_1_831' title='bbox 1904 1313 2022 1344; x_wconf 88' lang='lat' dir='ltr'>dicitur</span> <span class='ocrx_word' id='word_1_832' title='bbox 2036 1313 2143 1344; x_wconf 89' lang='lat' dir='ltr'>Prima</span> <span class='ocrx_word' id='word_1_833' title='bbox 2158 1313 2252 1344; x_wconf 88' lang='lat' dir='ltr'>Parte</span> <span class='ocrx_word' id='word_1_834' title='bbox 2266 1312 2399 1351; x_wconf 90' lang='lat' dir='ltr'>ibidem,</span> <span class='ocrx_word' id='word_1_835' title='bbox 2410 1313 2459 1345; x_wconf 86' lang='lat' dir='ltr'>ad:</span> <span class='ocrx_word' id='word_1_836' title='bbox 2468 1323 2500 1351; x_wconf 87' lang='lat'>2,</span> 
     </span>
     <span class='ocr_line' id='line_1_103' title="bbox 1424 1358 2501 1400; baseline 0 -10"><span class='ocrx_word' id='word_1_837' title='bbox 1424 1360 1450 1390; x_wconf 89' lang='lat' dir='ltr'>si</span> <span class='ocrx_word' id='word_1_838' title='bbox 1474 1359 1658 1400; x_wconf 88' lang='lat' dir='ltr'>praeteritio</span> <span class='ocrx_word' id='word_1_839' title='bbox 1683 1368 1717 1389; x_wconf 91' lang='lat' dir='ltr'>se</span> <span class='ocrx_word' id='word_1_840' title='bbox 1732 1364 1841 1390; x_wconf 88' lang='lat' dir='ltr'>teneat</span> <span class='ocrx_word' id='word_1_841' title='bbox 1864 1367 1922 1399; x_wconf 91' lang='lat' dir='ltr'>per</span> <span class='ocrx_word' id='word_1_842' title='bbox 1937 1367 1971 1389; x_wconf 91' lang='lat' dir='ltr'>se</span> <span class='ocrx_word' id='word_1_843' title='bbox 1995 1367 2034 1389; x_wconf 91' lang='lat' dir='ltr'>ex</span> <span class='ocrx_word' id='word_1_844' title='bbox 2050 1364 2140 1398; x_wconf 86' lang='lat' dir='ltr'>parte</span> <span class='ocrx_word' id='word_1_845' title='bbox 2159 1358 2289 1395; x_wconf 86' lang='lat' dir='ltr'>obiecti,</span> <span class='ocrx_word' id='word_1_846' title='bbox 2306 1367 2375 1389; x_wconf 88' lang='lat' dir='ltr'>non</span> <span class='ocrx_word' id='word_1_847' title='bbox 2390 1362 2501 1390; x_wconf 73' lang='lat' dir='ltr'>autem</span> 
     </span>
     <span class='ocr_line' id='line_1_104' title="bbox 1423 1403 2500 1445; baseline 0 -11"><span class='ocrx_word' id='word_1_848' title='bbox 1423 1405 1450 1434; x_wconf 92' lang='lat' dir='ltr'>si</span> <span class='ocrx_word' id='word_1_849' title='bbox 1472 1409 1581 1435; x_wconf 89' lang='lat' dir='ltr'>teneat</span> <span class='ocrx_word' id='word_1_850' title='bbox 1603 1413 1638 1434; x_wconf 93' lang='lat' dir='ltr'>se</span> <span class='ocrx_word' id='word_1_851' title='bbox 1661 1412 1701 1434; x_wconf 86' lang='lat' dir='ltr'>ex</span> <span class='ocrx_word' id='word_1_852' title='bbox 1724 1409 1814 1445; x_wconf 86' lang='lat' dir='ltr'>parte</span> <span class='ocrx_word' id='word_1_853' title='bbox 1837 1403 2051 1443; x_wconf 88' lang='lat' dir='ltr'>operationis:</span> <span class='ocrx_word' id='word_1_854' title='bbox 2076 1403 2122 1434; x_wconf 91' lang='lat' dir='ltr'>sic</span> <span class='ocrx_word' id='word_1_855' title='bbox 2144 1403 2233 1434; x_wconf 90' lang='lat' dir='ltr'>enim</span> <span class='ocrx_word' id='word_1_856' title='bbox 2256 1403 2500 1435; x_wconf 76' lang='lat' dir='ltr'>salvaturratio</span> 
     </span>
     <span class='ocr_line' id='line_1_105' title="bbox 1423 1447 2502 1489; baseline -0.001 -10"><span class='ocrx_word' id='word_1_857' title='bbox 1423 1449 1602 1479; x_wconf 88' lang='lat' dir='ltr'>memoriae</span> <span class='ocrx_word' id='word_1_858' title='bbox 1625 1448 1723 1479; x_wconf 90' lang='lat' dir='ltr'>etiam</span> <span class='ocrx_word' id='word_1_859' title='bbox 1746 1450 1780 1479; x_wconf 91' lang='lat' dir='ltr'>in</span> <span class='ocrx_word' id='word_1_860' title='bbox 1803 1453 1894 1489; x_wconf 89' lang='lat' dir='ltr'>parte</span> <span class='ocrx_word' id='word_1_861' title='bbox 1917 1447 2124 1484; x_wconf 87' lang='lat' dir='ltr'>intellectiva,</span> <span class='ocrx_word' id='word_1_862' title='bbox 2139 1448 2337 1489; x_wconf 85' lang='lat' dir='ltr'>inquantum</span> <span class='ocrx_word' id='word_1_863' title='bbox 2351 1447 2502 1489; x_wconf 79' lang='lat' dir='ltr'>intelligit</span> 
     </span>
     <span class='ocr_line' id='line_1_106' title="bbox 1424 1491 2502 1534; baseline 0 -10"><span class='ocrx_word' id='word_1_864' title='bbox 1424 1503 1458 1524; x_wconf 89' lang='lat' dir='ltr'>se</span> <span class='ocrx_word' id='word_1_865' title='bbox 1482 1493 1571 1533; x_wconf 88' lang='lat' dir='ltr'>prius</span> <span class='ocrx_word' id='word_1_866' title='bbox 1601 1492 1794 1524; x_wconf 88' lang='lat' dir='ltr'>intellexisse</span> <span class='ocrx_word' id='word_1_867' title='bbox 1817 1511 1840 1516; x_wconf 91' lang='lat'>—</span> <span class='ocrx_word' id='word_1_868' title='bbox 1863 1491 1920 1523; x_wconf 88' lang='lat' dir='ltr'>sed</span> <span class='ocrx_word' id='word_1_869' title='bbox 1943 1497 1992 1523; x_wconf 91' lang='lat' dir='ltr'>est</span> <span class='ocrx_word' id='word_1_870' title='bbox 2013 1492 2048 1523; x_wconf 91' lang='lat' dir='ltr'>in</span> <span class='ocrx_word' id='word_1_871' title='bbox 2077 1492 2230 1524; x_wconf 84' lang='lat' dir='ltr'>sensitiva</span> <span class='ocrx_word' id='word_1_872' title='bbox 2254 1497 2394 1529; x_wconf 85' lang='lat' dir='ltr'>tantum,</span> <span class='ocrx_word' id='word_1_873' title='bbox 2416 1501 2502 1534; x_wconf 81' lang='lat' dir='ltr'>quae</span> 
     </span>
     <span class='ocr_line' id='line_1_107' title="bbox 1425 1536 2501 1579; baseline 0.001 -11"><span class='ocrx_word' id='word_1_874' title='bbox 1425 1542 1472 1568; x_wconf 89' lang='lat' dir='ltr'>est</span> <span class='ocrx_word' id='word_1_875' title='bbox 1488 1537 1722 1578; x_wconf 87' lang='lat' dir='ltr'>apprehensiva</span> <span class='ocrx_word' id='word_1_876' title='bbox 1734 1537 1988 1579; x_wconf 84' lang='lat' dir='ltr'>particularium.</span> <span class='ocrx_word' id='word_1_877' title='bbox 2000 1554 2024 1559; x_wconf 96' lang='lat'><em>-</em></span> <span class='ocrx_word' id='word_1_878' title='bbox 2034 1536 2077 1568; x_wconf 90' lang='lat' dir='ltr'>Et</span> <span class='ocrx_word' id='word_1_879' title='bbox 2090 1537 2175 1568; x_wconf 89' lang='lat' dir='ltr'>hanc</span> <span class='ocrx_word' id='word_1_880' title='bbox 2190 1536 2439 1568; x_wconf 41' lang='lat' dir='ltr'>distinctionem.</span> <span class='ocrx_word' id='word_1_881' title='bbox 2447 1537 2501 1569; x_wconf 81' lang='lat' dir='ltr'>hic</span> 
     </span>
     <span class='ocr_line' id='line_1_108' title="bbox 1425 1581 2411 1622; baseline 0 -10"><span class='ocrx_word' id='word_1_882' title='bbox 1425 1582 1561 1613; x_wconf 88' lang='lat' dir='ltr'>Sanctus</span> <span class='ocrx_word' id='word_1_883' title='bbox 1585 1582 1731 1612; x_wconf 88' lang='lat' dir='ltr'>Thomas</span> <span class='ocrx_word' id='word_1_884' title='bbox 1755 1581 1911 1622; x_wconf 89' lang='lat' dir='ltr'>implicite</span> <span class='ocrx_word' id='word_1_885' title='bbox 1934 1581 1968 1612; x_wconf 91' lang='lat' dir='ltr'>in</span> <span class='ocrx_word' id='word_1_886' title='bbox 1991 1591 2050 1612; x_wconf 89' lang='lat' dir='ltr'>sua</span> <span class='ocrx_word' id='word_1_887' title='bbox 2067 1582 2282 1622; x_wconf 88' lang='lat' dir='ltr'>responsione</span> <span class='ocrx_word' id='word_1_888' title='bbox 2305 1582 2411 1622; x_wconf 88' lang='lat' dir='ltr'>ponit.</span> 
     </span>
    </p>

    <p class='ocr_par' dir='ltr' id='par_1_16' title="bbox 1425 1625 2503 1933">
     <span class='ocr_line' id='line_1_109' title="bbox 1480 1625 2501 1667; baseline 0.001 -10"><span class='ocrx_word' id='word_1_889' title='bbox 1480 1626 1535 1657; x_wconf 91' lang='lat' dir='ltr'>VI.</span> <span class='ocrx_word' id='word_1_890' title='bbox 1560 1625 1624 1657; x_wconf 89' lang='lat' dir='ltr'>Sed</span> <span class='ocrx_word' id='word_1_891' title='bbox 1647 1627 1788 1657; x_wconf 90' lang='lat' dir='ltr'>occurrit</span> <span class='ocrx_word' id='word_1_892' title='bbox 1811 1635 1917 1657; x_wconf 90' lang='lat' dir='ltr'>unum</span> <span class='ocrx_word' id='word_1_893' title='bbox 1939 1625 2088 1657; x_wconf 89' lang='lat' dir='ltr'>dubium.</span> <span class='ocrx_word' id='word_1_894' title='bbox 2112 1626 2149 1657; x_wconf 88' lang='lat' dir='ltr'>ln</span> <span class='ocrx_word' id='word_1_895' title='bbox 2172 1626 2280 1657; x_wconf 85' lang='lat' dir='ltr'>anima</span> <span class='ocrx_word' id='word_1_896' title='bbox 2295 1626 2384 1656; x_wconf 89' lang='lat' dir='ltr'>enim</span> <span class='ocrx_word' id='word_1_897' title='bbox 2407 1634 2501 1667; x_wconf 82' lang='lat' dir='ltr'>sepa-</span> 
     </span>
     <span class='ocr_line' id='line_1_110' title="bbox 1425 1670 2501 1711; baseline 0.003 -10"><span class='ocrx_word' id='word_1_898' title='bbox 1425 1676 1492 1701; x_wconf 89' lang='lat' dir='ltr'>rata</span> <span class='ocrx_word' id='word_1_899' title='bbox 1514 1676 1590 1701; x_wconf 89' lang='lat' dir='ltr'>sunt</span> <span class='ocrx_word' id='word_1_900' title='bbox 1604 1675 1731 1702; x_wconf 89' lang='lat' dir='ltr'>tantum</span> <span class='ocrx_word' id='word_1_901' title='bbox 1746 1671 1830 1702; x_wconf 88' lang='lat' dir='ltr'>vires</span> <span class='ocrx_word' id='word_1_902' title='bbox 1853 1671 1950 1711; x_wconf 89' lang='lat' dir='ltr'>partis</span> <span class='ocrx_word' id='word_1_903' title='bbox 1966 1670 2251 1702; x_wconf 83' lang='lat' dir='ltr'>intellectivae..Et</span> <span class='ocrx_word' id='word_1_904' title='bbox 2263 1676 2374 1701; x_wconf 85' lang='lat' dir='ltr'>tamen</span> <span class='ocrx_word' id='word_1_905' title='bbox 2392 1671 2501 1704; x_wconf 74' lang='lat' dir='ltr'>anim</span> 
     </span>
     <span class='ocr_line' id='line_1_111' title="bbox 1425 1715 2500 1756; baseline 0 -10"><span class='ocrx_word' id='word_1_906' title='bbox 1425 1720 1571 1755; x_wconf 86' lang='lat' dir='ltr'>separata</span> <span class='ocrx_word' id='word_1_907' title='bbox 1600 1720 1648 1746; x_wconf 91' lang='lat' dir='ltr'>est</span> <span class='ocrx_word' id='word_1_908' title='bbox 1680 1715 1902 1756; x_wconf 89' lang='lat' dir='ltr'>cognoscitiva</span> <span class='ocrx_word' id='word_1_909' title='bbox 1930 1715 2092 1756; x_wconf 88' lang='lat' dir='ltr'>praeteriti</span> <span class='ocrx_word' id='word_1_910' title='bbox 2121 1720 2158 1746; x_wconf 94' lang='lat' dir='ltr'>ut</span> <span class='ocrx_word' id='word_1_911' title='bbox 2189 1715 2399 1756; x_wconf 78' lang='lat' dir='ltr'>praeteritum</span> <span class='ocrx_word' id='word_1_912' title='bbox 2433 1720 2500 1748; x_wconf 75' lang='lat' dir='ltr'>est:</span> 
     </span>
     <span class='ocr_line' id='line_1_112' title="bbox 1426 1759 2500 1798; baseline 0.001 -8"><span class='ocrx_word' id='word_1_913' title='bbox 1426 1760 1522 1796; x_wconf 87' lang='lat' dir='ltr'>alias,</span> <span class='ocrx_word' id='word_1_914' title='bbox 1546 1765 1583 1790; x_wconf 91' lang='lat' dir='ltr'>ut</span> <span class='ocrx_word' id='word_1_915' title='bbox 1606 1759 1723 1791; x_wconf 91' lang='lat' dir='ltr'>dicitur</span> <span class='ocrx_word' id='word_1_916' title='bbox 1744 1761 1779 1791; x_wconf 88' lang='lat' dir='ltr'>in</span> <span class='ocrx_word' id='word_1_917' title='bbox 1802 1759 1868 1798; x_wconf 90' lang='lat' dir='ltr'>Qu.</span> <span class='ocrx_word' id='word_1_918' title='bbox 1885 1759 1925 1790; x_wconf 85' lang='lat' dir='ltr'>de</span> <span class='ocrx_word' id='word_1_919' title='bbox 1946 1759 2077 1794; x_wconf 83' lang='lat' dir='ltr'>Anima,</span> <span class='ocrx_word' id='word_1_920' title='bbox 2094 1764 2151 1790; x_wconf 87' lang='lat' dir='ltr'>art.</span> <span class='ocrx_word' id='word_1_921' title='bbox 2177 1769 2229 1796; x_wconf 89' lang='lat'>20,</span> <span class='ocrx_word' id='word_1_922' title='bbox 2253 1769 2320 1790; x_wconf 88' lang='lat' dir='ltr'>non</span> <span class='ocrx_word' id='word_1_923' title='bbox 2344 1759 2500 1791; x_wconf 81' lang='lat' dir='ltr'>recorda·-</span> 
     </span>
     <span class='ocr_line' id='line_1_113' title="bbox 1427 1803 2503 1846; baseline 0.001 -11"><span class='ocrx_word' id='word_1_924' title='bbox 1427 1809 1519 1835; x_wconf 84' lang='lat' dir='ltr'>retur</span> <span class='ocrx_word' id='word_1_925' title='bbox 1540 1813 1655 1835; x_wconf 87' lang='lat' dir='ltr'>eorum</span> <span class='ocrx_word' id='word_1_926' title='bbox 1677 1814 1761 1846; x_wconf 82' lang='lat' dir='ltr'>quae</span> <span class='ocrx_word' id='word_1_927' title='bbox 1774 1804 1877 1846; x_wconf 82' lang='lat' dir='ltr'>gessit</span> <span class='ocrx_word' id='word_1_928' title='bbox 1891 1804 1924 1834; x_wconf 87' lang='lat' dir='ltr'>in</span> <span class='ocrx_word' id='word_1_929' title='bbox 1942 1803 2018 1839; x_wconf 81' lang='lat' dir='ltr'>vita,</span> <span class='ocrx_word' id='word_1_930' title='bbox 2035 1809 2067 1835; x_wconf 87' lang='lat' dir='ltr'>et</span> <span class='ocrx_word' id='word_1_931' title='bbox 2083 1804 2131 1834; x_wconf 86' lang='lat' dir='ltr'>sic</span> <span class='ocrx_word' id='word_1_932' title='bbox 2140 1803 2269 1844; x_wconf 80' lang='lat' dir='ltr'>periret</span> <span class='ocrx_word' id='word_1_933' title='bbox 2282 1803 2503 1836; x_wconf 73' lang='lat' dir='ltr'>conscientiae</span> 
     </span>
     <span class='ocr_line' id='line_1_114' title="bbox 1426 1848 2501 1889; baseline 0.001 -10"><span class='ocrx_word' id='word_1_934' title='bbox 1426 1849 1554 1880; x_wconf 77' lang='lat' dir='ltr'>vermis.</span> <span class='ocrx_word' id='word_1_935' title='bbox 1578 1849 1666 1889; x_wconf 86' lang='lat' dir='ltr'>Ergo</span> <span class='ocrx_word' id='word_1_936' title='bbox 1689 1850 1723 1879; x_wconf 93' lang='lat' dir='ltr'>in</span> <span class='ocrx_word' id='word_1_937' title='bbox 1746 1853 1836 1889; x_wconf 86' lang='lat' dir='ltr'>parte</span> <span class='ocrx_word' id='word_1_938' title='bbox 1858 1848 2055 1880; x_wconf 88' lang='lat' dir='ltr'>intellectiva</span> <span class='ocrx_word' id='word_1_939' title='bbox 2078 1853 2210 1889; x_wconf 87' lang='lat' dir='ltr'>oportet</span> <span class='ocrx_word' id='word_1_940' title='bbox 2230 1857 2355 1888; x_wconf 88' lang='lat' dir='ltr'>ponere</span> <span class='ocrx_word' id='word_1_941' title='bbox 2372 1857 2501 1880; x_wconf 87' lang='lat' dir='ltr'>memo-</span> 
     </span>
     <span class='ocr_line' id='line_1_115' title="bbox 1426 1893 2243 1933; baseline -0.001 -9"><span class='ocrx_word' id='word_1_942' title='bbox 1426 1894 1506 1924; x_wconf 87' lang='lat' dir='ltr'>riam</span> <span class='ocrx_word' id='word_1_943' title='bbox 1530 1902 1615 1933; x_wconf 90' lang='lat' dir='ltr'>quae</span> <span class='ocrx_word' id='word_1_944' title='bbox 1638 1898 1686 1924; x_wconf 89' lang='lat' dir='ltr'>est</span> <span class='ocrx_word' id='word_1_945' title='bbox 1709 1893 1871 1933; x_wconf 88' lang='lat' dir='ltr'>praeteriti</span> <span class='ocrx_word' id='word_1_946' title='bbox 1894 1898 1930 1923; x_wconf 93' lang='lat' dir='ltr'>ut</span> <span class='ocrx_word' id='word_1_947' title='bbox 1953 1893 2161 1933; x_wconf 88' lang='lat' dir='ltr'>praeteritum</span> <span class='ocrx_word' id='word_1_948' title='bbox 2185 1898 2243 1923; x_wconf 89' lang='lat' dir='ltr'>est.</span> 
     </span>
    </p>

    <p class='ocr_par' dir='ltr' id='par_1_17' title="bbox 1426 1936 2534 2513">
     <span class='ocr_line' id='line_1_116' title="bbox 1482 1936 2502 1973; baseline 0.003 -6"><span class='ocrx_word' id='word_1_949' title='bbox 1482 1937 1551 1968; x_wconf 93' lang='lat' dir='ltr'>Vll.</span> <span class='ocrx_word' id='word_1_950' title='bbox 1574 1937 1627 1968; x_wconf 91' lang='lat' dir='ltr'>Ad</span> <span class='ocrx_word' id='word_1_951' title='bbox 1649 1938 1747 1968; x_wconf 87' lang='lat' dir='ltr'>huius</span> <span class='ocrx_word' id='word_1_952' title='bbox 1771 1937 1966 1968; x_wconf 83' lang='lat' dir='ltr'>difficultatis</span> <span class='ocrx_word' id='word_1_953' title='bbox 1989 1936 2196 1973; x_wconf 85' lang='lat' dir='ltr'>evidentiam,</span> <span class='ocrx_word' id='word_1_954' title='bbox 2227 1937 2502 1971; x_wconf 77' lang='lat' dir='ltr'>considerandum</span> 
     </span>
     <span class='ocr_line' id='line_1_117' title="bbox 1427 1980 2501 2022; baseline 0.002 -10"><span class='ocrx_word' id='word_1_955' title='bbox 1427 1987 1475 2012; x_wconf 93' lang='lat' dir='ltr'>est</span> <span class='ocrx_word' id='word_1_956' title='bbox 1497 1981 1599 2022; x_wconf 91' lang='lat' dir='ltr'>quod,</span> <span class='ocrx_word' id='word_1_957' title='bbox 1623 1991 1700 2012; x_wconf 89' lang='lat' dir='ltr'>cum</span> <span class='ocrx_word' id='word_1_958' title='bbox 1723 1982 1942 2022; x_wconf 87' lang='lat' dir='ltr'>praeteritum,</span> <span class='ocrx_word' id='word_1_959' title='bbox 1959 1987 1996 2012; x_wconf 93' lang='lat' dir='ltr'>ut</span> <span class='ocrx_word' id='word_1_960' title='bbox 2010 1981 2230 2022; x_wconf 87' lang='lat' dir='ltr'>praeteritum,</span> <span class='ocrx_word' id='word_1_961' title='bbox 2246 1980 2332 2012; x_wconf 88' lang='lat' dir='ltr'>dicat</span> <span class='ocrx_word' id='word_1_962' title='bbox 2355 1991 2424 2014; x_wconf 82' lang='lat' dir='ltr'>esse</span> <span class='ocrx_word' id='word_1_963' title='bbox 2439 1983 2501 2015; x_wconf 70' lang='lat' dir='ltr'>mh</span> 
     </span>
     <span class='ocr_line' id='line_1_118' title="bbox 1427 2024 2501 2068; baseline 0.002 -12"><span class='ocrx_word' id='word_1_964' title='bbox 1427 2025 1641 2056; x_wconf 90' lang='lat' dir='ltr'>determinato</span> <span class='ocrx_word' id='word_1_965' title='bbox 1664 2031 1823 2066; x_wconf 86' lang='lat' dir='ltr'>tempore,</span> <span class='ocrx_word' id='word_1_966' title='bbox 1847 2025 1925 2056; x_wconf 89' lang='lat' dir='ltr'>dicit</span> <span class='ocrx_word' id='word_1_967' title='bbox 1947 2025 2070 2067; x_wconf 89' lang='lat' dir='ltr'>aliquid</span> <span class='ocrx_word' id='word_1_968' title='bbox 2093 2026 2154 2056; x_wconf 86' lang='lat' dir='ltr'>sub</span> <span class='ocrx_word' id='word_1_969' title='bbox 2183 2024 2374 2058; x_wconf 86' lang='lat' dir='ltr'>conditione</span> <span class='ocrx_word' id='word_1_970' title='bbox 2401 2027 2501 2068; x_wconf 76' lang='lat' dir='ltr'>parti-</span> 
     </span>
     <span class='ocr_line' id='line_1_119' title="bbox 1427 2068 2502 2111; baseline 0.003 -11"><span class='ocrx_word' id='word_1_971' title='bbox 1427 2069 1538 2101; x_wconf 87' lang='lat' dir='ltr'>culari.</span> <span class='ocrx_word' id='word_1_972' title='bbox 1562 2069 1604 2100; x_wconf 90' lang='lat' dir='ltr'>Et</span> <span class='ocrx_word' id='word_1_973' title='bbox 1627 2069 1702 2101; x_wconf 87' lang='lat' dir='ltr'>ideo</span> <span class='ocrx_word' id='word_1_974' title='bbox 1725 2069 1814 2101; x_wconf 88' lang='lat' dir='ltr'>idem</span> <span class='ocrx_word' id='word_1_975' title='bbox 1837 2068 1996 2101; x_wconf 84' lang='lat' dir='ltr'>iudicium</span> <span class='ocrx_word' id='word_1_976' title='bbox 2020 2075 2068 2101; x_wconf 88' lang='lat' dir='ltr'>est</span> <span class='ocrx_word' id='word_1_977' title='bbox 2090 2069 2131 2101; x_wconf 91' lang='lat' dir='ltr'>de</span> <span class='ocrx_word' id='word_1_978' title='bbox 2154 2070 2262 2101; x_wconf 88' lang='lat' dir='ltr'>anima</span> <span class='ocrx_word' id='word_1_979' title='bbox 2277 2077 2439 2111; x_wconf 82' lang='lat' dir='ltr'>quantum</span> <span class='ocrx_word' id='word_1_980' title='bbox 2459 2071 2502 2103; x_wconf 87' lang='lat' dir='ltr'>ad</span> 
     </span>
     <span class='ocr_line' id='line_1_120' title="bbox 1426 2115 2501 2156; baseline 0.003 -11"><span class='ocrx_word' id='word_1_981' title='bbox 1426 2115 1650 2155; x_wconf 86' lang='lat' dir='ltr'>cognitionem</span> <span class='ocrx_word' id='word_1_982' title='bbox 1673 2115 1835 2155; x_wconf 89' lang='lat' dir='ltr'>praeteriti</span> <span class='ocrx_word' id='word_1_983' title='bbox 1858 2120 1896 2146; x_wconf 89' lang='lat' dir='ltr'>ut</span> <span class='ocrx_word' id='word_1_984' title='bbox 1918 2115 2129 2156; x_wconf 84' lang='lat' dir='ltr'>praeteritum</span> <span class='ocrx_word' id='word_1_985' title='bbox 2145 2118 2203 2152; x_wconf 76' lang='lat' dir='ltr'>est,</span> <span class='ocrx_word' id='word_1_986' title='bbox 2227 2119 2260 2146; x_wconf 90' lang='lat' dir='ltr'>et</span> <span class='ocrx_word' id='word_1_987' title='bbox 2283 2121 2445 2156; x_wconf 85' lang='lat' dir='ltr'>quantum</span> <span class='ocrx_word' id='word_1_988' title='bbox 2459 2116 2501 2148; x_wconf 81' lang='lat' dir='ltr'>ed</span> 
     </span>
     <span class='ocr_line' id='line_1_121' title="bbox 1427 2159 2502 2202; baseline 0.002 -12"><span class='ocrx_word' id='word_1_989' title='bbox 1427 2159 1649 2199; x_wconf 86' lang='lat' dir='ltr'>cognitionem</span> <span class='ocrx_word' id='word_1_990' title='bbox 1674 2159 1927 2200; x_wconf 87' lang='lat' dir='ltr'>particularium.</span> <span class='ocrx_word' id='word_1_991' title='bbox 1952 2159 2039 2190; x_wconf 92' lang='lat' dir='ltr'>Cum</span> <span class='ocrx_word' id='word_1_992' title='bbox 2063 2164 2174 2191; x_wconf 86' lang='lat' dir='ltr'>autem</span> <span class='ocrx_word' id='word_1_993' title='bbox 2196 2159 2264 2191; x_wconf 91' lang='lat' dir='ltr'>duo</span> <span class='ocrx_word' id='word_1_994' title='bbox 2291 2161 2356 2192; x_wconf 84' lang='lat' dir='ltr'>sint</span> <span class='ocrx_word' id='word_1_995' title='bbox 2381 2170 2502 2202; x_wconf 76' lang='lat' dir='ltr'>genem</span> 
     </span>
     <span class='ocr_line' id='line_1_122' title="bbox 1426 2204 2500 2246; baseline 0.004 -12"><span class='ocrx_word' id='word_1_996' title='bbox 1426 2204 1648 2244; x_wconf 84' lang='lat' dir='ltr'>singularium,</span> <span class='ocrx_word' id='word_1_997' title='bbox 1672 2204 1795 2236; x_wconf 85' lang='lat' dir='ltr'>scilicet</span> <span class='ocrx_word' id='word_1_998' title='bbox 1821 2204 1983 2244; x_wconf 84' lang='lat' dir='ltr'>singulare</span> <span class='ocrx_word' id='word_1_999' title='bbox 2010 2204 2175 2235; x_wconf 85' lang='lat' dir='ltr'>materiale</span> <span class='ocrx_word' id='word_1_1000' title='bbox 2198 2210 2231 2235; x_wconf 93' lang='lat' dir='ltr'>et</span> <span class='ocrx_word' id='word_1_1001' title='bbox 2253 2205 2416 2246; x_wconf 84' lang='lat' dir='ltr'>singulare</span> <span class='ocrx_word' id='word_1_1002' title='bbox 2437 2206 2500 2238; x_wconf 80' lang='lat' dir='ltr'>im-</span> 
     </span>
     <span class='ocr_line' id='line_1_123' title="bbox 1426 2248 2499 2291; baseline 0.003 -12"><span class='ocrx_word' id='word_1_1003' title='bbox 1426 2248 1602 2285; x_wconf 89' lang='lat' dir='ltr'>materiale,</span> <span class='ocrx_word' id='word_1_1004' title='bbox 1629 2248 1791 2289; x_wconf 86' lang='lat' dir='ltr'>singulare</span> <span class='ocrx_word' id='word_1_1005' title='bbox 1814 2249 2024 2280; x_wconf 83' lang='lat' dir='ltr'>immateriale</span> <span class='ocrx_word' id='word_1_1006' title='bbox 2046 2258 2116 2280; x_wconf 87' lang='lat' dir='ltr'>non</span> <span class='ocrx_word' id='word_1_1007' title='bbox 2139 2249 2322 2280; x_wconf 88' lang='lat' dir='ltr'>excluditur</span> <span class='ocrx_word' id='word_1_1008' title='bbox 2343 2260 2363 2280; x_wconf 89' lang='lat' dir='ltr'>a</span> <span class='ocrx_word' id='word_1_1009' title='bbox 2385 2251 2499 2291; x_wconf 85' lang='lat' dir='ltr'>cogni-</span> 
     </span>
     <span class='ocr_line' id='line_1_124' title="bbox 1426 2292 2502 2336; baseline 0.003 -12"><span class='ocrx_word' id='word_1_1010' title='bbox 1426 2293 1515 2324; x_wconf 90' lang='lat' dir='ltr'>tione</span> <span class='ocrx_word' id='word_1_1011' title='bbox 1535 2292 1740 2330; x_wconf 88' lang='lat' dir='ltr'>intellectiva,</span> <span class='ocrx_word' id='word_1_1012' title='bbox 1757 2292 1814 2324; x_wconf 87' lang='lat' dir='ltr'>sed</span> <span class='ocrx_word' id='word_1_1013' title='bbox 1828 2298 1956 2325; x_wconf 90' lang='lat' dir='ltr'>tantum</span> <span class='ocrx_word' id='word_1_1014' title='bbox 1971 2293 2134 2334; x_wconf 85' lang='lat' dir='ltr'>singulare</span> <span class='ocrx_word' id='word_1_1015' title='bbox 2147 2294 2326 2325; x_wconf 81' lang='lat' dir='ltr'>materiale:</span> <span class='ocrx_word' id='word_1_1016' title='bbox 2344 2300 2380 2326; x_wconf 90' lang='lat' dir='ltr'>ut</span> <span class='ocrx_word' id='word_1_1017' title='bbox 2393 2295 2502 2336; x_wconf 79' lang='lat' dir='ltr'>inquit</span> 
     </span>
     <span class='ocr_line' id='line_1_125' title="bbox 1426 2337 2499 2380; baseline 0.003 -12"><span class='ocrx_word' id='word_1_1018' title='bbox 1426 2337 1563 2368; x_wconf 86' lang='lat' dir='ltr'>Sanctus</span> <span class='ocrx_word' id='word_1_1019' title='bbox 1587 2337 1733 2369; x_wconf 85' lang='lat' dir='ltr'>Thomas</span> <span class='ocrx_word' id='word_1_1020' title='bbox 1756 2337 1862 2369; x_wconf 86' lang='lat' dir='ltr'>Prima</span> <span class='ocrx_word' id='word_1_1021' title='bbox 1891 2337 1996 2375; x_wconf 85' lang='lat' dir='ltr'>Parte,</span> <span class='ocrx_word' id='word_1_1022' title='bbox 2014 2338 2090 2369; x_wconf 87' lang='lat' dir='ltr'>loco</span> <span class='ocrx_word' id='word_1_1023' title='bbox 2120 2337 2336 2380; x_wconf 85' lang='lat' dir='ltr'>praeallegato</span> <span class='ocrx_word' id='word_1_1024' title='bbox 2353 2340 2380 2376; x_wconf 64' lang='lat'>⁹,</span> <span class='ocrx_word' id='word_1_1025' title='bbox 2403 2338 2446 2371; x_wconf 88' lang='lat' dir='ltr'>ad</span> <span class='ocrx_word' id='word_1_1026' title='bbox 2469 2349 2499 2371; x_wconf 79' lang='lat' dir='ltr'>a.</span> 
     </span>
     <span class='ocr_line' id='line_1_126' title="bbox 1426 2381 2501 2425; baseline 0.002 -12"><span class='ocrx_word' id='word_1_1027' title='bbox 1426 2381 1503 2413; x_wconf 86' lang='lat' dir='ltr'>Ideo</span> <span class='ocrx_word' id='word_1_1028' title='bbox 1527 2381 1709 2414; x_wconf 88' lang='lat' dir='ltr'>secundum</span> <span class='ocrx_word' id='word_1_1029' title='bbox 1732 2381 1871 2413; x_wconf 88' lang='lat' dir='ltr'>modum</span> <span class='ocrx_word' id='word_1_1030' title='bbox 1893 2383 2020 2413; x_wconf 87' lang='lat' dir='ltr'>animae</span> <span class='ocrx_word' id='word_1_1031' title='bbox 2047 2391 2080 2414; x_wconf 89' lang='lat' dir='ltr'>se</span> <span class='ocrx_word' id='word_1_1032' title='bbox 2108 2382 2248 2414; x_wconf 86' lang='lat' dir='ltr'>habendi</span> <span class='ocrx_word' id='word_1_1033' title='bbox 2275 2382 2316 2414; x_wconf 88' lang='lat' dir='ltr'>ad</span> <span class='ocrx_word' id='word_1_1034' title='bbox 2338 2383 2501 2425; x_wconf 73' lang='lat' dir='ltr'>singulare</span> 
     </span>
     <span class='ocr_line' id='line_1_127' title="bbox 1426 2426 2500 2470; baseline 0.003 -13"><span class='ocrx_word' id='word_1_1035' title='bbox 1426 2426 1589 2458; x_wconf 89' lang='lat' dir='ltr'>materiale</span> <span class='ocrx_word' id='word_1_1036' title='bbox 1613 2426 1693 2458; x_wconf 91' lang='lat' dir='ltr'>dum</span> <span class='ocrx_word' id='word_1_1037' title='bbox 1711 2432 1759 2457; x_wconf 89' lang='lat' dir='ltr'>est</span> <span class='ocrx_word' id='word_1_1038' title='bbox 1783 2428 1958 2458; x_wconf 89' lang='lat' dir='ltr'>coniuncta</span> <span class='ocrx_word' id='word_1_1039' title='bbox 1977 2432 2034 2458; x_wconf 88' lang='lat' dir='ltr'>aut</span> <span class='ocrx_word' id='word_1_1040' title='bbox 2052 2432 2207 2468; x_wconf 81' lang='lat' dir='ltr'>separata,</span> <span class='ocrx_word' id='word_1_1041' title='bbox 2228 2428 2288 2459; x_wconf 88' lang='lat' dir='ltr'>erit</span> <span class='ocrx_word' id='word_1_1042' title='bbox 2305 2428 2500 2470; x_wconf 81' lang='lat' dir='ltr'>investigan-</span> 
     </span>
     <span class='ocr_line' id='line_1_128' title="bbox 1426 2471 2534 2513; baseline 0.003 -11"><span class='ocrx_word' id='word_1_1043' title='bbox 1426 2471 1506 2503; x_wconf 89' lang='lat' dir='ltr'>dum</span> <span class='ocrx_word' id='word_1_1044' title='bbox 1521 2471 1693 2512; x_wconf 92' lang='lat' dir='ltr'>quomodo</span> <span class='ocrx_word' id='word_1_1045' title='bbox 1709 2471 1750 2502; x_wconf 90' lang='lat' dir='ltr'>sit</span> <span class='ocrx_word' id='word_1_1046' title='bbox 1765 2478 1822 2503; x_wconf 92' lang='lat' dir='ltr'>aut</span> <span class='ocrx_word' id='word_1_1047' title='bbox 1836 2481 1904 2503; x_wconf 91' lang='lat' dir='ltr'>non</span> <span class='ocrx_word' id='word_1_1048' title='bbox 1918 2472 1960 2503; x_wconf 86' lang='lat' dir='ltr'>sit</span> <span class='ocrx_word' id='word_1_1049' title='bbox 1969 2472 2129 2503; x_wconf 86' lang='lat' dir='ltr'>memoria</span> <span class='ocrx_word' id='word_1_1050' title='bbox 2144 2472 2179 2503; x_wconf 90' lang='lat' dir='ltr'>in</span> <span class='ocrx_word' id='word_1_1051' title='bbox 2190 2478 2281 2513; x_wconf 85' lang='lat' dir='ltr'>parte</span> <span class='ocrx_word' id='word_1_1052' title='bbox 2290 2472 2500 2505; x_wconf 77' lang='lat' dir='ltr'>intellectiva.</span> <span class='ocrx_word' id='word_1_1053' title='bbox 2531 2487 2534 2489; x_wconf 22' lang='grc' dir='ltr'><strong>Α</strong></span> 
     </span>
    </p>

    <p class='ocr_par' dir='ltr' id='par_1_18' title="bbox 1421 2515 2501 3715">
     <span class='ocr_line' id='line_1_129' title="bbox 1481 2515 2499 2556; baseline 0.002 -10"><span class='ocrx_word' id='word_1_1054' title='bbox 1481 2515 1658 2547; x_wconf 89' lang='lat' dir='ltr'>Sciendum</span> <span class='ocrx_word' id='word_1_1055' title='bbox 1675 2525 1763 2556; x_wconf 88' lang='lat' dir='ltr'>ergo,</span> <span class='ocrx_word' id='word_1_1056' title='bbox 1780 2516 1963 2548; x_wconf 88' lang='lat' dir='ltr'>secundum</span> <span class='ocrx_word' id='word_1_1057' title='bbox 1987 2516 2169 2548; x_wconf 87' lang='lat' dir='ltr'>doctrinam</span> <span class='ocrx_word' id='word_1_1058' title='bbox 2185 2516 2295 2548; x_wconf 85' lang='lat' dir='ltr'>Sancti</span> <span class='ocrx_word' id='word_1_1059' title='bbox 2310 2517 2460 2550; x_wconf 75' lang='lat' dir='ltr'>Thomae</span> <span class='ocrx_word' id='word_1_1060' title='bbox 2470 2519 2499 2555; x_wconf 61' lang='lat'>5⁵,</span> 
     </span>
     <span class='ocr_line' id='line_1_130' title="bbox 1426 2559 2500 2604; baseline 0.003 -13"><span class='ocrx_word' id='word_1_1061' title='bbox 1426 2559 1516 2601; x_wconf 92' lang='lat' dir='ltr'>quod</span> <span class='ocrx_word' id='word_1_1062' title='bbox 1540 2561 1647 2592; x_wconf 87' lang='lat' dir='ltr'>anima</span> <span class='ocrx_word' id='word_1_1063' title='bbox 1670 2561 1847 2592; x_wconf 88' lang='lat' dir='ltr'>coniuncta</span> <span class='ocrx_word' id='word_1_1064' title='bbox 1869 2561 2010 2602; x_wconf 90' lang='lat' dir='ltr'>corpori,</span> <span class='ocrx_word' id='word_1_1065' title='bbox 2029 2561 2106 2602; x_wconf 86' lang='lat' dir='ltr'>quia</span> <span class='ocrx_word' id='word_1_1066' title='bbox 2128 2561 2277 2603; x_wconf 88' lang='lat' dir='ltr'>intelligit</span> <span class='ocrx_word' id='word_1_1067' title='bbox 2295 2571 2354 2603; x_wconf 87' lang='lat' dir='ltr'>per</span> <span class='ocrx_word' id='word_1_1068' title='bbox 2375 2562 2500 2604; x_wconf 50' lang='lat' dir='ltr'>species</span> 
     </span>
     <span class='ocr_line' id='line_1_131' title="bbox 1425 2605 2500 2648; baseline 0.003 -12"><span class='ocrx_word' id='word_1_1069' title='bbox 1425 2615 1443 2636; x_wconf 90' lang='lat' dir='ltr'>a</span> <span class='ocrx_word' id='word_1_1070' title='bbox 1466 2605 1711 2646; x_wconf 86' lang='lat' dir='ltr'>particularibus</span> <span class='ocrx_word' id='word_1_1071' title='bbox 1734 2606 1952 2637; x_wconf 88' lang='lat' dir='ltr'>materialibus</span> <span class='ocrx_word' id='word_1_1072' title='bbox 1974 2606 2156 2642; x_wconf 88' lang='lat' dir='ltr'>abstractas,</span> <span class='ocrx_word' id='word_1_1073' title='bbox 2173 2615 2258 2647; x_wconf 83' lang='lat' dir='ltr'>quae</span> <span class='ocrx_word' id='word_1_1074' title='bbox 2281 2615 2350 2638; x_wconf 90' lang='lat' dir='ltr'>non</span> <span class='ocrx_word' id='word_1_1075' title='bbox 2372 2614 2500 2648; x_wconf 45' lang='lat' dir='ltr'>rapine-⁷</span> 
     </span>
     <span class='ocr_line' id='line_1_132' title="bbox 1425 2650 2499 2689; baseline 0.003 -9"><span class='ocrx_word' id='word_1_1076' title='bbox 1425 2655 1552 2681; x_wconf 89' lang='lat' dir='ltr'>sentant</span> <span class='ocrx_word' id='word_1_1077' title='bbox 1566 2650 1628 2681; x_wconf 88' lang='lat' dir='ltr'>nisi</span> <span class='ocrx_word' id='word_1_1078' title='bbox 1639 2656 1787 2682; x_wconf 88' lang='lat' dir='ltr'>naturam</span> <span class='ocrx_word' id='word_1_1079' title='bbox 1799 2650 2015 2682; x_wconf 83' lang='lat' dir='ltr'>universalem</span> <span class='ocrx_word' id='word_1_1080' title='bbox 2031 2660 2050 2681; x_wconf 89' lang='lat' dir='ltr'>a</span> <span class='ocrx_word' id='word_1_1081' title='bbox 2064 2650 2282 2682; x_wconf 88' lang='lat' dir='ltr'>materialibus</span> <span class='ocrx_word' id='word_1_1082' title='bbox 2297 2651 2499 2689; x_wconf 65' lang='lat' dir='ltr'>abstraetm,</span> 
     </span>
     <span class='ocr_line' id='line_1_133' title="bbox 1424 2694 2501 2737; baseline 0.003 -12"><span class='ocrx_word' id='word_1_1083' title='bbox 1424 2703 1493 2725; x_wconf 90' lang='lat' dir='ltr'>non</span> <span class='ocrx_word' id='word_1_1084' title='bbox 1517 2699 1624 2735; x_wconf 90' lang='lat' dir='ltr'>potest</span> <span class='ocrx_word' id='word_1_1085' title='bbox 1647 2694 1767 2726; x_wconf 86' lang='lat' dir='ltr'>directe</span> <span class='ocrx_word' id='word_1_1086' title='bbox 1790 2695 1969 2736; x_wconf 87' lang='lat' dir='ltr'>intelligere</span> <span class='ocrx_word' id='word_1_1087' title='bbox 1996 2695 2168 2736; x_wconf 86' lang='lat' dir='ltr'>singulare,</span> <span class='ocrx_word' id='word_1_1088' title='bbox 2199 2695 2256 2727; x_wconf 89' lang='lat' dir='ltr'>sed</span> <span class='ocrx_word' id='word_1_1089' title='bbox 2283 2696 2432 2737; x_wconf 85' lang='lat' dir='ltr'>intelligit</span> <span class='ocrx_word' id='word_1_1090' title='bbox 2462 2705 2501 2729; x_wconf 65' lang='lat' dir='ltr'>m</span> 
     </span>
     <span class='ocr_line' id='line_1_134' title="bbox 1424 2738 2501 2781; baseline 0.003 -11"><span class='ocrx_word' id='word_1_1091' title='bbox 1424 2744 1551 2770; x_wconf 86' lang='lat' dir='ltr'>tantum</span> <span class='ocrx_word' id='word_1_1092' title='bbox 1575 2738 1702 2776; x_wconf 89' lang='lat' dir='ltr'>reflexe,</span> <span class='ocrx_word' id='word_1_1093' title='bbox 1727 2739 1806 2770; x_wconf 92' lang='lat' dir='ltr'>dum</span> <span class='ocrx_word' id='word_1_1094' title='bbox 1829 2738 2005 2771; x_wconf 88' lang='lat' dir='ltr'>reflectitur</span> <span class='ocrx_word' id='word_1_1095' title='bbox 2027 2749 2124 2781; x_wconf 89' lang='lat' dir='ltr'>supra</span> <span class='ocrx_word' id='word_1_1096' title='bbox 2153 2749 2246 2771; x_wconf 88' lang='lat' dir='ltr'>suam</span> <span class='ocrx_word' id='word_1_1097' title='bbox 2274 2741 2501 2781; x_wconf 78' lang='lat' dir='ltr'>operationem</span> 
     </span>
     <span class='ocr_line' id='line_1_135' title="bbox 1425 2784 2500 2826; baseline 0.003 -12"><span class='ocrx_word' id='word_1_1098' title='bbox 1425 2789 1456 2814; x_wconf 92' lang='lat' dir='ltr'>et</span> <span class='ocrx_word' id='word_1_1099' title='bbox 1479 2784 1678 2824; x_wconf 87' lang='lat' dir='ltr'>principium</span> <span class='ocrx_word' id='word_1_1100' title='bbox 1701 2785 1910 2825; x_wconf 86' lang='lat' dir='ltr'>operationis,</span> <span class='ocrx_word' id='word_1_1101' title='bbox 1933 2790 2032 2825; x_wconf 88' lang='lat' dir='ltr'>atque</span> <span class='ocrx_word' id='word_1_1102' title='bbox 2056 2794 2154 2825; x_wconf 87' lang='lat' dir='ltr'>super</span> <span class='ocrx_word' id='word_1_1103' title='bbox 2175 2785 2368 2826; x_wconf 84' lang='lat' dir='ltr'>phantasma</span> <span class='ocrx_word' id='word_1_1104' title='bbox 2390 2795 2410 2816; x_wconf 90' lang='lat' dir='ltr'>a</span> <span class='ocrx_word' id='word_1_1105' title='bbox 2429 2794 2500 2826; x_wconf 84' lang='lat' dir='ltr'>quo</span> 
     </span>
     <span class='ocr_line' id='line_1_136' title="bbox 1424 2828 2500 2870; baseline 0.003 -11"><span class='ocrx_word' id='word_1_1106' title='bbox 1424 2828 1548 2869; x_wconf 87' lang='lat' dir='ltr'>species</span> <span class='ocrx_word' id='word_1_1107' title='bbox 1571 2828 1780 2870; x_wconf 88' lang='lat' dir='ltr'>intelligibilis</span> <span class='ocrx_word' id='word_1_1108' title='bbox 1803 2835 1852 2860; x_wconf 90' lang='lat' dir='ltr'>est</span> <span class='ocrx_word' id='word_1_1109' title='bbox 1867 2835 2010 2860; x_wconf 87' lang='lat' dir='ltr'>causata:</span> <span class='ocrx_word' id='word_1_1110' title='bbox 2031 2838 2115 2870; x_wconf 89' lang='lat' dir='ltr'>quae</span> <span class='ocrx_word' id='word_1_1111' title='bbox 2131 2835 2240 2861; x_wconf 90' lang='lat' dir='ltr'>tamen</span> <span class='ocrx_word' id='word_1_1112' title='bbox 2260 2828 2392 2861; x_wconf 82' lang='lat' dir='ltr'>reflexio</span> <span class='ocrx_word' id='word_1_1113' title='bbox 2408 2839 2500 2862; x_wconf 85' lang='lat' dir='ltr'>oom-</span> 
     </span>
     <span class='ocr_line' id='line_1_137' title="bbox 1424 2872 2501 2915; baseline 0.003 -11"><span class='ocrx_word' id='word_1_1114' title='bbox 1424 2872 1506 2914; x_wconf 90' lang='lat' dir='ltr'>pleri</span> <span class='ocrx_word' id='word_1_1115' title='bbox 1520 2883 1590 2904; x_wconf 92' lang='lat' dir='ltr'>non</span> <span class='ocrx_word' id='word_1_1116' title='bbox 1613 2878 1721 2914; x_wconf 87' lang='lat' dir='ltr'>potest</span> <span class='ocrx_word' id='word_1_1117' title='bbox 1744 2874 1867 2914; x_wconf 79' lang='lat' dir='ltr'>absque</span> <span class='ocrx_word' id='word_1_1118' title='bbox 1890 2873 2100 2905; x_wconf 89' lang='lat' dir='ltr'>adiunctione</span> <span class='ocrx_word' id='word_1_1119' title='bbox 2118 2874 2244 2906; x_wconf 82' lang='lat' dir='ltr'>virtutis</span> <span class='ocrx_word' id='word_1_1120' title='bbox 2261 2874 2452 2915; x_wconf 78' lang='lat' dir='ltr'>cogitativae</span> <span class='ocrx_word' id='word_1_1121' title='bbox 2467 2879 2501 2907; x_wconf 78' lang='lat' dir='ltr'>et</span> 
     </span>
     <span class='ocr_line' id='line_1_138' title="bbox 1423 2918 2500 2959; baseline 0.003 -11"><span class='ocrx_word' id='word_1_1122' title='bbox 1423 2918 1659 2958; x_wconf 78' lang='lat' dir='ltr'>imaginativae,</span> <span class='ocrx_word' id='word_1_1123' title='bbox 1677 2927 1760 2959; x_wconf 88' lang='lat' dir='ltr'>quae</span> <span class='ocrx_word' id='word_1_1124' title='bbox 1774 2924 1852 2950; x_wconf 82' lang='lat' dir='ltr'>sunt</span> <span class='ocrx_word' id='word_1_1125' title='bbox 1866 2919 2032 2959; x_wconf 84' lang='lat' dir='ltr'>potentiae</span> <span class='ocrx_word' id='word_1_1126' title='bbox 2047 2919 2228 2950; x_wconf 82' lang='lat' dir='ltr'>sensitivae.</span> <span class='ocrx_word' id='word_1_1127' title='bbox 2244 2918 2373 2950; x_wconf 87' lang='lat' dir='ltr'>Directe</span> <span class='ocrx_word' id='word_1_1128' title='bbox 2388 2924 2500 2951; x_wconf 79' lang='lat' dir='ltr'>autem</span> 
     </span>
     <span class='ocr_line' id='line_1_139' title="bbox 1422 2962 2500 3004; baseline 0.002 -11"><span class='ocrx_word' id='word_1_1129' title='bbox 1422 2962 1477 2993; x_wconf 88' lang='lat' dir='ltr'>illa</span> <span class='ocrx_word' id='word_1_1130' title='bbox 1499 2971 1557 3003; x_wconf 91' lang='lat' dir='ltr'>per</span> <span class='ocrx_word' id='word_1_1131' title='bbox 1572 2963 1739 2994; x_wconf 85' lang='lat' dir='ltr'>sensitivas</span> <span class='ocrx_word' id='word_1_1132' title='bbox 1754 2964 1916 3003; x_wconf 86' lang='lat' dir='ltr'>potentias</span> <span class='ocrx_word' id='word_1_1133' title='bbox 1932 2963 2111 3004; x_wconf 85' lang='lat' dir='ltr'>cognoscit,</span> <span class='ocrx_word' id='word_1_1134' title='bbox 2126 2964 2322 3004; x_wconf 83' lang='lat' dir='ltr'>inquantum</span> <span class='ocrx_word' id='word_1_1135' title='bbox 2344 2963 2378 2994; x_wconf 89' lang='lat' dir='ltr'>in</span> <span class='ocrx_word' id='word_1_1136' title='bbox 2401 2972 2500 2995; x_wconf 77' lang='lat' dir='ltr'>seam</span> 
     </span>
     <span class='ocr_line' id='line_1_140' title="bbox 1423 3007 2500 3049; baseline 0.001 -11"><span class='ocrx_word' id='word_1_1137' title='bbox 1423 3007 1576 3048; x_wconf 89' lang='lat' dir='ltr'>recipitur</span> <span class='ocrx_word' id='word_1_1138' title='bbox 1602 3007 1780 3039; x_wconf 90' lang='lat' dir='ltr'>similitudo</span> <span class='ocrx_word' id='word_1_1139' title='bbox 1810 3008 2077 3049; x_wconf 82' lang='lat' dir='ltr'>repraesentativa</span> <span class='ocrx_word' id='word_1_1140' title='bbox 2106 3013 2239 3039; x_wconf 84' lang='lat' dir='ltr'>naturae</span> <span class='ocrx_word' id='word_1_1141' title='bbox 2270 3013 2430 3048; x_wconf 89' lang='lat' dir='ltr'>quantum</span> <span class='ocrx_word' id='word_1_1142' title='bbox 2458 3007 2500 3040; x_wconf 73' lang='lat' dir='ltr'>od</span> 
     </span>
     <span class='ocr_line' id='line_1_141' title="bbox 1423 3051 2498 3094; baseline 0.001 -11"><span class='ocrx_word' id='word_1_1143' title='bbox 1423 3051 1629 3083; x_wconf 88' lang='lat' dir='ltr'>conditiones</span> <span class='ocrx_word' id='word_1_1144' title='bbox 1640 3051 1864 3083; x_wconf 88' lang='lat' dir='ltr'>individuales.</span> <span class='ocrx_word' id='word_1_1145' title='bbox 1879 3070 1902 3075; x_wconf 94' lang='lat'><em>-</em></span> <span class='ocrx_word' id='word_1_1146' title='bbox 1913 3053 2032 3084; x_wconf 83' lang='lat' dir='ltr'>Anima</span> <span class='ocrx_word' id='word_1_1147' title='bbox 2043 3058 2152 3084; x_wconf 88' lang='lat' dir='ltr'>autem</span> <span class='ocrx_word' id='word_1_1148' title='bbox 2165 3062 2184 3084; x_wconf 89' lang='lat' dir='ltr'>a</span> <span class='ocrx_word' id='word_1_1149' title='bbox 2195 3062 2333 3093; x_wconf 90' lang='lat' dir='ltr'>corpore</span> <span class='ocrx_word' id='word_1_1150' title='bbox 2343 3057 2498 3094; x_wconf 55' lang='lat' dir='ltr'>sepsi-am</span> 
     </span>
     <span class='ocr_line' id='line_1_142' title="bbox 1423 3095 2499 3138; baseline 0.001 -11"><span class='ocrx_word' id='word_1_1151' title='bbox 1423 3102 1549 3137; x_wconf 87' lang='lat' dir='ltr'>praeter</span> <span class='ocrx_word' id='word_1_1152' title='bbox 1571 3095 1692 3128; x_wconf 85' lang='lat' dir='ltr'>formas</span> <span class='ocrx_word' id='word_1_1153' title='bbox 1722 3106 1802 3138; x_wconf 88' lang='lat' dir='ltr'>quas</span> <span class='ocrx_word' id='word_1_1154' title='bbox 1831 3097 2006 3128; x_wconf 89' lang='lat' dir='ltr'>coniuncta</span> <span class='ocrx_word' id='word_1_1155' title='bbox 2035 3098 2165 3138; x_wconf 87' lang='lat' dir='ltr'>corpori</span> <span class='ocrx_word' id='word_1_1156' title='bbox 2195 3097 2375 3138; x_wconf 77' lang='lat' dir='ltr'>acquisivit,</span> <span class='ocrx_word' id='word_1_1157' title='bbox 2402 3097 2499 3128; x_wconf 75' lang='lat' dir='ltr'>hebet</span> 
     </span>
     <span class='ocr_line' id='line_1_143' title="bbox 1423 3141 2498 3182; baseline 0 -10"><span class='ocrx_word' id='word_1_1158' title='bbox 1423 3141 1520 3172; x_wconf 89' lang='lat' dir='ltr'>etiam</span> <span class='ocrx_word' id='word_1_1159' title='bbox 1544 3142 1668 3182; x_wconf 84' lang='lat' dir='ltr'>speeies</span> <span class='ocrx_word' id='word_1_1160' title='bbox 1696 3151 1714 3172; x_wconf 94' lang='lat' dir='ltr'>a</span> <span class='ocrx_word' id='word_1_1161' title='bbox 1741 3141 1851 3173; x_wconf 92' lang='lat' dir='ltr'>divino</span> <span class='ocrx_word' id='word_1_1162' title='bbox 1879 3141 2004 3173; x_wconf 91' lang='lat' dir='ltr'>lumine</span> <span class='ocrx_word' id='word_1_1163' title='bbox 2028 3142 2088 3173; x_wconf 89' lang='lat' dir='ltr'>sibi</span> <span class='ocrx_word' id='word_1_1164' title='bbox 2111 3141 2258 3179; x_wconf 83' lang='lat' dir='ltr'>influxas,</span> <span class='ocrx_word' id='word_1_1165' title='bbox 2282 3141 2402 3173; x_wconf 83' lang='lat' dir='ltr'>similes</span> <span class='ocrx_word' id='word_1_1166' title='bbox 2423 3149 2498 3182; x_wconf 74' lang='lat' dir='ltr'>epe-</span> 
     </span>
     <span class='ocr_line' id='line_1_144' title="bbox 1423 3186 2496 3227; baseline -0.001 -11"><span class='ocrx_word' id='word_1_1167' title='bbox 1423 3186 1534 3217; x_wconf 89' lang='lat' dir='ltr'>ciebus</span> <span class='ocrx_word' id='word_1_1168' title='bbox 1564 3195 1649 3226; x_wconf 86' lang='lat' dir='ltr'>quae</span> <span class='ocrx_word' id='word_1_1169' title='bbox 1676 3191 1751 3217; x_wconf 88' lang='lat' dir='ltr'>sunt</span> <span class='ocrx_word' id='word_1_1170' title='bbox 1780 3187 1813 3217; x_wconf 89' lang='lat' dir='ltr'>in</span> <span class='ocrx_word' id='word_1_1171' title='bbox 1843 3186 2008 3217; x_wconf 90' lang='lat' dir='ltr'>mentibus</span> <span class='ocrx_word' id='word_1_1172' title='bbox 2035 3186 2199 3227; x_wconf 86' lang='lat' dir='ltr'>angelicis,</span> <span class='ocrx_word' id='word_1_1173' title='bbox 2226 3195 2312 3227; x_wconf 87' lang='lat' dir='ltr'>quae</span> <span class='ocrx_word' id='word_1_1174' title='bbox 2341 3190 2418 3216; x_wconf 84' lang='lat' dir='ltr'>sunt</span> <span class='ocrx_word' id='word_1_1175' title='bbox 2436 3194 2496 3216; x_wconf 50' lang='lat' dir='ltr'>¹re-</span> 
     </span>
     <span class='ocr_line' id='line_1_145' title="bbox 1422 3227 2497 3271; baseline 0.001 -10"><span class='ocrx_word' id='word_1_1176' title='bbox 1422 3231 1675 3271; x_wconf 89' lang='lat' dir='ltr'>praesentativae</span> <span class='ocrx_word' id='word_1_1177' title='bbox 1699 3240 1767 3261; x_wconf 92' lang='lat' dir='ltr'>non</span> <span class='ocrx_word' id='word_1_1178' title='bbox 1796 3230 1904 3262; x_wconf 86' lang='lat' dir='ltr'>solum</span> <span class='ocrx_word' id='word_1_1179' title='bbox 1934 3237 2067 3262; x_wconf 90' lang='lat' dir='ltr'>naturae</span> <span class='ocrx_word' id='word_1_1180' title='bbox 2090 3230 2292 3266; x_wconf 83' lang='lat' dir='ltr'>universalis,</span> <span class='ocrx_word' id='word_1_1181' title='bbox 2319 3227 2376 3260; x_wconf 80' lang='lat' dir='ltr'>sed</span> <span class='ocrx_word' id='word_1_1182' title='bbox 2399 3229 2497 3262; x_wconf 80' lang='lat' dir='ltr'>etiam</span> 
     </span>
     <span class='ocr_line' id='line_1_146' title="bbox 1422 3273 2497 3316; baseline -0.001 -11"><span class='ocrx_word' id='word_1_1183' title='bbox 1422 3275 1633 3315; x_wconf 87' lang='lat' dir='ltr'>singularium</span> <span class='ocrx_word' id='word_1_1184' title='bbox 1658 3280 1689 3306; x_wconf 87' lang='lat' dir='ltr'>et</span> <span class='ocrx_word' id='word_1_1185' title='bbox 1712 3274 1942 3306; x_wconf 90' lang='lat' dir='ltr'>conditionum</span> <span class='ocrx_word' id='word_1_1186' title='bbox 1964 3275 2222 3316; x_wconf 68' lang='lat' dir='ltr'>particulariumz</span> <span class='ocrx_word' id='word_1_1187' title='bbox 2239 3278 2272 3305; x_wconf 87' lang='lat' dir='ltr'>et</span> <span class='ocrx_word' id='word_1_1188' title='bbox 2293 3273 2420 3304; x_wconf 86' lang='lat' dir='ltr'>animae</span> <span class='ocrx_word' id='word_1_1189' title='bbox 2443 3273 2497 3305; x_wconf 89' lang='lat' dir='ltr'>illa</span> 
     </span>
     <span class='ocr_line' id='line_1_147' title="bbox 1422 3317 2496 3361; baseline 0 -11"><span class='ocrx_word' id='word_1_1190' title='bbox 1422 3319 1594 3360; x_wconf 87' lang='lat' dir='ltr'>singularia</span> <span class='ocrx_word' id='word_1_1191' title='bbox 1617 3319 1783 3351; x_wconf 84' lang='lat' dir='ltr'>dumtaxat</span> <span class='ocrx_word' id='word_1_1192' title='bbox 1797 3325 2047 3361; x_wconf 85' lang='lat' dir='ltr'>repraesentant,</span> <span class='ocrx_word' id='word_1_1193' title='bbox 2070 3325 2107 3351; x_wconf 91' lang='lat' dir='ltr'>ut</span> <span class='ocrx_word' id='word_1_1194' title='bbox 2129 3318 2246 3350; x_wconf 84' lang='lat' dir='ltr'>dicitur</span> <span class='ocrx_word' id='word_1_1195' title='bbox 2263 3317 2370 3349; x_wconf 85' lang='lat' dir='ltr'>Prima</span> <span class='ocrx_word' id='word_1_1196' title='bbox 2391 3318 2496 3356; x_wconf 83' lang='lat' dir='ltr'>Parte,</span> 
     </span>
     <span class='ocr_line' id='line_1_148' title="bbox 1422 3362 2496 3405; baseline -0.001 -11"><span class='ocrx_word' id='word_1_1197' title='bbox 1422 3374 1453 3404; x_wconf 92' lang='lat' dir='ltr'>q.</span> <span class='ocrx_word' id='word_1_1198' title='bbox 1478 3374 1602 3400; x_wconf 60' lang='lat' dir='ltr'>cxxxix,</span> <span class='ocrx_word' id='word_1_1199' title='bbox 1626 3374 1654 3395; x_wconf 88' lang='lat' dir='ltr'>a.</span> <span class='ocrx_word' id='word_1_1200' title='bbox 1670 3373 1703 3404; x_wconf 86' lang='lat'>4,</span> <span class='ocrx_word' id='word_1_1201' title='bbox 1727 3364 1768 3395; x_wconf 90' lang='lat' dir='ltr'>ad</span> <span class='ocrx_word' id='word_1_1202' title='bbox 1791 3373 1876 3405; x_wconf 91' lang='lat' dir='ltr'>quae</span> <span class='ocrx_word' id='word_1_1203' title='bbox 1898 3365 1996 3396; x_wconf 89' lang='lat' dir='ltr'>habet</span> <span class='ocrx_word' id='word_1_1204' title='bbox 2010 3364 2153 3404; x_wconf 84' lang='lat' dir='ltr'>aliquam</span> <span class='ocrx_word' id='word_1_1205' title='bbox 2176 3362 2422 3394; x_wconf 86' lang='lat' dir='ltr'>determinatam</span> <span class='ocrx_word' id='word_1_1206' title='bbox 2438 3363 2496 3394; x_wconf 81' lang='lat' dir='ltr'>ha-</span> 
     </span>
     <span class='ocr_line' id='line_1_149' title="bbox 1422 3406 2495 3450; baseline 0 -11"><span class='ocrx_word' id='word_1_1207' title='bbox 1422 3408 1613 3446; x_wconf 87' lang='lat' dir='ltr'>bitudinem,</span> <span class='ocrx_word' id='word_1_1208' title='bbox 1638 3409 1689 3440; x_wconf 76' lang='lat' dir='ltr'>vel</span> <span class='ocrx_word' id='word_1_1209' title='bbox 1707 3418 1770 3450; x_wconf 78' lang='lat' dir='ltr'>per</span> <span class='ocrx_word' id='word_1_1210' title='bbox 1778 3409 2026 3450; x_wconf 79' lang='lat' dir='ltr'>praecedentem</span> <span class='ocrx_word' id='word_1_1211' title='bbox 2042 3406 2274 3449; x_wconf 75' lang='lat' dir='ltr'>cognitionem,</span> <span class='ocrx_word' id='word_1_1212' title='bbox 2291 3407 2342 3438; x_wconf 83' lang='lat' dir='ltr'>vel</span> <span class='ocrx_word' id='word_1_1213' title='bbox 2356 3417 2420 3448; x_wconf 80' lang='lat' dir='ltr'>per</span> <span class='ocrx_word' id='word_1_1214' title='bbox 2434 3407 2495 3439; x_wconf 70' lang='lat' dir='ltr'>alu·-</span> 
     </span>
     <span class='ocr_line' id='line_1_150' title="bbox 1421 3451 2498 3495; baseline -0.002 -11"><span class='ocrx_word' id='word_1_1215' title='bbox 1421 3462 1518 3494; x_wconf 79' lang='lat' dir='ltr'>quam</span> <span class='ocrx_word' id='word_1_1216' title='bbox 1542 3453 1758 3495; x_wconf 84' lang='lat' dir='ltr'>affectionem,</span> <span class='ocrx_word' id='word_1_1217' title='bbox 1775 3453 1827 3485; x_wconf 75' lang='lat' dir='ltr'>vel</span> <span class='ocrx_word' id='word_1_1218' title='bbox 1843 3463 1908 3494; x_wconf 81' lang='lat' dir='ltr'>per</span> <span class='ocrx_word' id='word_1_1219' title='bbox 1926 3451 2111 3484; x_wconf 80' lang='lat' dir='ltr'>naturalem</span> <span class='ocrx_word' id='word_1_1220' title='bbox 2125 3451 2355 3488; x_wconf 74' lang='lat' dir='ltr'>habitudinem,</span> <span class='ocrx_word' id='word_1_1221' title='bbox 2371 3451 2423 3483; x_wconf 70' lang='lat' dir='ltr'>vel</span> <span class='ocrx_word' id='word_1_1222' title='bbox 2431 3461 2498 3493; x_wconf 76' lang='lat' dir='ltr'>per</span> 
     </span>
     <span class='ocr_line' id='line_1_151' title="bbox 1422 3495 2495 3536; baseline 0 -8"><span class='ocrx_word' id='word_1_1223' title='bbox 1422 3497 1567 3528; x_wconf 75' lang='lat' dir='ltr'>divinam</span> <span class='ocrx_word' id='word_1_1224' title='bbox 1594 3497 1855 3534; x_wconf 73' lang='lat' dir='ltr'>ordinationem:</span> <span class='ocrx_word' id='word_1_1225' title='bbox 1883 3497 1964 3528; x_wconf 87' lang='lat' dir='ltr'>haec</span> <span class='ocrx_word' id='word_1_1226' title='bbox 1987 3497 2075 3528; x_wconf 85' lang='lat' dir='ltr'>enim</span> <span class='ocrx_word' id='word_1_1227' title='bbox 2105 3496 2218 3527; x_wconf 89' lang='lat' dir='ltr'>omnia</span> <span class='ocrx_word' id='word_1_1228' title='bbox 2247 3495 2495 3536; x_wconf 86' lang='lat' dir='ltr'>quodammodo</span> 
     </span>
     <span class='ocr_line' id='line_1_152' title="bbox 1422 3539 2495 3582; baseline -0.001 -10"><span class='ocrx_word' id='word_1_1229' title='bbox 1422 3541 1560 3573; x_wconf 84' lang='lat' dir='ltr'>reddunt</span> <span class='ocrx_word' id='word_1_1230' title='bbox 1583 3542 1726 3574; x_wconf 86' lang='lat' dir='ltr'>animam</span> <span class='ocrx_word' id='word_1_1231' title='bbox 1748 3541 1938 3582; x_wconf 82' lang='lat' dir='ltr'>dispositam</span> <span class='ocrx_word' id='word_1_1232' title='bbox 1964 3539 2006 3571; x_wconf 84' lang='lat' dir='ltr'>ad</span> <span class='ocrx_word' id='word_1_1233' title='bbox 2027 3539 2167 3571; x_wconf 79' lang='lat' dir='ltr'>formam</span> <span class='ocrx_word' id='word_1_1234' title='bbox 2190 3540 2435 3581; x_wconf 85' lang='lat' dir='ltr'>intelligibilem,</span> <span class='ocrx_word' id='word_1_1235' title='bbox 2458 3546 2495 3572; x_wconf 86' lang='lat' dir='ltr'>ut</span> 
     </span>
     <span class='ocr_line' id='line_1_153' title="bbox 1421 3584 2495 3627; baseline 0 -11"><span class='ocrx_word' id='word_1_1236' title='bbox 1421 3591 1639 3627; x_wconf 88' lang='lat' dir='ltr'>repraesentet</span> <span class='ocrx_word' id='word_1_1237' title='bbox 1653 3587 1714 3618; x_wconf 86' lang='lat' dir='ltr'>sibi</span> <span class='ocrx_word' id='word_1_1238' title='bbox 1729 3587 1810 3618; x_wconf 80' lang='lat' dir='ltr'>haec</span> <span class='ocrx_word' id='word_1_1239' title='bbox 1828 3584 2001 3625; x_wconf 81' lang='lat' dir='ltr'>singularia</span> <span class='ocrx_word' id='word_1_1240' title='bbox 2016 3590 2071 3616; x_wconf 86' lang='lat' dir='ltr'>aut</span> <span class='ocrx_word' id='word_1_1241' title='bbox 2094 3584 2158 3616; x_wconf 89' lang='lat' dir='ltr'>illa.</span> <span class='ocrx_word' id='word_1_1242' title='bbox 2183 3585 2224 3616; x_wconf 90' lang='lat' dir='ltr'>Et</span> <span class='ocrx_word' id='word_1_1243' title='bbox 2246 3584 2321 3616; x_wconf 91' lang='lat' dir='ltr'>ideo</span> <span class='ocrx_word' id='word_1_1244' title='bbox 2345 3594 2403 3626; x_wconf 84' lang='lat' dir='ltr'>per</span> <span class='ocrx_word' id='word_1_1245' title='bbox 2424 3584 2495 3617; x_wconf 80' lang='lat' dir='ltr'>illas</span> 
     </span>
     <span class='ocr_line' id='line_1_154' title="bbox 1422 3628 2494 3671; baseline -0.001 -10"><span class='ocrx_word' id='word_1_1246' title='bbox 1422 3631 1546 3671; x_wconf 88' lang='lat' dir='ltr'>species</span> <span class='ocrx_word' id='word_1_1247' title='bbox 1569 3631 1676 3662; x_wconf 86' lang='lat' dir='ltr'>anima</span> <span class='ocrx_word' id='word_1_1248' title='bbox 1698 3635 1844 3671; x_wconf 74' lang='lat' dir='ltr'>separata</span> <span class='ocrx_word' id='word_1_1249' title='bbox 1864 3638 1934 3660; x_wconf 90' lang='lat' dir='ltr'>non</span> <span class='ocrx_word' id='word_1_1250' title='bbox 1957 3628 2064 3660; x_wconf 87' lang='lat' dir='ltr'>solum</span> <span class='ocrx_word' id='word_1_1251' title='bbox 2081 3628 2199 3660; x_wconf 91' lang='lat' dir='ltr'>directe</span> <span class='ocrx_word' id='word_1_1252' title='bbox 2223 3629 2414 3661; x_wconf 87' lang='lat' dir='ltr'>universalia</span> <span class='ocrx_word' id='word_1_1253' title='bbox 2438 3638 2494 3660; x_wconf 92' lang='lat' dir='ltr'>co-</span> 
     </span>
     <span class='ocr_line' id='line_1_155' title="bbox 1422 3673 2167 3715; baseline -0.003 -9"><span class='ocrx_word' id='word_1_1254' title='bbox 1422 3684 1578 3715; x_wconf 87' lang='lat' dir='ltr'>gnoscere</span> <span class='ocrx_word' id='word_1_1255' title='bbox 1601 3679 1719 3715; x_wconf 80' lang='lat' dir='ltr'>potest,</span> <span class='ocrx_word' id='word_1_1256' title='bbox 1749 3673 1806 3705; x_wconf 78' lang='lat' dir='ltr'>sed</span> <span class='ocrx_word' id='word_1_1257' title='bbox 1835 3673 1932 3704; x_wconf 89' lang='lat' dir='ltr'>etiam</span> <span class='ocrx_word' id='word_1_1258' title='bbox 1954 3673 2167 3714; x_wconf 82' lang='lat' dir='ltr'>particularia.</span> 
     </span>
    </p>
   </div>
   <div class='ocr_carea' id='block_1_7' title="bbox 2527 2351 2715 2379">
    <p class='ocr_par' dir='ltr' id='par_1_19' title="bbox 2527 2351 2715 2379">
     <span class='ocr_line' id='line_1_156' title="bbox 2527 2351 2715 2379; baseline 0 -6"><span class='ocrx_word' id='word_1_1259' title='bbox 2527 2352 2537 2362; x_wconf 84' lang='grc'><em>·</em></span> <span class='ocrx_word' id='word_1_1260' title='bbox 2552 2351 2608 2373; x_wconf 81' lang='lat' dir='ltr'>Vid.</span> <span class='ocrx_word' id='word_1_1261' title='bbox 2622 2358 2646 2375; x_wconf 85' lang='grc' dir='ltr'>ιι.</span> <span class='ocrx_word' id='word_1_1262' title='bbox 2660 2357 2715 2379; x_wconf 56' lang='lat' dir='ltr'>vn.</span> 
     </span>
    </p>
   </div>
   <div class='ocr_carea' id='block_1_8' title="bbox 2526 2519 2745 2574">
    <p class='ocr_par' dir='ltr' id='par_1_20' title="bbox 2526 2519 2745 2574">
     <span class='ocr_line' id='line_1_157' title="bbox 2527 2519 2745 2549; baseline 0.005 -8"><span class='ocrx_word' id='word_1_1263' title='bbox 2527 2522 2536 2530; x_wconf 95' lang='grc'>·</span> <span class='ocrx_word' id='word_1_1264' title='bbox 2544 2519 2745 2549; x_wconf 70' lang='lat' dir='ltr'>Cf.11‘.,r.xxxvi‚</span> 
     </span>
     <span class='ocr_line' id='line_1_158' title="bbox 2526 2552 2744 2574; baseline 0.005 -5"><span class='ocrx_word' id='word_1_1265' title='bbox 2526 2553 2548 2569; x_wconf 86' lang='grc' dir='ltr'>ι.</span> <span class='ocrx_word' id='word_1_1266' title='bbox 2556 2553 2564 2569; x_wconf 78' lang='grc' dir='ltr'>ι</span> <span class='ocrx_word' id='word_1_1267' title='bbox 2574 2552 2708 2573; x_wconf 59' lang='grc' dir='ltr'>ειικιιιμι.</span> <span class='ocrx_word' id='word_1_1268' title='bbox 2716 2554 2744 2574; x_wconf 77' lang='lat'>4·</span> 
     </span>
    </p>
   </div>
  </div>
 </body>
</html>
