2768 4134
78 437 87 447 ”
102 436 159 463 Cap.
173 440 221 456 xxi.

77 593 87 622 ξ
97 591 133 622 Cf.
144 597 193 618 cap.
202 594 287 617 praec„

77 622 128 639 mit.

77 1393 86 1403 ·
101 1392 159 1419 Cap.
173 1397 194 1417 L,
209 1397 261 1412 cxv.

80 2069 90 2078 ·
105 2067 141 2089 Cf.
161 2066 294 2097 comment.

81 2100 132 2122 cap.
147 2099 233 2122 praec„
242 2097 292 2115 init.

321 294 395 332 538

317 373 380 418 sic,
400 377 559 408 creatur.
581 368 684 405 Cum
703 366 815 415 igitur
834 364 974 402 creatio
994 364 1040 401 sit
1063 375 1164 413 opus
1182 361 1387 413 proprium

317 424 399 470 Dei,
428 430 471 460 ut
498 420 650 472 supra*
678 427 879 457 ostensum
913 425 979 463 est,
1015 416 1189 467 sequitur
1222 416 1331 466 quod
1364 428 1387 453 a

315 478 398 515 solo
427 476 512 513 Deo
540 472 762 511 immediate
789 479 950 508 creatur.

367 529 521 566 Adhuc.
551 528 703 564 Eorum
731 537 832 574 quae
861 531 951 562 sunt
987 523 1104 561 unius
1135 522 1296 572 generis,
1331 530 1386 560 est

314 583 419 621 idem
447 580 590 618 modus
617 578 838 629 prodeundi
866 578 906 615 in
929 589 1024 623 esse,
1049 585 1092 614 ut
1118 576 1270 626 supra*
1298 588 1386 625 pro-

314 637 449 674 batum
468 642 535 671 est.
566 632 708 669 Anima
736 639 868 669 autem
897 639 952 668 est
981 632 1029 668 de
1048 643 1187 679 genere
1211 630 1386 667 substan—

313 685 808 731 tiarum-intellectualium,
837 697 938 734 quae
968 696 1048 722 non
1090 690 1254 733 possunt
1282 681 1389 720 aliter

314 740 467 790 intelligi
485 739 641 790 prodire
670 738 710 776 in
738 750 821 776 esse
849 737 922 776 nisi
940 750 1011 788 per
1037 737 1144 774 viam
1172 735 1386 774 creationis,

314 795 457 833 Anima
489 793 602 842 igitur
633 793 808 830 humana
841 791 916 829 exit
949 791 988 829 in
1016 802 1099 828 esse
1132 802 1202 840 per
1230 788 1389 827 creatio-

314 860 406 886 nem
435 860 458 885 a
485 848 583 884 Deo.

367 903 474 939 Item.
504 898 703 949 Quicquid
731 897 959 948 producitur
990 896 1029 934 in
1058 908 1141 933 esse
1174 896 1224 934 ab
1257 896 1389 945 aliquo

315 962 462 1004 agente,
482 953 644 1003 acquirit
663 952 711 989 ab
731 952 816 1001 ipso
835 952 898 988 vel
917 949 1063 1000 aliquid
1082 949 1191 999 quod
1211 957 1267 987 est
1285 949 1389 1000 prin-

315 1008 462 1058 cipium
491 1006 643 1045 essendi
671 1005 710 1041 in
729 1004 793 1042 tali
821 1003 959 1054 specie,
978 1004 1042 1041 vel
1068 1002 1200 1053 ipsum
1219 1015 1303 1040 esse
1322 1002 1389 1040 ab-

316 1063 499 1099 solutum.
521 1059 663 1097 Anima
682 1066 813 1096 autem
831 1069 914 1095 non
937 1064 1063 1107 potest
1082 1055 1136 1094 sic
1154 1056 1320 1106 produci
1349 1055 1388 1093 in

316 1127 399 1152 esse
427 1112 537 1163 quasi
565 1111 787 1161 acquiratur
805 1110 840 1148 ei
862 1110 1008 1160 aliquid
1036 1109 1146 1160 quod
1173 1109 1221 1147 sit
1248 1109 1388 1160 princi-

314 1168 426 1217 pium
454 1165 616 1212 essendi,
637 1164 735 1202 sicut
760 1163 945 1213 contingit
963 1163 1002 1201 in
1026 1163 1142 1201 rebus
1162 1163 1388 1214 compositis

315 1233 361 1258 ex
390 1219 549 1257 materia
577 1226 614 1256 et
645 1219 781 1264 forma,
811 1230 912 1268 quae
940 1225 1174 1266 generantur
1205 1229 1276 1268 per
1312 1218 1389 1256 hoc

315 1274 423 1324 quod
442 1272 647 1323 acquirunt
665 1272 834 1309 formam
853 1271 892 1309 in
912 1279 1018 1309 actu:
1042 1283 1123 1309 non
1143 1270 1249 1309 enim
1272 1271 1390 1309 habet

315 1327 446 1367 anima
474 1326 619 1376 aliquid
638 1325 678 1364 in
697 1325 823 1375 seipsa
841 1325 950 1375 quod
977 1324 1024 1362 sit
1051 1324 1123 1363 sibi
1151 1324 1388 1376 principium

316 1380 479 1427 essendi,
508 1392 600 1417 cum
632 1379 679 1416 sit
707 1378 919 1417 substantia
953 1378 1128 1430 simplex,
1162 1386 1204 1417 ut
1232 1391 1351 1429 supra
1368 1378 1390 1401 ⁸⁸

316 1442 517 1473 ostensum
541 1441 608 1471 est.
639 1432 885 1483 Relinquitur
913 1432 1026 1482 igitur
1052 1432 1159 1483 quod
1190 1444 1271 1470 non
1298 1444 1388 1482 pro-

317 1489 480 1526 ducatur
507 1487 548 1524 in
576 1499 659 1525 esse
694 1486 743 1524 ab
779 1486 910 1536 aliquo
944 1493 1079 1535 agente
1108 1485 1181 1524 nisi
1209 1498 1281 1537 per
1312 1486 1389 1524 hoc

316 1541 423 1592 quod
453 1540 704 1590 consequitur
731 1539 780 1578 ab
809 1540 894 1590 ipso
923 1552 1006 1578 esse
1039 1539 1226 1579 absolute.
1255 1541 1389 1590 Ipsum

317 1603 447 1634 autem
467 1607 550 1633 esse
570 1602 626 1632 est
644 1593 826 1644 proprius
851 1594 1012 1632 effectus
1035 1593 1150 1643 primi
1174 1601 1211 1632 et
1233 1593 1389 1632 univer-

757 1743 789 1770 23
810 1743 988 1777 consequitur]
1008 1744 1129 1778 sequitur
1147 1744 1250 1770 Bze.

804 1787 837 1805 ιο
856 1779 978 1813 perfectio
994 1783 1058 1812 post
1076 1780 1133 1805 eius
1152 1780 1323 1806 «DNWXPc.

376 1745 408 1771 15
427 1745 512 1779 quasi]
532 1745 604 1779 quod
623 1745 667 1770 Pe.

320 1790 335 1815 7
355 1780 498 1815 proprium]
518 1781 632 1814 primum
652 1780 711 1806 bi’c.

754 287 942 325 SUMMA
971 285 1201 323 CONTRA.
1221 282 1496 328 GENTILES,
1526 283 1621 319 LIB.
1642 282 1684 328 11,
1715 281 1826 319 CAP.
1848 282 2072 319 LXXXVII.

1442 361 1529 398 salis
1544 360 1704 409 agentis:
1726 360 1899 397 secunda
1918 359 2024 396 enim
2043 359 2193 408 agentia
2214 370 2333 410 agunt
2350 373 2421 412 per
2440 362 2516 399 hoc

1442 414 1551 464 quod
1570 412 1802 463 imprimunt
1821 412 2091 450 similitudines
2119 425 2282 451 suarum
2299 414 2516 453 formarum

1442 466 1482 504 in
1497 466 1614 504 rebus
1628 465 1745 512 factis,
1761 477 1862 515 quae
1877 473 1967 503 sunt
1985 466 2135 504 formae
2154 466 2357 504 factorum.
2373 467 2517 506 Anima

1442 519 1555 569 igitur
1569 531 1651 557 non
1669 526 1796 568 potest
1822 518 1989 569 produci
2017 519 2057 557 in
2077 531 2161 557 esse
2180 519 2254 558 nisi
2281 532 2305 558 a
2331 520 2461 571 primo
2481 529 2518 559 et

1409 586 1418 606 ε
1442 572 1651 611 universali
1679 580 1826 621 agente,
1855 573 1965 622 quod
1993 581 2050 611 est
2077 573 2197 611 Deus.

1496 628 1710 664 Praeterea.
1740 625 1847 663 Finis
1869 626 1924 663 rei
1956 627 2166 677 respondet
2192 626 2384 677 principio
2411 626 2517 664 eius:

1442 687 1535 718 tunc
1554 679 1661 716 enim
1680 691 1742 716 res
1759 679 1929 729 perfecta
1943 687 1999 717 est
2018 691 2111 717 cum
2126 680 2176 718 ad
2189 680 2396 731 proprium
2415 680 2518 730 prin-

1443 732 1591 785 cipium
1618 731 1808 782 pertingit,
1837 734 1900 770 vel
1920 745 1991 783 per
2018 732 2311 772 similitudinem
2330 734 2394 772 vel
2421 745 2518 784 quo-

1443 798 1616 836 cumque
1636 785 1772 824 modo.
1793 785 1900 824 Finis
1919 794 1986 824 aut
2013 785 2168 825 animae
2186 787 2387 827 humanae
2406 795 2444 825 et
2461 787 2519 825 ul-

1405 860 1431 875 10
1443 839 1539 877 tima
1565 839 1749 889 perfectio
1778 839 1862 877 eius
1890 847 1947 877 est
1974 839 2084 889 quod
2103 852 2174 890 per
2201 840 2464 889 cognitionem
2483 847 2520 878 et

1444 905 1623 931 amorem
1642 893 1888 931 transcendat
1905 901 2033 931 toturn
2053 893 2233 931 ordinem
2252 901 2519 932 ercamrarum

1444 954 1481 984 et
1508 946 1697 998 pertingat
1724 946 1774 984 ad
1801 946 1977 996 primum
2005 946 2255 997 principium,
2274 947 2384 997 quod
2410 947 2520 986 Deus

1444 1007 1517 1061 εξῐ..
1532 999 1649 1049 Igitur
1666 999 1716 1038 ab
1735 1011 1784 1037 eo
1799 999 1918 1039 habet
1935 999 2116 1052 propriae
2131 1012 2225 1039 suae
2240 1000 2398 1050 originis
2416 1000 2520 1051 prin-

1444 1065 1603 1103 ciprum.

1404 1123 1427 1144 ις
1497 1107 1587 1145 Hoc
1620 1106 1738 1145 etiam
1771 1106 1936 1144 innuere
1970 1106 2125 1145 videtur
2160 1107 2279 1146 Sacra
2312 1106 2521 1158 Scriptura,

1447 1161 1541 1198 Gen.
1572 1173 1593 1198 1.
1622 1161 1729 1198 Cum
1756 1160 1874 1207 enim,
1903 1160 1952 1198 de
1981 1159 2218 1198 institutione
2246 1160 2414 1199 aliorum
2441 1160 2522 1199 ani-

1443 1213 1607 1252 malium
1636 1214 1813 1264 loquem,
1842 1225 1983 1252 eorum
2011 1213 2162 1252 animas
2190 1213 2274 1253 aliis
2301 1213 2428 1252 causis
2455 1214 2522 1252 ad-

1443 1267 1593 1314 scribat,
1622 1275 1758 1318 utpote
1777 1279 1871 1306 eum
1890 1266 1994 1317 dicit,
2012 1268 2231 1306 Producant
2248 1279 2372 1318 aquae
2394 1267 2524 1318 reptile

1443 1323 1596 1360 animae
1613 1323 1780 1368 viventis,
1801 1329 1838 1360 et
1865 1319 2039 1360 similiter
2057 1321 2106 1359 de
2126 1320 2219 1368 aliis,
2248 1321 2298 1359 ad
2316 1319 2524 1360 hominem

1403 1374 1616 1422 aveniens,
1645 1374 1820 1413 animam
1849 1374 1932 1412 eius
1960 1387 1984 1412 a
2011 1375 2098 1413 Deo
2124 1374 2245 1413 creari
2265 1374 2443 1422 ostendit,
2465 1374 2524 1414 di-

1443 1440 1535 1466 cens
1549 1429 1589 1466 *z
1619 1430 1815 1467 Formavit
1842 1428 1945 1465 Deus
1973 1429 2163 1466 hominem
2195 1428 2243 1466 de
2268 1429 2360 1466 limo
2386 1434 2523 1475 terrae,

1444 1488 1478 1520 et
1504 1483 1699 1532 inspiravit
1726 1484 1764 1520 in
1783 1483 1932 1532 faciem
1960 1483 2040 1519 eius
2065 1482 2296 1533 spiraculum
2323 1484 2432 1520 vitae.

1497 1537 1572 1574 Per
1590 1536 1667 1574 hoc
1685 1543 1819 1574 autem
1837 1534 2054 1574 excluditur
2070 1545 2179 1574 error
2196 1534 2429 1587 ponentium
2443 1532 2525 1575 ani*

1444 1601 1529 1627 mas
1557 1589 1606 1627 ab
1635 1589 1779 1638 angelis
1808 1601 1891 1627 esse
1920 1597 2077 1627 creatas.

1416 1780 1448 1806 13
1467 1780 1500 1806 ab
1519 1788 1552 1806 eo
1567 1784 1632 1814 post
1649 1780 1728 1807 habet
1745 1781 1774 1814 Z,
1794 1789 1810 1807 ιι
1828 1782 1885 1808 Deo
1903 1782 1934 1808 Ρ.
2026 1782 2058 1808 15
2077 1783 2158 1809 Sacra
2175 1790 2220 1809 οιι
2238 1782 2382 1809 ΕΘΝΧΖό.

1082 1907 1420 1941 Commeat-,aria
1454 1908 1765 1942 Fen-mensis

396 2031 523 2052 usurum
545 2021 585 2052 ad
607 2021 798 2058 secundum,
825 2022 958 2062 ponitur
979 2021 1060 2052 haec
1089 2021 1274 2052 conclusio:
1300 2021 1398 2053 Solus

396 2067 486 2098 Deus
508 2066 651 2097 animam
674 2066 851 2097 humanam
875 2065 908 2096 in
933 2075 1001 2096 esse
1018 2065 1182 2106 produxit
1193 2066 1220 2096 ’ἢ

377 2121 404 2143 1.
428 2111 592 2142 Probatur
613 2115 722 2141 autem
741 2110 850 2151 grimo
873 2110 930 2140 sic.
949 2110 1069 2141 Anima
1090 2110 1206 2151 incipit
1227 2119 1297 2141 esse
1320 2120 1396 2142 cum

320 2165 467 2198 corpore,
491 2161 528 2187 ut
551 2160 718 2186 ostensum
749 2161 796 2186 est
824 2155 982 2195 superius.
1007 2154 1049 2186 Et
1083 2164 1152 2185 non
1177 2155 1255 2195 quia
1280 2164 1339 2196 per
1361 2164 1396 2186 se

319 2206 503 2243 generetur:
528 2210 604 2232 cum
631 2210 700 2231 non
723 2200 763 2230 sit
787 2200 971 2240 composita
998 2209 1036 2230 ex
1063 2200 1196 2230 materia
1219 2205 1251 2230 et
1278 2199 1394 2231 forma.

319 2248 388 2278 Nec
413 2247 489 2286 quia
511 2250 681 2285 generetur
704 2254 762 2285 per
785 2244 935 2275 accidens
959 2253 1017 2284 per
1044 2245 1191 2284 corporis
1213 2246 1395 2285 generatio-

319 2302 397 2323 nem
420 2291 537 2321 virtute
565 2290 712 2320 seminis:
737 2294 774 2320 ut
807 2289 905 2320 etiam
935 2294 981 2319 est
1011 2294 1190 2320 ostensum.
1222 2289 1310 2330 Ergo
1337 2299 1396 2330 per

321 2336 527 2368 creau'onem.
552 2334 638 2374 Ergo
663 2344 681 2364 a
704 2334 776 2364 solo
799 2333 882 2373 Deo,
907 2334 1000 2364 cuius
1023 2333 1125 2364 solius
1149 2339 1196 2364 est
1219 2343 1336 2371 creare,
1361 2335 1394 2365 in

322 2391 391 2412 esse
413 2379 613 2420 producitur.

379 2435 408 2455 2.
426 2423 585 2454 Secundo.
602 2423 721 2453 Anima
736 2423 878 2453 humana
893 2422 989 2453 habet
1005 2431 1135 2453 causam
1151 2423 1202 2453 sui
1225 2432 1294 2454 esse
1317 2424 1394 2454 acti-

322 2479 411 2500 vam:
437 2478 512 2499 cum
535 2477 604 2498 non
627 2468 668 2499 sit
693 2476 790 2498 suum
821 2476 900 2498 esse.
932 2467 974 2498 Et
1002 2467 1098 2498 habet
1130 2467 1194 2498 hoc
1224 2468 1395 2509 proprium

322 2515 405 2545 inter
428 2513 503 2544 alias
527 2511 657 2549 formas,
682 2511 773 2552 quod
797 2517 844 2542 est
866 2512 900 2542 in
923 2520 984 2542 suo
1008 2521 1077 2543 esse
1101 2512 1287 2544 subsistens.
1306 2512 1394 2553 Ergo

322 2559 418 2589 habet
433 2567 490 2598 per
505 2566 539 2587 se
555 2566 651 2588 suum
668 2555 747 2593 fieri.
760 2562 886 2597 praeter
901 2556 1038 2587 modum
1056 2557 1190 2588 aliarum
1206 2556 1394 2594 formarum,

323 2612 406 2644 quae
429 2611 486 2643 per
509 2600 658 2633 accidens
674 2600 757 2634 fiunt
779 2601 871 2632 factis
891 2601 1091 2642 compositis.
1110 2601 1196 2643 Ergo
1220 2607 1276 2634 aut
1298 2601 1335 2633 fit
1355 2611 1394 2633 ex

323 2648 433 2688 aliquo
452 2647 535 2677 sicut
550 2656 589 2676 ex
604 2647 753 2677 materia:
770 2651 826 2676 aut
842 2655 880 2677 ex
896 2646 998 2677 nihilo
1016 2655 1073 2686 per
1092 2647 1302 2678 creationem.
1318 2647 1395 2678 Non

324 2702 362 2723 ex
385 2692 530 2722 materia:
557 2691 633 2731 quia
656 2700 724 2721 non
754 2691 850 2721 habet
872 2692 1040 2722 materiam
1074 2696 1199 2731 partem
1222 2692 1282 2722 sui.
1307 2691 1395 2732 Ergo

323 2746 381 2778 per
404 2736 600 2767 creationem
624 2734 669 2766 fit.
694 2735 781 2776 Ergo
805 2745 824 2765 a
847 2735 918 2766 solo
954 2736 1026 2767 Deo
1050 2735 1236 2767 immediate
1259 2742 1394 2768 creatur.

379 2779 622 2812 Attendendum
645 2779 747 2821 quod,
763 2789 839 2811 cum
855 2781 987 2811 materia
1010 2781 1050 2811 sit
1069 2780 1103 2811 id
1126 2790 1168 2811 ex
1183 2791 1247 2823 quo
1271 2781 1398 2822 aliquid

85 2828 128 2850 'S-
137 2827 204 2850 Th-1-
215 2828 296 2855 ⁴;Did-
315 2825 361 2867 fit
384 2825 569 2860 inexistens,
595 2831 630 2855 ut
656 2830 744 2865 patet
766 2824 795 2854 V
819 2824 961 2866 Metaph.
978 2826 1005 2861 ’ζ
1030 2830 1160 2866 oportet
1190 2831 1226 2857 ut
1249 2825 1282 2856 id
1306 2825 1397 2867 quod

84 2855 124 2876 lib.
139 2854 180 2882 iv,
195 2861 230 2881 iu,
247 2862 266 2878 ι.

325 2879 392 2900 non
408 2869 515 2900 solum
531 2868 567 2900 fit
582 2869 616 2899 in
633 2868 741 2910 aliqua
755 2869 898 2908 materia,
914 2869 970 2900 sed
986 2870 1083 2901 etiam
1099 2879 1158 2911 per
1173 2879 1207 2901 se
1223 2869 1259 2901 fit
1275 2879 1313 2901 ex
1329 2879 1397 2902 ma-

325 2915 413 2951 teria,
429 2914 545 2945 habeat
559 2913 728 2944 materiam
743 2919 868 2954 partem
884 2914 944 2950 sui,
961 2919 992 2945 et
1008 2914 1048 2944 sit
1063 2916 1295 2955 compositum.
1319 2915 1397 2947 Ideo

326 2959 450 2999 optime
473 2958 588 2999 probat
607 2958 743 2990 Sanctus
758 2958 904 2989 Thomas
927 2959 1068 2990 animam
1092 2969 1160 2990 non
1183 2959 1252 2991 fieri
1276 2969 1315 2991 ex
1330 2969 1398 2991 ma-

325 3003 413 3042 teria,
437 3003 513 3044 quia
535 3012 603 3034 non
629 3003 726 3034 habet
748 3003 915 3034 materiam
938 3009 1063 3044 partem
1085 3005 1146 3036 sui.
1173 3005 1267 3036 Aliae
1289 3011 1399 3037 autem

326 3046 450 3079 formae
471 3057 540 3079 non
564 3056 622 3088 per
637 3056 671 3078 se
695 3047 788 3084 fiunt,
804 3047 886 3078 sicut
902 3057 963 3080 nec
986 3057 1044 3089 per
1060 3058 1095 3079 se
1110 3048 1229 3081 habent
1244 3059 1325 3086 esse,
1343 3049 1399 3081 sed

326 3091 409 3123 fiunt
432 3097 558 3123 tantum
577 3092 640 3123 alio
665 3091 761 3129 facto,
786 3091 907 3123 scilicet
931 3093 1128 3134 composito,
1144 3099 1180 3124 ut
1195 3094 1249 3125 hic
1273 3093 1398 3126 dicitur.

327 3135 414 3175 Ideo,
438 3136 513 3167 licet
536 3145 604 3167 non
626 3136 765 3167 habeant
788 3137 955 3168 materiam
978 3142 1102 3178 partem
1121 3138 1180 3174 sui,
1198 3144 1335 3180 possunt
1353 3144 1399 3171 ta-

326 3189 402 3211 men
426 3180 536 3221 aliquo
559 3179 661 3211 modo
677 3180 750 3217 dici,
767 3181 943 3222 improprie
966 3186 1086 3221 tamen,
1102 3181 1171 3214 fieri
1195 3193 1234 3214 ex
1257 3185 1399 3222 materia,

327 3226 521 3265 inquantum
545 3224 585 3256 de
609 3226 754 3265 potentia
775 3226 930 3257 materiae
953 3225 1146 3258 educuntur.
1181 3232 1183 3235 ’

385 3270 414 3300 3.
443 3269 563 3300 Tertio.
587 3270 707 3302 Anima
730 3274 777 3301 est
801 3268 842 3301 de
863 3280 982 3310 genere
1005 3271 1256 3304 substantiatum
1275 3273 1400 3305 intelle-

329 3314 493 3351 ctualium,
517 3323 601 3355 quae
623 3323 692 3345 non
714 3320 852 3355 possunt
878 3315 1013 3356 intelligi
1039 3315 1168 3357 prodire
1191 3317 1225 3348 in
1249 3327 1317 3349 esse
1341 3318 1400 3349 nisi

329 3367 386 3398 pet
408 3359 493 3389 viam
516 3359 696 3390 creationis.
713 3358 799 3399 Ergo
824 3364 885 3390 etc.
903 3376 924 3382 -
939 3359 1030 3391 Patet
1052 3362 1294 3402 consequentia.
1316 3361 1402 3401 Quia

330 3411 444 3433 eorum
467 3411 550 3443 quae
574 3408 650 3434 sunt
672 3403 768 3434 unius
783 3405 920 3443 generis,
936 3403 1018 3435 idest
1035 3405 1131 3435 unius
1148 3404 1269 3436 ordinis
1285 3415 1402 3443 rerum,

331 3451 377 3476 est
399 3445 485 3477 idem
508 3447 627 3478 modus
649 3446 833 3488 prodeundi
856 3448 890 3479 in
914 3458 992 3480 esse.

384 3490 626 3522 Attendendum
650 3492 741 3532 quod
764 3501 822 3532 per
838 3492 980 3525 eundem
1003 3493 1142 3525 modum
1166 3493 1349 3534 prodeundi
1369 3496 1403 3526 in

332 3543 400 3565 esse
422 3535 570 3575 intelligit
596 3536 732 3568 Sanctus
759 3536 905 3569 Thomas
935 3537 1022 3569 idem
1051 3548 1155 3578 genus
1181 3538 1405 3579 productionis

333 3586 400 3618 quo
423 3580 585 3619 atu'ngitur
608 3590 657 3612 res
680 3580 838 3622 producta
863 3582 1062 3614 immediate:
1088 3592 1156 3614 non
1179 3588 1289 3615 autem
1313 3585 1405 3615 intel-

334 3620 402 3660 ligit
425 3623 600 3654 accidentia
623 3624 675 3655 illa
698 3626 823 3666 generis
847 3625 1083 3666 productionis.
1100 3626 1201 3666 Quod
1225 3626 1310 3664 dieo,
1330 3629 1406 3669 quia

335 3664 414 3696 aliae
437 3668 631 3699 substantiae
655 3670 837 3709 spirituales
860 3680 928 3701 non
956 3671 1183 3711 producuntur
1206 3671 1240 3702 in
1263 3674 1406 3709 materia,

1451 2031 1560 2064 neque
1587 2026 1858 2063 praesupponunt
1885 2020 2028 2063 aliquam
2054 2021 2254 2053 materialem
2281 2021 2529 2066 dispositionem

1451 2075 1510 2107 per
1532 2075 1631 2108 agens
1653 2066 1810 2103 naturale,
1829 2066 1914 2097 sicut
1936 2066 2044 2097 anima
2066 2065 2284 2098 introducitur
2305 2067 2340 2100 in
2361 2067 2530 2101 materiam

1449 2120 1508 2153 per
1530 2121 1628 2153 agens
1651 2111 1796 2143 naturale
1823 2109 2023 2153 dispositam.
2054 2110 2130 2142 Hoc
2154 2111 2243 2143 enim
2266 2109 2384 2144 accidit
2514 2130 2528 2136 -

1450 2156 1551 2187 ctioni
1574 2156 1712 2193 animae,
1737 2164 1821 2198 quae
1851 2161 1900 2186 est
1930 2156 2061 2192 creatio,
2085 2155 2283 2198 inquantum
2311 2157 2430 2194 anima,
2453 2155 2530 2190 u'cet

1449 2201 1490 2231 sit
1512 2201 1689 2232 substantia
1712 2199 1949 2237 intellectualis,
1973 2205 2022 2231 est
2044 2206 2154 2232 tamen
2177 2201 2325 2242 corporis
2348 2200 2464 2233 forma.

1505 2255 1537 2286 4.
1556 2245 1696 2283 Quarto.
1713 2246 1832 2277 Anima
1847 2254 1916 2276 non
1932 2250 2040 2286 potest
2063 2246 2110 2276 sic
2132 2245 2272 2286 produci
2294 2246 2329 2277 in
2345 2255 2415 2278 esse
2437 2245 2531 2288 quod

1448 2291 1509 2322 sibi
1533 2291 1717 2331 acquiratur
1748 2289 1883 2331 aliquod
1913 2290 2111 2330 principium
2145 2289 2283 2329 essendi,
2307 2291 2391 2322 sicut
2413 2290 2531 2323 accidit

1449 2336 1482 2366 in
1498 2336 1595 2367 rebus
1611 2335 1819 2376 compositis:
1837 2343 1914 2365 cum
1929 2335 1971 2365 sit
1984 2335 2163 2366 substantia
2177 2335 2324 2376 simplex.
2349 2335 2437 2376 Ergo
2453 2344 2530 2376 pro-

1449 2379 1578 2411 ducitur
1601 2381 1634 2411 in
1658 2389 1728 2411 esse
1751 2379 1791 2410 ab
1822 2384 1936 2419 agente
1962 2388 2021 2420 per
2043 2379 2108 2410 hoc
2131 2379 2223 2420 quod
2251 2380 2463 2420 consequitur
2489 2380 2529 2412 ab

1448 2425 1520 2466 ipso
1545 2434 1614 2455 esse
1637 2424 1795 2455 absolute.
1812 2423 1899 2465 Ergo
1914 2434 1933 2455 a
1956 2424 2063 2465 primo
2083 2429 2115 2455 et
2137 2424 2310 2455 universali
2328 2429 2453 2465 agente,
2471 2425 2531 2466 qui

1448 2475 1497 2501 est
1511 2469 1612 2507 Deus,
1628 2468 1832 2511 producitur:
1858 2469 1935 2510 quis
1950 2469 2059 2510 ipsum
2074 2477 2144 2501 esse
2160 2473 2209 2500 est
2223 2469 2374 2510 proprius
2396 2467 2530 2501 effectus

1449 2514 1546 2555 primi
1568 2519 1601 2545 et
1622 2513 1811 2545 universalis
1834 2514 1967 2554 agentis.

1505 2558 1645 2590 Adverte
1661 2559 1714 2590 hic
1730 2557 1822 2599 quod
1837 2558 1974 2590 Sanctus
1994 2557 2140 2589 Thomas
2155 2558 2250 2599 ponit
2264 2566 2368 2589 unum
2391 2556 2531 2590 modum

1449 2612 1517 2645 quo
1541 2611 1611 2634 esse
1633 2603 1751 2635 dicitur
1773 2603 1924 2644 proprius
1947 2601 2081 2634 effectus
2095 2602 2168 2634 Dei.
2191 2602 2265 2635 Alia
2282 2602 2371 2635 enim
2393 2603 2530 2644 agentis,

1449 2648 1525 2680 licet
1547 2647 1625 2679 dent
1647 2657 1728 2684 esse,
1750 2646 1831 2679 illud
1854 2653 1963 2678 tamen
1986 2656 2056 2678 non
2079 2646 2157 2678 dant
2182 2646 2244 2678 nisi
2267 2656 2325 2688 per
2347 2646 2412 2678 hoc
2439 2645 2531 2688 quod

1447 2693 1642 2734 imprimunt
1664 2691 1891 2724 similitudines
1913 2701 2048 2723 suarum
2066 2690 2247 2723 formarum
2261 2692 2296 2723 in
2312 2691 2409 2723 rebus
2427 2691 2530 2729 factis,

1451 2747 1536 2779 quae
1559 2736 1738 2769 similitudo
1767 2742 1816 2768 est
1842 2737 1888 2768 rei
1919 2736 2022 2768 factae
2051 2737 2250 2778 principium
2274 2735 2412 2767 essendi.
2439 2736 2530 2768 Deus

1451 2788 1562 2815 autem
1585 2781 1640 2814 dat
1655 2791 1735 2818 esse,
1751 2791 1821 2814 non
1843 2782 1954 2816 solum
1976 2780 2084 2813 dando
2101 2781 2238 2814 formale
2259 2781 2462 2823 principium
2479 2790 2531 2822 ᾳ-

1451 2826 1554 2864 sendi,
1570 2826 1627 2859 sed
1643 2827 1740 2859 etiam
1756 2826 1801 2859 rei
1817 2825 1927 2858 dando
1942 2835 2012 2857 esse
2035 2824 2194 2863 absolute,
2210 2825 2335 2867 absque
2351 2824 2419 2858 hoe
2439 2822 2532 2869 ᾠὸά

1451 2872 1498 2903 illi
1521 2871 1576 2903 det
1599 2870 1687 2903 aliud
1710 2870 1908 2912 principium
1935 2870 2073 2902 formale
2104 2869 2241 2902 essendi.
2271 2869 2321 2901 Ex
2350 2878 2420 2912 quo
2442 2870 2532 2912 patu

1453 2916 1544 2958 quod
1572 2926 1642 2948 esse
1671 2915 1820 2947 absolute
1851 2921 1883 2947 et
1911 2915 2093 2947 secundum
2120 2924 2156 2946 se
2188 2913 2440 2952 consideratum,
2460 2919 2532 2947 non

1453 2967 1563 2992 autem
1586 2966 1624 2992 ut
1646 2960 1780 2992 effectus
1803 2959 1948 2992 formalis
1963 2959 2088 2991 formae
2110 2959 2314 2991 introductae
2336 2959 2372 2992 in
2397 2967 2434 2991 re
2454 2967 2531 3000 pn>

1453 3006 1560 3043 ducta.
1575 3015 1595 3037 a
1609 3006 1682 3037 solo
1706 3005 1779 3037 Deo
1795 3004 1996 3046 producitur.
2017 3005 2058 3036 Et
2073 3005 2119 3036 sic
2135 3004 2283 3036 absolute
2302 3009 2335 3035 et
2349 3003 2532 3041 secundnm
2587 3019 2594 3024 -

1453 3061 1488 3082 se
1511 3060 1581 3082 esse
1604 3055 1652 3082 est
1674 3049 1809 3082 effectus
1836 3050 1987 3092 proprius
2010 3049 2087 3081 Dei:
2111 3049 2253 3082 aliorum
2279 3053 2392 3080 autem
2414 3047 2532 3082 ectas-

1454 3095 1558 3127 fectus
1582 3100 1618 3126 ut
1641 3095 1850 3135 coniungitur
1874 3093 1998 3127 formae
2021 3094 2056 3126 in
2079 3093 2180 3126 altero
2203 3091 2393 3136 productae.
2519 3134 2521 3137 Α

1513 3140 1543 3171 5.
1562 3138 1696 3176 Quinto.
1713 3138 1802 3170 Finis
1818 3139 1945 3170 sulmae
1961 3139 2134 3175 humanae,
2151 3143 2184 3170 et
2199 3139 2269 3169 eius
2291 3135 2460 3179 perfectio.
2478 3140 2532 3167 ‘est

1455 3190 1492 3216 ut
1507 3194 1566 3226 per
1581 3184 1805 3224 cognitionem
1821 3189 1853 3215 et
1869 3193 2015 3215 amorem
2037 3181 2241 3214 transcendat
2255 3187 2364 3214 totum
2383 3179 2531 3213 ordinem

1456 3234 1675 3261 cremitarum
1698 3234 1731 3259 et
1753 3229 1914 3270 pertingat
1937 3228 1978 3260 ad
2001 3228 2144 3269 primum
2166 3227 2375 3268 principium,
2401 3225 2465 3265 qui
2483 3230 2532 3256 est

1456 3274 1556 3307 Deus.
1573 3274 1661 3314 Ergo
1677 3283 1695 3304 a
1711 3273 1783 3306 Deo
1800 3274 1951 3314 propriae
1965 3273 2063 3305 habet
2078 3281 2156 3305 suae
2171 3271 2304 3313 originis
2318 3270 2530 3310 principium:

1457 3318 1530 3350 finis
1553 3318 1642 3349 enirn
1665 3318 1710 3350 rei
1734 3317 1968 3360 correspondet
1991 3318 2061 3350 eius
2082 3316 2186 3359 princi
2210 3315 2254 3347 io.

1511 3362 1663 3402 Adverte‚
1679 3372 1721 3394 ne
1744 3372 1839 3399 erres,
1856 3360 1947 3404 quod
1962 3371 2032 3393 non
2046 3360 2122 3393 ideo
2138 3359 2189 3392 dic
2202 3364 2215 3390 t
2229 3357 2366 3391 Sanctus
2387 3357 2532 3391 Thomas

1457 3407 1558 3439 finem
1571 3407 1698 3439 animae
1711 3416 1780 3438 esse
1795 3407 1829 3438 in
1842 3415 1953 3439 amore
1969 3411 2001 3437 et
2012 3404 2200 3447 cognitione
2217 3403 2289 3440 Dei,
2303 3403 2395 3444 quasi
2406 3408 2532 3435 utrum*-

1459 3461 1524 3492 que
1547 3451 1589 3483 ad
1612 3450 1870 3483 beatitudinnem
1886 3448 2094 3482 essentialiter
2115 3447 2290 3488 pertineat:
2310 3446 2367 3478 sed
2383 3447 2460 3488 quia
2476 3455 2532 3479 co·

1458 3497 1561 3537 gnitio
1584 3502 1632 3527 est
1655 3496 1864 3528 essentialiter
1881 3493 2058 3530 haduide,
2075 3501 2167 3524 amor
2189 3497 2299 3523 autem
2322 3493 2426 3533 ipsam
2447 3492 2533 3523 inee-

1459 3540 1642 3582 parabiliter
1665 3541 1914 3573 concomitatur.

1517 3584 1750 3617 Courmmrun
1773 3584 1900 3620 ultimo.
1928 3582 2005 3622 quia
2032 3582 2098 3612 hoc
2121 3581 2301 3613 insinuatur
2333 3580 2412 3613 Gen.
2429 3591 2452 3617 r,
2476 3580 2532 3613 ubi

1461 3629 1634 3670 Scriptura,
1658 3628 1848 3661 animalium
1877 3627 2016 3658 aliorum
2044 3626 2166 3658 animas
2190 3625 2258 3656 aliis
2289 3625 2393 3658 causis
2415 3623 2533 3656 adscri-

1461 3674 1551 3710 bens,
1575 3679 1654 3714 puta
1677 3672 1829 3704 dicendo:
1855 3669 2045 3702 &educant
2067 3679 2172 3711 aquae
2196 3669 2310 3711 reptile
2332 3669 2463 3701 animae
2486 3669 2532 3700 νὶ-

2551 1443 2561 1453 “
2571 1441 2631 1471 Cnp.
2638 1446 2733 1469 tinem
2741 1445 2764 1469 7.
