2768 4134
52 454 62 464 ⁶
77 453 113 475 Cf.
128 458 150 474 n.
166 457 195 473 ιιι,

69 3055 77 3064 ·
94 3053 214 3081 Porphyrii
234 3052 283 3074 lm-

70 3087 142 3108 goge,
158 3085 208 3108 cap.
221 3085 255 3101 ιιι.

71 3322 79 3329 ·
95 3320 131 3342 Cf.
147 3320 202 3341 ibid.
213 3326 285 3346 ιιιιιι,

73 3354 96 3375 3:
112 3347 141 3368 de
159 3346 248 3370 Vlrtut..
264 3354 283 3368 a.

72 3380 92 3400 2,
107 3373 135 3394 ad
150 3379 176 3402 3.-

297 294 372 330 272

294 368 398 402 partes
422 358 566 393 includit,
591 357 711 386 scilicet
736 353 826 394 quod
857 358 986 393 oportet
1018 351 1058 381 de
1089 351 1148 381 hac
1179 349 1367 390 operatione

295 411 437 438 tractare,
455 408 485 432 et
507 401 596 442 quod
619 398 764 430 secundo
781 398 867 433 loco,
884 396 959 427 ideo
976 396 1081 436 primo
1098 395 1214 435 probat
1230 394 1368 434 primam

294 455 433 490 partem;
458 445 613 481 secundo,
638 443 814 475 secundam
830 443 857 472 ὕ.

349 492 506 522 Probatur
530 499 607 530 ergo
630 490 734 530 prima
758 497 829 528 pars
853 486 907 517 tali
931 486 1065 515 ratione.
1090 483 1235 514 Perfecta
1251 484 1296 514 rei
1313 493 1368 514 co-

293 538 395 577 gnitio
418 535 529 566 haberi
551 544 620 565 non
643 539 750 574 potest
780 532 840 562 nisi
872 531 940 562 eius
972 529 1118 570 operatio
1143 534 1369 569 cognoscatur.

294 581 357 612 Sed
391 586 437 611 est
469 579 588 620 duplex
618 578 763 619 operatio
798 577 919 607 divina:
954 575 1075 605 scilicet
1106 574 1304 609 immanens;
1339 579 1370 603 et

293 626 459 661 transiens,
484 634 548 664 qua
579 633 628 654 res
659 623 884 664 producuntur
914 621 946 650 in
978 629 1046 649 esse
1078 624 1109 649 et
1140 619 1369 659 gubernantur.

294 671 391 710 Ergo,
409 669 448 700 ad
463 668 645 699 habendam
664 667 840 708 perfectam
865 665 925 696 Dei
950 664 1172 704 cognitionem
1198 663 1370 704 (quantum

294 715 415 745 scilicet
438 715 471 744 in
494 714 554 744 hac
578 714 642 743 vita
665 712 775 743 haberi
799 710 930 751 potest),
956 713 1086 749 oportet
1109 713 1282 748 utramque
1302 708 1371 738 eius

295 760 518 800 operationem
543 767 750 798 cognoscere.
782 756 868 796 Ergo
894 754 950 795 qui
974 753 1043 784 vult
1074 752 1201 783 divinae
1231 753 1371 783 veritatis

294 803 588 835 manifestationem
620 802 724 832 facere
756 800 962 840 completam,
988 798 1083 829 debet
1105 807 1175 828 non
1198 797 1307 828 solum
1331 796 1370 827 de

294 850 398 890 prima
422 848 622 888 operatione,
647 846 703 877 sed
727 846 822 876 etiam
847 844 886 875 de
910 843 1052 874 secunda
1076 848 1219 873 tractare.

350 894 458 924 Minor
477 893 642 933 probatur,
660 888 888 930 distinguendo
906 888 1025 928 duplex
1041 896 1144 928 genus
1161 887 1370 927 operationis,

296 938 484 969 auctoritate
512 936 712 976 Philosophi,
741 935 783 965 IX
808 933 962 974 Metaph„
990 938 1066 963 text.
1092 932 1141 962 16.
1171 931 1260 962 Deus
1284 931 1371 962 enim

295 983 454 1022 intelligit,
475 977 556 1018 vvult,
580 980 698 1021 gaudet
729 986 759 1010 et
790 985 884 1014 amat,
914 987 998 1018 quae
1029 976 1068 1007 ad
1099 977 1242 1017 primum
1269 985 1372 1016 genus

296 1028 493 1068 operationis
516 1027 690 1067 pertinent;
716 1034 764 1054 res
789 1032 923 1064 quoque
947 1023 979 1053 in
1005 1031 1074 1052 esse
1098 1021 1250 1062 producit
1266 1026 1297 1051 et
1312 1030 1372 1061 gu-

296 1074 418 1108 bemat‚
443 1071 533 1112 quod
564 1070 604 1101 ad
631 1068 811 1100 secundum
839 1067 1038 1108 operationis
1068 1076 1170 1107 genus
1195 1071 1326 1106 spectat.
1351 1082 1373 1087 -

297 1117 401 1147 Maior
417 1126 493 1147 vero
510 1116 674 1156 probatur.
699 1114 747 1144 Ex
763 1112 864 1143 modo
883 1118 914 1143 et
930 1112 1037 1152 specie
1062 1111 1261 1151 operationis
1281 1119 1372 1140 men·
1399 1140 1400 1144 ,

297 1171 369 1192 sura
386 1167 417 1192 et
433 1160 568 1201 qualitas
584 1159 709 1190 virtutis
730 1163 882 1199 pensatur
899 1163 930 1188 et
951 1157 1169 1197 cognoscitur.
1194 1155 1257 1186 Sed
1273 1155 1373 1185 virtus

296 1207 342 1237 rei
374 1211 522 1236 naturam
555 1204 768 1235 demonstrat:
798 1212 874 1233 curn
902 1201 1166 1242 unumquodque
1193 1206 1306 1230 natum
1334 1200 1374 1229 sit

297 1251 422 1292 operari
439 1260 479 1281 eo
496 1249 586 1290 quod
609 1249 706 1279 talem
727 1253 874 1278 naturam
894 1247 1054 1277 sortiatur.
1070 1246 1157 1286 Ergo
1178 1251 1209 1275 et
1225 1245 1373 1285 operatio

297 1297 342 1326 rei
365 1301 513 1326 naturam
536 1299 702 1325 monstrat.
734 1293 820 1333 Ergo
851 1292 1029 1323 necessaria
1057 1297 1103 1322 est
1132 1291 1200 1321 eius
1229 1289 1373 1330 cognitio

297 1340 337 1371 ad
360 1350 429 1371 rem
452 1339 594 1380 perfecte
618 1337 892 1378 cognoscendam.

354 1385 448 1416 Circa
464 1384 710 1415 conclusionem
727 1381 959 1413 advertendum
977 1380 1068 1421 quod
1084 1390 1151 1411 non
1167 1380 1274 1420 inquit
1295 1379 1374 1409 San—

299 1437 368 1461 ctus
392 1430 547 1465 Thomas,
572 1429 616 1459 ad
645 1427 941 1469 manifestationem
971 1426 1102 1457 divinae
1133 1430 1282 1460 naturae,
1307 1423 1374 1459 sed,
1401 1443 1403 1467 ἰ

298 1476 342 1506 ad
361 1474 657 1517 manifestationem
673 1473 803 1504 divinae
820 1472 965 1503 veritatis
982 1476 1112 1512 oportet
1128 1470 1168 1501 de
1185 1469 1375 1510 operatione

300 1521 406 1551 divina
429 1524 614 1550 transeunte
638 1523 785 1549 tractare:
812 1518 897 1557 quia,
923 1517 997 1547 licet
1021 1515 1128 1546 divina
1152 1521 1265 1545 natura
1282 1520 1313 1544 et
1329 1513 1375 1544 di-

299 1566 373 1596 vina
397 1565 511 1595 veritas
534 1563 621 1594 idem
637 1563 762 1594 realiter
783 1563 855 1598 sint,
873 1571 941 1592 non
965 1567 1072 1592 tamen
1098 1560 1327 1591 determinatur
1343 1559 1375 1589 in
1402 1554 1404 1563 '

300 1612 364 1641 hoc
380 1610 462 1640 libro
479 1608 519 1640 de
535 1609 642 1639 divina
658 1614 770 1638 natura
786 1607 847 1638 nisi
863 1611 1019 1647 quantum
1035 1606 1079 1637 ad
1095 1606 1262 1637 veritatem
1279 1613 1376 1645 quam

290 1656 379 1698 fides
405 1654 575 1685 Catholica
598 1653 638 1683 de
662 1654 730 1693 ipsa
749 1653 935 1693 profitetur,
961 1657 995 1681 ut
1019 1652 1155 1691 ipsemet
1179 1650 1257 1680 dixit
1281 1658 1377 1689 supe-

302 1701 367 1731 rius
390 1701 423 1730 in
448 1700 554 1740 primo
579 1698 672 1733 libro,
697 1698 802 1738 capite
826 1695 981 1727 secundo.

358 1744 453 1774 Circa
488 1744 644 1774 maiorem
680 1742 938 1782 propositionem
972 1739 1243 1771 considerandum
1276 1738 1377 1779 quod,

303 1799 379 1820 cum
403 1788 522 1829 duplex
545 1789 585 1818 sit
607 1787 726 1818 modus
754 1787 960 1827 cognitionis,
985 1786 1105 1816 scilicet
1129 1795 1148 1815 a
1168 1784 1279 1825 priori
1303 1790 1334 1814 et
1358 1793 1378 1814 a

298 1834 488 1876 posteriori,
505 1834 538 1864 in
555 1838 695 1872 utroque
719 1831 820 1863 modo
845 1830 1065 1871 cognoscendi
1090 1839 1162 1860 vera
1187 1836 1234 1860 est
1258 1837 1379 1870 propo-

303 1879 376 1910 sitio
393 1878 501 1909 Sancti
518 1878 677 1908 Thomae.
703 1876 857 1917 Operatio
875 1876 961 1906 enirn
978 1875 1085 1906 virtuti
1103 1874 1378 1915 proportionatur,

303 1924 465 1964 habetque
494 1932 570 1953 curn
597 1922 666 1962 ipsa
697 1921 897 1956 affinitatem;
930 1925 961 1950 et
984 1920 1083 1950 virtus
1114 1919 1380 1960 proportionatur

302 1974 434 1999 naturae
464 1973 499 1998 ut
525 1967 594 1998 eius
620 1966 808 2006 proprietas.
834 1965 922 2000 Ideo,
939 1965 964 1995 si
981 1964 1116 1995 habetur
1146 1973 1166 1994 a
1185 1963 1297 2004 priori
1320 1972 1380 1992 no-
1406 1982 1407 1990 1

302 2014 371 2044 titia
387 2012 427 2043 de
443 2021 487 2048 re,
504 2011 583 2043 dum
607 2010 748 2052 perfecte
772 2010 980 2050 cognoscitur
996 2010 1040 2039 rei
1057 2014 1169 2039 natura
1186 2014 1217 2039 et
1233 2008 1380 2038 substan-

302 2103 442 2133 rabiliter
458 2101 707 2141 naturaliterque
725 2100 948 2140 consequitur;
974 2108 1012 2130 ex
1034 2098 1221 2138 cognitione
1246 2106 1380 2138 quoque

304 2147 428 2178 virtutis
452 2146 661 2187 cognoscitur
684 2144 724 2175 ad
748 2153 847 2185 quam
872 2144 1097 2185 operationem
1118 2143 1186 2184 ipsa
1203 2142 1380 2177 ordinatur,
1407 2152 1409 2192 ξ

305 2202 380 2223 cum
404 2192 502 2222 virtus
526 2191 566 2221 sit
589 2189 769 2221 secundum
795 2198 893 2230 quam
917 2198 967 2219 res
991 2194 1064 2219 nata
1089 2194 1135 2218 est
1156 2188 1292 2228 operari.
1309 2205 1332 2210 —
1348 2186 1381 2218 Si

305 2244 412 2269 autem
437 2246 458 2267 a
476 2235 658 2277 posteriori
680 2233 827 2265 habenda
851 2234 891 2264 sit
914 2234 958 2264 rei
983 2232 1124 2274 perfecta
1155 2233 1279 2269 notitia,
1305 2241 1381 2263 curn
1408 2245 1409 2253 ι

305 2293 323 2313 a
346 2282 527 2313 notioribus
551 2281 646 2311 nobis
665 2279 799 2320 incipiat
813 2284 922 2309 nostra
938 2278 1098 2319 cognitio;
1123 2283 1155 2308 et
1179 2277 1326 2318 operatio
1343 2278 1383 2308 sit

305 2327 400 2358 nobis
423 2327 532 2357 notior
560 2326 692 2361 virtute3
716 2325 882 2364 virtusque
914 2323 1090 2354 substantia
1120 2323 1165 2354 rei
1194 2322 1303 2353 notior
1327 2322 1380 2353 sit:

306 2381 436 2403 necesse
461 2377 507 2402 est
531 2376 566 2402 ut
590 2370 635 2400 rei
659 2369 789 2410 propria
813 2368 959 2409 operatio
984 2373 1209 2407 cognoscatur,
1226 2367 1252 2397 si
1269 2366 1383 2398 debeat

306 2426 356 2448 res
379 2418 447 2457 ipsa
471 2414 634 2456 completa
658 2414 772 2445 notitia
797 2413 961 2453 cognosci.
978 2431 1000 2435 —
1017 2413 1144 2453 Accipit
1168 2417 1276 2443 autem
1304 2411 1383 2442 San-

307 2467 377 2493 ctus
394 2461 539 2491 Thomas
555 2459 815 2500 propositionem
832 2458 914 2488 hanc
931 2458 1088 2488 maiorem
1104 2456 1298 2493 indistincte,
1315 2466 1382 2487 non

307 2504 552 2538 determinando
577 2514 610 2535 se
634 2503 673 2534 ad
697 2504 785 2534 hunc
809 2509 864 2534 aut
894 2502 985 2533 illum
1016 2501 1152 2533 modum
1177 2502 1383 2542 cognitionis,

309 2561 384 2583 cum
407 2551 440 2582 in
465 2556 605 2590 utroque
629 2558 703 2580 vera
726 2549 778 2579 sit:
811 2548 886 2579 licet
909 2547 1016 2578 divina
1039 2553 1152 2578 natura
1183 2556 1250 2578 non
1283 2547 1384 2587 possit
1410 2570 1411 2576 ,

308 2607 326 2627 a
349 2596 443 2627 nobis
467 2595 527 2626 nisi
552 2604 609 2635 per
633 2592 765 2624 effectus
789 2599 820 2624 et
843 2593 1049 2633 operationes
1073 2593 1239 2632 cognosci.

364 2641 401 2672 11.
427 2640 522 2672 Circa
545 2639 632 2670 illam
657 2638 917 2679 propositionem
934 2643 1131 2678 assumptam
1156 2636 1195 2667 ad
1219 2637 1384 2678 probatio-

308 2695 383 2717 nem
415 2685 557 2720 maioris,
588 2683 643 2714 Ex
672 2683 768 2714 modo
800 2688 831 2713 et
860 2682 964 2724 specie
997 2682 1198 2723 operationis
1231 2691 1384 2713 mensura

309 2737 339 2762 et
361 2730 502 2772 qualitas
526 2728 655 2760 virtutis
673 2733 844 2770 pensatur,
869 2726 1101 2758 attendendum
1133 2726 1223 2768 quod
1247 2726 1314 2758 duo
1339 2733 1385 2758 at·
1411 2737 1412 2742 ¹

308 2777 419 2807 tribuit
454 2775 590 2806 Sanctus
620 2773 766 2804 Thomas
800 2773 999 2813 operationi,
1031 2772 1153 2803 scilicet
1188 2772 1318 2803 modum
1353 2777 1385 2802 et

308 2821 455 2862 speciem,
484 2820 602 2860 quibus
630 2818 884 2859 correspondere
912 2817 987 2848 facit
1016 2827 1201 2848 mensuram
1225 2824 1256 2848 et
1280 2817 1385 2858 quali·
1411 2836 1413 2840 ,

310 2871 407 2897 tatem
431 2865 569 2895 virtutis:
602 2869 638 2894 ut
661 2863 810 2894 videlicet
837 2862 938 2893 modo
967 2863 1165 2903 operationis
1193 2871 1385 2903 correspon-

310 2911 383 2942 deat
407 2919 557 2941 mensura
574 2909 713 2944 virtutis;
738 2908 857 2949 speciei
881 2916 957 2938 vero
982 2907 1127 2948 qualitas,
1145 2906 1225 2938 idest
1250 2907 1384 2948 species

310 2956 447 2987 virtutis:
477 2963 552 2985 nam
576 2953 718 2994 qualitas
741 2953 784 2983 rei
810 2951 985 2993 aliquando
1013 2952 1170 2993 accipitur
1194 2962 1253 2993 pro
1277 2952 1385 2993 specie

310 3001 369 3037 rei,
406 2999 493 3031 unde
529 3004 560 3029 et
595 2997 772 3029 differentia
807 2997 1022 3028 substantialis
1057 2996 1173 3028 dicitur
1207 2996 1385 3038 significare

309 3045 406 3086 quale
429 3044 508 3086 quid
522 3045 549 3074 ².

366 3090 460 3120 Hanc
484 3094 593 3119 autem
617 3087 898 3118 coordinationem
923 3086 1008 3123 facit,
1026 3087 1101 3127 quia
1126 3087 1248 3127 species
1272 3096 1385 3128 opera·
1412 3081 1414 3093 '

310 3135 418 3171 tionis,
442 3132 623 3165 secundum
648 3142 746 3173 quam
778 3131 900 3163 scilicet
929 3131 1023 3162 habet
1055 3131 1146 3172 quod
1174 3132 1213 3162 sit
1237 3131 1306 3162 talis
1331 3142 1385 3163 na-

311 3186 400 3210 turae
425 3179 582 3219 operatio,
607 3178 646 3208 ab
670 3177 730 3208 alia
761 3177 950 3217 operatione
982 3176 1163 3207 secundum
1191 3177 1386 3207 substantiae
1412 3173 1414 3218 J

312 3225 469 3255 rationem
493 3223 651 3258 distincta,
668 3222 806 3253 sumitur
829 3231 847 3252 a
871 3220 975 3252 forma
999 3231 1056 3262 per
1079 3230 1177 3262 quam
1198 3231 1295 3261 agens
1311 3222 1385 3262 agit,

312 3275 347 3299 ut
370 3270 403 3299 in
428 3269 589 3309 plerisque
613 3268 693 3298 locis
724 3267 830 3307 inquit
861 3266 997 3297 Sanctus
1020 3265 1175 3302 Thomas,
1200 3266 1385 3307 praesertim

313 3364 359 3388 est
383 3359 522 3389 intensio
547 3364 578 3389 et
602 3358 759 3393 remissio,
780 3357 846 3387 sive
870 3355 1027 3397 perfectio
1052 3361 1083 3386 et
1107 3355 1320 3396 imperfectio.
1339 3366 1386 3387 re-

313 3402 412 3434 fertur
427 3403 459 3434 in
477 3402 711 3444 perfectionem
728 3407 783 3432 aut
799 3402 832 3432 in
848 3400 1130 3442 imperfectionem
1146 3401 1246 3441 ipsius
1264 3400 1386 3432 formae

830 274 1018 311 SUMMA
1048 271 1271 308 CONTRA
1300 268 1577 315 GENTlLES,
1608 268 1702 304 LlB.
1725 268 1766 313 ll,
1798 267 1909 303 CAP.
1936 268 1961 303 l.

1424 348 1604 379 secundum
1636 348 1723 378 enim
1748 347 1837 388 quod
1869 354 1915 377 est
1939 347 2038 377 virtus
2061 345 2203 386 perfecta
2231 347 2282 378 vel
2312 347 2499 388 imperfecta

1423 394 1455 423 in
1481 399 1606 433 agente,
1630 393 1672 423 ita
1697 393 1843 433 operatio
1868 391 2009 432 perfecta
2034 391 2083 421 vel
2107 390 2296 432 imperfecta
2319 398 2376 423 est.

1479 437 1520 468 Et
1549 438 1574 468 si
1603 437 1778 478 aliquando
1809 437 1915 478 inquit
1946 437 2083 468 Sanctus
2106 435 2253 466 Thomas
2277 437 2499 476 operationem

1424 482 1566 523 speciem
1583 491 1710 513 sumere
1727 492 1765 513 ex
1781 482 1912 513 obiecto
1929 483 1955 518 ff,
1978 480 2058 512 illud
2073 490 2141 511 non
2159 481 2349 512 contradicit
2365 481 2395 512 ei
2411 482 2501 523 quod

1424 527 1574 563 diximus,
1590 527 1694 567 ipsam
1709 536 1837 557 sumere
1854 527 1995 567 speciem
2013 537 2030 557 a
2047 525 2151 556 forma
2167 527 2300 566 agentis.
2318 526 2502 567 Utrumque

1425 573 1512 602 enim
1536 581 1649 602 verum
1674 578 1731 602 est.
1756 571 1842 609 Quia
1867 571 1970 602 forma
1993 572 2038 602 rei
2061 572 2199 612 genitae,
2227 581 2311 611 quae
2339 578 2387 603 est
2413 572 2502 602 obie-

1425 623 1514 647 ctum
1545 617 1772 657 generationis,
1804 615 1982 647 conformis
2012 622 2059 647 est
2090 615 2213 647 formae
2243 617 2440 656 generantis;
2472 622 2503 647 et

1425 662 1646 692 universaliter
1669 661 1826 692 terminus
1850 667 1881 691 et
1905 661 2071 692 obiectum
2094 661 2230 692 actionis
2261 661 2432 692 conforme
2457 667 2503 692 est

1425 707 1586 747 principio
1611 711 1642 736 et
1666 706 1774 736 virtuti
1798 714 1856 745 per
1880 715 1979 745 quam
2003 715 2141 746 operans
2165 712 2326 746 operatur.
2347 706 2504 737 Videmus

1426 752 1513 782 enirn
1538 750 1628 791 quod
1653 751 1740 781 calor
1764 749 1944 790 productus
1966 751 2000 780 in
2024 750 2113 791 ligno
2138 751 2177 781 ab
2208 751 2282 791 igne
2313 751 2504 782 assimilatur

1426 796 1525 827 calori
1549 797 1647 836 ignis;
1675 801 1706 825 et
1730 794 1879 826 sensibile
1911 804 1947 825 ac
1975 795 2175 835 intelligibile
2203 796 2323 826 habent
2350 797 2384 827 in
2407 806 2504 827 sensu

1426 847 1457 871 et
1480 841 1647 871 intellectu
1672 849 1744 870 suas
1769 839 1904 880 species,
1928 849 1946 870 a
1970 839 2090 880 quibus
2109 841 2249 871 sensatio
2273 847 2305 871 et
2328 841 2504 872 intellectio

1426 885 1583 926 procedit,
1608 885 1707 916 veluti
1732 895 1750 915 a
1774 884 1877 915 forma
1901 884 2023 924 agentis
2047 890 2078 914 et
2102 885 2346 925 complemento
2370 886 2504 916 virtutis.

1426 931 1513 968 Quia
1537 940 1614 970 ergo
1639 929 1764 970 species
1788 929 1987 969 operationis
2010 929 2043 959 in
2067 928 2262 969 qualitatem'
2279 930 2346 962 sive
2362 931 2505 971 speciem

1426 976 1551 1006 virtutis
1574 974 1720 1011 refertur,
1738 980 1769 1005 et
1785 973 1903 1004 modus
1926 974 1960 1004 in
1984 983 2181 1010 mensuram,
2197 973 2272 1005 ideo
2288 981 2374 1006 recte
2390 975 2506 1006 dicitur

1427 1020 1518 1060 quod
1542 1030 1584 1050 ex
1608 1020 1704 1050 modo
1729 1025 1760 1050 et
1782 1019 1887 1060 specie
1911 1019 2112 1059 operationis
2130 1025 2294 1059 pensatur
2308 1029 2460 1050 mensura
2476 1026 2507 1051 et

1426 1065 1569 1106 qualitas
1593 1065 1731 1096 virtutis.

1485 1110 1536 1140 111.
1562 1109 1747 1140 Secundam
1763 1118 1840 1139 vero
1857 1114 1982 1149 partem
2007 1108 2228 1139 conclusionis
2243 1109 2360 1149 probat
2370 1109 2398 1145 *,
2414 1118 2506 1149 prae—

1399 1181 1401 1188 ,
1427 1154 1587 1185 mittendo
1611 1155 1701 1195 prius
1725 1152 1937 1184 differentiam
1967 1153 2050 1184 inter
2080 1153 2507 1185 actionemimmanentem

1428 1205 1460 1230 et
1475 1204 1706 1230 transeuntem.
1731 1198 1772 1229 Et
1788 1197 1954 1239 duplicem
1970 1197 2183 1229 differentiam
2199 1198 2310 1239 tangit.
2327 1198 2434 1229 Prima
2449 1204 2507 1235 est,

1428 1245 1504 1285 quia
1534 1245 1717 1275 immanens
1748 1249 1796 1275 est
1826 1243 1928 1284 ipsius
1958 1243 2122 1284 operantis
2153 1241 2321 1284 perfectio,
2352 1244 2509 1274 transiens

1400 1315 1401 1323 ,
1428 1295 1537 1320 autem
1562 1295 1609 1319 est
1632 1287 1789 1329 perfectio
1814 1286 1903 1319 facti:
1937 1297 1975 1318 ex
1999 1297 2067 1328 quo
2097 1288 2194 1318 habet
2225 1298 2290 1319 una
2318 1294 2353 1319 ut
2385 1288 2509 1320 dicatur

1429 1334 1577 1375 operatio
1602 1339 1634 1364 et
1656 1333 1754 1369 actio,
1779 1333 1876 1364 altera
1899 1342 1977 1363 vero
2009 1339 2045 1363 ut
2075 1332 2200 1363 dicatur
2217 1333 2341 1375 factio,
2367 1333 2454 1364 unde
2477 1340 2508 1364 et

1428 1388 1486 1420 per
1502 1389 1574 1409 eam
1590 1377 1749 1419 producta
1765 1377 1957 1420 manufacta
1975 1377 2137 1408 dicuntur.
2154 1396 2175 1400 —
2192 1377 2342 1409 Secunda
2357 1384 2415 1415 est,
2432 1379 2509 1420 quia

1429 1425 1531 1465 prima
1556 1423 1702 1464 operatio
1727 1429 1774 1453 est
1797 1422 1982 1454 naturaliter
2005 1422 2094 1463 prior
2117 1422 2269 1454 secunda.
2293 1423 2378 1454 Nam
2394 1433 2510 1455 secun-

1430 1469 1508 1500 dum
1526 1468 1674 1499 ordinem
1690 1467 1941 1509 perfectibilium
1965 1473 2012 1498 est
2036 1466 2118 1498 ordo
2134 1466 2383 1508 perfectionum.
2400 1469 2510 1510 Agens

1430 1520 1539 1545 autern
1564 1519 1611 1544 est
1634 1512 1821 1544 naturaliter
1844 1513 1932 1553 prius
1949 1511 2046 1549 facto,
2064 1518 2096 1543 et
2112 1522 2208 1543 causa
2225 1513 2304 1544 eius.
2329 1513 2407 1544 Ideo
2423 1514 2509 1545 actio

1430 1560 1623 1594 immanens,
1648 1567 1732 1599 quae
1751 1563 1799 1588 est
1822 1556 1980 1598 perfectio
2004 1558 2138 1597 agentis,
2155 1564 2203 1588 est
2221 1558 2407 1589 naturaliter
2422 1559 2511 1599 prior

1403 1641 1405 1650 Ι
1430 1609 1627 1640 transeunte,
1648 1613 1732 1644 quae
1756 1609 1804 1633 est
1828 1602 1985 1643 perfectio
2002 1601 2088 1638 facti,
2105 1608 2137 1633 et
2153 1608 2201 1633 est
2217 1603 2286 1634 eius
2302 1604 2394 1634 ratio.
2419 1602 2510 1634 Con-

1431 1648 1576 1679 firmatur
1600 1647 1823 1688 exemplariter
1845 1648 1878 1678 in
1903 1646 2138 1682 aedificatione.

1490 1704 1518 1724 2.
1545 1693 1638 1724 Circa
1658 1693 1796 1733 primam
1812 1691 2035 1728 differentiam,
2053 1691 2326 1723 considerandum
2341 1698 2389 1724 est
2403 1693 2511 1734 primo

1433 1738 1534 1779 quod,
1559 1747 1635 1768 cum
1659 1738 1743 1768 actio
1768 1737 1924 1768 transiens
1954 1736 2021 1768 duo
2052 1737 2207 1777 importet
2237 1737 2270 1768 in
2294 1747 2352 1768 sua
2374 1737 2511 1775 ratione,

1434 1790 1469 1814 ut
1496 1783 1592 1814 habet
1623 1782 1761 1814 Sanctus
1785 1782 1931 1813 Thomas
1963 1781 2080 1818 Prima,
2106 1791 2138 1822 q.
2162 1792 2224 1817 xm,
2249 1792 2277 1812 a.
2307 1790 2333 1819 1,
2361 1781 2401 1813 ad
2426 1791 2456 1819 2,
2480 1787 2513 1814 et

1405 1820 1407 1875 ὲ
1434 1839 1465 1869 q.
1482 1838 1553 1864 xw,
1570 1838 1599 1858 a.
1619 1829 1663 1858 2*
1680 1837 1717 1858 ac
1735 1827 1766 1864 3,
1784 1833 1816 1858 et
1832 1827 1872 1858 111
1891 1827 1989 1868 Phys.
1997 1827 2043 1862 ’ἡ
2059 1827 2181 1858 scilicet
2204 1833 2343 1864 motum,
2361 1832 2393 1858 et
2415 1826 2513 1868 origi-

1406 1902 1407 1909 ,
1434 1883 1510 1904 nem
1534 1878 1643 1903 motus
1667 1873 1707 1903 ab
1731 1877 1860 1912 agente:
1885 1872 1911 1902 si
1935 1870 2158 1902 consideretur
2180 1871 2265 1903 actio
2290 1877 2449 1912 quantum
2472 1870 2512 1903 ad

1434 1923 1562 1948 motum
1579 1926 1678 1957 quem
1695 1917 1859 1957 importat,
1883 1916 1928 1947 sic
1952 1921 1999 1946 est
2023 1914 2179 1956 perfectio
2196 1915 2282 1952 facti,
2299 1921 2407 1948 motus
2426 1916 2512 1949 enim

1434 1968 1481 1994 est
1505 1962 1537 1992 in
1563 1961 1684 1998 mobili,
1701 1967 1737 1992 ut
1753 1961 1870 1992 dicitur
1887 1960 1928 1991 111
1944 1960 2044 2001 Pnys.
2057 1961 2089 1997 *3
2114 1960 2140 1991 si
2164 1966 2273 1992 autem
2293 1960 2515 1993 consideretur

1406 1998 1408 2041 ζ
1435 2013 1594 2048 quantum
1619 2006 1658 2038 ad
1681 2005 1906 2037 habitudinem
1922 2005 2066 2046 originis,
2083 2005 2128 2036 sic
2144 2011 2191 2036 est
2207 2004 2364 2047 perfectio
2380 2006 2514 2047 agentis,

303 2059 356 2094 tia,
377 2057 586 2098 cognoscitur
610 2056 706 2086 etiam
731 2055 830 2085 virtus
854 2063 938 2095 quae
962 2054 1059 2085 talem
1083 2059 1230 2084 naturam
1254 2053 1380 2092 insepa-
1406 2068 1408 2074 ι

1435 2051 1637 2084 considerata
1652 2051 1807 2082 relatione
1825 2057 1861 2082 ut
1875 2050 2026 2082 accidens
2042 2056 2100 2081 est.
2124 2050 2234 2082 Primo
2250 2050 2353 2082 modo
2369 2051 2515 2092 loquitur

1435 2098 1498 2128 hoc
1515 2097 1590 2128 loco
1607 2096 1745 2127 Sanctus
1761 2096 1907 2127 Thomas
1931 2094 1971 2126 de
1995 2095 2134 2132 actione,
2150 2105 2219 2127 non
2242 2102 2352 2127 autem
2368 2095 2514 2128 secundo

1436 2141 1548 2173 modo.
1574 2141 1690 2178 Immo,
1714 2141 1874 2178 Potentia,
1901 2150 1932 2181 q.
1948 2150 2003 2176 vu,
2020 2150 2048 2171 a.
2070 2140 2148 2177 10',
2173 2139 2290 2172 dicitur
2313 2141 2404 2182 quod
2427 2140 2514 2173 actio

1436 2193 1483 2219 est
1505 2186 1665 2228 quaedam
1685 2185 1847 2228 perfectio
1866 2185 2008 2227 propria
2031 2185 2161 2228 agentis
2177 2186 2203 2216 *.

1493 2230 1776 2263 Considerandum
1801 2230 1957 2267 secundo,
1974 2229 2065 2271 quod
2089 2230 2174 2261 actio
2198 2230 2374 2272 aliquando
2399 2230 2517 2263 dieitur

1436 2276 1593 2318 perfectio
1615 2276 1716 2319 sacti,
1744 2275 1922 2317 aliquando
1953 2281 2062 2306 autem
2087 2275 2245 2316 patientis
2275 2275 2445 2317 perfectio.
2473 2275 2517 2308 Et

1437 2327 1613 2362 utrumque
1630 2331 1743 2352 verum
1760 2327 1818 2358 est,
1834 2320 1891 2352 sed
1914 2319 2142 2352 diversimode.
2166 2320 2224 2351 Est
2247 2321 2335 2352 enim
2358 2320 2516 2361 perfectio

1437 2367 1586 2408 patientis
1611 2367 1693 2398 sicut
1717 2366 1852 2397 subiecti
1876 2366 2039 2397 actionem
2069 2365 2254 2406 recipientis
2277 2372 2309 2397 et
2331 2374 2390 2406 per
2411 2366 2516 2407 ipsam

1437 2411 1611 2443 informati.
1637 2411 1693 2442 Est
1717 2417 1825 2442 autem
1843 2409 1999 2452 perfectio
2017 2409 2102 2446 facti,
2119 2410 2145 2441 si
2161 2409 2383 2442 consideretur
2398 2417 2435 2442 ut
2450 2409 2515 2442 for—

1438 2457 1562 2488 maliter
1585 2456 1734 2487 distincta
1765 2466 1783 2486 a
1813 2456 1953 2487 termino
1985 2455 2131 2492 actionis,
2156 2455 2240 2486 sicut
2270 2454 2413 2486 formalis
2439 2464 2515 2498 pro-

1438 2501 1550 2533 ductio
1575 2500 1698 2532 formae
1723 2501 1834 2542 aliquo
1857 2499 1970 2537 modo,
1987 2506 2019 2531 et
2034 2501 2117 2531 sicut
2133 2501 2183 2531 via
2199 2509 2258 2541 per
2273 2509 2372 2540 quam
2388 2499 2428 2531 ad
2443 2509 2517 2541 per-

1439 2546 1615 2578 fectionem
1639 2547 1747 2587 operis
1771 2546 1970 2587 pervenitur:
1996 2546 2079 2576 sicut
2103 2544 2279 2576 calefacere
2302 2551 2350 2576 est
2373 2544 2518 2577 formalis

1411 2626 1412 2631 ¹
1438 2591 1612 2633 productio
1630 2591 1755 2627 caloris,
1773 2600 1830 2632 per
1845 2599 1945 2632 quarn
1962 2589 2154 2621 calefactum
2174 2596 2236 2627 est;
2261 2595 2293 2621 et
2316 2589 2517 2622 domificatio

1410 2633 1412 2671 ἶ
1439 2637 1613 2678 productio
1630 2635 1753 2667 formae
1770 2645 1827 2677 per
1843 2644 1943 2677 quam
1959 2642 2006 2666 est
2022 2635 2151 2666 domus.
2168 2635 2201 2667 Si
2217 2641 2326 2666 autem
2342 2635 2518 2677 accipiatur

1439 2682 1524 2713 actio
1549 2687 1583 2712 ut
1607 2687 1654 2712 est
1678 2681 1764 2712 idem
1789 2690 1865 2712 curn
1890 2680 2017 2712 formali
2041 2680 2181 2712 termino
2211 2680 2348 2712 actionis
2370 2680 2517 2712 materia-

1439 2727 1520 2764 liter,
1536 2727 1581 2758 sic
1598 2732 1645 2758 est
1665 2725 1822 2767 perfectio
1847 2725 1922 2757 facti
1946 2725 2029 2756 sicut
2053 2724 2159 2756 forma
2181 2730 2230 2756 est
2252 2724 2410 2766 perfectio
2426 2734 2518 2756 com-

1440 2772 1548 2814 positi,
1565 2782 1582 2802 a
1599 2781 1663 2813 qua
1680 2771 1902 2812 compositum
1919 2779 2011 2802 suam
2027 2770 2171 2811 speciem
2187 2770 2292 2801 habet.
2318 2770 2393 2801 Hoc
2414 2769 2517 2802 modo

1439 2817 1578 2849 dicimus
1594 2817 1707 2848 lumen
1719 2826 1789 2847 esse
1805 2822 1915 2847 actum
1931 2822 1963 2847 et
1979 2814 2214 2856 perfectionem
2227 2815 2328 2846 lucidi
2344 2815 2427 2846 sicut
2438 2824 2518 2846 con—

1440 2863 1541 2894 stituti
1557 2862 1591 2893 in
1607 2862 1715 2903 specie
1732 2871 1789 2902 per
1812 2862 1916 2902 ipsam
1940 2860 2063 2892 lucem:
2089 2869 2173 2901 quae
2197 2860 2295 2891 etiam
2314 2859 2431 2891 dicitur
2445 2869 2518 2901 per-

1412 2946 1413 2949 *
1440 2907 1538 2939 fectio
1556 2913 1587 2938 et
1603 2913 1693 2938 actus
1705 2906 1862 2948 diaphani
1874 2911 2030 2947 tanquam
2046 2905 2182 2937 subiecti
2198 2905 2383 2946 recipientis
2398 2905 2517 2936 lucem.

1495 2952 1596 2983 Nullo
1620 2958 1728 2983 autem
1753 2950 1856 2982 modo
1879 2950 1976 2986 actio,
2001 2955 2036 2982 ut
2059 2950 2145 2981 actio
2169 2956 2227 2986 est,
2247 2949 2324 2981 dicit
2347 2948 2518 2990 perfectio—

1441 3006 1517 3029 nem
1533 2998 1655 3038 agentis
1671 3006 1728 3037 per
1744 2995 1881 3027 modum
1906 2995 2110 3027 inhaerentis.
2135 2994 2222 3033 Quia
2238 2994 2435 3035 significatur
2449 3003 2518 3026 non

1441 3049 1477 3073 ut
1504 3041 1626 3083 aliquid
1657 3042 1688 3072 in
1722 3046 1835 3082 agente
1866 3041 2015 3077 existens,
2041 3039 2098 3071 sed
2130 3046 2165 3070 ut
2192 3041 2232 3070 ab
2263 3040 2336 3081 ipso
2366 3039 2399 3070 in
2431 3038 2518 3070 aliud

1441 3087 1608 3118 transiens.

1499 3132 1528 3163 3.
1554 3131 1648 3163 Circa
1672 3129 1848 3162 secundam
1872 3129 2096 3166 differentiam,
2112 3135 2272 3171 quantum
2295 3128 2336 3160 ad
2350 3128 2518 3160 ,rationem

1441 3187 1505 3218 qua
1522 3177 1676 3218 probatur
1692 3176 1855 3207 actionem
1878 3175 2111 3206 immanentem
2134 3183 2204 3206 esse
2227 3173 2411 3205 naturaliter
2430 3173 2518 3213 prio-

1413 3244 1414 3257 .
1441 3232 1509 3253 rem
1533 3227 1729 3257 transeunte,
1755 3220 1928 3252 dubitatur.
1960 3219 2036 3251 Non
2067 3219 2154 3250 enim
2178 3218 2304 3250 videtur
2332 3217 2414 3248 ratio
2438 3226 2517 3248 con-

1412 3295 1414 3305 ,
1440 3266 1571 3298 cludere
1596 3266 1781 3298 formaliter.
1806 3265 1889 3296 Nam
1914 3265 2027 3296 relatio
2046 3265 2169 3305 agentis
2184 3262 2225 3294 ad
2241 3271 2371 3303 passum
2387 3271 2455 3293 non
2471 3268 2518 3293 est

312 3314 416 3344 Prima
433 3312 611 3348 Secundae,
625 3322 656 3353 q.
670 3323 691 3349 1,
709 3322 736 3343 a.
755 3312 771 3342 3
787 3313 818 3348 *;
844 3310 962 3342 modus
978 3317 1086 3342 autem
1104 3311 1312 3351 operationis,
1330 3312 1385 3352 qui
1412 3328 1414 3347 μ

1441 3311 1626 3343 naturaliter
1650 3312 1737 3351 prior
1761 3310 1917 3342 relatione
1941 3309 2091 3350 patientis
2114 3314 2146 3339 et
2170 3307 2244 3338 facti
2260 3306 2300 3338 ad
2316 3316 2424 3347 agens,
2441 3316 2517 3338 cum

1441 3357 1579 3388 relativa
1602 3357 1669 3387 sint
1690 3356 1789 3387 simul
1810 3360 1931 3387 natura
1947 3355 1978 3385 'z
2004 3359 2036 3385 et
2058 3359 2167 3385 tamen
2190 3352 2303 3384 relatio
2326 3352 2450 3393 agentis
2470 3358 2519 3384 est

1412 3392 1414 3432 Ῐ
1441 3400 1598 3442 perfectio
1615 3401 1748 3442 agentis,
1765 3406 1797 3432 et
1819 3400 1932 3432 relatio
1955 3398 2105 3440 patientis
2120 3403 2168 3428 est
2183 3396 2340 3437 perfectio
2357 3397 2517 3438 patientis.

314 3448 444 3487 agentis.
471 3448 510 3478 Et
535 3448 610 3488 quia
634 3447 733 3477 virtus
757 3447 801 3477 rei
826 3451 873 3477 est
889 3446 957 3486 ipsa
979 3444 1083 3476 forma
1100 3455 1157 3486 per
1174 3454 1272 3486 quam
1289 3455 1386 3486 agens
1412 3433 1414 3492 Ξ
1441 3446 1528 3486 Ergo
1553 3445 1697 3477 similiter
1716 3454 1783 3477 non
1807 3444 1967 3485 sequitur:
1987 3443 2085 3474 Actio
2100 3442 2282 3473 immanens
2298 3447 2346 3474 est
2361 3440 2517 3483 perfectio

314 3493 376 3531 agit
403 3492 588 3523 immediate
611 3498 642 3523 et
666 3492 824 3532 proxime,
850 3491 952 3521 virtus
975 3491 1060 3521 enim
1083 3499 1210 3531 semper
1240 3491 1387 3521 nominat
1412 3495 1414 3541 Ι

309 3537 506 3577 principium
537 3537 685 3572 actionis,
704 3536 883 3577 praecipue
913 3535 1017 3567 virtus
1047 3544 1176 3571 causae,
1206 3540 1241 3566 ut
1271 3535 1387 3566 dicitur
1412 3546 1414 3587 Ῑ

316 3580 357 3610 IV
374 3580 470 3617 Sent.,
489 3581 519 3612 d.
537 3591 557 3617 ι,
574 3591 604 3622 q.
622 3592 642 3617 1,
660 3591 687 3612 a.
705 3590 736 3620 4,
755 3582 789 3621 qa
809 3591 842 3617 23
868 3580 942 3611 ideo
966 3580 1090 3621 species
1112 3580 1311 3620 operationis
1338 3589 1385 3611 re-
1412 3614 1413 3617 Ἰ

315 3623 413 3655 fertur
436 3626 468 3655 in
493 3626 678 3666 qualitatem
703 3632 733 3657 et
758 3626 899 3666 speciem
924 3625 1058 3662 virtutis,
1084 3630 1115 3656 et
1138 3624 1257 3656 modus
1285 3625 1386 3665 ipsius

1441 3491 1573 3532 agentis,
1597 3491 1754 3522 transiens
1784 3496 1893 3520 autem
1925 3486 2081 3529 perfectio
2105 3486 2191 3523 facti,
2223 3487 2310 3527 Ergo
2336 3487 2518 3518 immanens

1441 3542 1488 3566 est
1511 3535 1696 3567 naturaliter
1720 3535 1808 3575 prior
1830 3538 2025 3568 transeunte,
2042 3532 2118 3573 quia
2142 3541 2240 3572 agens
2264 3538 2311 3563 est
2332 3531 2518 3563 naturaliter

1441 3581 1530 3622 prius
1555 3580 1650 3611 facto.

1496 3624 1724 3666 Respondetur
1755 3622 1844 3664 quod
1875 3631 1973 3662 agens
2002 3621 2173 3662 dupliciter
2201 3626 2248 3652 est
2271 3621 2304 3652 in
2329 3627 2402 3652 actu
2426 3629 2517 3651 com-

316 3669 347 3699 in
365 3678 558 3706 mensuram,
575 3670 655 3701 idest
672 3671 704 3701 in
722 3671 933 3711 quantitatem
950 3669 1227 3711 perfectionalem,
1244 3670 1385 3706 virtutis;
1411 3674 1414 3710 l
1441 3670 1543 3710 pletoz
1570 3669 1690 3701 scilicet
1714 3668 1821 3709 primo
1845 3677 1881 3698 ac
1906 3667 2072 3703 absolut0;
2098 3673 2128 3698 et
2152 3666 2297 3698 secundo
2317 3675 2355 3696 ac
2371 3665 2515 3697 relativo.

2529 483 2538 491 ·
2563 481 2599 504 Cf.
2623 481 2667 503 12¹²
2689 481 2745 508 11⁸⁸,

2529 514 2594 535 xvm,
2602 514 2623 535 2,
2632 514 2743 537 53x11,=.

2534 1110 2544 1120 ·
2559 1108 2597 1132 Cf.
2611 1114 2635 1131 n.
2647 1114 2665 1136 ι,
2678 1107 2730 1131 init.

2540 1826 2549 1835 ·
2564 1825 2602 1847 Ad
2616 1830 2638 1848 ε.

2541 1853 2560 1901 ΖΪ
2570 1851 2690 1907 τῗρῑῖξῧ
2705 1858 2730 1880 ⁵³

2541 1958 2647 2013 ἰῑὶἱάῶ.
2655 1966 2674 1986 ις
2685 1958 2757 1981 mhi.

2542 2137 2605 2160 ‘Aa
2620 2143 2640 2161 ι.

2543 2184 2552 2192 ·
2571 2181 2609 2205 cf.
2626 2187 2649 2205 a.
2667 2187 2699 2211 nv,
2717 2182 2760 2204 Se-

2543 2209 2629 2232 cundo.

2545 3353 2554 3363 ⁸
2571 3351 2666 3380 Cales„
2676 3357 2700 3377 v,
2712 3350 2751 3374 26-
