2768 4134
63 722 73 732 ·
82 748 87 752 .
96 721 166 742 Num.
182 726 213 747 tv,
229 720 278 741 Sed

63 753 136 769 σινεα.

59 1657 67 1665 ·
82 1655 119 1676 Ad
135 1661 156 1684 3.

58 1700 67 1710 ²
83 1700 139 1727 Cap.
151 1706 181 1721 vr.

51 2650 60 2659 ·
75 2648 133 2676 Cap.
149 2655 224 2677 praec.

310 244 361 290 76

309 323 391 352 sicut
406 320 568 351 rationale
582 328 650 348 non
667 317 834 348 constituit
849 317 1008 347 rationem
1020 316 1176 347 animalis.
1189 335 1212 339 —
1223 317 1381 347 Probatur

309 364 549 404 consequentia.
575 361 675 400 Quod
691 362 735 392 sic
750 360 886 397 additur,
903 361 1071 391 constituit
1086 370 1154 391 esse
1171 362 1205 391 in
1221 366 1295 391 actu
1312 361 1381 391 eius

308 411 360 440 cui
383 408 517 438 additur.
543 407 607 437 Sed
629 407 693 436 hoc
716 407 750 436 in
775 406 846 436 Deo
871 411 918 435 est
941 404 1048 435 divina
1067 406 1214 443 essentia.
1238 405 1337 446 Ergo,
1354 405 1380 435 si

307 452 428 493 aliquid
460 452 519 481 sibi
550 450 758 482 essentialiter
790 450 969 485 adderetur,
993 449 1074 480 illud
1107 450 1176 480 eius
1209 450 1380 480 essentiam

307 497 525 527 constitueret.

362 540 456 572 Circa
479 540 567 571 illam
591 540 861 580 propositionem,
881 537 979 574 Quod
994 537 1128 568 additur
1143 538 1245 568 alicui
1267 538 1311 569 ad
1326 538 1380 569 de-

304 585 523 627 signationem
545 585 756 619 essentialem,
775 593 840 613 non
863 583 1032 613 constituit
1053 582 1122 612 eius
1142 583 1314 619 rationem,
1324 582 1382 613 sed

303 630 409 660 solum
434 639 502 660 esse
526 629 558 659 in
583 634 669 665 actu,
694 627 875 659 notandum
892 626 983 667 quod
1005 627 1086 657 haec
1109 627 1290 667 propositio
1311 637 1381 658 non

304 679 351 704 est
367 673 481 715 eadem
496 683 573 704 cum
588 674 642 704 illa
657 673 881 713 propositione
896 670 1117 712 praecedentis
1132 672 1265 702 rationis
1281 681 1381 712 quam

304 719 514 760 exposuimus
530 719 557 748 θ’.
582 717 618 749 ln
634 717 687 748 illa
702 718 790 748 enim
806 725 875 747 esse
890 716 924 746 in
941 720 1015 746 actu
1030 714 1228 746 referebatur
1245 715 1286 746 ad
1301 725 1381 747 con-

303 764 452 794 stitutum
482 772 541 803 per
570 771 672 802 genus
704 767 735 792 et
766 760 988 796 differentiam,
1013 760 1079 790 sive
1104 759 1144 790 ad
1167 760 1381 791 constitutum

303 817 362 848 per
384 806 529 838 additum
553 812 585 837 et
608 806 641 836 id
664 806 718 836 cui
740 804 777 836 fit
799 804 930 840 additio,
955 814 1039 844 quae
1062 803 1228 835 dicebatur
1251 814 1304 835 res
1327 805 1381 835 de-

303 852 435 894 signata
468 852 535 882 sive
567 851 791 885 determinata,
820 849 912 885 idest,
942 849 1046 889 ipsam
1077 847 1381 880 determinationem

303 896 487 927 includens:
511 905 579 926 non
603 900 711 925 autem
735 895 818 925 sicut
834 893 867 924 id
882 894 935 924 cui
951 893 1138 934 apponitur.
1136 893 1183 923 ab
1199 894 1380 924 extrinseco

304 941 492 981 designatio.
524 940 587 970 Hic
610 945 719 969 autem
742 938 877 969 refertur
901 937 940 968 ad
964 937 998 968 id
1023 938 1077 967 cui
1100 936 1137 967 fit
1159 937 1292 974 additio,
1313 939 1380 969 sive

304 985 344 1016 ad
374 994 481 1026 genus
506 985 624 1024 ipsum.
657 983 769 1014 Genus
794 982 892 1018 enim,
917 982 995 1022 quia
1017 981 1114 1012 habet
1136 982 1296 1013 rationem
1319 991 1381 1023 po-

303 1030 421 1060 tentiae
442 1034 474 1059 et
497 1027 758 1063 determinabilis,
775 1032 811 1057 ut
827 1026 1048 1057 consideratur
1063 1026 1124 1056 sub
1140 1027 1265 1057 ratione
1280 1027 1381 1058 totius

302 1073 500 1109 universalis,
524 1082 593 1103 non
615 1072 712 1102 habet
727 1072 761 1101 in
777 1081 811 1102 se
827 1071 970 1111 aliquem
994 1075 1104 1102 actum
1129 1080 1245 1101 eorum
1261 1072 1380 1112 quibus

302 1117 343 1148 ad
366 1118 509 1158 speciem
539 1116 777 1147 determinatur.
810 1114 887 1146 Ideo
918 1120 966 1146 est
995 1115 1029 1145 in
1060 1115 1208 1155 potentia
1230 1121 1380 1156 respectu

301 1161 553 1193 differentiarum
584 1166 616 1191 et
647 1161 838 1200 specierum.
871 1160 931 1190 Per
960 1159 1160 1190 additionem
1183 1169 1261 1191 vero
1289 1159 1380 1191 diffe-

301 1207 422 1237 rentiae
445 1206 482 1236 fit
504 1207 538 1236 in
561 1210 635 1236 actu
658 1204 855 1235 differentiae
880 1209 912 1235 et
934 1205 1065 1245 speciei,
1090 1209 1122 1235 et
1144 1203 1181 1235 fit
1209 1205 1380 1245 proprium

300 1251 520 1292 susceptivum
545 1249 711 1280 essentiale
735 1249 868 1280 actualis
896 1249 1098 1280 existentiae:
1123 1249 1206 1280 sicut
1235 1250 1378 1286 materia,

301 1296 377 1336 quia
399 1304 467 1325 non
490 1295 587 1325 habet
610 1295 643 1325 in
667 1294 715 1324 sui
740 1294 916 1324 substantia
940 1293 1083 1334 aliquem
1107 1298 1226 1330 actum,
1250 1294 1276 1324 si
1299 1303 1379 1324 con-

300 1339 455 1370 sideretur
478 1349 536 1380 per
558 1339 794 1380 praecisionem
811 1339 850 1369 ab
868 1338 960 1369 omni
983 1338 1098 1374 forma,
1116 1344 1164 1369 est
1179 1339 1213 1368 in
1233 1339 1380 1381 potentia

300 1390 336 1415 ut
353 1384 392 1415 ad
408 1385 491 1415 hanc
507 1383 558 1414 vel
573 1383 662 1414 illam
682 1382 822 1414 formam
846 1388 878 1414 et
901 1382 941 1414 ad
963 1383 1048 1413 hanc
1063 1382 1115 1413 vel
1131 1383 1219 1414 illam
1235 1383 1379 1425 speciem

299 1429 545 1465 determinetur;
570 1438 646 1459 curn
671 1433 780 1458 autem
804 1428 965 1468 acceperit
987 1427 1138 1463 formam,
1163 1433 1211 1458 est
1240 1428 1274 1458 in
1304 1433 1379 1459 actu

299 1474 385 1504 illius
409 1473 532 1504 formae
553 1478 585 1503 et
604 1472 724 1513 speciei
747 1481 806 1512 per
828 1473 931 1513 ipsam
955 1473 1161 1508 constitutae,
1190 1477 1222 1503 et
1248 1473 1282 1503 in
1309 1481 1379 1503 esse

300 1518 432 1549 actualis
456 1518 652 1554 existentiae,
678 1516 769 1558 quod
792 1516 881 1547 illam
904 1515 1044 1547 formam
1068 1517 1317 1548 concomitatur.

355 1563 409 1593 VI.
434 1562 486 1593 Ad
516 1562 674 1593 maiorem
706 1561 951 1602 intelligentiam
984 1570 1099 1592 eorum
1130 1571 1215 1602 quae
1247 1562 1282 1592 in
1314 1562 1379 1592 hoc

301 1608 404 1648 capite
429 1606 514 1638 dicta
542 1611 627 1642 sunt,
652 1605 821 1637 sciendum
852 1615 890 1636 ex
921 1605 1068 1636 doctrina
1096 1605 1205 1637 Sancti
1229 1606 1378 1637 Thomae

300 1652 416 1688 Prima,
448 1661 479 1692 q.
503 1661 545 1687 rv,
569 1661 596 1681 a.
619 1659 630 1681 ι
649 1652 675 1686 ⁵,
701 1651 741 1681 de
763 1651 847 1687 Pot„
872 1659 903 1690 q.
920 1660 975 1686 vn,
997 1660 1024 1681 a.
1051 1660 1081 1686 2,
1111 1656 1143 1681 et
1170 1650 1210 1681 de
1236 1650 1321 1681 Ente
1348 1656 1379 1682 et

299 1696 451 1727 Essentia
467 1697 494 1732 ⁴*,
520 1695 612 1736 quod
642 1696 732 1726 aliter
761 1694 966 1735 loquendum
997 1700 1045 1725 est
1074 1694 1114 1726 de
1145 1704 1214 1726 esse
1246 1696 1378 1726 actualis

301 1741 486 1772 existentiae
510 1741 669 1771 abstracto
693 1739 875 1771 secundum
899 1749 978 1776 rem,
1004 1739 1100 1780 quale
1127 1745 1175 1770 est
1205 1749 1274 1771 esse
1298 1740 1378 1771 divi-

300 1795 390 1822 num,
416 1790 448 1816 et
471 1785 561 1816 aliter
585 1784 625 1816 de
649 1793 717 1815 esse
747 1785 906 1815 abstracto
938 1790 969 1814 et
1001 1785 1169 1815 communi
1196 1784 1378 1815 secundum

299 1831 473 1860 rationem:
500 1830 582 1860 sicut
606 1829 694 1860 aliter
713 1828 917 1871 loquendum
934 1834 1017 1859 esset
1033 1828 1072 1859 de
1089 1828 1237 1860 albedine
1253 1830 1278 1859 si
1296 1835 1378 1860 esset

811 238 1000 275 SUMMA
1030 238 1252 275 CONTRA
1281 237 1558 286 GENTILES,
1590 239 1700 277 CAP.
1722 241 1858 286 XXIV,
1878 242 1998 278 XXV.

1434 323 1578 357 separata
1601 319 1783 351 secundum
1805 330 1875 351 rem
1898 321 1938 351 ab
1963 321 2054 351 omni
2077 321 2253 361 receptivo,
2275 326 2307 352 et
2322 321 2412 352 aliter
2426 323 2453 352 si
2473 323 2513 352 sit

1435 362 1590 392 abstracta
1622 363 1662 393 ab
1695 364 1787 395 omni
1821 366 1968 396 subiecto
2003 364 2185 396 secundum
2219 365 2513 397 considerationem

1434 411 1572 437 tantum.
1596 406 1808 439 Conveniunt
1831 409 1966 450 quidem
1995 410 2029 440 in
2060 410 2125 440 hoc
2153 419 2222 440 esse
2246 410 2441 441 abstractum
2463 420 2513 441 se-

1435 450 1580 481 cundum
1596 460 1676 487 rem,
1693 457 1725 482 et
1741 461 1809 483 esse
1826 454 2020 485 abstractum
2036 453 2217 484 secundum
2235 454 2405 490 rationem,
2422 454 2514 496 quod

1434 500 1587 525 neutrum
1611 500 1659 526 est
1681 505 1740 536 per
1762 496 1975 528 differentiam
1999 498 2170 529 formalem
2190 498 2447 529 determinabile:
2473 508 2513 529 eo

1435 539 1526 579 quod
1549 549 1619 570 esse
1641 540 1791 571 nominet
1814 546 1923 572 actum
1946 542 2217 583 perfectissimum
2238 549 2270 574 et
2297 542 2514 574 actualitatem

1435 584 1586 614 omnium
1609 584 1841 621 actuantauim,
1860 591 1894 618 et
1907 596 1966 627 per
1982 596 2188 628 consequens
2203 587 2283 618 nihil
2299 587 2340 618 sit
2354 588 2428 628 ipso
2444 596 2513 618 esse

1435 627 1603 658 formalius
1630 633 1663 658 et
1692 629 1864 666 actualius3
1886 639 1928 661 ex
1952 640 2020 671 quo
2051 632 2198 672 sequitur
2227 631 2319 672 quod
2348 641 2409 662 nec
2437 631 2513 662 huic

1434 682 1496 703 nec
1518 672 1565 703 illi
1588 672 1711 723 aliquid
1734 672 1880 704 additum
1904 680 1961 710 est,
1985 675 2131 716 alioquin
2155 677 2349 707 abstractum
2376 677 2513 706 omnino

1435 726 1504 747 non
1527 722 1625 753 esset;
1650 717 1733 747 sicut
1756 722 1789 748 et
1811 718 1959 754 animali,
1983 720 2164 752 secundum
2185 720 2277 762 quod
2292 719 2514 752 consideratur

1434 771 1494 802 per
1509 762 1758 792 abstractionem
1773 761 1813 792 ab
1829 762 1983 793 omnibus
1998 762 2194 801 differentiis,
2210 774 2279 796 non
2295 771 2343 796 est
2364 764 2514 796 adiuncta

1436 805 1615 837 differentia
1638 806 1823 837 rationalis.
1848 805 1913 837 Sed
1936 805 2088 838 differunt
2110 809 2145 839 in
2167 810 2232 840 hoc
2255 809 2347 850 quod
2370 819 2439 840 esse
2467 809 2514 840 di-

1435 851 1559 886 vinum,
1584 850 1768 881 secundum
1790 860 1860 881 rem
1883 851 1923 881 ab
1947 852 2038 882 omni
2053 853 2219 893 receptivo
2234 859 2428 894 separatum,
2445 863 2514 885 non

1435 895 1544 925 solum
1567 894 1773 926 determinari
1787 905 1856 926 non
1871 901 1980 936 potest
1994 905 2053 936 per
2068 895 2280 928 differentiam
2300 898 2513 933 essentialem,

1435 938 1493 970 sed
1515 948 1576 970 nec
1601 940 1698 970 etiam
1721 949 1780 980 per
1803 939 1938 981 aliquod
1960 941 2192 981 susceptivum,
2208 950 2250 972 eo
2266 941 2358 982 quod
2372 943 2406 974 in
2421 943 2514 974 nullo

1435 983 1536 1024 recipi
1558 984 1675 1024 possit:
1700 985 1784 1015 sicut
1807 983 1923 1015 albedo
1948 993 2033 1025 quae
2055 990 2139 1016 esset
2161 985 2288 1016 realiter
2309 992 2454 1027 separata
2474 987 2514 1018 ab

1434 1028 1527 1058 omni
1557 1028 1716 1064 subiecto.
1741 1037 1810 1059 non
1840 1034 1952 1070 posset
1979 1030 2014 1060 in
2044 1030 2191 1061 subiecto
2221 1030 2333 1072 recipi,
2357 1032 2515 1071 quoniam

1435 1073 1475 1102 ab
1499 1072 1559 1103 hac
1584 1077 1616 1103 et
1639 1073 1679 1103 ab
1702 1072 1757 1103 illa
1779 1073 1964 1114 particulari
1988 1073 2136 1105 albedine
2159 1073 2410 1115 distingueretur
2439 1076 2516 1116 quia

1435 1121 1518 1148 esset
1548 1117 1724 1148 subsistens
1746 1117 1788 1147 ab
1819 1118 1911 1149 omni
1940 1118 2088 1149 subiecto
2119 1124 2273 1160 separata,
2297 1119 2388 1150 aliae·
2405 1124 2515 1151 autem

1434 1162 1468 1192 in
1491 1161 1556 1192 hoc
1579 1166 1636 1192 aut
1658 1161 1716 1192 illo
1740 1161 1887 1193 subiecto
1911 1163 1988 1199 sint;
2012 1162 2111 1199 unde,
2135 1163 2162 1194 si
2184 1169 2407 1194 removeretur
2421 1163 2462 1194 ab
2477 1173 2516 1195 ea

1435 1215 1504 1236 esse
1528 1206 1704 1237 subsistens
1728 1211 1760 1237 et
1782 1211 1977 1247 separatum,
2001 1207 2067 1238 iarn
2090 1217 2160 1239 non
2182 1213 2266 1239 esset
2292 1207 2408 1239 eadem
2430 1217 2515 1249 quae

1434 1251 1535 1291 prius.
1566 1251 1645 1281 Esse
1675 1255 1786 1282 autem
1816 1250 1999 1282 secundum
2030 1253 2191 1283 rationem
2223 1261 2412 1290 commune,
2441 1253 2516 1284 licet

1434 1294 1623 1326 formalibus
1647 1300 1679 1326 et
1702 1295 1925 1327 essentialibus
1948 1295 2135 1327 differentiis
2157 1297 2287 1328 limitari
2309 1306 2379 1328 non
2401 1298 2515 1339 possit,

1433 1345 1542 1380 potest
1564 1345 1674 1371 tamen
1697 1349 1756 1381 per
1778 1339 1902 1371 diversa
1924 1341 2112 1382 recipientia
2135 1340 2354 1373 determinari:
2375 1341 2413 1373 fit
2427 1341 2516 1373 enim

1434 1393 1503 1415 esse
1526 1384 1670 1415 hominis
1686 1385 1763 1425 quia
1778 1385 1812 1415 in
1828 1385 1972 1416 humana
1986 1390 2102 1416 natura
2123 1386 2287 1427 recipitur,
2304 1391 2337 1417 et
2352 1395 2422 1418 esse
2438 1387 2515 1427 equi

1434 1430 1512 1470 quia
1534 1429 1569 1460 in
1590 1434 1706 1460 natura
1729 1429 1807 1470 equi
1830 1430 1997 1470 recipitur;
2019 1430 2104 1461 sicut
2125 1430 2243 1462 albedo
2262 1430 2446 1462 seeundum
2466 1440 2515 1462 ra·

1433 1474 1558 1504 tionem
1574 1474 1760 1505 communis
1779 1474 1934 1505 limitatur
1956 1474 1997 1505 ad
2019 1475 2104 1506 hanc
2127 1480 2159 1506 et
2179 1475 2270 1507 illam
2293 1476 2370 1517 quia
2393 1476 2428 1507 in
2450 1476 2515 1507 hoc

1434 1523 1467 1549 et
1489 1518 1546 1549 illo
1569 1518 1717 1549 subiecto
1744 1519 1906 1559 recipitur.
1931 1519 2011 1550 Esse
2035 1529 2115 1560 ergo
2137 1519 2295 1557 divinum,
2312 1520 2388 1552 licet
2410 1521 2452 1552 sit
2473 1521 2514 1552 ab

1434 1563 1526 1593 omni
1557 1563 1720 1604 principio
1752 1562 1987 1594 determinante
2011 1564 2208 1601 absolutum,
2235 1574 2304 1596 non
2330 1570 2379 1596 est
2405 1570 2515 1597 tamen

1434 1616 1503 1638 esse
1527 1616 1704 1639 commune
1728 1607 1909 1639 secundum
1932 1609 2106 1639 rationem:
2131 1610 2209 1650 quia
2238 1619 2308 1640 esse
2335 1618 2514 1642 commune

1433 1651 1615 1683 secundum
1638 1650 1809 1688 rationem,
1826 1651 1902 1683 licet
1923 1658 1961 1683 ut
1983 1653 2029 1684 sic
2052 1663 2121 1685 non
2137 1654 2178 1685 sit
2192 1663 2251 1695 per
2264 1653 2387 1695 aliquid
2409 1653 2514 1686 deter-

1433 1697 1594 1727 minatum
1620 1697 1654 1727 in
1687 1702 1771 1733 actu,
1801 1702 1910 1738 potest
1935 1702 2045 1728 tamen
2072 1707 2131 1739 per
2160 1699 2381 1739 susceptivum
2409 1698 2513 1730 deter-

1433 1741 1563 1778 minari;
1588 1750 1657 1772 esse
1688 1746 1798 1772 autem
1828 1741 1976 1773 divinum
2005 1752 2068 1773 nec
2096 1748 2170 1774 actu
2197 1752 2259 1774 nec
2289 1744 2435 1784 potentia
2465 1749 2515 1775 est

1433 1784 1693 1821 determinatum,
1718 1786 1821 1817 immo
1852 1785 1892 1817 de
1923 1787 2048 1818 ratione
2077 1796 2135 1818 sua
2164 1793 2213 1818 est
2241 1793 2279 1819 ut
2308 1787 2514 1821 determinari

1433 1839 1501 1860 non
1525 1830 1636 1870 possit.

1360 1941 1367 1967 Ξ
1380 1933 1452 1976 ,m

627 2073 1164 2132 CAPITULUM
1211 2074 1728 2131 VIGESIMUM
1779 2075 2183 2166 QUINTUM

761 2202 938 2256 QUOD
962 2203 1128 2246 DEUS
1152 2203 1282 2245 NON
1307 2203 1422 2246 EST
1444 2203 1506 2245 IN
1529 2203 1765 2257 ALIQUO
1791 2204 2040 2247 GENERE

434 2360 439 2369 ,
452 2356 493 2386 ,Δ
508 2338 531 2363 x
560 2326 636 2363 hoc
664 2334 796 2363 autern
816 2325 864 2363 de
886 2325 1109 2364 necessitate
1129 2326 1376 2364 concluditur

369 2475 377 2482 .
424 2468 438 2483 ,ἡ
575 2431 681 2470 Nam
711 2445 829 2470 omne
859 2433 968 2482 quod
997 2441 1053 2470 est
1081 2433 1122 2470 in
1151 2433 1283 2483 aliquo
1311 2446 1374 2482 ge-

379 2483 390 2494 ²
422 2486 434 2492 '⁴
457 2487 467 2493 '
482 2501 491 2511 ν
520 2498 624 2533 nere,
654 2486 771 2524 habet
799 2486 945 2536 aliquid
965 2486 1005 2524 in
1025 2499 1065 2524 se
1085 2499 1156 2536 per
1174 2487 1283 2536 quod
1307 2499 1374 2525 na-

1429 2334 1559 2364 autem
1597 2326 1732 2364 omnia
1767 2339 1868 2377 quae
1905 2335 1995 2365 sunt
2029 2327 2069 2365 in
2105 2327 2247 2365 eodem
2282 2340 2435 2378 genere,
2470 2328 2510 2366 in

1430 2379 1643 2442 quidditate
1676 2380 1827 2430 generis
1862 2380 2089 2421 convenire:
2125 2381 2219 2432 quia
2246 2381 2295 2420 de
2324 2381 2510 2421 omnibus

1428 2445 1553 2483 genus
1581 2436 1619 2471 in
1649 2434 1750 2484 quod
1775 2434 1866 2484 quid
1891 2441 1943 2472 est
1974 2433 2230 2485 praedicatur.
2269 2435 2364 2473 Esse
2397 2435 2511 2485 igitur

1429 2487 1635 2525 cuiuslibet
1662 2487 1701 2525 in
1730 2500 1871 2537 genere
1901 2488 2095 2526 existentis
2114 2496 2171 2526 est
2189 2496 2342 2538 praeter
2358 2489 2510 2539 generis

294 2547 380 2577 tura
398 2539 547 2588 generis
567 2539 790 2589 designatur
803 2540 851 2577 ad
873 2539 1061 2590 speciem:
1082 2540 1178 2577 nihil
1193 2541 1299 2578 enim
1318 2549 1375 2578 est
1396 2554 1406 2575 ς
1429 2540 1698 2591 quidditatem.
1720 2541 1808 2579 Hoc
1827 2551 1960 2580 autem
1980 2541 2019 2579 in
2039 2542 2126 2580 Deo
2146 2542 2386 2592 impossibile
2405 2550 2463 2580 est
2474 2542 2507 2580 ¹⁸¹.
2537 2543 2547 2553 '

294 2592 334 2630 in
353 2605 493 2642 genere
513 2594 621 2643 quod
642 2606 723 2631 non
742 2593 789 2631 sit
808 2593 847 2631 in
872 2593 1001 2644 aliqua
1021 2593 1105 2631 eius
1125 2594 1265 2644 specie.
1287 2594 1374 2632 Hoc

294 2654 426 2684 autem
454 2646 494 2684 in
518 2647 604 2684 Deo
628 2655 683 2684 est
705 2646 957 2698 impossibile,
979 2655 1022 2685 ut
1048 2655 1250 2686 ostensum
1271 2655 1328 2685 est
1340 2647 1371 2685 ¹¹¹.

293 2699 534 2750 Impossibile
554 2708 610 2738 est
630 2700 743 2750 igitur
762 2701 894 2739 Deum
909 2713 992 2738 esse
1013 2700 1053 2738 in
1067 2700 1200 2751 aliquo
1218 2713 1371 2751 genere.

347 2753 536 2804 Amplius.
568 2754 609 2792 Si
637 2755 745 2793 Deus
774 2754 821 2792 sit
848 2754 888 2792 in
916 2766 1069 2804 genere,
1090 2763 1157 2792 aut
1176 2763 1232 2792 est
1251 2755 1290 2792 in
1309 2767 1372 2805 ge-

1428 2594 1537 2632 Deus
1565 2594 1679 2644 igitur
1706 2594 1745 2632 in
1773 2606 1914 2645 genere
1942 2607 2023 2633 non
2053 2603 2120 2633 est.

1482 2647 1674 2698 Amplius.
1704 2649 2031 2700 Unumquodque
2059 2650 2272 2688 collocatur
2299 2649 2340 2688 in
2366 2661 2508 2700 genere

1427 2714 1499 2752 per
1518 2701 1709 2740 rationem
1729 2715 1822 2740 suae
1842 2702 2081 2754 quidditatis:
2111 2715 2235 2752 genus
2262 2703 2370 2741 enim
2396 2716 2507 2754 prae-

1427 2755 1579 2794 dicatur
1606 2757 1644 2793 in
1675 2757 1764 2806 quid
1790 2763 1852 2794 est.
1884 2757 1963 2796 Sed
1982 2756 2178 2807 quidditas
2197 2756 2271 2795 Dei
2295 2764 2352 2795 est
2374 2756 2507 2807 ipsum

293 2819 385 2845 nere
422 2807 645 2855 accidentis,
685 2816 751 2846 aut
788 2807 827 2845 in
865 2820 1005 2857 genere
1043 2808 1290 2846 substantiae.
1330 2810 1372 2846 In
1388 2826 1413 2841 ιο
1428 2821 1547 2846 suum
1567 2821 1651 2847 esse
1665 2809 1696 2846 ⁸⁸.
1728 2810 1959 2848 Secundum
1979 2810 2089 2860 quod
2108 2822 2191 2848 non
2209 2811 2423 2848 collocatur
2440 2810 2506 2849 ali·
2535 2809 2545 2819 ²

292 2873 432 2910 genere
466 2860 674 2899 accidentis
711 2874 792 2899 non
831 2869 902 2899 est:
938 2861 1116 2899 accidens
1156 2862 1261 2900 enim
1290 2875 1371 2901 non
1427 2861 1552 2913 quid
1543 2874 1582 2900 in
1600 2874 1757 2912 genere:
1779 2863 1871 2914 quia
1890 2864 1943 2902 sic
1968 2876 2033 2902 ens
2052 2871 2151 2902 esset
2169 2871 2304 2925 gemm,
2325 2864 2435 2914 quod
2459 2863 2507 2902 si-

292 2922 419 2965 potest
435 2927 518 2952 esse
532 2915 707 2965 primum
728 2927 797 2953 ens
817 2922 853 2952 et
872 2915 999 2966 prima
1019 2916 1211 2953 causa.1n
1230 2927 1370 2965 genere
1425 2915 1605 2965 gnificat
1596 2928 1724 2967 ipsum
1749 2929 1844 2955 esse.
1870 2916 2118 2968 Relinquitur
2137 2916 2252 2967 igitur
2270 2917 2379 2968 quod
2398 2917 2507 2957 Deus

293 2967 408 3006 etiam
430 2968 665 3006 substantiae
685 2981 768 3006 esse
789 2981 870 3006 non
889 2976 1030 3019 potest:
1047 2968 1139 3018 quia
1159 2969 1371 3007 substantia
1427 2982 1508 3009 non
1533 2969 1579 3007 sit
1603 2969 1643 3008 in
1665 2982 1818 3019 genere.

293 3033 395 3071 quae
414 3029 470 3059 est
488 3034 622 3071 genus,
643 3034 725 3060 non
753 3030 810 3059 est
838 3022 969 3072 ipsum
998 3034 1099 3069 esse;
1129 3022 1222 3060 alias
1241 3023 1370 3061 omnis
1479 3023 1600 3071 Quod
1629 3032 1762 3062 autem
1790 3037 1855 3062 ens
1883 3036 1965 3063 non
1992 3024 2114 3075 possit
2141 3036 2226 3062 esse
2253 3036 2388 3074 genus,
2415 3036 2505 3075 pro·

293 3075 505 3113 substantia
530 3083 629 3113 esset
652 3087 735 3113 esse
762 3088 892 3121 suum,
913 3085 951 3114 et
975 3075 1028 3113 sic
1055 3088 1136 3113 non
1156 3085 1254 3114 esset
1280 3089 1370 3115 cau·
1386 3077 1540 3116 xbatur
1558 3089 1629 3127 per
1647 3077 1964 3128 Philosophum
1954 3090 1994 3116 in
2014 3079 2122 3116 hunc
2140 3078 2308 3116 modum
2322 3077 2353 3115 ¹⁸.
2375 3077 2417 3116 Si
2435 3089 2505 3115 ens
2533 3073 2638 3127 &¹942
2683 3078 2746 3128 ¹1¹¹&

293 3136 374 3166 sata
402 3129 451 3166 ab
479 3128 567 3176 alio,
594 3129 703 3180 quod
732 3142 815 3167 esse
845 3141 925 3167 non
954 3137 1090 3180 potest,
1121 3137 1164 3167 ut
1191 3137 1295 3180 patet
1323 3143 1370 3168 ex
1425 3138 1524 3168 esset
1551 3143 1686 3180 genus,
1717 3139 1913 3182 oporteret
1947 3130 2208 3170 differentiam
2243 3130 2415 3182 aliquam
2447 3129 2504 3168 in-

54 3178 219 3233 λῦξξρῗξξζη,
294 3181 443 3220 dictis*.
466 3183 574 3220 Deus
599 3191 732 3221 autem
751 3191 807 3221 est
835 3182 965 3234 ipsum
987 3182 1131 3220 esse**.
1155 3183 1271 3232 Igitur
1290 3196 1370 3222 non
1425 3183 1549 3222 veniri
1577 3196 1648 3235 per
1675 3196 1795 3235 quam
1832 3186 2050 3224 traheretur
2083 3184 2133 3223 ad
2167 3183 2350 3234 speciem.
2386 3184 2505 3223 Nulla

295 3243 350 3272 est
378 3235 415 3273 in
445 3235 577 3286 aliquo
605 3248 758 3285 genere.
1426 3246 1557 3275 autem
1574 3237 1790 3276 differentia
1808 3237 2010 3289 participat
2022 3250 2159 3287 genus,
2174 3236 2226 3275 ita
2239 3236 2380 3275 scilicet
2393 3237 2503 3287 quod

348 3289 454 3326 Item.
485 3289 685 3340 Quicquid
713 3298 769 3327 est
798 3289 837 3327 in
865 3301 1005 3338 genere
1039 3290 1259 3328 secundum
1287 3303 1370 3328 esse
1425 3303 1548 3340 genus
1577 3291 1623 3329 sit
1650 3291 1691 3329 in
1719 3291 1867 3330 ratione
1895 3291 2146 3339 differentiae,
2175 3289 2268 3340 quia
2295 3290 2350 3328 sic
2380 3302 2504 3339 genus

296 3341 421 3379 differt
441 3343 489 3380 ab
509 3343 591 3380 aliis
611 3356 713 3393 quae
738 3343 778 3381 in
803 3343 945 3381 eodem
973 3355 1114 3392 genere
1143 3351 1248 3381 sunt:
1279 3343 1371 3382 alias
1387 3365 1413 3380 ,ο
1426 3353 1638 3394 poneretur
1665 3345 1724 3383 bis
1753 3345 1792 3383 in
1821 3344 2047 3383 definitione
2076 3343 2233 3394 speciei:
2264 3344 2331 3381 sed
2351 3352 2504 3394 oportet

295 3406 416 3443 genus
452 3396 499 3433 de
536 3397 713 3447 pluribus
752 3408 833 3434 non
871 3397 1168 3447 praedicaretur.
1207 3397 1372 3447 Oportet
1427 3398 1685 3436 differentiam
1715 3410 1798 3436 esse
1826 3405 1978 3450 praeter
2005 3397 2045 3436 id
2073 3397 2182 3448 quod
2217 3396 2437 3447 intelligitur
2463 3397 2502 3436 in

351 3507 363 3532 5
385 3508 541 3543 designatur]
562 3510 712 3542 designetur
731 3510 861 3536 GWYPc.
962 3517 995 3542 ¹4
1014 3511 1077 3536 alias
1103 3511 1203 3537 omnis.
1226 3531 1232 3537 .
1254 3510 1286 3536 16
1301 3512 1332 3537 ab
1352 3513 1403 3537 alio
1423 3512 1464 3537 Ita
1490 3512 1611 3538 GNWZb
1631 3513 1694 3545 (pro
1717 3519 1778 3538 em
1802 3519 1890 3542 tuum,
1909 3519 1989 3537 suum
2014 3518 2074 3536 esse
2093 3511 2138 3543 Z);
2165 3510 2230 3536 aliu
2249 3511 2337 3536 omnis
2356 3511 2503 3537 nubstantia

297 3549 366 3568 esset
379 3551 437 3568 esse
451 3552 536 3575 suum,
551 3553 611 3570 cum
625 3546 690 3570 ratio
703 3546 805 3578 generis
819 3545 954 3572 salvetur
948 3554 973 3571 tn
986 3546 1110 3571 omnibus
1124 3554 1192 3580 quae
1206 3547 1255 3572 sub
1274 3555 1370 3581 genere
1389 3549 1562 3578 continentur,
1581 3553 1608 3573 et
1626 3548 1663 3573 sic
1683 3547 1754 3573 nulla
1767 3546 1910 3572 nubet-ntia
1929 3551 1999 3572 esset
2012 3551 2117 3571 causata
2131 3546 2163 3571 ab
2177 3546 2228 3571 alio
2246 3545 2350 3572 aDEYc
2369 3549 2394 3572 et
2412 3554 2502 3573 corre-

296 3581 382 3604 ctores
403 3579 496 3607 GWZ:
517 3580 556 3604 ΡΑ
573 3581 729 3615 conflando:
748 3582 825 3607 aliu.
850 3600 857 3607 .
876 3589 937 3607 esse
956 3589 1035 3607 suum
1054 3587 1080 3607 et
1102 3582 1138 3607 sic
1161 3590 1213 3607 non
1237 3588 1308 3608 esset
1331 3588 1465 3608 causatum
1486 3584 1517 3608 ab
1537 3584 1596 3613 alio,
1620 3591 1680 3610 eum
1705 3583 1770 3608 mio
1793 3582 1909 3615 generis.
1917 3599 1936 3607 ..
1957 3582 1988 3607 ab
2008 3581 2068 3607 alio.
2089 3581 2130 3616 Cs.
2150 3581 2180 3613 11,
2199 3589 2256 3616 cap.
2277 3581 2309 3607 52
2333 3582 2397 3608 Item
2419 3583 2440 3608 εἰ
2461 3583 2501 3608 sit.

353 3614 366 3639 3
386 3614 412 3638 in
430 3599 509 3648 quod]
531 3616 555 3640 in
575 3623 607 3640 eo
626 3617 697 3649 quod
717 3617 856 3642 ENZsGY.
967 3616 984 3642 8
1004 3617 1083 3651 enim]
1104 3623 1191 3643 autem
1211 3617 1380 3651 aNZprPc.
1493 3619 1523 3644 13
1543 3619 1586 3653 sit]
1606 3624 1651 3645 eet
1666 3617 1826 3644 EGNWYZ.
