2768 4134
21 411 31 421 ·
45 409 102 436 cap.
118 415 149 435 nr,
171 415 195 431 n.
209 415 234 436 2,·

21 443 41 459 ι.
50 435 95 458 Th.
110 437 126 457 1.
135 442 156 463 7.

15 997 80 1026 ¹01³.
87 997 203 1026 eit-,048
209 1004 231 1021 v.

0 1687 25 1718 ξ’
38 1686 95 1710 vld.
108 1692 187 1716 nupta.

775 278 963 316 SUMMA
993 280 1215 318 CONTRA
1243 281 1518 329 GENTILES,
1545 284 1640 320 LIB.
1661 285 1702 329 II,
1733 285 1843 322 CAP.
1865 286 1947 323 LX.

262 362 305 392 ut
332 354 596 392 comburatur.
626 356 844 406 Intelligere
880 363 1003 394 autem
1040 359 1225 407 quoddam
1254 362 1338 409 pati

262 414 324 454 est,
354 415 398 444 ut
416 407 555 445 dicitur
574 408 614 445 in
633 409 679 445 ΙΙΙ
699 405 744 445 de
762 410 903 446 Anima
917 410 947 447 ³³².
979 411 1082 448 Cum
1106 411 1219 460 igitur
1236 424 1336 461 puer

261 461 308 499 sit
320 460 492 511 potentia
502 461 724 510 intelligens,
737 462 805 499 etsi
820 474 901 500 non
916 471 1003 501 actu
1017 464 1207 513 intelligat,
1219 477 1333 515 opor-

260 522 313 552 tet
340 515 450 564 quod
478 514 525 551 sit
553 514 593 551 in
621 526 668 552 eo
689 514 818 564 aliqua
835 516 1007 565 potentia
1026 529 1104 567 qua
1123 518 1169 555 sit
1195 526 1333 568 potens

261 567 479 616 intelligere.
517 568 626 605 Haec
659 576 791 605 autem
828 570 1000 618 potentia
1034 579 1090 608 est
1122 571 1333 609 intellectus

259 621 463 671 possibilis.
494 622 659 670 Oportet
677 621 790 670 igitur
808 623 916 671 quod
935 636 1059 673 puero
1079 624 1158 662 iam
1177 624 1223 661 sit
1242 637 1334 662 con-

260 674 414 712 iunctus
446 674 658 712 intellectus
691 675 882 724 possibilis
915 684 1125 726 antequam
1157 685 1245 715 actu
1278 678 1333 715 in-

259 727 410 776 telligat.
430 728 525 765 Non
545 735 600 764 est
623 727 737 776 igitur
755 728 993 767 continuatio
1014 730 1225 768 intellectus
1244 743 1333 780 pos-

259 780 376 819 sibilis
404 792 497 818 cum
531 781 691 818 homine
724 794 795 831 per
827 783 995 820 formam
1030 784 1259 822 intellectam
1294 784 1330 821 in

259 841 358 880 actu,
387 834 457 871 sed
484 833 566 884 ipse
598 834 810 872 intellectus
838 836 1028 885 possibilis
1056 837 1154 874 inest
1182 837 1333 875 homini
1349 854 1373 868 ιο

259 900 282 926 a
309 887 499 937 principio
528 887 625 925 sicut
652 888 797 938 aliquid
826 889 920 926 eius.

313 940 416 978 Huic
444 948 576 978 autem
604 941 742 979 rationi
770 942 979 991 respondet
1002 944 1194 980 Averroes
1221 955 1332 992 prae-

259 994 383 1032 dictus
402 994 432 1032 ²¹⁸.
463 994 564 1032 Dicit
591 994 697 1032 enim
730 995 839 1044 quod
868 1007 967 1045 puer
994 995 1133 1032 dicitur
1160 995 1331 1045 potentia

259 1047 471 1096 intelligens
490 1047 635 1097 duplici
655 1048 813 1086 ratione.
834 1049 924 1086 Uno
943 1049 1077 1095 modo,
1098 1049 1190 1098 quia
1207 1049 1331 1098 phan-

258 1109 421 1139 tasmata
449 1113 550 1151 quae
579 1109 669 1138 sunt
697 1101 736 1138 in
764 1101 861 1151 ipso,
891 1109 981 1139 sunt
1016 1101 1263 1150 intelligibilia
1290 1102 1330 1140 in

257 1154 440 1205 potentia.
480 1154 567 1192 Alio
604 1155 736 1200 mod0‚
771 1154 864 1204 quia
895 1154 1107 1192 intellectus
1139 1155 1330 1204 possibilis

257 1216 315 1246 est
341 1215 480 1258 potens
508 1207 726 1245 continuari
754 1219 847 1244 cum
875 1207 976 1257 ipso:
997 1215 1034 1245 et
1061 1220 1142 1245 non
1161 1208 1254 1258 quia
1273 1209 1329 1246 in-

257 1263 429 1300 tellectus
457 1261 504 1298 sit
531 1260 610 1298 iam
638 1260 770 1298 unitus
798 1260 844 1298 ei.
984 1289 987 1291 .

312 1314 612 1360 Ostendendum
640 1322 696 1351 est
724 1322 856 1351 autem
875 1314 983 1363 quod
1003 1321 1166 1363 uterque
1186 1314 1329 1352 modus

257 1368 304 1406 sit
331 1361 581 1405 insffffieiens.
611 1367 695 1404 Alia
715 1367 822 1404 enim
841 1375 898 1404 est
925 1366 1097 1416 potentia
1115 1379 1195 1416 qua
1213 1380 1330 1416 agens
1345 1382 1371 1396 2⁰

256 1429 384 1472 potest
402 1430 525 1469 agere,
555 1428 592 1457 et
619 1420 693 1457 alia
719 1420 891 1469 potentia
924 1433 1003 1469 qua
1029 1420 1178 1469 patiens
1205 1429 1331 1470 potest

256 1474 346 1525 pati,
365 1481 404 1511 et
421 1486 469 1511 ex
488 1473 669 1532 opposito
689 1473 927 1510 dividuntur.
945 1474 1004 1510 Ex
1023 1485 1070 1510 eo
1090 1473 1203 1521 igitur
1221 1474 1331 1523 quod

256 1526 441 1566 convenit
469 1526 583 1564 alicui
611 1526 720 1575 quod
748 1526 868 1575 possit
895 1538 1019 1574 agere,
1041 1538 1122 1563 non
1146 1526 1332 1576 competit
1356 1562 1358 1564 .

257 1579 293 1618 ei
320 1579 430 1630 quod
456 1578 579 1629 possit
606 1578 696 1628 pati.
727 1579 846 1616 Posse
875 1586 1008 1616 autem
1041 1579 1247 1626 intelligere
1276 1587 1332 1616 est

256 1643 372 1684 posse
399 1631 494 1682 pati:
522 1643 615 1669 cum
643 1631 851 1681 intelligere
871 1631 1056 1680 quoddam
1080 1634 1164 1681 pati
1189 1634 1245 1677 sit,
1274 1644 1331 1668 se-

255 1686 435 1725 madum
453 1684 743 1734 Philosophum
758 1684 789 1721 *.
819 1685 914 1721 Non
933 1684 1046 1732 igitur
1069 1684 1207 1722 dicitur
1234 1696 1333 1733 puer

255 1746 396 1791 potens
423 1737 631 1787 intelligere
650 1749 698 1775 ex
726 1749 774 1775 eo
803 1737 912 1787 quod
930 1738 1201 1787 phantasmata
1223 1737 1264 1774 in
1283 1750 1331 1775 eo

255 1799 422 1843 possunt
449 1803 532 1829 esse
561 1790 751 1828 intellecta
779 1790 819 1828 in
847 1798 951 1828 actu:
987 1803 1079 1828 cum
1112 1791 1189 1828 hoc
1220 1791 1331 1840 perti-

255 1852 346 1886 neat
373 1845 424 1883 ad
450 1856 567 1895 posse
595 1855 726 1892 agere;
755 1845 1027 1893 phantasmata
1045 1843 1151 1881 enim
1170 1852 1332 1882 movent

254 1899 492 1939 intellectum
520 1896 756 1947 possibilem.

309 1952 464 1990 Adhuc.
495 1950 671 1988 Potentia
699 1962 945 1999 consequens
968 1949 1140 1999 speciem
1168 1949 1330 1988 alicuius

257 2017 340 2044 non
357 2004 544 2054 competit
571 2003 607 2042 ei
626 2003 844 2041 secundum
873 2003 912 2040 id
931 2003 1038 2052 quod
1059 2002 1229 2052 speciem
1249 2014 1329 2040 non

257 2058 424 2108 largitur.
454 2059 574 2095 Posse
594 2064 726 2094 autern
744 2055 952 2104 intelligere
971 2055 1223 2105 consequitur
1245 2068 1329 2105 spe-

257 2111 359 2151 ciem
394 2112 637 2149 humanam:
677 2117 734 2147 est
770 2109 876 2146 enim
912 2108 1118 2158 intelligere
1156 2109 1330 2158 operatio

257 2163 429 2203 hominis
448 2164 683 2214 inquantum
702 2162 940 2200 huiusmodi.
970 2163 1245 2200 phantasmata
1263 2175 1330 2200 au-

257 2226 338 2256 tem
373 2230 456 2256 non
492 2218 585 2255 dant
622 2216 792 2266 speciem
830 2217 1065 2261 humanam,
1104 2216 1172 2253 sed
1209 2216 1331 2264 magis

257 2278 553 2321 consequuntur
589 2269 859 2319 operationem
891 2268 1074 2306 hominis.
1113 2269 1207 2306 Non
1239 2281 1331 2317 ergo

258 2324 406 2363 ratione
431 2325 751 2374 phantasmatum
779 2329 905 2372 potest
933 2322 1008 2360 dici
1035 2334 1134 2372 puer
1161 2322 1332 2371 potentia

258 2377 482 2427 intelligens.

312 2430 495 2470 Similiter
522 2438 654 2468 autem
682 2441 811 2478 neque
839 2436 966 2478 potest
989 2427 1064 2465 dici
1091 2440 1190 2477 puer
1217 2440 1331 2478 posse

258 2483 466 2533 intelligere
495 2483 587 2532 quia
619 2482 831 2519 intellectus
863 2481 1056 2531 possibilis
1087 2488 1214 2531 potest
1241 2493 1332 2518 con-

257 2537 400 2575 tinuari
418 2549 511 2574 cum
539 2536 637 2586 ipso.
659 2535 723 2573 Sic
742 2535 848 2572 enirn
875 2534 1014 2584 aliquis
1037 2534 1176 2572 dicitur
1194 2542 1332 2583 potens

259 2603 371 2640 agere
399 2591 462 2627 vel
489 2587 568 2639 pati
603 2600 674 2638 per
705 2587 920 2638 potentiam
955 2587 1121 2625 activam
1156 2589 1218 2625 vel
1247 2599 1332 2637 pas-

259 2643 396 2690 sivam,
435 2643 533 2680 sicut
565 2641 704 2680 dicitur
735 2642 842 2679 albus
877 2653 948 2691 per
979 2641 1199 2678 albedinem.
1239 2641 1333 2677 Non

259 2704 392 2735 autem
419 2695 559 2734 dicitur
587 2694 725 2744 aliquis
749 2695 860 2732 albus
887 2701 1099 2743 antequam
1127 2694 1266 2730 albedo
1287 2693 1333 2730 sit

259 2750 295 2788 ei
323 2749 541 2787 coniuncta.
571 2749 674 2796 Ergo
703 2760 832 2797 neque
861 2746 1000 2784 dicitur
1031 2746 1168 2795 aliquis
1195 2754 1333 2795 potens

258 2815 371 2852 agere
399 2804 462 2840 vel
489 2801 568 2851 pati
587 2809 798 2850 antequam
817 2799 988 2850 potentia
1007 2799 1130 2836 activa
1153 2800 1216 2836 vel
1247 2811 1333 2848 pas-

260 2857 343 2894 siva
376 2855 411 2893 ei
443 2855 552 2893 adsit.
592 2855 687 2892 Non
725 2865 815 2902 ergo
853 2854 902 2891 de
939 2864 1063 2902 puero
1096 2859 1226 2901 posset
1259 2851 1333 2889 dici

260 2909 370 2960 quod
399 2916 454 2946 est
482 2916 622 2958 potens
651 2906 856 2955 intelligere
882 2913 1093 2954 antequam
1121 2905 1333 2942 intellectus

260 2962 464 3012 possibilis,
485 2962 553 3011 qui
581 2968 638 2998 est
656 2959 828 3010 potentia
855 2958 1099 3007 intelligendi,
1119 2957 1166 2995 sit
1186 2958 1221 2995 ei
1241 2970 1332 2995 con-

261 3016 442 3054 tinuatus.

315 3070 529 3106 Praeterea.
560 3066 679 3104 Aliter
697 3066 836 3104 dicitur
863 3064 1000 3114 aliquis
1023 3071 1162 3113 potens
1181 3063 1333 3113 operari

261 3130 473 3172 antequam
502 3121 643 3158 habeat
662 3128 841 3157 naturam
861 3131 939 3168 qua
959 3125 1151 3167 operetur,
1172 3125 1208 3154 et
1227 3116 1334 3154 aliter

261 3183 470 3226 postquam
500 3175 578 3212 iam
598 3174 715 3210 habet
734 3180 912 3210 naturam
934 3171 1000 3208 sed
1029 3170 1239 3219 impeditur
1263 3182 1334 3220 per

261 3228 440 3268 accidens
459 3228 508 3265 ab
529 3227 746 3276 operando:
777 3226 874 3262 sicut
901 3224 1008 3261 aliter
1035 3223 1173 3260 dicitur
1191 3235 1332 3272 corpus

261 3290 401 3332 potens
429 3281 516 3319 ferri
546 3292 700 3318 sursum
730 3287 940 3328 antequam
964 3277 1010 3314 sit
1038 3278 1133 3322 leve,
1163 3284 1200 3313 et
1227 3276 1334 3313 aliter

261 3343 472 3385 postquam
501 3334 579 3371 iam
599 3341 654 3370 est
681 3340 907 3382 generatum
927 3332 1011 3367 leve
1031 3330 1099 3366 sed
1123 3329 1333 3379 impeditur

262 3389 302 3425 in
317 3401 390 3426 suo
409 3395 533 3425 motu.
550 3389 654 3425 Puer
667 3394 798 3424 autem
813 3392 868 3422 est
883 3384 922 3421 in
937 3382 1107 3433 potentia
1121 3381 1332 3430 intelligens

317 3490 331 3516 3
351 3490 466 3523 potentia
483 3497 527 3515 om
546 3489 576 3520 E,
591 3491 656 3520 post
673 3487 820 3519 intelligens
839 3485 958 3510 aDWPc.

259 3533 304 3552 om
323 3526 401 3553 GYZ.
491 3532 525 3556 4²
545 3524 647 3557 potens]
668 3523 780 3556 potentia
801 3522 848 3546 Pa.

317 3569 348 3587 22
370 3566 396 3586 et
413 3568 467 3586 non
486 3568 528 3586 om
548 3560 579 3591 D,
599 3567 651 3584 non
671 3559 703 3590 P;
724 3567 738 3583 a
756 3558 831 3583 nobis
850 3564 893 3582 om
912 3556 943 3580 D.

262 3597 378 3623 DNWY.

261 3632 322 3666 bile}
341 3632 413 3665 quod
431 3630 594 3664 impossibile
612 3630 645 3661 Y,
664 3629 790 3664 possibile
809 3629 837 3654 Ρ.

1049 3483 1065 3509 8
1085 3483 1217 3517 possibilis
1235 3490 1278 3508 om
1298 3483 1407 3508 aDwx.

2378 301 2451 337 421

1389 372 1470 397 non
1494 362 1604 410 quasi
1628 363 1807 400 nondum
1829 364 1976 401 habens
2004 372 2184 403 naturam
2211 365 2454 415 intelligendi,

1390 413 1458 450 sed
1486 414 1634 451 habens
1658 415 1983 464 impedimentum
2002 425 2044 454 ut
2068 430 2148 455 non
2167 418 2363 468 intelligat:
2385 420 2455 458 im-

1389 466 1543 514 peditur
1570 467 1675 504 enim
1701 468 1749 505 ab
1779 468 2022 518 intelligendo
2045 477 2202 520 propter
2220 473 2456 511 multimodos

1391 525 1510 556 motus
1538 521 1575 556 in
1605 522 1683 569 ipso
1712 523 1915 567 existentes,
1945 530 1987 560 ut
2015 523 2152 561 dicitur
2174 524 2212 562 in
2234 526 2299 562 VH
2322 527 2454 575 Physi-

1356 586 1365 607 ς
1389 583 1521 608 corum
1535 572 1566 609 ²¹⁴.
1601 574 1694 610 Non
1727 573 1838 621 igitur
1865 584 2022 624 propter
2050 577 2126 614 hoc
2152 577 2290 615 dicitur
2316 587 2454 628 potens

1389 624 1594 673 intelligere
1614 626 1706 674 quia
1725 626 1936 664 intellectus
1955 629 2156 677 possibilis,
2177 630 2245 678 qui
2263 639 2319 668 est
2346 631 2454 669 intel-

1388 677 1529 736 ligendi
1565 678 1812 728 principium,
1844 688 1968 729 potest
2005 682 2219 719 continuari
2258 684 2346 721 sibi:
2385 685 2454 722 sed

1388 742 1481 779 qula
1509 730 1587 768 iam
1606 739 1662 769 est
1689 732 1935 770 continuatus
1954 741 1990 770 et
2008 734 2217 784 impeditur
2236 737 2284 773 ab
2304 738 2452 775 actione

1387 784 1563 833 propria;
1593 785 1709 831 unde,
1739 785 2018 835 impedimento
2053 796 2213 833 rem0t0,
2243 789 2369 827 statim
2397 791 2453 828 in-

1388 836 1527 885 telligit.

1441 891 1547 926 ltem.
1578 890 1742 928 Habitus
1770 899 1826 928 est
1855 905 1926 941 quo
1960 894 2040 941 quis
2072 899 2250 942 operatur
2276 907 2361 931 cum
2389 909 2453 933 vo-

1387 943 1494 980 luerit
1509 943 1538 980 *ζ
1570 944 1733 993 Oportet
1761 944 1874 993 igitur
1894 945 2070 982 eiusdem
2098 958 2180 983 esse
2201 947 2388 993 habitum,
2418 957 2454 986 et

1387 996 1654 1045 operationem
1682 1010 1782 1046 quae
1815 1006 1871 1034 est
1903 998 2121 1036 secundum
2154 999 2341 1037 habitum.
2377 1001 2454 1038 Sed

1386 1049 1629 1087 considerare
1666 1049 1922 1099 intelligendo,
1961 1052 2068 1100 quod
2106 1060 2162 1088 est
2199 1060 2305 1090 actus
2337 1053 2454 1091 huius

1347 1119 1368 1138 ις
1385 1102 1540 1139 habitus
1567 1103 1635 1152 qui
1664 1111 1720 1140 est
1747 1103 1937 1150 scientiae,
1966 1116 2048 1141 non
2074 1113 2200 1154 potest
2228 1118 2311 1143 esse
2347 1106 2454 1150 intel-

1385 1156 1503 1192 lectus
1540 1156 1693 1205 passivi,
1731 1157 1800 1193 sed
1839 1165 1894 1194 est
1935 1157 2054 1206 ipsius
2091 1158 2301 1196 intellectus
2333 1159 2454 1208 possi-

1384 1208 1486 1245 bilis:
1525 1209 1575 1246 ad
1603 1210 1679 1246 hoc
1716 1209 1822 1246 enim
1849 1211 1957 1259 quod
1986 1210 2114 1260 aliqua
2150 1211 2320 1260 potentia
2347 1212 2454 1250 intel-

1384 1261 1482 1310 ligat,
1503 1269 1654 1311 oportet
1672 1263 1780 1311 quod
1800 1275 1880 1300 non
1900 1263 1946 1300 sit
1964 1271 2071 1301 actus
2090 1264 2262 1314 corporis
2280 1265 2452 1302 alicuius.

1385 1315 1488 1363 Ergo
1530 1323 1567 1352 et
1607 1315 1761 1352 habitus
1788 1315 1966 1354 scientiae
1999 1329 2080 1354 non
2112 1325 2168 1354 est
2196 1317 2235 1354 in
2263 1317 2454 1355 intellectu

1384 1367 1552 1416 passivo,
1573 1369 1640 1405 sed
1663 1368 1704 1405 in
1722 1368 1913 1406 intellectu
1932 1369 2114 1418 possibili.
2141 1370 2306 1408 Scientia
2323 1379 2455 1409 autem

1386 1420 1426 1457 in
1454 1421 1567 1458 nobis
1596 1429 1661 1466 est,
1691 1422 1910 1459 secundum
1938 1435 2056 1471 quam
2086 1422 2252 1460 dicimur
2279 1423 2451 1461 scientes.

1387 1474 1490 1522 Ergo
1518 1481 1554 1510 et
1582 1473 1792 1511 intellectus
1811 1475 2001 1523 possibilis
2020 1483 2076 1512 est
2104 1475 2143 1512 in
2162 1476 2285 1522 nobis,
2315 1484 2351 1514 et
2374 1489 2454 1514 non

1387 1527 1606 1563 secundum
1634 1539 1716 1563 esse
1745 1540 1768 1564 a
1796 1528 1908 1564 nobis
1937 1535 2145 1577 separatus.

1440 1579 1592 1616 Adhuc.
1615 1579 1802 1617 Scientiae
1822 1580 2043 1618 assimilatio
2063 1588 2118 1618 est
2137 1581 2288 1618 scientis
2303 1582 2352 1619 ad
2371 1594 2455 1628 rem

1347 1650 1370 1670 ,ς
1387 1630 1533 1668 scitam.
1564 1631 1636 1669 Rei
1664 1640 1794 1669 autem
1828 1632 1956 1678 scitae,
1995 1633 2228 1682 inquantum
2262 1642 2317 1671 est
2352 1635 2454 1681 scita,

1387 1695 1468 1720 non
1487 1684 1718 1721 assimilatur
1736 1685 1859 1722 sciens
1879 1685 1951 1722 nisi
1970 1687 2188 1723 secundum
2207 1687 2352 1735 species
2371 1687 2456 1724 uni-

1387 1738 1571 1774 versales:
1595 1737 1756 1775 seientia*
1771 1738 1876 1774 enim
1895 1738 1943 1775 de
1968 1738 2194 1775 huiusmodi
2214 1748 2279 1776 est.
2302 1740 2457 1789 Species

1387 1797 1519 1827 autem
1547 1790 1783 1828 universales
1802 1803 1883 1828 non
1902 1799 2066 1840 possunt
2093 1804 2176 1828 esse
2204 1791 2244 1828 in
2266 1792 2457 1830 intellectu

1386 1843 1554 1892 passivo,
1577 1855 1669 1883 cum
1697 1843 1744 1880 sit
1770 1844 1941 1894 potentia
1971 1853 2083 1882 utens
2112 1857 2269 1893 organo,
2300 1846 2366 1882 sed
2396 1858 2456 1883 so-

1347 1915 1372 1935 ao
1387 1898 1469 1933 lum
1498 1896 1538 1933 in
1571 1896 1764 1934 intellectu
1800 1897 1984 1946 possibili.
2024 1897 2190 1935 Scientia
2227 1897 2339 1946 igitur
2375 1911 2455 1936 non

1386 1956 1442 1986 est
1469 1949 1509 1986 in
1538 1948 1730 1987 intellectu
1758 1950 1924 1998 passivo,
1954 1951 2022 1987 sed
2050 1952 2177 1987 solum
2206 1950 2246 1987 in
2266 1950 2456 1988 intellectu

1384 2001 1568 2051 possibili.

1438 2055 1628 2104 Amplius.
1659 2056 1872 2092 Intellectus
1900 2054 1939 2092 in
1967 2055 2112 2101 habitu,
2142 2063 2184 2092 ut
2212 2056 2454 2093 adversarius

1386 2108 1592 2145 confitetur
1601 2108 1631 2154 ²¹²,
1653 2116 1708 2145 est
1727 2109 1886 2146 effectus
1905 2108 2115 2146 intellectus
2134 2108 2289 2157 agentis.
2310 2110 2455 2146 Intelle-

1386 2169 1469 2199 ctus
1489 2169 1620 2198 autem
1640 2161 1783 2209 agentis
1803 2162 1962 2199 effectus
1982 2169 2070 2198 sunt
2089 2161 2333 2209 intelligibilia
2356 2170 2453 2208 actu,

1386 2227 1557 2264 quorum
1586 2214 1789 2264 proprium
1818 2214 2005 2263 recipiens
2033 2222 2090 2251 est
2124 2214 2332 2252 intellectus
2367 2227 2455 2264 pos-

1387 2267 1515 2313 sibilis,
1545 2268 1594 2304 ad
1623 2280 1743 2317 quem
1771 2275 2019 2316 comparatur
2047 2279 2162 2315 agens
2194 2269 2285 2304 sicut
2316 2280 2380 2305 ars
2407 2268 2458 2305 ad

1347 2180 1369 2200 35

1387 2323 1597 2366 materiam,
1626 2328 1669 2357 ut
1696 2320 1917 2357 Aristoteles
1937 2320 2035 2366 dicit,
2066 2320 2104 2357 in
2123 2321 2169 2357 ΙΙΙ
2198 2321 2243 2357 de
2269 2322 2409 2358 Anima
2422 2320 2453 2357 ²¹².
2483 2324 2492 2332 ·

1388 2375 1552 2423 Oportet
1565 2373 1678 2422 igitur
1691 2373 1925 2411 intellectum
1938 2373 1978 2410 in
1992 2373 2137 2419 habitu,
2153 2373 2220 2422 qui
2236 2381 2290 2410 est
2304 2373 2456 2411 habitus

1347 2445 1373 2464 40
1388 2427 1578 2473 scientiae,
1598 2439 1681 2463 esse
1710 2426 1749 2463 in
1778 2426 1968 2464 intellectu
1987 2426 2168 2475 possibili,
2189 2438 2270 2463 non
2288 2427 2454 2475 passivo.

1442 2481 1654 2518 Praeterea.
1684 2479 1924 2528 Impossibile
1953 2487 2008 2516 est
2042 2479 2150 2528 quod
2185 2479 2365 2528 perfectio
2394 2492 2456 2516 su-

1387 2533 1549 2583 perioris
1577 2532 1809 2569 substantiae
1838 2532 2054 2581 dependeat
2081 2532 2130 2569 ab
2159 2531 2338 2569 inferiori.
2367 2533 2456 2569 Per-

1387 2587 1499 2624 fectio
1514 2593 1645 2622 autem
1659 2585 1870 2622 intellectus
1884 2584 2074 2634 possibilis
2090 2585 2282 2633 dependet
2295 2585 2344 2621 ab
2364 2596 2456 2633 ope-

1389 2639 1534 2676 ratione
1563 2637 1750 2675 hominis:
1781 2637 1973 2686 dependet
2000 2637 2106 2674 enim
2134 2649 2156 2673 a
2182 2637 2456 2686 phantasmati-

1388 2693 1473 2737 bus,
1502 2703 1602 2740 quae
1631 2698 1792 2728 movent
1826 2690 2059 2727 intellectum
2093 2689 2328 2739 possibilem.
2362 2690 2455 2727 Non

1389 2753 1444 2782 est
1472 2744 1584 2792 igitur
1611 2743 1821 2780 intellectus
1858 2742 2049 2792 possibilis
2084 2742 2211 2791 aliqua
2246 2742 2456 2779 substantia

1389 2797 1565 2847 superior
1592 2796 1763 2833 homine.
1793 2797 1895 2844 Ergo
1924 2803 2075 2845 oportet
2102 2796 2209 2844 quod
2238 2795 2283 2831 sit
2310 2794 2454 2843 aliquid

1389 2850 1559 2888 hominis
1586 2857 1631 2886 ut
1657 2857 1764 2886 actus
1791 2857 1828 2886 et
1855 2850 1980 2886 forma
2006 2848 2137 2897 ipsius.

1442 2903 1594 2940 Adhuc.
1625 2903 1910 2951 Quaecumque
1939 2909 2027 2938 sunt
2046 2909 2218 2950 separata
2237 2900 2454 2937 secundum

1349 2978 1374 2998 50
1389 2969 1482 3002 esse,
1512 2955 1655 2993 habent
1691 2955 1806 2992 etiam
1841 2962 2032 3004 separatas
2067 2953 2325 3004 operationes:
2361 2965 2454 2990 nam

1388 3022 1449 3048 res
1468 3017 1558 3047 sunt
1575 3016 1734 3058 propter
1752 3021 1841 3045 suas
1861 3007 2114 3057 operationes,
2135 3006 2231 3044 sicut
2253 3013 2359 3043 actus
2378 3005 2453 3055 pri-

1388 3075 1477 3100 mus
1496 3070 1654 3112 propter
1673 3061 1908 3106 secundum;
1929 3061 2034 3098 unde
2057 3060 2275 3097 Aristoteles
2294 3058 2393 3104 dicit,
2413 3059 2453 3096 in

1347 2709 1371 2729 45

1388 3118 1402 3153 I
1417 3117 1463 3153 de
1476 3117 1617 3152 Anima
1626 3114 1656 3160 ²¹²,
1680 3114 1798 3164 quod,
1820 3114 1850 3151 si
1871 3114 1999 3163 aliqua
2014 3112 2284 3162 operationum
2299 3111 2452 3148 animae
2480 3123 2492 3169 Ξ

1389 3177 1444 3207 est
1472 3169 1553 3206 sine
1582 3180 1756 3218 corpore,
1786 3168 1892 3216 quod
1915 3167 2089 3216 possibile
2122 3172 2172 3202 est
2204 3167 2370 3202 animam
2398 3177 2452 3201 se-

1349 3241 1371 3261 55
1383 3224 1531 3273 parari.
1563 3216 1747 3270 operatio
1776 3228 1905 3257 autem
1934 3220 2144 3256 intellectus
2172 3217 2360 3267 possibilis
2396 3217 2452 3254 in-

1388 3275 1489 3324 diget
1516 3286 1697 3323 corpore:
1728 3273 1818 3310 dicit
1845 3272 1950 3310 enim
1978 3272 2250 3320 Philosophus,
2279 3270 2318 3306 in
2342 3271 2388 3306 111
2408 3270 2453 3307 de

1387 3330 1528 3365 Anima
1536 3327 1567 3374 ⁹¹⁵,
1578 3328 1686 3376 quod
1701 3326 1910 3363 intellectus
1924 3333 2049 3374 potest
2063 3336 2174 3372 agere
2189 3335 2258 3373 per
2269 3322 2450 3372 seipsum,

1388 3381 1528 3418 scilicet
1556 3380 1771 3428 intelligere,
1792 3378 1950 3428 quando
1979 3385 2035 3414 est
2061 3377 2181 3414 factus
2210 3376 2249 3413 in
2277 3383 2364 3413 actu
2383 3387 2453 3425 per

1493 3489 1526 3513 14
1545 3481 1701 3513 intelligens]
1721 3480 1861 3512 intelligere
1880 3479 1928 3504 Pa.
2015 3486 2047 3511 27
2066 3483 2160 3511 potens
2179 3485 2221 3502 om
2241 3477 2295 3503 GZ.
2382 3476 2413 3501 32
2430 3476 2453 3501 ei

1047 3562 1081 3586 24
1099 3554 1224 3580 Scientiae
1241 3553 1393 3579 assimilatio
1411 3558 1453 3578 est
1472 3553 1514 3578 Ita
1533 3552 1609 3582 EGb;
1637 3551 1761 3576 Scientiae
1780 3555 1821 3575 est
1838 3550 1988 3575 assimilatio
2011 3549 2095 3579 «Xcd,
2114 3548 2224 3573 Scientia
2242 3553 2283 3573 est
2301 3546 2453 3572 assimilatio

452 3595 483 3620 35
503 3594 680 3628 intelligibilia]
701 3594 726 3619 in
744 3593 911 3626 intelligibilia
930 3599 955 3622 α,
975 3591 1000 3616 in
1020 3590 1171 3622 intelligibili
1189 3589 1227 3620 G;
1243 3596 1296 3620 pro
1314 3593 1380 3620 actu,
1400 3589 1426 3613 in
1444 3594 1503 3613 actu
1523 3587 1666 3612 atDWXPc.
1949 3620 1954 3626 ²
2085 3620 2091 3625 ι
2231 3619 2237 3624 ι

917 3627 949 3660 57
970 3626 1113 3651 intellectus
1132 3629 1219 3658 potest
1238 3624 1280 3649 Ita
1299 3624 1380 3657 NYZ;
1399 3631 1442 3649 om
1462 3623 1493 3653 G,
1514 3627 1600 3656 potest
1619 3622 1648 3653 E,
1667 3621 1752 3646 anima
1767 3626 1854 3654 potest
1873 3624 1952 3646 ceteri
1959 3629 1965 3651 ;
1981 3627 2035 3652 pro
2054 3627 2181 3652 seipsum,
2200 3626 2314 3651 seipsam
2334 3617 2453 3643 DWch.

1737 3585 1772 3617 46
1791 3591 1832 3610 est
1845 3588 1909 3617 post
1927 3585 2004 3618 igitur
2022 3584 2144 3609 oeWXPc.
2224 3583 2256 3615 54
2275 3583 2346 3616 quod
2367 3583 2454 3615 possi-

264 3667 297 3693 58
315 3672 356 3693 est
373 3666 466 3699 factus]
485 3667 630 3691 intellectus
650 3670 691 3690 est
708 3665 790 3690 factus
812 3664 877 3694 DPc,
896 3668 936 3688 est
954 3662 1035 3687 factus
1054 3660 1199 3686 intellectus
1218 3659 1265 3690 W;
1284 3661 1318 3693 cf.
1338 3666 1396 3686 var,
1411 3658 1538 3691 praeced.

2483 594 2493 604 '¹
2506 593 2563 621 cap.
2578 599 2613 622 111,
2625 600 2648 616 n.
2657 600 2680 622 7.

2481 954 2491 963 ·
2497 954 2619 980 Averroes,
2628 953 2660 974 111
2665 953 2695 974 de

2481 979 2573 1006 Anima,
2589 983 2644 1001 text.
2659 987 2667 1002 ι

2482 1005 2498 1027 f.
2511 1005 2558 1028 ¹61.

2483 2120 2695 2148 'Op.cit.,f.177v.

2484 2356 2502 2372 s.
2514 2349 2528 2370 Ί
2536 2339 2583 2370 nsi.
2595 2339 2628 2371 1'0.

2479 3331 2658 3386 Tffl·7¹2213¹.¹³

2672 979 2694 1006 8,

2585 2328 2696 2348 vn.1;

2576 3127 2591 3147 ι,
2614 3127 2637 3143 n.
2653 3127 2693 3148 ως
