2768 4134
0 264 6 320 ὲ

0 321 9 575 i

37 484 48 495 ²
55 482 113 511 cap.
118 487 182 509 xxiv,
188 487 211 503 n.
218 486 251 503 vt.

764 264 953 302 SUMMA
983 263 1205 302 CONTRA
1233 265 1508 315 GENTILES,
1540 266 1651 304 CAP.
1673 268 1808 315 XXVI,
1830 269 1980 305 XXVII.

277 345 385 377 solum
397 344 596 376 additionem
613 354 682 375 non
697 344 803 380 habet,
816 343 872 374 sed
885 344 981 374 etiam
998 343 1196 376 additionem
1209 346 1351 386 recipere

277 400 347 422 non
370 395 490 431 potest:
517 399 557 420 eo
574 388 666 430 quod
681 390 715 420 in
730 388 794 419 alio
812 389 913 428 recipi
929 398 997 419 non
1013 390 1124 429 possit.
1149 390 1227 420 Esse
1243 396 1352 421 autem

278 444 456 466 commune
479 433 678 465 additionem
700 434 843 474 recipere
866 440 983 474 potest,
999 444 1068 464 non
1092 434 1225 475 quidem
1246 445 1352 466 essen-

278 480 361 511 tialis
385 479 592 516 differentiae,
617 483 655 510 ut
683 478 831 519 superius
847 479 864 495 ⁴*
888 485 935 510 est
965 484 1141 516 ostensum,
1165 479 1222 510 sed
1251 485 1352 510 mate-

278 524 378 556 rialis:
402 524 557 555 limitatur
580 524 668 554 enim
691 532 750 563 per
772 527 900 553 naturas
923 524 957 554 in
981 523 1099 564 quibus
1123 524 1285 564 recipitur.

335 567 581 600 Advertendum
612 568 708 598 etiam
740 567 831 607 quod
865 578 934 598 non
969 568 1076 599 solum
1108 568 1254 599 divinum
1285 577 1353 598 esse

279 613 478 644 additionem
501 622 569 643 non
593 612 708 652 recipit
731 612 866 642 alicuius
888 613 1105 643 contrahentis
1129 618 1161 643 et
1184 612 1353 653 particula-

278 658 416 694 rizantis,
441 656 498 688 sed
520 666 581 688 nec
605 657 702 687 etiam
726 656 861 687 alicuius
878 658 916 687 ab
940 658 1012 698 ipso
1039 657 1178 688 distincti
1201 666 1353 698 superve-

277 703 406 734 nientis.
431 702 509 733 Esse
532 707 642 732 autem
665 701 871 733 substantiale
902 702 1051 732 omnium
1081 702 1216 732 aliarum
1246 710 1354 732 rerum

277 747 392 787 recipit
423 745 623 777 additionem
655 747 910 786 supervenientis
943 746 1131 777 accidentis:
1159 746 1236 786 quia
1265 745 1354 776 nulla

278 797 384 822 creata
407 791 584 822 substantia
601 796 648 821 est
664 800 748 831 quae
764 791 804 821 sit
827 792 963 822 omnino
987 791 1206 822 accidentibus
1230 794 1262 820 et
1285 798 1354 820 esse

278 835 530 867 accidentalibus
563 835 748 876 exspoliata.
782 836 918 877 Propter
950 837 1013 867 hoc
1046 836 1128 866 bene
1160 834 1276 865 dicitur
1302 834 1355 864 hic

278 879 370 921 quod
386 890 455 911 esse
471 879 619 911 divinum
635 881 673 911 ab
695 881 847 911 omnibus
870 880 939 911 aliis
960 879 1166 920 distinguitur
1180 878 1257 919 quia
1275 877 1356 908 nihil

278 926 309 956 ei
333 924 411 956 addi
429 930 545 966 potest.

305 979 307 981 ’
334 970 374 1000 Χ.
403 970 548 1000 Tertium
576 974 632 1005 est,
658 969 735 1010 quia
766 969 854 1000 Deus
885 974 934 999 est
960 967 1104 999 infinitae
1133 967 1355 1007 simplicitatis.

277 1014 327 1045 Ex
342 1015 407 1045 hoc
424 1015 511 1045 enirn
535 1015 798 1046 existimaverunt
812 1012 845 1043 id
861 1012 952 1053 quod
967 1013 1001 1043 in
1017 1012 1133 1043 ultimo
1149 1011 1356 1042 resolutionis

278 1060 442 1090 invenitur
472 1059 581 1090 Deum
611 1068 690 1094 esse,
715 1057 809 1098 quasi
838 1057 1124 1097 simplicissimum.
1156 1055 1220 1087 Sed
1250 1056 1357 1096 inquit

278 1103 416 1135 Sanctus
439 1104 585 1135 Thomas
608 1102 699 1144 quod
721 1111 790 1132 non
810 1100 1015 1132 attenderunt
1031 1101 1306 1142 simplicissimum
1322 1101 1356 1131 in

278 1149 373 1180 nobis
403 1158 472 1179 non
501 1154 569 1179 tam
597 1156 668 1179 rem
701 1145 908 1186 completam,
934 1155 1033 1187 quam
1056 1146 1102 1177 rei
1125 1145 1248 1186 aliquid
1275 1155 1354 1176 esse.

278 1193 351 1224 Deo
384 1198 494 1224 autem
526 1192 713 1233 simplicitas
745 1190 928 1221 attribuitur
959 1191 1042 1222 sicut
1074 1191 1119 1221 rei
1152 1190 1248 1221 alicui
1281 1190 1356 1221 sub-

278 1238 413 1268 sistenti.
663 1242 667 1246 ‘

279 1291 282 1294 ⁴
334 1281 475 1312 Adverte
499 1280 591 1322 quod
620 1280 789 1321 responsio
819 1285 881 1310 stat
910 1280 944 1311 in
973 1280 1049 1317 hoc,
1074 1278 1165 1321 quod
1188 1279 1357 1320 simplicis—

278 1326 462 1367 simumjn
478 1321 651 1362 nobsss'ad
674 1323 765 1365 quod
788 1323 826 1355 fit
847 1325 1014 1361 resolutio,
1038 1334 1107 1355 non
1135 1329 1265 1365 oportet
1288 1333 1357 1354 esse

275 1370 398 1408 Deum,
422 1371 500 1412 quia
521 1369 603 1402 illud
625 1369 901 1410 simplicissimum
924 1369 1014 1410 quod
1038 1370 1071 1400 in
1096 1369 1190 1400 nobis
1214 1374 1271 1405 est,
1288 1378 1357 1399 non

279 1421 328 1448 est
349 1421 416 1447 tam
439 1424 489 1446 res
513 1414 677 1456 completa
700 1423 800 1455 quam
823 1414 945 1455 aliquid
967 1414 1023 1445 rei.
1055 1414 1144 1445 Deus
1174 1419 1283 1444 autem
1307 1422 1357 1444 res

278 1460 516 1502 simplicissima
538 1465 596 1496 est,
622 1465 654 1490 et
676 1464 817 1501 nonest
840 1458 963 1500 aliquid
986 1459 1041 1489 rei.

335 1505 516 1547 Dupliciter
548 1509 658 1535 autem
690 1513 866 1544 possumus
898 1503 1099 1544 interpretari
1132 1502 1212 1533 haec
1245 1502 1355 1533 verba:

279 1549 561 1592 Simplicissimum,
583 1549 616 1580 in
641 1549 734 1579 nobis
758 1558 824 1579 non
849 1553 915 1579 tam
939 1553 987 1579 est
1009 1557 1062 1578 res
1085 1547 1244 1588 completa
1260 1556 1357 1588 quam

278 1594 406 1637 aliquid
428 1594 487 1625 rei.
511 1594 632 1630 Primo,
657 1599 694 1624 ut
717 1603 822 1624 unum
846 1592 1035 1624 excludatur
1051 1598 1082 1623 et
1098 1591 1186 1623 aliud
1205 1597 1356 1632 ponatur,

2426 268 2473 306 85

1406 352 1443 377 ut
1465 347 1504 377 sit
1528 356 1650 383 sensus,
1675 347 1750 378 Non
1775 353 1822 378 est
1845 358 1897 379 res
1913 349 2080 389 completa,
2097 349 2154 380 sed
2169 349 2294 391 aliquid
2310 350 2376 381 rei:
2395 351 2477 381 sicut

1406 392 1432 422 si
1455 390 1645 427 diceremus,
1670 391 1781 422 Sortes
1806 402 1870 422 non
1896 398 1943 423 est
1966 399 2032 423 tam
2047 394 2140 425 albus
2155 404 2252 435 quam
2270 395 2426 436 pallidus,
2443 395 2477 426 id

1407 440 1464 471 est,
1496 435 1573 465 Non
1604 440 1651 466 est
1680 436 1782 471 albus,
1806 437 1863 467 sed
1887 438 1998 477 potius
2023 439 2179 478 pallidus.
2203 457 2226 462 -
2253 439 2415 476 Secundo,
2441 445 2476 470 ut

1407 484 1583 519 utrumque
1599 485 1752 519 ponatur:
1775 481 1897 511 scilicet
1912 487 1943 511 et
1960 482 2050 522 quod
2066 489 2112 513 est
2128 493 2177 514 res
2193 484 2364 524 completa,
2383 490 2414 515 et
2429 489 2477 514 est

1408 522 1530 563 aliquid
1557 524 1613 553 rei.
1645 523 1707 554 Sed
1737 529 1815 555 tunc
1845 526 2070 565 accipiendum
2101 533 2147 557 est
2178 529 2378 568 completum
2408 538 2476 559 non

1408 567 1605 607 simpliciter,
1629 567 1685 598 sed
1708 568 1742 598 in
1765 578 1892 608 genere.
1916 570 1995 600 Esse
2019 572 2105 601 enim
2121 572 2245 603 actuale
2260 574 2306 603 rei
2323 578 2370 604 est
2385 582 2475 603 com-

1408 612 1533 652 pletum
1556 612 1590 641 in
1614 621 1731 652 genere
1754 618 1896 649 actuum,
1921 614 1996 654 quia
2025 620 2071 645 est
2099 616 2210 646 ultima
2234 618 2396 648 actualitas
2419 627 2477 658 per

1409 656 1508 686 alium
1532 661 1641 686 actum
1664 666 1733 687 non
1757 658 1935 688 actuabilis:
1960 668 2028 689 non
2052 664 2099 690 est
2121 665 2228 691 tamen
2259 671 2308 692 res
2335 661 2476 702 perfecte

1409 700 1594 737 subsistens,
1619 700 1676 731 sed
1698 700 1820 741 aliquid
1842 703 1897 738 rei,
1923 711 1990 742 quo
2014 704 2083 743 ipsa
2113 705 2263 735 subsistit.
2288 724 2311 728 -
2332 706 2476 747 Utraque

1410 754 1487 784 ergo
1510 745 1730 785 interpretatio
1754 755 1828 776 vera
1852 756 1920 777 esse
1944 752 2059 787 potest.
2090 747 2154 778 Sed
2175 749 2278 789 prima
2308 751 2407 790 magis
2430 751 2477 780 vi·

1410 788 1503 819 detur
1526 789 1663 820 intendi:
1689 791 1765 830 quia
1788 790 1937 821 videlicet
1960 801 2028 822 esse
2051 801 2120 822 non
2145 798 2191 823 est
2214 803 2263 823 res
2293 794 2477 834 simpliciter

1410 833 1561 874 perfecta,
1575 835 1663 864 iuxta
1678 835 1816 875 primam
1831 836 2142 875 interpretationem;
2159 842 2206 867 est
2218 843 2326 868 autem
2338 838 2478 878 perfecta

1411 878 1443 908 in
1466 887 1584 918 genere
1607 884 1750 915 actuum,
1774 880 1862 910 iuxta
1884 880 2070 911 secundam.

1466 923 1518 953 XI.
1547 922 1708 959 Quartum
1725 929 1772 954 est
1787 923 1905 954 modus
1928 924 2098 965 loquendi:
2120 925 2256 956 dicimus
2272 927 2359 957 enim
2374 927 2478 957 Deum

1411 967 1443 997 in
1469 968 1615 998 omnibus
1640 968 1733 998 rebus
1757 978 1833 999 esse.
1859 968 1922 999 Sed
1945 970 2051 1009 inquit
2070 969 2205 1000 Sanctus
2221 970 2365 1001 Thomas
2389 971 2479 1011 quod

1410 1011 1499 1042 Deus
1515 1022 1583 1042 non
1600 1018 1647 1042 est
1661 1013 1694 1043 in
1710 1013 1805 1043 rebus
1821 1013 1912 1054 quasi
1935 1013 2056 1054 aliquid
2079 1014 2135 1051 rei,
2152 1014 2208 1045 sed
2228 1015 2310 1045 sicut
2324 1016 2370 1045 rei
2386 1025 2480 1045 causa

1411 1066 1494 1097 quae
1518 1057 1609 1087 nullo
1633 1057 1734 1087 modo
1765 1057 1894 1088 effectui
1925 1057 2028 1089 deest:
2059 1063 2091 1089 et
2120 1058 2211 1099 quod
2242 1069 2310 1090 non
2337 1060 2480 1090 similiter

1411 1100 1548 1132 dicimus
1572 1111 1640 1132 esse
1664 1101 1802 1132 formam
1825 1103 1858 1133 in
1883 1112 2020 1143 corpore
2045 1108 2076 1133 et
2098 1108 2230 1134 nautam
2253 1104 2286 1134 in
2309 1105 2393 1134 navi.

1466 1145 1654 1176 Notandum
1678 1146 1769 1186 quod
1791 1156 1859 1177 non
1883 1146 1960 1177 dicit
1983 1147 2118 1178 Sanctus
2134 1147 2279 1178 Thomas
2301 1158 2369 1178 non
2393 1149 2479 1178 simi-

1410 1190 1482 1220 liter
1505 1200 1573 1221 esse
1597 1189 1736 1221 formam
1766 1192 1800 1221 in
1831 1201 1968 1232 corpore
2000 1197 2032 1222 et
2060 1197 2192 1223 nautam
2221 1193 2254 1223 in
2284 1193 2357 1223 navi
2388 1193 2479 1232 quasi

1411 1235 1487 1265 velit
1518 1235 1626 1266 Deum
1657 1245 1725 1265 esse
1755 1236 1789 1266 in
1817 1236 1912 1266 rebus
1942 1236 2170 1267 tantummodo
2201 1238 2284 1267 sicut
2312 1242 2410 1267 nauta
2433 1243 2480 1267 est

1410 1280 1444 1310 in
1467 1279 1556 1310 navi:
1580 1280 1645 1310 hoc
1669 1280 1755 1310 enirn
1779 1286 1936 1320 repugnat
1952 1282 1981 1311 ei
1997 1280 2087 1321 quod
2111 1280 2198 1317 dixit,
2223 1281 2330 1312 Deum
2354 1291 2422 1312 esse
2447 1282 2479 1311 in

1411 1324 1506 1354 rebus
1529 1324 1613 1355 sicut
1635 1333 1767 1355 causam
1797 1334 1881 1366 quae
1912 1326 2002 1356 nullo
2028 1325 2123 1356 modo
2148 1336 2207 1356 suo
2232 1326 2360 1367 effectui
2382 1326 2478 1362 deest,

1411 1369 1487 1409 quia
1503 1368 1624 1399 scilicet
1639 1378 1777 1409 semper,
1794 1369 1938 1410 quandiu
1954 1379 2004 1400 res
2021 1375 2077 1406 est,
2091 1379 2162 1400 eam
2184 1375 2365 1406 conservat;
2382 1376 2480 1400 nauta

1412 1413 1500 1444 enim
1522 1423 1590 1444 non
1607 1418 1655 1444 est
1671 1423 1767 1444 causa
1784 1414 1884 1450 navis,
1909 1420 1940 1445 et
1964 1415 2060 1445 etiam
2085 1414 2257 1455 aliquando
2281 1415 2327 1446 illi
2343 1414 2441 1451 deest,
2458 1431 2481 1437 -

1411 1457 1467 1488 sed
1486 1463 1523 1488 ut
1546 1457 1729 1488 ostenderet
1744 1458 1866 1489 multos
1886 1468 1955 1489 esse
1978 1458 2095 1489 modos
2119 1459 2243 1489 essendi
2258 1460 2291 1490 in
2311 1459 2431 1499 aliquo,
2449 1464 2481 1489 et

1411 1502 1486 1533 ideo
1516 1512 1584 1534 non
1615 1503 1730 1538 valere,
1755 1503 1844 1533 Deus
1873 1508 1920 1533 est
1947 1503 1980 1533 in
2010 1503 2156 1533 omnibus
2185 1504 2287 1539 rebus,
2312 1503 2405 1544 Ergo
2435 1508 2482 1533 est

1402 1547 1555 1588 formale
1578 1557 1646 1578 esse
1670 1548 1813 1578 omnium
1837 1557 1957 1583 rerum,
1982 1548 2064 1578 sicut
2090 1557 2158 1578 non
2182 1548 2275 1584 valet,
2301 1548 2411 1578 Nauta
2435 1553 2483 1578 est

1413 1592 1445 1622 in
1471 1592 1556 1627 navi,
1582 1592 1676 1633 Ergo
1700 1597 1747 1622 est
1760 1592 1880 1633 forma
1905 1592 2006 1622 navis.

1116 1705 1655 1749 ——wiffl—

653 1885 1140 1941 CAPITULUM
1177 1885 1647 1941 VIGESIMUM
1685 1885 2120 1941 SEPTIMUM

485 2015 680 2069 Quor>
725 2014 908 2056 DEUS
950 2014 1094 2055 NON
1139 2013 1244 2055 SIT
1288 2013 1527 2054 FORMA
1573 2013 1894 2055 ALIcUIUs
1939 2012 2274 2054 CORPORIS

416 2164 473 2196 Ἴ·
496 2167 634 2193 STENSO
664 2154 778 2204 igitur
805 2154 914 2204 quod
942 2154 1050 2191 Deus
1083 2165 1165 2191 non
1199 2152 1245 2190 sit
1273 2165 1356 2191 esse

511 2208 703 2256 omnium,
725 2207 898 2245 similiter
916 2206 1067 2245 ostendi
1095 2214 1221 2257 potest
1249 2207 1357 2257 quod

482 2274 485 2279 ’
510 2263 620 2300 Deus
648 2274 729 2299 non
758 2260 805 2298 sit
832 2260 995 2299 alicuius
1023 2260 1078 2298 rei
1106 2260 1243 2298 forma.

325 2336 333 2353 v.
419 2349 437 2353 A.
565 2316 672 2353 Nam
700 2314 881 2353 divinum
904 2327 988 2352 esse
1012 2326 1094 2352 non
1121 2321 1248 2364 potest
1276 2325 1359 2351 esse

281 2369 443 2410 alicuius
472 2368 695 2420 quidditatis
724 2381 826 2418 quae
854 2380 936 2406 non
964 2367 1011 2405 sit
1038 2367 1168 2418 ipsum
1197 2379 1292 2414 esse,
1318 2374 1361 2404 ut

282 2432 485 2462 ostensum
513 2430 570 2461 est
587 2423 619 2460 ²⁸.
649 2423 771 2470 Quod
800 2430 933 2460 autern
956 2429 1013 2459 est
1035 2421 1166 2471 ipsum
1193 2433 1276 2458 esse
1304 2420 1360 2458 di-

282 2477 433 2525 vinum,
455 2489 537 2515 non
555 2484 612 2515 est
631 2476 736 2514 aliud
755 2488 877 2526 quam
896 2476 1016 2512 Deus.
1044 2474 1285 2524 Impossibile
1305 2481 1362 2511 est

283 2530 397 2582 igitur
424 2531 556 2569 Deum
585 2543 668 2568 esse
697 2529 861 2567 alicuius
889 2529 1044 2567 alterius
1071 2528 1251 2566 sormam.

337 2584 529 2635 AmpliuS.
559 2585 707 2622 Forma
735 2582 909 2633 corporis
929 2595 1010 2620 non
1034 2590 1090 2619 est
1113 2581 1244 2631 ipsum
1264 2593 1359 2628 esse,

284 2639 352 2677 sed
381 2637 535 2676 essendi
563 2637 811 2688 principium.
841 2637 949 2674 Deus
983 2644 1115 2674 autem
1147 2643 1203 2672 est
1231 2634 1361 2684 ipsum

284 2705 380 2731 esse.
410 2693 506 2730 Non
533 2704 625 2740 ergo
655 2699 711 2728 est
739 2691 848 2728 Deus
875 2690 1002 2728 forma
1029 2688 1215 2738 corporis.

338 2747 447 2784 Item.
479 2746 538 2783 Ex
565 2744 713 2783 unione
741 2745 889 2782 formae
925 2751 962 2780 et
994 2742 1177 2780 materiae
1206 2742 1361 2778 resultat

285 2799 432 2850 aliquid
470 2798 746 2848 compositum,
783 2797 893 2847 quod
927 2804 983 2834 est
1018 2803 1146 2833 totum
1183 2801 1360 2844 respectu

285 2853 470 2891 materiae
499 2860 536 2889 et
563 2853 723 2889 formae.
763 2851 894 2888 Partes
931 2857 1063 2887 autern
1101 2856 1190 2886 sunt
1222 2847 1262 2884 in
1290 2859 1360 2896 po-

285 2906 403 2944 tentia
435 2914 613 2956 respectu
648 2904 776 2942 totius.
815 2905 858 2940 In
891 2904 976 2940 Deo
1013 2910 1142 2940 autem
1172 2902 1278 2938 nulla
1306 2908 1361 2937 est

286 2959 543 3010 potentialitas
557 2959 588 2995 ²¹⁸.
619 2956 861 3008 Impossibile
889 2964 945 2993 est
973 2955 1086 3004 igitur
1114 2956 1245 2992 Deum
1278 2966 1360 2991 esse

287 3014 456 3051 formam
484 3012 635 3050 unitam
663 3010 776 3048 alicui
805 3009 871 3047 rei.

342 3067 495 3104 Adhuc.
526 3065 646 3113 Quod
674 3076 745 3114 per
772 3076 812 3101 se
841 3063 958 3100 habet
986 3074 1080 3109 esse,
1110 3061 1279 3099 nobilius
1307 3069 1363 3097 est

288 3133 336 3158 eo
356 3120 465 3170 quod
485 3119 602 3157 habet
621 3130 704 3156 esse
729 3117 769 3154 in
792 3116 879 3154 alio.
911 3115 1052 3154 Omnis
1080 3123 1212 3152 autem
1237 3115 1363 3152 forma

289 3173 450 3212 alicuius
475 3172 648 3223 corporis
676 3171 793 3209 habet
821 3182 904 3207 esse
932 3169 973 3206 in
1001 3169 1087 3206 alio.
1119 3169 1223 3206 Cum
1251 3167 1364 3217 igitur

288 3229 397 3266 Deus
425 3227 473 3265 sit
500 3239 569 3265 ens
597 3224 894 3270 nobilissimum,
918 3222 1030 3272 quasi
1057 3221 1184 3272 prima
1212 3220 1364 3259 essendi

289 3294 408 3319 causa
421 3281 452 3328 ²⁸,
482 3292 564 3318 non
591 3286 717 3330 potest
745 3290 828 3315 esse
856 3275 1018 3314 alicuius
1045 3276 1182 3313 forma.

343 3336 558 3373 Praeterea.
588 3334 677 3370 Hoc
704 3332 809 3369 idem
837 3337 962 3380 potest
990 3328 1141 3367 ostendi
1169 3341 1217 3365 ex
1244 3335 1363 3365 aeter-

290 3388 406 3426 nitate
426 3395 570 3435 motuS,
586 3387 640 3424 sic
649 3386 680 3424 *.
699 3385 740 3424 Si
754 3386 861 3423 Deus
881 3391 936 3421 est
954 3383 1080 3421 forma
1099 3381 1259 3419 alicuius
1278 3393 1363 3418 mo-

1411 2152 1481 2190 erit
1495 2165 1660 2190 movens
1681 2152 1865 2203 seipsum.
1888 2153 1965 2190 Sed
1984 2165 2149 2190 movens
2168 2152 2341 2202 seipsum
2359 2159 2484 2202 potest

1413 2205 1565 2243 moveri
1590 2213 1627 2243 et
1650 2218 1731 2243 non
1751 2206 1913 2243 moveri.
1943 2206 2162 2255 Utrumque
2191 2205 2303 2254 igitur
2331 2204 2370 2242 in
2398 2205 2482 2254 ipso

1413 2267 1480 2297 est.
1502 2259 1623 2307 Quod
1643 2267 1775 2297 autem
1794 2266 1850 2296 est
1869 2259 2107 2306 huiusmodi,
2123 2271 2204 2296 non
2219 2258 2335 2296 habet
2354 2266 2484 2295 motus

1414 2312 1716 2350 indeficientiam
1754 2325 1802 2350 ex
1840 2312 1979 2362 seipso.
2020 2313 2183 2362 Oportet
2219 2311 2332 2360 igitur
2368 2324 2485 2361 supra

1382 2383 1392 2403 ς
1414 2379 1581 2404 movens
1609 2366 1782 2416 seipsum
1810 2378 1956 2416 ponere
1980 2365 2083 2403 aliud
2111 2366 2284 2415 primum
2308 2377 2483 2411 movens,

1415 2420 1524 2470 quod
1559 2419 1739 2468 largiatur
1775 2419 1810 2457 ei
1846 2419 2138 2469 perpetuitatem
2175 2426 2317 2456 motus.
2356 2419 2404 2455 Et
2432 2418 2485 2455 sic

1415 2474 1534 2520 Deus,
1565 2473 1632 2523 qui
1661 2481 1717 2510 est
1743 2473 1917 2523 primum
1953 2485 2131 2521 movens,
2161 2484 2241 2510 non
2275 2480 2330 2509 est
2360 2472 2485 2509 forma

1416 2526 1589 2577 corporis
1618 2526 1811 2564 moventis
1840 2526 2024 2575 seipsum.

1471 2582 1538 2618 Est
1552 2587 1680 2617 autem
1698 2579 1761 2617 hic
1774 2591 1978 2629 processus
1993 2578 2092 2616 utilis
2111 2578 2346 2628 ponentibus
2365 2585 2484 2615 aeter-

1376 2649 1403 2664 ιο
1415 2633 1571 2672 nitatem
1593 2641 1735 2676 motuS.
1757 2633 1850 2680 Quo
1870 2644 1951 2669 non
1970 2632 2109 2681 posito,
2130 2631 2267 2669 eadem
2287 2631 2484 2668 conclusio

1415 2686 1549 2724 haberi
1577 2694 1703 2736 potest
1731 2698 1777 2723 ex
1805 2685 2044 2734 regularitate
2073 2693 2203 2722 motus
2237 2684 2342 2722 caeli.
2379 2684 2484 2722 Sicut

1415 2740 1520 2777 enim
1549 2751 1714 2776 movens
1751 2738 1922 2788 seipsum
1958 2746 2084 2788 potest
2111 2738 2308 2788 quiescere
2336 2745 2372 2774 et
2399 2749 2483 2774 mo-

1414 2793 1508 2840 veri,
1537 2793 1588 2830 ita
1615 2799 1741 2842 potest
1768 2792 1940 2830 velocius
1968 2800 2005 2829 et
2031 2791 2176 2829 tardius
2204 2791 2366 2828 moveri.
2405 2791 2483 2827 Ne-

1415 2846 1569 2884 cessitas
1597 2845 1710 2895 igitur
1736 2845 2005 2883 uniformitatis
2025 2853 2154 2882 motus
2174 2844 2267 2882 caeli
2292 2844 2485 2893 dependet

1377 2917 1399 2937 ¹5
1415 2913 1462 2938 ex
1491 2899 1621 2949 aliquo
1650 2898 1840 2949 principio
1869 2898 2057 2949 superiori
2086 2898 2247 2936 omnino
2282 2896 2483 2942 immobili,

1416 2953 1525 3003 quod
1553 2965 1635 2990 non
1667 2961 1723 2990 est
1754 2965 1843 3002 pars
1877 2952 2050 3002 corporis
2087 2951 2278 2989 moventis
2313 2950 2484 3000 seipsum

1417 3006 1528 3057 quasi
1557 3006 1686 3056 aliqua
1713 3006 1839 3044 forma
1867 3005 1960 3043 eius.

1469 3058 1501 3112 †
1514 3060 1618 3097 Huic
1637 3067 1769 3097 autem
1782 3059 1931 3096 veritati
1952 3058 2169 3108 Scripturae
2190 3057 2398 3095 concordat
2417 3069 2484 3094 au·
2511 3053 2542 3100 ξ,

2549 3053 2643 3074 Aureo.
2663 3050 2724 3073 Vn.

2556 3085 2569 3100 a
2575 3086 2593 3101 ι.

1417 3113 1582 3151 ctoritas.
1612 3112 1761 3150 Dicitur
1794 3112 1900 3150 enirn
1936 3112 1976 3149 in
2012 3113 2167 3149 Psalmo
2186 3111 2222 3147 *ε
2251 3111 2406 3148 Elevata
2434 3116 2485 3147 est
2511 3111 2521 3120 '
2536 3110 2574 3132 ‘'⁸-
2589 3115 2641 3136 *ω’
2656 3115 2677 3131 ²·

1391 3188 1404 3202 0
1418 3167 1699 3217 magnificentia
1718 3173 1781 3204 tua
1799 3179 1911 3216 super
1931 3166 2064 3211 caelos,
2084 3166 2196 3201 Deus.
2223 3165 2271 3201 Et
2289 3165 2358 3201 Iob
2377 3161 2482 3200 X18‘9:

1417 3221 1615 3258 Excelsior
1642 3220 1746 3257 caelo
1766 3225 1828 3265 est,
1849 3225 1882 3256 et
1901 3219 1989 3268 quid
2004 3217 2158 3266 facies?
2186 3218 2358 3267 Longior
2384 3222 2485 3253 terra

1417 3286 1595 3311 mensura
1624 3275 1701 3310 eius
1728 3279 1779 3309 est
1806 3278 1839 3309 et
1862 3271 2090 3322 profundior
2116 3272 2225 3307 mari.

1473 3327 1536 3364 Sic
1563 3326 1678 3375 igitur
1703 3325 1903 3374 gentilium
1938 3337 2045 3361 error
2077 3330 2296 3369 evacuatur,
2331 3322 2398 3371 qui
2430 3322 2486 3359 di-

1418 3380 1556 3418 cebant
1583 3381 1714 3417 Deum
1743 3391 1825 3416 esse
1854 3378 2026 3416 animam
2054 3376 2157 3423 caeli,
2178 3377 2240 3413 vel
2268 3375 2383 3412 etiam
2407 3375 2486 3412 ani-

290 3442 388 3486 bilis,
409 3441 603 3491 cumipse
623 3440 670 3477 sit
693 3439 867 3490 primum
894 3449 1070 3483 movens,
1101 3434 1365 3484 compositum
1379 3451 1403 3472 ις
1418 3446 1527 3471 mam
1554 3433 1671 3471 totius
1699 3431 1849 3470 mundi.
1887 3433 1935 3468 Et
1967 3444 2013 3468 ex
2051 3431 2127 3467 hoc
2163 3441 2336 3466 errorem
2368 3429 2486 3466 idola-

346 3557 360 3583 5
381 3555 540 3591 quidditatis]
560 3556 598 3581 rei
616 3555 746 3588 quidditas
766 3554 813 3579 Pd.

345 3593 362 3618 6
381 3594 404 3618 ei
423 3601 467 3618 om
487 3593 548 3618 αΡε.
641 3591 674 3616 16
693 3591 765 3623 quod
779 3593 844 3622 post
862 3597 915 3614 non
935 3588 982 3613 Pd.

291 3630 353 3654 ritas
372 3630 396 3654 A
414 3629 498 3659 solus;
518 3627 660 3653 concordat
678 3627 811 3658 Scriptura
829 3626 890 3655 αΡε,
909 3624 1041 3656 Scriptura
1060 3622 1200 3647 concordat
1217 3621 1306 3646 ceteri.

293 3665 325 3690 25
345 3673 461 3690 errorem
481 3662 622 3697 idolatriae]
644 3670 732 3687 errore
750 3661 895 3686 idolatriam
915 3660 968 3691 GZ,
988 3666 1076 3684 errore
1095 3658 1218 3682 idolatrae
1236 3657 1260 3682 b.

1075 3586 1108 3611 18
1127 3586 1194 3610 Huic
1213 3585 1310 3617 Incipit
1327 3586 1359 3616 Α,
1379 3585 1482 3644 άιιναέιε
1501 3590 1583 3616 usque
1601 3583 1638 3608 ad
1656 3590 1714 3615 cap.
1733 3589 1769 3616 79
1788 3580 1989 3614 apprehensum.

1394 3627 1426 3645 πο
1468 3625 1479 3644 t
1491 3627 1533 3645 om
1548 3627 1572 3644 α.

2078 3579 2225 3611 Scripturae
2244 3579 2382 3603 concordat
2400 3584 2487 3603 aucto-

1659 3626 1690 3643 22
1712 3624 1751 3643 est
1764 3623 1789 3642 et
1802 3616 1952 3650 profundior
1966 3616 1989 3640 Α
2001 3615 2085 3646 solus;
2105 3619 2130 3639 et
2150 3615 2232 3639 latior.
2250 3614 2290 3647 Cf.
2309 3615 2357 3640 III.
2370 3621 2429 3646 cap.
2442 3613 2488 3648 59.
