2742 4152
0 2100 7 2146 ὲ

0 2186 4 2200 Ῥ

6 2047 17 2083 ⁷:
33 2067 45 2080 '
59 2065 144 2096 Cau!-
154 2072 175 2089 c.
187 2072 240 2089 vm.

816 283 1005 323 SUMMA
1034 284 1257 323 CONTRA
1285 284 1561 332 GENTILES,
1592 285 1702 323 CAP.
1724 286 1822 333 XIV,
1843 286 1926 323 XV.

299 391 303 393 .
330 365 454 396 Ultimo
478 364 646 397 concludit
667 366 865 408 principium
886 365 958 395 talis
981 363 1246 395 considerationis
1265 365 1348 395 acci-

274 409 432 450 piendum
464 419 534 442 esse
565 410 656 452 quod
685 411 774 442 Deus
804 410 844 440 sit
874 409 1010 440 omnino
1034 409 1220 440 immobilis.
1248 409 1349 447 Quod

274 454 350 485 licet
372 455 521 496 superius
543 456 584 486 sit
612 460 838 491 monstratum,
862 454 1105 486 auctoritatibus
1127 459 1236 484 tamen
1267 454 1349 485 Scri-

274 504 388 539 pturae
418 498 617 530 manifestat:
641 499 774 536 scilicet,
798 500 942 530 Malach.
968 510 1012 535 m,
1037 499 1093 529 ubi
1125 497 1250 534 dicitur,
1274 499 1348 540 Ego

274 543 365 574 Deus·
380 548 412 574 et
427 553 492 574 non
510 549 633 582 mutor,·
655 545 734 575 item
757 544 825 575 Iac.
839 554 860 580 1,
877 543 972 585 Apud
987 553 1080 585 quem
1097 553 1163 573 non
1181 548 1228 574 est
1243 548 1350 574 trans-

275 588 431 626 mutatio‚·
453 588 551 619 Num.
576 589 672 619 etiam
687 598 774 625 xxm,
790 589 866 619 Non
891 594 939 620 est
959 588 1050 620 Deus
1069 588 1164 629 quasi
1186 588 1295 625 homo,
1316 592 1352 618 ut

275 637 428 663 mutetur.

331 676 383 708 111.
407 676 460 708 Ad
482 677 579 708 huius
602 678 734 708 rationis
757 677 951 709 evidentiam
974 676 1142 710 sciendum
1158 676 1260 718 quod,
1276 677 1351 708 licet

274 721 404 761 negau‘o
428 720 469 752 ad
490 722 538 752 rei
560 723 732 753 essentiam
755 723 926 754 intrinsece
953 733 1022 754 non
1051 723 1225 763 pertineat3
1253 728 1350 763 atque

274 774 333 806 per
354 766 544 806 negationes
567 765 608 797 de
632 767 743 808 aliquo
774 769 920 808 cognitas
942 777 1012 798 non
1035 768 1075 799 sit
1102 767 1148 798 rei
1174 767 1351 797 substantia

274 814 311 840 ut
333 810 368 840 in
391 818 426 841 se
449 815 497 841 est
519 811 665 851 cognita:
695 811 815 843 modus
842 818 952 843 tamen
978 813 1037 843 iste
1064 811 1283 852 cognoscendi
1311 810 1351 842 ad

273 854 440 895 propriam
455 860 588 886 naturae
601 857 824 897 cognitionem
835 856 912 888 facit
923 857 1194 898 appropinquare,
1207 865 1247 886 eo
1260 855 1351 896 quod

274 899 404 940 negatio
419 900 587 940 restringat
602 901 724 942 cogniti
738 906 897 932 naturam.
914 900 948 932 Si
964 901 1052 931 enim
1063 900 1174 931 dixero
1187 899 1227 931 de
1239 900 1350 941 aliquo

275 942 366 984 quod
389 944 430 974 sit
452 945 643 982 substantia;
666 946 747 976 haec
769 951 879 976 autern
903 944 1055 976 dividitur
1077 954 1136 986 per
1159 954 1351 986 corpoream

275 993 307 1019 et
329 988 574 1029 incorpoream:
605 991 739 1030 cognito
769 989 860 1031 quod
886 988 968 1020 illud
996 999 1065 1020 non
1096 990 1137 1020 sit
1158 990 1351 1031 incorporea

274 1032 461 1070 substantia,
483 1034 682 1075 restringitur
713 1034 882 1075 cognitum
910 1033 951 1065 ad
983 1043 1174 1075 corpoream
1204 1036 1350 1066 substan-

273 1077 362 1108 tiam.
387 1077 481 1116 Quae
504 1087 581 1110 cum
604 1078 764 1110 dividatur
785 1087 844 1120 per
866 1078 1051 1109 sensibilem
1071 1085 1102 1110 et
1120 1079 1349 1118 insensibilem,

275 1122 408 1162 cognito
433 1122 524 1163 quod
546 1132 615 1154 non
639 1123 678 1154 sit
700 1123 904 1159 insensibilis,
927 1123 1009 1154 illud
1031 1123 1072 1154 ad
1095 1124 1278 1155 sensibilem
1294 1135 1350 1156 na-

274 1171 381 1197 turam
401 1172 450 1197 est
470 1167 663 1198 restrictum.
687 1167 730 1198 Et
744 1167 790 1198 sic
806 1168 996 1199 successive.
1021 1168 1130 1206 Quare
1146 1169 1228 1200 bene
1244 1170 1351 1210 inquit

274 1216 404 1242 sanctus
427 1211 553 1242 Doctor
576 1211 668 1252 quod
691 1221 758 1243 una
782 1212 968 1254 differentia
993 1214 1146 1254 negativa
1163 1224 1228 1255 per
1249 1215 1350 1246 aliam

275 1255 500 1286 contrahitur:
515 1256 592 1296 quia
606 1255 730 1288 scilicet
745 1262 868 1297 quanto
884 1257 978 1298 plura
993 1264 1150 1298 negantur
1165 1268 1183 1289 a
1199 1269 1243 1295 re,
1259 1265 1350 1291 tanto

274 1305 421 1342 remanet
441 1308 492 1331 res
515 1300 618 1341 niagis
639 1301 783 1339 limitata.

288 1342 305 1346 ²
331 1344 385 1375 IV.
409 1344 473 1376 Sed
497 1351 610 1376 contra
633 1346 882 1377 conclusionem
905 1351 937 1376 et
960 1347 1119 1378 rationem
1139 1349 1228 1388 argui
1243 1354 1351 1389 potest

275 1397 315 1420 ex
341 1387 434 1420 dietis
458 1388 557 1426 Scoti‚
582 1389 610 1420 11
633 1390 818 1432 Metaphys.
842 1391 963 1421 Primo.
987 1391 1124 1432 Negatio
1149 1402 1216 1423 non
1244 1399 1352 1433 potest

274 1433 337 1465 nisi
348 1443 407 1474 per
418 1433 666 1466 affirmationem
679 1435 844 1476 cognosci.
861 1435 1039 1474 Quoniam,
1052 1442 1089 1467 ut
1101 1436 1217 1468 dicitur
1230 1437 1273 1468 lV
1282 1439 1352 1469 Me-

38 1486 210 1511 ..an-leet.
223 1487 247 1513 ες
275 1478 373 1520 raph„
389 1483 465 1510 text.
486 1478 563 1515 ιδ’,
585 1479 699 1510 notior
722 1485 770 1511 est
791 1480 890 1511 dictio
914 1490 1011 1521 quam
1035 1482 1183 1522 opposita
1207 1483 1351 1524 negatio.

103 1513 145 1537 ¹¹⁵·
158 1513 200 1542 ¹¹¹‘
215 1519 248 1541 ''’
275 1523 374 1564 Ergo,
395 1523 422 1554 si
444 1523 523 1564 quid
545 1529 593 1555 est
615 1533 814 1566 cognoscere
836 1534 905 1555 non
920 1534 1106 1566 possumus,
1123 1535 1232 1566 neque
1256 1528 1353 1558 etiam

275 1568 354 1610 quid
377 1577 443 1598 non
467 1573 516 1599 est
537 1569 717 1610 poterimus
741 1579 949 1610 cognoscere.

332 1611 496 1649 Secundo,
513 1622 552 1643 ex
567 1613 780 1655 Philosopho,
798 1614 825 1644 11
837 1614 1014 1645 Periherm.
1028 1615 1044 1631 *
1067 1614 1198 1645 Bonum
1219 1626 1285 1646 non
1307 1622 1355 1647 est

276 1657 399 1688 malum
424 1657 501 1698 quia
523 1658 603 1689 haec
627 1657 814 1690 affirmativa
834 1665 882 1690 est
902 1668 986 1695 vera,
1010 1659 1140 1690 Bonum
1162 1665 1209 1691 est
1223 1660 1353 1692 bonum.

276 1701 375 1743 Ergo,
399 1702 426 1732 si
457 1703 688 1743 cognoscimus
718 1703 797 1745 quid
826 1713 892 1734 non
923 1708 971 1734 est
1000 1703 1099 1740 Deus,
1125 1701 1355 1745 cognoscimus

275 1747 365 1788 prius
381 1746 459 1788 quid
473 1752 530 1778 est.
555 1747 632 1778 Non
648 1757 725 1789 ergo
742 1749 793 1779 via
812 1749 1004 1779 remotionis
1027 1754 1075 1779 est
1098 1749 1352 1789 procedendum.

333 1789 564 1823 Confirmatur.
581 1792 668 1831 Quia
684 1792 821 1824 Sanctus
829 1793 985 1830 Thomas,
998 1793 1158 1830 Potentia,
1172 1803 1204 1835 q.
1217 1805 1269 1831 vn,
1285 1805 1313 1826 a.
1324 1795 1354 1832 5,

276 1836 320 1868 ait
335 1835 436 1877 quod,
453 1837 530 1878 quia
547 1837 654 1868 omnis
670 1838 824 1879 negativa
842 1847 907 1878 per
926 1837 1161 1879 affirmativam
1179 1839 1353 1880 probatur,

277 1881 341 1912 nisi
364 1881 546 1912 intellectus
569 1882 733 1913 humanus
756 1882 882 1923 aliquid
911 1882 951 1913 de
979 1882 1051 1913 Deo
1079 1882 1278 1924 affirmative
1300 1894 1354 1915 co-

275 1930 459 1968 gnosceret,
485 1926 568 1957 nihil
590 1926 630 1957 de
652 1926 724 1957 Deo
743 1936 915 1968 possemus
939 1936 1072 1969 negare.

332 1970 372 2001 V.
396 1970 459 2001 Pro
476 1971 596 2001 horum
611 1971 776 2002 solutione
793 1971 1065 2002 considerandum
1082 1971 1183 2012 quod,
1195 1972 1271 2004 licet
1285 1983 1355 2004 non

276 2015 384 2046 omnis
412 2015 553 2056 negatio,
578 2015 724 2047 absolute
752 2015 931 2057 loquendo,
955 2025 1053 2056 super
1075 2016 1195 2047 realem
1218 2017 1355 2049 affirma-

275 2060 402 2091 tionem
417 2060 458 2090 sit
474 2059 616 2097 fundata,
629 2060 796 2101 quoniam,
810 2066 847 2091 ut
861 2060 978 2092 dicitur
992 2061 1025 2091 in
1038 2061 1315 2094 Praedicamentis
1325 2064 1353 2100 *‚

277 2113 343 2135 non
366 2104 480 2136 sedere
502 2104 620 2136 dicitur
642 2105 682 2136 de
705 2114 746 2135 eo
770 2105 862 2146 quod
877 2111 925 2136 est
940 2110 972 2136 et
987 2105 1028 2136 de
1044 2115 1085 2136 eo
1102 2106 1193 2146 quod
1207 2116 1275 2138 non
1292 2113 1354 2144 est;

275 2149 406 2190 negatio
429 2154 538 2180 tamen
562 2158 646 2190 quae
670 2149 710 2180 de
734 2149 845 2191 aliquo
869 2155 943 2181 ente
974 2149 1051 2181 reali
1078 2150 1204 2187 dicitur,
1228 2161 1356 2192 semper

277 2202 375 2234 super
390 2193 513 2235 aliquid
528 2194 562 2224 in
577 2203 612 2225 re
629 2195 767 2226 existens
783 2193 936 2225 fundatur
956 2194 1047 2235 quod
1067 2204 1135 2226 non
1159 2197 1356 2236 compatitur

276 2247 390 2270 seeum
404 2238 438 2270 id
460 2238 551 2280 quod
572 2243 722 2279 negatur;
746 2244 784 2270 ut
806 2239 912 2279 inquit
931 2238 1067 2270 Sanctus
1085 2239 1230 2270 Thomas
1247 2240 1274 2271 1²
1290 2240 1354 2278 11²²,

34 2285 45 2297 “
60 2284 98 2308 ῢ-
110 2285 180 2308 etiam
191 2291 215 2314 a·
226 2291 251 2312 ¹·
278 2293 310 2325 q.
327 2293 421 2320 mn,
437 2294 466 2315 a.
483 2283 515 2320 6,
540 2288 572 2314 et
595 2283 634 2314 de
657 2283 816 2319 Potentia,
834 2284 890 2314 ubi
906 2293 1003 2324 supra
1015 2284 1042 2321 ·,
1059 2284 1204 2315 similiter
1225 2284 1238 2314 1
1255 2285 1354 2322 Sent„

34 2317 88 2341 ..5.

39 3513 50 3523 '
65 3512 122 3540 cap.
133 3518 185 3533 xm.

277 2327 309 2360 d.
324 2337 418 2365 xxxv,
439 2337 467 2366 ι,
484 2327 525 2359 ad
542 2337 571 2358 2.
593 2327 671 2359 Ideo
688 2329 776 2359 enim
791 2329 893 2359 homo
909 2338 978 2359 non
994 2334 1042 2359 est
1057 2329 1176 2365 asinus,
1194 2330 1270 2369 quia
1285 2330 1356 2360 talis

277 2378 326 2404 est
356 2373 426 2404 eius
454 2378 567 2404 natura
597 2378 634 2404 ut
664 2373 745 2404 asini
775 2379 924 2404 naturam
954 2382 1022 2404 non
1054 2374 1279 2414 compatiatur.
1314 2374 1357 2405 Et

277 2417 438 2459 Aethiops
459 2427 529 2449 non
553 2423 602 2448 est
624 2417 716 2448 albus
736 2418 813 2459 quia
828 2417 1030 2459 nigredinem
1045 2418 1152 2455 habet,
1170 2428 1253 2459 quae
1270 2419 1356 2450 albe-

277 2462 389 2493 dinem
411 2471 525 2494 secum
547 2472 616 2493 non
640 2462 789 2494 admittit.

334 2506 423 2538 Cum
444 2516 522 2548 ergo
541 2508 672 2548 negatio
693 2507 734 2538 de
754 2507 826 2538 Deo
848 2507 933 2538 dicta
949 2507 990 2538 sit
1003 2506 1044 2538 de
1059 2507 1170 2548 aliquo
1190 2508 1356 2545 existente,

278 2557 409 2594 oportet
423 2552 511 2583 illam
527 2561 625 2593 super
640 2551 763 2593 aliquid
779 2553 812 2583 in
828 2552 902 2583 Deo
918 2553 1056 2583 existens
1071 2551 1209 2583 fundari.
1221 2553 1356 2590 Verum,

277 2596 354 2628 licet
375 2597 420 2628 ita
442 2597 493 2634 sit,
516 2606 585 2628 non
609 2602 788 2628 esttamen
811 2606 943 2628 necesse
966 2602 1004 2628 ut
1030 2606 1231 2637 cognoscens
1259 2607 1357 2638 nega-

277 2640 403 2673 tionem
420 2641 461 2672 de
479 2642 552 2673 Deo
571 2641 782 2673 determinate
805 2641 1022 2683 distincteque
1043 2647 1219 2682 cognoscat
1234 2643 1268 2672 in
1283 2643 1356 2682 ipso

279 2685 526 2718 affirmationem
550 2696 648 2728 super
670 2696 770 2728 quam
793 2685 963 2718 fundatur:
993 2691 1102 2727 potest
1132 2687 1219 2717 enim
1250 2687 1355 2727 aliqua

2418 299 2464 335 41

1404 364 1444 395 de
1467 365 1538 405 ipso
1568 366 1697 405 negatio
1729 366 1893 406 cognosci,
1918 371 1950 396 et
1979 371 2087 397 tamen
2116 365 2284 406 affirmatio
2315 376 2397 407 quae
2424 373 2472 398 est

1404 410 1488 440 illius
1512 409 1770 446 fundamentum,
1793 411 1942 450 ignorari.
1965 411 2049 442 Nam
2075 416 2183 451 potest
2211 411 2326 452 aliquis
2348 421 2471 452 cogno-

1405 463 1492 484 scere
1516 454 1624 484 Deum
1646 464 1714 485 non
1738 464 1806 485 esse
1829 456 1965 491 asinum,
1983 461 2014 486 et
2028 461 2136 486 tamen
2155 465 2224 486 non
2247 462 2422 496 cognoscet
2436 458 2471 488 in

1405 499 1477 538 ipso
1498 503 1646 529 naturam
1669 499 1756 529 illam
1780 498 1926 529 distincte
1943 508 2025 539 quae
2042 500 2121 530 asini
2136 506 2281 531 naturam
2296 511 2364 532 non
2380 511 2470 532 com-

1405 543 1541 582 patitur:
1573 544 1655 574 sicut
1678 549 1710 573 et
1732 543 1847 583 aliquis
1870 549 1977 583 potest
2008 553 2203 584 cognoscere
2231 555 2375 586 pannum
2402 556 2469 577 non

1407 596 1475 617 esse
1499 587 1619 624 album,
1644 589 1701 628 qui
1724 594 1832 618 tamen
1862 597 1930 618 non
1962 595 2137 628 cognoscet
2164 589 2309 620 distincte
2336 591 2407 631 quis
2431 591 2471 621 sit

1405 631 1460 662 ille
1483 631 1575 662 color
1597 633 1697 672 panni
1719 633 1775 672 qui
1798 642 1909 663 secum
1933 632 2113 670 albedinem
2136 643 2203 664 non
2223 636 2424 674 compatitur.

1461 676 1553 707 Licet
1576 677 1672 707 etiam
1695 683 1804 708 noster
1826 677 2007 708 intellectus
2031 687 2144 708 omnes
2167 677 2391 710 affirmationes
2414 689 2469 710 co-

1405 727 1575 760 gnosceret
1605 731 1702 762 super
1732 731 1812 762 quas
1841 722 2028 762 negationes
2060 721 2099 752 de
2130 722 2200 752 Deo
2229 722 2330 754 dictae
2352 724 2471 755 habent

1406 765 1664 803 fundamentum,
1689 765 1794 797 adhuc
1816 772 1924 796 tamen
1947 766 2034 807 quod
2056 766 2133 807 quid
2156 771 2203 796 est
2226 767 2293 797 eius
2320 777 2387 798 non
2415 778 2469 799 co-

1405 817 1627 852 gnosceretur:
1653 821 1728 842 cum
1752 811 1887 842 essentia
1911 809 2017 841 divina
2039 811 2079 841 sit
2098 810 2303 852 perfectionis
2318 811 2470 849 infinitae,

1406 866 1489 897 quae
1513 866 1570 897 per
1592 856 1660 887 illas
1684 855 1911 887 affirmationes
1935 856 2078 896 cognitas
2101 855 2294 886 sufficienter
2323 857 2472 897 explicari

1405 907 1555 942 nequeat.

1461 946 1545 977 Dato
1570 955 1703 987 quoque
1727 946 1818 987 quod
1833 956 1890 988 per
1905 946 1974 977 illas
1989 946 2050 976 Dei
2073 946 2159 987 quod
2181 946 2259 987 quid
2281 952 2328 977 est
2351 956 2474 987 cogno-

1405 997 1556 1027 sceretur,
1580 991 1684 1022 adhuc
1703 997 1811 1022 tamen
1831 991 1910 1022 utile
1926 996 2008 1022 esset
2022 991 2074 1021 via
2096 991 2284 1022 remotionis
2307 992 2364 1022 uti.
2388 991 2474 1030 Quia

1406 1036 1446 1067 ad
1470 1046 1507 1067 ea
1530 1036 1737 1067 essentialiter
1766 1035 2070 1077 comprehendenda
2098 1044 2181 1076 quae
2211 1036 2471 1066 excellentissima

1405 1086 1490 1117 sunt,
1516 1086 1547 1111 et
1570 1090 1653 1121 quae
1675 1090 1743 1111 non
1767 1081 1828 1111 nisi
1850 1090 1909 1122 per
1927 1080 2059 1111 effectus
2074 1079 2304 1121 inadaequatos
2320 1081 2472 1120 cognosci

1406 1135 1424 1156 a
1446 1126 1542 1156 nobis
1565 1131 1711 1166 possunt,
1733 1125 1904 1157 ascendere
1928 1135 1996 1156 non
2019 1134 2193 1165 possumus
2215 1130 2302 1155 tanta
2325 1124 2473 1156 facilitate

1406 1175 1438 1201 et
1460 1171 1628 1201 securitate
1652 1175 1771 1211 quanta
1795 1171 1821 1201 si
1844 1171 1883 1200 ab
1906 1170 1983 1211 ipsis
2006 1170 2095 1211 prius
2119 1169 2293 1200 effectuum
2324 1169 2474 1210 imperfe-

1407 1215 1550 1246 ctionem
1573 1225 1807 1251 removeamus,
1833 1224 1908 1246 cum
1933 1215 1971 1245 ab
1991 1223 2105 1245 eorum
2129 1214 2326 1254 perfectione
2343 1213 2473 1246 effectus

1406 1260 1503 1300 longe
1527 1259 1687 1296 deficiant,
1711 1260 1822 1300 sicque
1845 1260 1878 1290 in
1907 1259 2079 1300 aliqualem
2110 1269 2224 1290 eorum
2254 1259 2474 1299 cognitionem

1407 1305 1580 1335 elevemur.

1461 1349 1515 1380 VI.
1546 1349 1598 1380 Ad
1620 1349 1762 1389 primum
1778 1349 1795 1365 *
1818 1349 1927 1388 itaque
1951 1348 2067 1379 dicitur
2094 1347 2183 1388 quod
2214 1347 2404 1379 antecedens
2428 1354 2475 1379 est

1407 1393 1524 1424 falsum
1540 1393 1579 1424 de
1596 1393 1807 1424 affirmatione
1823 1402 1920 1433 super
1935 1402 2034 1433 quam
2057 1391 2209 1423 fundatur
2231 1393 2369 1433 negatio.
2386 1411 2408 1415 —
2423 1392 2475 1424 Ad

1407 1439 1634 1478 probationem
1658 1438 1774 1469 dicitur
1797 1437 1887 1478 quod
1911 1438 2024 1478 utique
2045 1436 2212 1467 affirmatio
2232 1437 2411 1468 secundum
2430 1447 2474 1474 se,

1407 1484 1603 1523 inquantum
1626 1482 1805 1519 affirmatio,
1828 1488 1875 1513 est
1895 1483 2005 1513 notior
2020 1491 2119 1522 quam
2134 1482 2262 1522 negatio
2278 1487 2315 1512 ut
2332 1483 2475 1522 negatio:

1407 1537 1475 1558 non
1499 1533 1608 1558 tamen
1632 1526 1742 1567 quoad
1764 1536 1835 1557 nos.

1465 1571 1517 1602 Ad
1540 1570 1821 1602 confirmationem
1845 1570 1960 1602 dicitur
1983 1570 2073 1611 quod
2096 1579 2165 1600 non
2187 1575 2234 1601 est
2256 1580 2347 1601 mens
2370 1570 2477 1601 Sancti

1410 1617 1558 1647 Thomae
1572 1622 1722 1656 oportere
1735 1625 1795 1646 nos
1812 1616 1900 1656 prius
1913 1624 2110 1655 cognoscere
2122 1613 2367 1645 affirmationem
2383 1624 2479 1655 super

1410 1670 1509 1702 quam
1532 1661 1661 1701 negatio
1686 1660 1770 1691 dicta
1793 1660 1832 1691 de
1856 1660 1929 1691 Deo
1953 1659 2115 1696 fundatur,
2139 1668 2237 1700 quam
2260 1660 2363 1700 ipsam
2382 1669 2479 1699 nega-

1410 1706 1549 1736 tionem:
1581 1705 1636 1736 sed
1668 1705 1768 1745 quod,
1793 1705 1869 1745 quia
1899 1705 2044 1745 negativa
2074 1713 2132 1744 per
2159 1703 2378 1734 affirmativam
2404 1713 2480 1744 pro-

1410 1751 1503 1781 batur
1526 1749 1705 1781 secundum
1730 1759 1773 1786 se,
1798 1755 1927 1790 oportet
1950 1754 1987 1780 ut
2009 1748 2089 1780 illud
2113 1758 2169 1779 ens
2193 1747 2233 1779 de
2257 1758 2324 1788 quo
2351 1749 2479 1788 negatio

1410 1794 1568 1826 formatur
1594 1800 1750 1835 tanquam
1773 1793 1813 1825 de
1837 1794 1947 1834 aliquo
1976 1799 2059 1830 ente,
2085 1798 2298 1833 cognoscatur
2323 1798 2481 1833 quantum

1410 1839 1451 1870 ad
1466 1839 1600 1880 aliquod
1616 1839 1835 1881 praedicatum
1853 1838 2092 1875 affirmativum;
2117 1838 2262 1878 alioquin
2284 1838 2481 1868 nesciremus

1409 1884 1507 1915 talem
1530 1885 1738 1925 negationem
1762 1883 1801 1914 de
1825 1889 1898 1914 ente
1922 1883 1995 1914 dici.
2019 1883 2061 1914 Et
2076 1883 2131 1919 sic,
2148 1883 2174 1913 si
2190 1882 2345 1913 debemus
2361 1882 2481 1922 aliquid

1411 1928 1450 1960 de
1474 1929 1546 1960 Deo
1570 1938 1688 1970 negare
1711 1934 1865 1969 tanquam
1890 1927 1930 1958 de
1954 1933 2038 1964 ente,
2061 1936 2193 1958 necesse
2224 1932 2270 1958 est
2299 1932 2334 1957 ut
2361 1926 2481 1967 aliquid

1410 1973 1450 2004 de
1479 1974 1552 2014 ipso
1584 1973 1771 2004 affirmative
1801 1982 2047 2013 cognoscamus.
2082 1971 2168 2002 Cum
2197 1972 2261 2002 hoc
2291 1977 2398 2002 tamen
2422 1977 2482 2002 stat

1410 2017 1501 2059 quod
1523 2027 1592 2048 non
1616 2023 1746 2058 oportet
1769 2022 1805 2048 ut
1828 2026 2029 2058 cognoscens
2052 2016 2174 2057 aliquid
2189 2015 2228 2047 de
2244 2016 2316 2046 Deo
2335 2017 2481 2056 negative

1410 2067 1586 2103 cognoscat
1609 2063 1698 2103 prius
1722 2061 1967 2092 affirmationem
1991 2070 2087 2102 super
2111 2070 2209 2102 quam
2239 2060 2323 2091 dicta
2352 2061 2480 2101 negatio

1410 2107 1572 2138 fundatur.
1597 2106 1722 2138 Sufficit
1745 2107 1831 2137 enim
1855 2112 1892 2137 ut
1915 2106 2035 2146 aliquid
2059 2105 2244 2136 affirmative
2268 2105 2307 2136 de
2330 2106 2402 2146 ipso
2427 2115 2482 2136 co-

1410 2157 1584 2192 gnoscatur
1607 2151 1647 2182 ad
1670 2152 1735 2182 hoc
1758 2157 1794 2181 ut
1817 2151 1956 2182 sciamus
1978 2151 2012 2181 in
2035 2151 2107 2191 ipso
2132 2159 2200 2181 esse
2220 2149 2353 2190 aliquod
2369 2149 2483 2180 funda-

1410 2202 1559 2227 mentum
1591 2196 1787 2236 negationis:
1822 2205 1891 2226 non
1924 2195 2011 2225 enim
2042 2195 2107 2225 hoc
2140 2199 2389 2234 cognosceretur
2422 2195 2483 2225 nisi

1411 2250 1684 2281 cognosceremus
1706 2241 1815 2280 ipsum
1839 2249 1907 2270 esse
1931 2239 2064 2279 aliquod
2085 2248 2141 2269 ens
2164 2239 2198 2269 in
2220 2244 2348 2275 natura;
2373 2244 2404 2269 et
2427 2248 2487 2279 per

1412 2294 1616 2326 consequens
1639 2284 1701 2315 nisi
1724 2284 1858 2324 aliquod
1881 2283 2100 2324 praedicatum
2116 2282 2341 2314 affirmativum
2357 2283 2396 2314 de
2412 2284 2487 2324 ipso

1412 2338 1695 2370 cognosceremus.
1726 2329 1789 2360 Ubi
1814 2329 1901 2359 enim
1924 2329 1969 2358 rei
1993 2328 2129 2359 essentia
2151 2333 2188 2358 ut
2210 2328 2244 2358 in
2267 2337 2301 2358 se
2325 2334 2372 2358 est
2395 2338 2488 2359 com-

1411 2374 1568 2415 prehendi
1591 2383 1659 2404 non
1682 2379 1799 2414 potest,
1824 2373 1907 2404 sicut
1930 2372 1970 2403 de
1994 2372 2101 2403 divina
2123 2373 2298 2403 substantia
2322 2372 2453 2403 inferius
2468 2375 2486 2391 *θ

1412 2418 1610 2455 ostendetur,
1623 2424 1742 2459 potest
1763 2418 1893 2458 negatio
1919 2417 2028 2458 quoad
2051 2427 2112 2448 nos
2132 2417 2242 2448 notior
2262 2426 2340 2454 esse,
2357 2423 2389 2448 et
2404 2417 2485 2449 affir-

1411 2464 1512 2495 matio
1536 2473 1595 2504 per
1617 2463 1824 2503 negationem
1849 2462 2014 2503 cognosci.

1467 2508 1519 2539 Ad
1543 2507 1734 2544 secundum,
1758 2513 1893 2548 negatur
1916 2507 2158 2547 consequentia.
2183 2506 2267 2537 Dato
2293 2508 2379 2537 enim
2395 2507 2485 2548 quod

1411 2553 1541 2595 negatio
1573 2553 1607 2583 in
1638 2552 1850 2583 affirmatione
1881 2551 2044 2588 fundetur,
2067 2561 2136 2586 non
2166 2556 2274 2582 tamen
2298 2557 2427 2592 oportet
2449 2558 2486 2583 ut

1411 2598 1510 2638 prius,
1533 2597 1754 2628 universaliter
1775 2596 1955 2637 loquendo,
1979 2595 2147 2627 affirmatio
2176 2602 2404 2636 cognoscatur;
2429 2596 2484 2627 sed

1413 2652 1430 2673 e
1455 2643 1615 2673 contrario
1638 2650 1878 2682 nonnunquam
1903 2650 1941 2671 ex
1963 2641 2135 2681 negatione
2166 2641 2373 2681 cognoscitur
2403 2640 2484 2671 affir-

1411 2687 1523 2722 matio,
1547 2692 1584 2717 ut
1607 2686 1730 2717 dictum
1751 2691 1799 2716 est
1821 2685 1862 2716 ad
1884 2686 2037 2726 primum.

1357 2807 1432 2849 ,W

723 2973 1208 3029 CAPITULUM
1242 2973 1626 3030 DECIMUM
1663 2974 2039 3051 QUINTUM

951 3100 1125 3152 QUOD
1160 3100 1324 3143 DEUS
1359 3101 1454 3142 slT
1487 3101 1819 3144 AETERNUS

418 3276 423 3283 ,
469 3252 514 3277 x
550 3240 627 3276 hoc
664 3247 796 3277 autem
833 3247 992 3288 apparet
1029 3238 1187 3276 ulterius
1224 3240 1356 3277 Deum

382 3294 406 3309 ⁴³
504 3305 588 3331 esse
617 3301 830 3330 aeternum.

316 3381 322 3390 ,
411 3382 419 3385 r
453 3342 475 3395 ζ
557 3348 663 3384 Nam
683 3358 802 3384 omne
820 3345 930 3395 quod
952 3345 1084 3395 incipit
1103 3357 1186 3382 esse
1209 3347 1272 3383 vel
1290 3346 1356 3383 de-

306 3398 319 3429 l
371 3398 373 3400 ’
411 3400 418 3406 ’
505 3400 604 3448 sinit,
629 3412 700 3450 per
726 3407 880 3437 motum
908 3400 971 3436 vel
998 3398 1253 3436 mutationem
1278 3400 1356 3436 hoc

281 3451 434 3502 patitur.
456 3453 671 3492 Ostensum
694 3461 827 3491 autem
855 3460 910 3489 est
928 3453 1060 3489 Deum
1088 3464 1171 3489 esse
1191 3452 1354 3489 omnino

282 3505 566 3548 immutabilem
581 3507 612 3544 *.
627 3507 710 3544 >Est
738 3506 851 3555 igitur
878 3513 1068 3551 aeternus,
1089 3517 1223 3542 carens
1250 3505 1354 3555 prin-

282 3559 398 3609 cipio·
412 3567 450 3597 et
476 3560 567 3598 fine.

336 3672 373 3697 b1
389 3670 474 3706 quae]
494 3681 548 3706 quo
567 3673 617 3699 aY.
728 3673 741 3698 3
762 3679 802 3698 est
818 3678 880 3706 post
899 3674 1006 3698 omnino
1026 3681 1052 3698 α.

430 3728 524 3752 Surum
544 3727 655 3752 CONTRA
675 3728 809 3752 Cam-unis
829 3728 860 3753 D.
879 3728 995 3752 Tamum
1014 3727 1084 3752 Tou.
1104 3727 1121 3752 1.

1465 3241 1571 3277 Item.
1597 3241 1661 3277 Illa
1680 3242 1762 3278 sola
1784 3249 1959 3290 tempore
1979 3249 2252 3278 mensurantur
2274 3253 2374 3290 quae
2394 3253 2480 3278 mo-

1411 3301 1568 3331 ventur:
1599 3306 1646 3331 eo
1682 3294 1790 3343 quod
1824 3300 1967 3344 tempus
1994 3300 2045 3331 est
2073 3306 2248 3330 numerus
2276 3300 2406 3341 motus,
2436 3302 2478 3331 ut

1410 3354 1514 3396 patet
1532 3347 1571 3383 in
1591 3348 1641 3384 IV
1651 3348 1899 3396 Physicorum
1914 3347 1944 3384 ²¹⁸.
1966 3348 2072 3384 Deus
2091 3354 2219 3384 autern
2239 3354 2295 3383 est
2314 3347 2476 3385 omnino

1411 3399 1558 3449 absque
1587 3408 1711 3446 motu,
1731 3408 1774 3437 ut
1802 3400 1880 3438 iam
1907 3401 2116 3449 probatum
2145 3407 2200 3436 est
2217 3399 2248 3436 ²¹⁸.
2277 3401 2476 3449 Tempore

1378 3469 1386 3489 5
1410 3453 1523 3501 igitur
1556 3465 1638 3491 non
1666 3462 1923 3491 mensuratur.
1961 3452 2075 3501 Igitur
2109 3452 2148 3489 in
2185 3452 2269 3502 ipso
2304 3465 2386 3490 non
2421 3462 2477 3490 est

1410 3506 1517 3555 prius
1546 3514 1583 3543 et
1607 3506 1798 3556 posterius
1825 3507 2008 3555 accipere.
2034 3507 2127 3543 Non
2146 3517 2236 3554 ergo
2258 3506 2374 3543 habet
2393 3518 2475 3543 esse

1409 3567 1498 3609 post
1530 3572 1611 3597 non
1645 3572 1739 3606 esse,
1773 3572 1845 3597 nec
1873 3572 1953 3596 non
1986 3571 2068 3596 esse
2104 3567 2192 3608 post
2233 3571 2315 3597 esse
2351 3567 2479 3609 potest

1161 3671 1176 3697 6
1197 3671 1230 3705 et]
1251 3680 1336 3705 neque
1355 3673 1388 3703 N,
1406 3674 1447 3698 vel
1468 3674 1514 3697 Pd.

2501 1345 2511 1354 ‘
2526 1344 2597 1366 Num.
2608 1350 2640 1366 ιν.

2513 2375 2522 2384 ·
2531 2374 2627 2402 Lib.111,
2635 2380 2728 2397 canu»

2512 2407 2565 2429 sqq.

2505 3346 2579 3394 ἷῢερ.
2586 3353 2618 3374 xi,
2625 3353 2644 3374 5;
2651 3346 2721 3368 s.Th.

2505 3389 2520 3414 '¹
2530 3379 2587 3431 gap.
2598 3410 2650 3425 xm.
