<?xml version="1.0" encoding="UTF-8"?>
<!DOCTYPE html PUBLIC "-//W3C//DTD XHTML 1.0 Transitional//EN"
    "http://www.w3.org/TR/xhtml1/DTD/xhtml1-transitional.dtd">
<html xmlns="http://www.w3.org/1999/xhtml" xml:lang="en" lang="en">
 <head>
  <title>
</title>
<meta http-equiv="Content-Type" content="text/html;charset=utf-8" />
  <meta name='ocr-system' content='tesseract 3.04.00' />
  <meta name='ocr-capabilities' content='ocr_page ocr_carea ocr_par ocr_line ocrx_word'/>
</head>
<body>
  <div class='ocr_page' id='page_1' title='image "./operaomniaiussui13thom/operaomniaiussui13thom_0544.png"; bbox 0 0 2768 4134; ppageno 0'>
   <div class='ocr_carea' id='block_1_1' title="bbox 58 3290 267 3364">
    <p class='ocr_par' dir='ltr' id='par_1_1' title="bbox 58 3290 267 3364">
     <span class='ocr_line' id='line_1_1' title="bbox 58 3290 267 3312; baseline 0.01 -2"><span class='ocrx_word' id='word_1_1' title='bbox 58 3290 67 3299; x_wconf 86' lang='grc'><em>·</em></span> <span class='ocrx_word' id='word_1_2' title='bbox 82 3290 117 3311; x_wconf 76' lang='lat' dir='ltr'>Cf.</span> <span class='ocrx_word' id='word_1_3' title='bbox 135 3290 267 3312; x_wconf 78' lang='lat' dir='ltr'>Comment.</span> 
     </span>
     <span class='ocr_line' id='line_1_2' title="bbox 59 3322 266 3344; baseline 0.014 -7"><span class='ocrx_word' id='word_1_4' title='bbox 59 3322 109 3343; x_wconf 73' lang='lat' dir='ltr'>cap.</span> <span class='ocrx_word' id='word_1_5' title='bbox 134 3323 217 3344; x_wconf 62' lang='lat' dir='ltr'>praec„</span> <span class='ocrx_word' id='word_1_6' title='bbox 241 3324 266 3340; x_wconf 91' lang='lat' dir='ltr'>n.</span> 
     </span>
     <span class='ocr_line' id='line_1_3' title="bbox 58 3348 123 3364; baseline 0 -1"><span class='ocrx_word' id='word_1_7' title='bbox 58 3348 123 3364; x_wconf 82' lang='lat' dir='ltr'>xvm.</span> 
     </span>
    </p>
   </div>
   <div class='ocr_carea' id='block_1_2' title="bbox 59 3376 193 3438">
    <p class='ocr_par' dir='ltr' id='par_1_2' title="bbox 59 3376 193 3438">
     <span class='ocr_line' id='line_1_4' title="bbox 59 3376 193 3399; baseline 0.007 -1"><span class='ocrx_word' id='word_1_8' title='bbox 59 3378 67 3386; x_wconf 89' lang='grc'><em>“</em></span> <span class='ocrx_word' id='word_1_9' title='bbox 83 3376 118 3398; x_wconf 83' lang='lat' dir='ltr'>Cf.</span> <span class='ocrx_word' id='word_1_10' title='bbox 134 3384 156 3399; x_wconf 88' lang='lat' dir='ltr'>n.</span> <span class='ocrx_word' id='word_1_11' title='bbox 169 3384 193 3399; x_wconf 83' lang='lat' dir='ltr'>n.</span> 
     </span>
     <span class='ocr_line' id='line_1_5' title="bbox 59 3415 189 3438; baseline 0.008 -1"><span class='ocrx_word' id='word_1_12' title='bbox 59 3417 67 3425; x_wconf 95' lang='grc'><em>“</em></span> <span class='ocrx_word' id='word_1_13' title='bbox 84 3415 116 3437; x_wconf 79' lang='lat' dir='ltr'>Cf.</span> <span class='ocrx_word' id='word_1_14' title='bbox 136 3422 158 3438; x_wconf 90' lang='lat' dir='ltr'>n.</span> <span class='ocrx_word' id='word_1_15' title='bbox 169 3423 189 3438; x_wconf 91' lang='lat' dir='ltr'>v.</span> 
     </span>
    </p>
   </div>
   <div class='ocr_carea' id='block_1_3' title="bbox 304 303 2034 364">
    <p class='ocr_par' dir='ltr' id='par_1_3' title="bbox 304 303 2034 364">
     <span class='ocr_line' id='line_1_6' title="bbox 304 303 2034 364; baseline -0.008 -12"><span class='ocrx_word' id='word_1_16' title='bbox 304 328 382 364; x_wconf 88' lang='lat'>470</span> <span class='ocrx_word' id='word_1_17' title='bbox 771 310 958 347; x_wconf 92' lang='lat' dir='ltr'><strong>SUMMA</strong></span> <span class='ocrx_word' id='word_1_18' title='bbox 988 308 1210 345; x_wconf 93' lang='lat' dir='ltr'>CONTRA</span> <span class='ocrx_word' id='word_1_19' title='bbox 1238 305 1513 351; x_wconf 90' lang='lat' dir='ltr'>GENTILES,</span> <span class='ocrx_word' id='word_1_20' title='bbox 1543 305 1636 342; x_wconf 91' lang='lat' dir='ltr'>LIB.</span> <span class='ocrx_word' id='word_1_21' title='bbox 1657 305 1699 349; x_wconf 89' lang='grc' dir='ltr'>ΙΙ,</span> <span class='ocrx_word' id='word_1_22' title='bbox 1729 303 1841 340; x_wconf 92' lang='lat' dir='ltr'>CAP.</span> <span class='ocrx_word' id='word_1_23' title='bbox 1861 304 2034 340; x_wconf 90' lang='lat' dir='ltr'><strong>LXXIV.</strong></span> 
     </span>
    </p>
   </div>
   <div class='ocr_carea' id='block_1_4' title="bbox 296 381 2504 2782">
    <p class='ocr_par' dir='ltr' id='par_1_4' title="bbox 296 381 2504 2782">
     <span class='ocr_line' id='line_1_7' title="bbox 305 381 2502 435; baseline -0.003 -6"><span class='ocrx_word' id='word_1_24' title='bbox 305 395 396 430; x_wconf 91' lang='lat' dir='ltr'>dam</span> <span class='ocrx_word' id='word_1_25' title='bbox 424 388 711 427; x_wconf 88' lang='lat' dir='ltr'>emanationem</span> <span class='ocrx_word' id='word_1_26' title='bbox 740 386 1004 435; x_wconf 85' lang='lat' dir='ltr'>intelligentiae</span> <span class='ocrx_word' id='word_1_27' title='bbox 1034 384 1188 433; x_wconf 89' lang='lat' dir='ltr'>agentis,</span> <span class='ocrx_word' id='word_1_28' title='bbox 1218 391 1274 421; x_wconf 91' lang='lat' dir='ltr'>est</span> <span class='ocrx_word' id='word_1_29' title='bbox 1301 395 1371 420; x_wconf 87' lang='lat' dir='ltr'>no·</span> <span class='ocrx_word' id='word_1_30' title='bbox 1431 382 1568 432; x_wconf 85' lang='lat' dir='ltr'>agenti,</span> <span class='ocrx_word' id='word_1_31' title='bbox 1599 381 1666 431; x_wconf 92' lang='lat' dir='ltr'>qui</span> <span class='ocrx_word' id='word_1_32' title='bbox 1695 381 1856 418; x_wconf 84' lang='lat' dir='ltr'>addiscit</span> <span class='ocrx_word' id='word_1_33' title='bbox 1883 394 2006 420; x_wconf 85' lang='lat' dir='ltr'>unam</span> <span class='ocrx_word' id='word_1_34' title='bbox 2030 382 2241 430; x_wconf 87' lang='lat' dir='ltr'>scientiam,</span> <span class='ocrx_word' id='word_1_35' title='bbox 2270 396 2352 422; x_wconf 93' lang='lat' dir='ltr'>non</span> <span class='ocrx_word' id='word_1_36' title='bbox 2380 385 2502 434; x_wconf 89' lang='lat' dir='ltr'>magis</span> 
     </span>
     <span class='ocr_line' id='line_1_8' title="bbox 303 434 2500 489; baseline -0.002 -8"><span class='ocrx_word' id='word_1_37' title='bbox 303 457 411 482; x_wconf 88' lang='lat' dir='ltr'>vum.</span> <span class='ocrx_word' id='word_1_38' title='bbox 442 443 630 480; x_wconf 88' lang='lat' dir='ltr'>Videmus</span> <span class='ocrx_word' id='word_1_39' title='bbox 658 440 763 477; x_wconf 89' lang='lat' dir='ltr'>enirn</span> <span class='ocrx_word' id='word_1_40' title='bbox 791 440 899 489; x_wconf 91' lang='lat' dir='ltr'>quod</span> <span class='ocrx_word' id='word_1_41' title='bbox 936 438 1066 475; x_wconf 87' lang='lat' dir='ltr'>anima</span> <span class='ocrx_word' id='word_1_42' title='bbox 1099 445 1230 475; x_wconf 88' lang='lat' dir='ltr'>nostra</span> <span class='ocrx_word' id='word_1_43' title='bbox 1265 444 1372 474; x_wconf 89' lang='lat' dir='ltr'>tanto</span> <span class='ocrx_word' id='word_1_44' title='bbox 1429 435 1590 473; x_wconf 91' lang='lat' dir='ltr'>addiscit</span> <span class='ocrx_word' id='word_1_45' title='bbox 1603 435 1707 472; x_wconf 89' lang='lat' dir='ltr'>illam</span> <span class='ocrx_word' id='word_1_46' title='bbox 1723 446 1844 484; x_wconf 91' lang='lat' dir='ltr'>quam</span> <span class='ocrx_word' id='word_1_47' title='bbox 1859 434 1986 472; x_wconf 90' lang='lat' dir='ltr'>aliam.</span> <span class='ocrx_word' id='word_1_48' title='bbox 1999 436 2120 483; x_wconf 91' lang='lat' dir='ltr'>Quod</span> <span class='ocrx_word' id='word_1_49' title='bbox 2133 443 2238 486; x_wconf 88' lang='lat' dir='ltr'>patet</span> <span class='ocrx_word' id='word_1_50' title='bbox 2252 449 2335 475; x_wconf 88' lang='lat' dir='ltr'>esse</span> <span class='ocrx_word' id='word_1_51' title='bbox 2348 438 2500 477; x_wconf 88' lang='lat' dir='ltr'>falsum.</span> 
     </span>
     <span class='ocr_line' id='line_1_9' title="bbox 303 487 2501 546; baseline -0.002 -12"><span class='ocrx_word' id='word_1_52' title='bbox 303 497 424 546; x_wconf 89' lang='lat' dir='ltr'>magis</span> <span class='ocrx_word' id='word_1_53' title='bbox 443 493 660 544; x_wconf 90' lang='lat' dir='ltr'>disponitur</span> <span class='ocrx_word' id='word_1_54' title='bbox 679 493 727 530; x_wconf 89' lang='lat' dir='ltr'>ad</span> <span class='ocrx_word' id='word_1_55' title='bbox 747 492 1015 542; x_wconf 90' lang='lat' dir='ltr'>recipiendum</span> <span class='ocrx_word' id='word_1_56' title='bbox 1035 503 1057 528; x_wconf 91' lang='lat' dir='ltr'>a</span> <span class='ocrx_word' id='word_1_57' title='bbox 1077 490 1295 528; x_wconf 86' lang='lat' dir='ltr'>substantiis</span> <span class='ocrx_word' id='word_1_58' title='bbox 1313 502 1371 526; x_wconf 90' lang='lat' dir='ltr'>se·</span> <span class='ocrx_word' id='word_1_59' title='bbox 1482 490 1590 526; x_wconf 88' lang='lat' dir='ltr'>Patet</span> <span class='ocrx_word' id='word_1_60' title='bbox 1618 487 1734 525; x_wconf 89' lang='lat' dir='ltr'>etiam</span> <span class='ocrx_word' id='word_1_61' title='bbox 1763 488 1872 537; x_wconf 91' lang='lat' dir='ltr'>quod</span> <span class='ocrx_word' id='word_1_62' title='bbox 1900 489 1998 526; x_wconf 90' lang='lat' dir='ltr'>haec</span> <span class='ocrx_word' id='word_1_63' title='bbox 2026 488 2160 538; x_wconf 92' lang='lat' dir='ltr'>opinio</span> <span class='ocrx_word' id='word_1_64' title='bbox 2181 497 2237 526; x_wconf 90' lang='lat' dir='ltr'>est</span> <span class='ocrx_word' id='word_1_65' title='bbox 2264 497 2398 528; x_wconf 89' lang='lat' dir='ltr'>contra</span> <span class='ocrx_word' id='word_1_66' title='bbox 2416 503 2501 529; x_wconf 90' lang='lat' dir='ltr'>sen-</span> 
     </span>
     <span class='ocr_line' id='line_1_10' title="bbox 301 540 2500 600; baseline -0.002 -14"><span class='ocrx_word' id='word_1_67' title='bbox 301 549 452 600; x_wconf 85' lang='lat' dir='ltr'>paratis‚</span> <span class='ocrx_word' id='word_1_68' title='bbox 472 554 618 597; x_wconf 86' lang='lat' dir='ltr'>quanto</span> <span class='ocrx_word' id='word_1_69' title='bbox 646 546 768 594; x_wconf 87' lang='lat' dir='ltr'>magis</span> <span class='ocrx_word' id='word_1_70' title='bbox 787 559 810 583; x_wconf 90' lang='lat' dir='ltr'>a</span> <span class='ocrx_word' id='word_1_71' title='bbox 837 544 1104 594; x_wconf 85' lang='lat' dir='ltr'>corporalibus</span> <span class='ocrx_word' id='word_1_72' title='bbox 1123 552 1159 581; x_wconf 89' lang='lat' dir='ltr'>et</span> <span class='ocrx_word' id='word_1_73' title='bbox 1187 542 1372 581; x_wconf 81' lang='lat' dir='ltr'>sensibili·</span> <span class='ocrx_word' id='word_1_74' title='bbox 1427 541 1587 579; x_wconf 89' lang='lat' dir='ltr'>tentiam</span> <span class='ocrx_word' id='word_1_75' title='bbox 1615 540 1839 588; x_wconf 83' lang='lat' dir='ltr'>AristoteIiS‚</span> <span class='ocrx_word' id='word_1_76' title='bbox 1868 541 1936 591; x_wconf 91' lang='lat' dir='ltr'>qui</span> <span class='ocrx_word' id='word_1_77' title='bbox 1964 541 2065 587; x_wconf 89' lang='lat' dir='ltr'>dicit,</span> <span class='ocrx_word' id='word_1_78' title='bbox 2094 541 2135 579; x_wconf 91' lang='lat' dir='ltr'>in</span> <span class='ocrx_word' id='word_1_79' title='bbox 2163 543 2210 580; x_wconf 92' lang='lat'>111</span> <span class='ocrx_word' id='word_1_80' title='bbox 2237 543 2284 580; x_wconf 85' lang='lat' dir='ltr'>de</span> <span class='ocrx_word' id='word_1_81' title='bbox 2313 545 2455 583; x_wconf 84' lang='lat' dir='ltr'>Anima</span> <span class='ocrx_word' id='word_1_82' title='bbox 2469 544 2500 591; x_wconf 82' lang='lat'>*,</span> 
     </span>
     <span class='ocr_line' id='line_1_11' title="bbox 303 594 2503 649; baseline -0.002 -10"><span class='ocrx_word' id='word_1_83' title='bbox 303 605 376 640; x_wconf 93' lang='lat' dir='ltr'>bus</span> <span class='ocrx_word' id='word_1_84' title='bbox 394 608 632 639; x_wconf 89' lang='lat' dir='ltr'>removetur:</span> <span class='ocrx_word' id='word_1_85' title='bbox 663 611 733 649; x_wconf 91' lang='lat' dir='ltr'>per</span> <span class='ocrx_word' id='word_1_86' title='bbox 760 610 955 636; x_wconf 90' lang='lat' dir='ltr'>recessum</span> <span class='ocrx_word' id='word_1_87' title='bbox 985 598 1090 634; x_wconf 90' lang='lat' dir='ltr'>enim</span> <span class='ocrx_word' id='word_1_88' title='bbox 1109 598 1158 634; x_wconf 92' lang='lat' dir='ltr'>ab</span> <span class='ocrx_word' id='word_1_89' title='bbox 1187 609 1235 634; x_wconf 93' lang='lat' dir='ltr'>eo</span> <span class='ocrx_word' id='word_1_90' title='bbox 1264 596 1372 646; x_wconf 92' lang='lat' dir='ltr'>quod</span> <span class='ocrx_word' id='word_1_91' title='bbox 1395 611 1404 631; x_wconf 77' lang='grc' dir='ltr'><strong><em>ς</em></strong></span> <span class='ocrx_word' id='word_1_92' title='bbox 1428 595 1536 644; x_wconf 91' lang='lat' dir='ltr'>quod</span> <span class='ocrx_word' id='word_1_93' title='bbox 1572 594 1784 631; x_wconf 89' lang='lat' dir='ltr'>intellectus</span> <span class='ocrx_word' id='word_1_94' title='bbox 1821 594 2014 644; x_wconf 91' lang='lat' dir='ltr'>possibilis</span> <span class='ocrx_word' id='word_1_95' title='bbox 2046 603 2102 632; x_wconf 92' lang='lat' dir='ltr'>est</span> <span class='ocrx_word' id='word_1_96' title='bbox 2138 596 2241 633; x_wconf 87' lang='lat' dir='ltr'>locus</span> <span class='ocrx_word' id='word_1_97' title='bbox 2276 599 2503 646; x_wconf 84' lang='lat' dir='ltr'>specierum:</span> 
     </span>
     <span class='ocr_line' id='line_1_12' title="bbox 302 647 2502 701; baseline -0.002 -9"><span class='ocrx_word' id='word_1_98' title='bbox 302 656 397 693; x_wconf 88' lang='lat' dir='ltr'>infra</span> <span class='ocrx_word' id='word_1_99' title='bbox 413 662 478 701; x_wconf 87' lang='lat' dir='ltr'>est,</span> <span class='ocrx_word' id='word_1_100' title='bbox 491 653 685 690; x_wconf 88' lang='lat' dir='ltr'>acceditur</span> <span class='ocrx_word' id='word_1_101' title='bbox 699 653 748 689; x_wconf 88' lang='lat' dir='ltr'>ad</span> <span class='ocrx_word' id='word_1_102' title='bbox 763 652 802 688; x_wconf 91' lang='lat' dir='ltr'>id</span> <span class='ocrx_word' id='word_1_103' title='bbox 817 652 926 701; x_wconf 93' lang='lat' dir='ltr'>quod</span> <span class='ocrx_word' id='word_1_104' title='bbox 942 663 1059 700; x_wconf 86' lang='lat' dir='ltr'>supra</span> <span class='ocrx_word' id='word_1_105' title='bbox 1074 658 1139 687; x_wconf 89' lang='lat' dir='ltr'>est.</span> <span class='ocrx_word' id='word_1_106' title='bbox 1152 651 1245 687; x_wconf 92' lang='lat' dir='ltr'>Non</span> <span class='ocrx_word' id='word_1_107' title='bbox 1259 649 1373 698; x_wconf 89' lang='lat' dir='ltr'>igitur</span> <span class='ocrx_word' id='word_1_108' title='bbox 1427 649 1535 698; x_wconf 94' lang='lat' dir='ltr'>quod</span> <span class='ocrx_word' id='word_1_109' title='bbox 1574 647 1670 684; x_wconf 89' lang='lat' dir='ltr'>nihil</span> <span class='ocrx_word' id='word_1_110' title='bbox 1706 647 1811 684; x_wconf 91' lang='lat' dir='ltr'>aliud</span> <span class='ocrx_word' id='word_1_111' title='bbox 1849 656 1905 685; x_wconf 87' lang='lat' dir='ltr'>est</span> <span class='ocrx_word' id='word_1_112' title='bbox 1941 649 2067 686; x_wconf 91' lang='lat' dir='ltr'>dicere</span> <span class='ocrx_word' id='word_1_113' title='bbox 2106 662 2227 699; x_wconf 90' lang='lat' dir='ltr'>quam</span> <span class='ocrx_word' id='word_1_114' title='bbox 2260 649 2390 699; x_wconf 91' lang='lat' dir='ltr'>ipsum</span> <span class='ocrx_word' id='word_1_115' title='bbox 2418 663 2502 688; x_wconf 91' lang='lat' dir='ltr'>esse</span> 
     </span>
     <span class='ocr_line' id='line_1_13' title="bbox 303 701 2502 755; baseline -0.002 -10"><span class='ocrx_word' id='word_1_116' title='bbox 303 717 357 745; x_wconf 91' lang='lat' dir='ltr'>est</span> <span class='ocrx_word' id='word_1_117' title='bbox 375 706 581 745; x_wconf 88' lang='lat' dir='ltr'>verisimile</span> <span class='ocrx_word' id='word_1_118' title='bbox 610 706 718 755; x_wconf 93' lang='lat' dir='ltr'>quod</span> <span class='ocrx_word' id='word_1_119' title='bbox 746 717 816 755; x_wconf 92' lang='lat' dir='ltr'>per</span> <span class='ocrx_word' id='word_1_120' title='bbox 835 706 911 742; x_wconf 94' lang='lat' dir='ltr'>hoc</span> <span class='ocrx_word' id='word_1_121' title='bbox 937 704 1045 754; x_wconf 91' lang='lat' dir='ltr'>quod</span> <span class='ocrx_word' id='word_1_122' title='bbox 1071 703 1200 740; x_wconf 88' lang='lat' dir='ltr'>anima</span> <span class='ocrx_word' id='word_1_123' title='bbox 1220 702 1372 752; x_wconf 88' lang='lat' dir='ltr'>respicit</span> <span class='ocrx_word' id='word_1_124' title='bbox 1427 703 1642 738; x_wconf 82' lang='lat' dir='ltr'>thesaurum</span> <span class='ocrx_word' id='word_1_125' title='bbox 1662 701 1949 750; x_wconf 83' lang='lat' dir='ltr'>intelligibilium</span> <span class='ocrx_word' id='word_1_126' title='bbox 1968 704 2187 752; x_wconf 82' lang='lat' dir='ltr'>specierum,</span> <span class='ocrx_word' id='word_1_127' title='bbox 2207 710 2249 740; x_wconf 92' lang='lat' dir='ltr'>ut</span> <span class='ocrx_word' id='word_1_128' title='bbox 2268 703 2397 741; x_wconf 89' lang='lat' dir='ltr'>verbis</span> <span class='ocrx_word' id='word_1_129' title='bbox 2411 704 2502 741; x_wconf 85' lang='lat' dir='ltr'>Avi-</span> 
     </span>
     <span class='ocr_line' id='line_1_14' title="bbox 302 755 1772 811; baseline -0.005 -13"><span class='ocrx_word' id='word_1_130' title='bbox 302 762 351 799; x_wconf 91' lang='lat' dir='ltr'>ad</span> <span class='ocrx_word' id='word_1_131' title='bbox 378 762 647 811; x_wconf 87' lang='lat' dir='ltr'>phantasmata</span> <span class='ocrx_word' id='word_1_132' title='bbox 675 759 901 808; x_wconf 87' lang='lat' dir='ltr'>corporalia,</span> <span class='ocrx_word' id='word_1_133' title='bbox 930 757 1037 807; x_wconf 91' lang='lat' dir='ltr'>quod</span> <span class='ocrx_word' id='word_1_134' title='bbox 1066 756 1295 805; x_wconf 89' lang='lat' dir='ltr'>disponatur</span> <span class='ocrx_word' id='word_1_135' title='bbox 1322 755 1371 792; x_wconf 91' lang='lat' dir='ltr'>ad</span> <span class='ocrx_word' id='word_1_136' title='bbox 1428 766 1574 791; x_wconf 90' lang='lat' dir='ltr'>cennae</span> <span class='ocrx_word' id='word_1_137' title='bbox 1604 761 1772 791; x_wconf 91' lang='lat' dir='ltr'>utamur.</span> 
     </span>
     <span class='ocr_line' id='line_1_15' title="bbox 302 807 2502 864; baseline -0.002 -12"><span class='ocrx_word' id='word_1_138' title='bbox 302 814 562 864; x_wconf 89' lang='lat' dir='ltr'>recipiendam</span> <span class='ocrx_word' id='word_1_139' title='bbox 595 811 838 850; x_wconf 87' lang='lat' dir='ltr'>influentiam</span> <span class='ocrx_word' id='word_1_140' title='bbox 866 810 1132 859; x_wconf 87' lang='lat' dir='ltr'>intelligentiae</span> <span class='ocrx_word' id='word_1_141' title='bbox 1160 816 1369 859; x_wconf 87' lang='lat' dir='ltr'>separatae.</span> <span class='ocrx_word' id='word_1_142' title='bbox 1481 809 1589 845; x_wconf 90' lang='lat' dir='ltr'>Item.</span> <span class='ocrx_word' id='word_1_143' title='bbox 1619 808 1759 844; x_wconf 89' lang='lat' dir='ltr'>Postea</span> <span class='ocrx_word' id='word_1_144' title='bbox 1786 807 1985 856; x_wconf 84' lang='lat' dir='ltr'>subiungit</span> <span class='ocrx_word' id='word_1_145' title='bbox 2002 807 2023 829; x_wconf 82' lang='lat'><em>*</em></span> <span class='ocrx_word' id='word_1_146' title='bbox 2050 810 2170 858; x_wconf 90' lang='lat' dir='ltr'>quod,</span> <span class='ocrx_word' id='word_1_147' title='bbox 2205 811 2366 860; x_wconf 89' lang='lat' dir='ltr'>quando</span> <span class='ocrx_word' id='word_1_148' title='bbox 2395 811 2502 848; x_wconf 91' lang='lat' dir='ltr'>intel·</span> 
     </span>
     <span class='ocr_line' id='line_1_16' title="bbox 354 859 2502 915; baseline -0.001 -10"><span class='ocrx_word' id='word_1_149' title='bbox 354 869 462 905; x_wconf 87' lang='lat' dir='ltr'>Plato</span> <span class='ocrx_word' id='word_1_150' title='bbox 482 875 613 904; x_wconf 88' lang='lat' dir='ltr'>autern</span> <span class='ocrx_word' id='word_1_151' title='bbox 633 865 802 903; x_wconf 88' lang='lat' dir='ltr'>radicem</span> <span class='ocrx_word' id='word_1_152' title='bbox 822 877 914 901; x_wconf 91' lang='lat' dir='ltr'>suae</span> <span class='ocrx_word' id='word_1_153' title='bbox 933 862 1134 913; x_wconf 88' lang='lat' dir='ltr'>positionis</span> <span class='ocrx_word' id='word_1_154' title='bbox 1153 862 1292 900; x_wconf 91' lang='lat' dir='ltr'>melius</span> <span class='ocrx_word' id='word_1_155' title='bbox 1316 869 1372 899; x_wconf 92' lang='lat' dir='ltr'>est</span> <span class='ocrx_word' id='word_1_156' title='bbox 1388 879 1413 894; x_wconf 82' lang='lat'>10</span> <span class='ocrx_word' id='word_1_157' title='bbox 1427 862 1548 898; x_wconf 90' lang='lat' dir='ltr'>lectus</span> <span class='ocrx_word' id='word_1_158' title='bbox 1566 859 1760 910; x_wconf 90' lang='lat' dir='ltr'>possibilis</span> <span class='ocrx_word' id='word_1_159' title='bbox 1779 859 1943 910; x_wconf 87' lang='lat' dir='ltr'>acquirit</span> <span class='ocrx_word' id='word_1_160' title='bbox 1961 861 2174 908; x_wconf 85' lang='lat' dir='ltr'>scientiam,</span> <span class='ocrx_word' id='word_1_161' title='bbox 2195 870 2247 900; x_wconf 88' lang='lat' dir='ltr'>est</span> <span class='ocrx_word' id='word_1_162' title='bbox 2259 870 2393 913; x_wconf 85' lang='lat' dir='ltr'>potens</span> <span class='ocrx_word' id='word_1_163' title='bbox 2415 877 2502 915; x_wconf 84' lang='lat' dir='ltr'>ope-</span> 
     </span>
     <span class='ocr_line' id='line_1_17' title="bbox 299 914 2502 970; baseline -0.001 -12"><span class='ocrx_word' id='word_1_164' title='bbox 299 928 539 970; x_wconf 90' lang='lat' dir='ltr'>prosecutus.</span> <span class='ocrx_word' id='word_1_165' title='bbox 565 919 698 956; x_wconf 91' lang='lat' dir='ltr'>Posuit</span> <span class='ocrx_word' id='word_1_166' title='bbox 716 918 821 955; x_wconf 91' lang='lat' dir='ltr'>enirn</span> <span class='ocrx_word' id='word_1_167' title='bbox 844 917 952 966; x_wconf 92' lang='lat' dir='ltr'>quod</span> <span class='ocrx_word' id='word_1_168' title='bbox 967 915 1159 954; x_wconf 90' lang='lat' dir='ltr'>sensibilia</span> <span class='ocrx_word' id='word_1_169' title='bbox 1182 928 1263 952; x_wconf 93' lang='lat' dir='ltr'>non</span> <span class='ocrx_word' id='word_1_170' title='bbox 1283 922 1372 952; x_wconf 89' lang='lat' dir='ltr'>sunt</span> <span class='ocrx_word' id='word_1_171' title='bbox 1428 917 1511 951; x_wconf 86' lang='lat' dir='ltr'>rari</span> <span class='ocrx_word' id='word_1_172' title='bbox 1531 927 1605 964; x_wconf 87' lang='lat' dir='ltr'>per</span> <span class='ocrx_word' id='word_1_173' title='bbox 1630 916 1805 964; x_wconf 83' lang='lat' dir='ltr'>seipsum,</span> <span class='ocrx_word' id='word_1_174' title='bbox 1834 914 1921 952; x_wconf 90' lang='lat' dir='ltr'>licet</span> <span class='ocrx_word' id='word_1_175' title='bbox 1949 926 2031 951; x_wconf 91' lang='lat' dir='ltr'>non</span> <span class='ocrx_word' id='word_1_176' title='bbox 2060 923 2147 953; x_wconf 88' lang='lat' dir='ltr'>actu</span> <span class='ocrx_word' id='word_1_177' title='bbox 2180 915 2371 966; x_wconf 90' lang='lat' dir='ltr'>intelligat.</span> <span class='ocrx_word' id='word_1_178' title='bbox 2407 918 2502 955; x_wconf 91' lang='lat' dir='ltr'>Non</span> 
     </span>
     <span class='ocr_line' id='line_1_18' title="bbox 302 966 2500 1025; baseline -0.002 -13"><span class='ocrx_word' id='word_1_179' title='bbox 302 973 545 1025; x_wconf 89' lang='lat' dir='ltr'>disponentia</span> <span class='ocrx_word' id='word_1_180' title='bbox 564 973 736 1010; x_wconf 85' lang='lat' dir='ltr'>animam</span> <span class='ocrx_word' id='word_1_181' title='bbox 765 971 813 1008; x_wconf 88' lang='lat' dir='ltr'>ad</span> <span class='ocrx_word' id='word_1_182' title='bbox 841 969 1108 1019; x_wconf 89' lang='lat' dir='ltr'>recipiendum</span> <span class='ocrx_word' id='word_1_183' title='bbox 1127 968 1371 1006; x_wconf 89' lang='lat' dir='ltr'>influentiam</span> <span class='ocrx_word' id='word_1_184' title='bbox 1427 967 1540 1016; x_wconf 90' lang='lat' dir='ltr'>igitur</span> <span class='ocrx_word' id='word_1_185' title='bbox 1557 966 1701 1016; x_wconf 87' lang='lat' dir='ltr'>indiget</span> <span class='ocrx_word' id='word_1_186' title='bbox 1718 967 1920 1005; x_wconf 86' lang='lat' dir='ltr'>influentia</span> <span class='ocrx_word' id='word_1_187' title='bbox 1939 967 2101 1005; x_wconf 91' lang='lat' dir='ltr'>alicuius</span> <span class='ocrx_word' id='word_1_188' title='bbox 2116 968 2326 1018; x_wconf 83' lang='lat' dir='ltr'>superioris</span> <span class='ocrx_word' id='word_1_189' title='bbox 2345 971 2500 1019; x_wconf 87' lang='lat' dir='ltr'>agentis.</span> 
     </span>
     <span class='ocr_line' id='line_1_19' title="bbox 300 1020 2502 1075; baseline -0.001 -10"><span class='ocrx_word' id='word_1_190' title='bbox 300 1028 515 1065; x_wconf 85' lang='lat' dir='ltr'>formarum</span> <span class='ocrx_word' id='word_1_191' title='bbox 525 1033 800 1075; x_wconf 86' lang='lat' dir='ltr'>separatarum,</span> <span class='ocrx_word' id='word_1_192' title='bbox 812 1023 878 1060; x_wconf 91' lang='lat' dir='ltr'>sed</span> <span class='ocrx_word' id='word_1_193' title='bbox 890 1024 1018 1060; x_wconf 93' lang='lat' dir='ltr'>solum</span> <span class='ocrx_word' id='word_1_194' title='bbox 1030 1021 1371 1072; x_wconf 86' lang='lat' dir='ltr'>expergefacientia</span> <span class='ocrx_word' id='word_1_195' title='bbox 1480 1020 1581 1058; x_wconf 87' lang='lat' dir='ltr'>Dicit</span> <span class='ocrx_word' id='word_1_196' title='bbox 1614 1020 1742 1067; x_wconf 86' lang='lat' dir='ltr'>etiam,</span> <span class='ocrx_word' id='word_1_197' title='bbox 1771 1021 1812 1058; x_wconf 91' lang='lat' dir='ltr'>in</span> <span class='ocrx_word' id='word_1_198' title='bbox 1837 1021 1920 1059; x_wconf 90' lang='lat' dir='ltr'>VIII</span> <span class='ocrx_word' id='word_1_199' title='bbox 1945 1023 2196 1071; x_wconf 70' lang='lat' dir='ltr'>Pitysicorum</span> <span class='ocrx_word' id='word_1_200' title='bbox 2211 1022 2243 1069; x_wconf 75' lang='lat'>²¹²,</span> <span class='ocrx_word' id='word_1_201' title='bbox 2273 1024 2382 1073; x_wconf 92' lang='lat' dir='ltr'>quod</span> <span class='ocrx_word' id='word_1_202' title='bbox 2414 1032 2502 1062; x_wconf 86' lang='lat' dir='ltr'>ante</span> 
     </span>
     <span class='ocr_line' id='line_1_20' title="bbox 301 1074 2502 1125; baseline -0.001 -7"><span class='ocrx_word' id='word_1_203' title='bbox 301 1081 534 1118; x_wconf 90' lang='lat' dir='ltr'>intellectum</span> <span class='ocrx_word' id='word_1_204' title='bbox 562 1079 610 1116; x_wconf 93' lang='lat' dir='ltr'>ad</span> <span class='ocrx_word' id='word_1_205' title='bbox 635 1077 964 1115; x_wconf 87' lang='lat' dir='ltr'>considerandum</span> <span class='ocrx_word' id='word_1_206' title='bbox 988 1089 1034 1114; x_wconf 92' lang='lat' dir='ltr'>ea</span> <span class='ocrx_word' id='word_1_207' title='bbox 1058 1087 1230 1125; x_wconf 91' lang='lat' dir='ltr'>quorum</span> <span class='ocrx_word' id='word_1_208' title='bbox 1250 1075 1370 1112; x_wconf 91' lang='lat' dir='ltr'>scien—</span> <span class='ocrx_word' id='word_1_209' title='bbox 1427 1074 1626 1112; x_wconf 91' lang='lat' dir='ltr'>addiscere</span> <span class='ocrx_word' id='word_1_210' title='bbox 1646 1082 1703 1111; x_wconf 90' lang='lat' dir='ltr'>est</span> <span class='ocrx_word' id='word_1_211' title='bbox 1717 1075 1841 1112; x_wconf 89' lang='lat' dir='ltr'>homo</span> <span class='ocrx_word' id='word_1_212' title='bbox 1861 1074 1901 1112; x_wconf 90' lang='lat' dir='ltr'>in</span> <span class='ocrx_word' id='word_1_213' title='bbox 1919 1075 2092 1125; x_wconf 92' lang='lat' dir='ltr'>potentia</span> <span class='ocrx_word' id='word_1_214' title='bbox 2106 1076 2297 1114; x_wconf 87' lang='lat' dir='ltr'>essentiali</span> <span class='ocrx_word' id='word_1_215' title='bbox 2311 1077 2361 1114; x_wconf 92' lang='lat' dir='ltr'>ad</span> <span class='ocrx_word' id='word_1_216' title='bbox 2381 1077 2502 1115; x_wconf 88' lang='lat' dir='ltr'>scien-</span> 
     </span>
     <span class='ocr_line' id='line_1_21' title="bbox 300 1127 2504 1181; baseline -0.001 -10"><span class='ocrx_word' id='word_1_217' title='bbox 300 1134 391 1171; x_wconf 88' lang='lat' dir='ltr'>tiam</span> <span class='ocrx_word' id='word_1_218' title='bbox 407 1133 572 1170; x_wconf 87' lang='lat' dir='ltr'>habebat</span> <span class='ocrx_word' id='word_1_219' title='bbox 587 1132 636 1168; x_wconf 90' lang='lat' dir='ltr'>ab</span> <span class='ocrx_word' id='word_1_220' title='bbox 651 1130 827 1168; x_wconf 88' lang='lat' dir='ltr'>exteriori</span> <span class='ocrx_word' id='word_1_221' title='bbox 842 1138 1052 1167; x_wconf 86' lang='lat' dir='ltr'>causatam.</span> <span class='ocrx_word' id='word_1_222' title='bbox 1070 1130 1245 1166; x_wconf 91' lang='lat' dir='ltr'>Ponebat</span> <span class='ocrx_word' id='word_1_223' title='bbox 1264 1128 1371 1166; x_wconf 90' lang='lat' dir='ltr'>enim</span> <span class='ocrx_word' id='word_1_224' title='bbox 1387 1144 1410 1164; x_wconf 69' lang='grc' dir='ltr'>ιε</span> <span class='ocrx_word' id='word_1_225' title='bbox 1427 1128 1532 1175; x_wconf 87' lang='lat' dir='ltr'>tiam,</span> <span class='ocrx_word' id='word_1_226' title='bbox 1554 1135 1591 1164; x_wconf 92' lang='lat' dir='ltr'>et</span> <span class='ocrx_word' id='word_1_227' title='bbox 1618 1128 1708 1166; x_wconf 92' lang='lat' dir='ltr'>ideo</span> <span class='ocrx_word' id='word_1_228' title='bbox 1727 1127 1872 1176; x_wconf 83' lang='lat' dir='ltr'>indiget</span> <span class='ocrx_word' id='word_1_229' title='bbox 1890 1136 2043 1166; x_wconf 91' lang='lat' dir='ltr'>motore</span> <span class='ocrx_word' id='word_1_230' title='bbox 2062 1141 2134 1179; x_wconf 91' lang='lat' dir='ltr'>per</span> <span class='ocrx_word' id='word_1_231' title='bbox 2155 1141 2277 1179; x_wconf 92' lang='lat' dir='ltr'>quem</span> <span class='ocrx_word' id='word_1_232' title='bbox 2296 1131 2504 1181; x_wconf 80' lang='lat' dir='ltr'>reducatur</span> 
     </span>
     <span class='ocr_line' id='line_1_22' title="bbox 300 1181 2502 1235; baseline -0 -12"><span class='ocrx_word' id='word_1_233' title='bbox 300 1187 407 1235; x_wconf 91' lang='lat' dir='ltr'>quod</span> <span class='ocrx_word' id='word_1_234' title='bbox 435 1198 457 1223; x_wconf 89' lang='lat' dir='ltr'>a</span> <span class='ocrx_word' id='word_1_235' title='bbox 485 1184 674 1235; x_wconf 88' lang='lat' dir='ltr'>principio</span> <span class='ocrx_word' id='word_1_236' title='bbox 704 1197 726 1220; x_wconf 91' lang='lat' dir='ltr'>a</span> <span class='ocrx_word' id='word_1_237' title='bbox 758 1183 891 1221; x_wconf 87' lang='lat' dir='ltr'>formis</span> <span class='ocrx_word' id='word_1_238' title='bbox 925 1183 1107 1233; x_wconf 90' lang='lat' dir='ltr'>separatis</span> <span class='ocrx_word' id='word_1_239' title='bbox 1139 1182 1372 1220; x_wconf 88' lang='lat' dir='ltr'>causabatur</span> <span class='ocrx_word' id='word_1_240' title='bbox 1426 1181 1467 1219; x_wconf 93' lang='lat' dir='ltr'>in</span> <span class='ocrx_word' id='word_1_241' title='bbox 1495 1189 1601 1219; x_wconf 89' lang='lat' dir='ltr'>actu:</span> <span class='ocrx_word' id='word_1_242' title='bbox 1630 1193 1712 1218; x_wconf 91' lang='lat' dir='ltr'>non</span> <span class='ocrx_word' id='word_1_243' title='bbox 1739 1189 1884 1228; x_wconf 87' lang='lat' dir='ltr'>autem,</span> <span class='ocrx_word' id='word_1_244' title='bbox 1903 1190 2114 1233; x_wconf 85' lang='lat' dir='ltr'>postquam</span> <span class='ocrx_word' id='word_1_245' title='bbox 2134 1182 2213 1221; x_wconf 83' lang='lat' dir='ltr'>iam</span> <span class='ocrx_word' id='word_1_246' title='bbox 2231 1183 2427 1232; x_wconf 84' lang='lat' dir='ltr'>addidicit,</span> <span class='ocrx_word' id='word_1_247' title='bbox 2442 1184 2502 1234; x_wconf 81' lang='lat' dir='ltr'>in-</span> 
     </span>
     <span class='ocr_line' id='line_1_23' title="bbox 300 1235 2504 1286; baseline 0 -9"><span class='ocrx_word' id='word_1_248' title='bbox 300 1239 455 1277; x_wconf 88' lang='lat' dir='ltr'>scientia</span> <span class='ocrx_word' id='word_1_249' title='bbox 483 1239 522 1275; x_wconf 90' lang='lat' dir='ltr'>in</span> <span class='ocrx_word' id='word_1_250' title='bbox 551 1237 756 1275; x_wconf 89' lang='lat' dir='ltr'>animabus</span> <span class='ocrx_word' id='word_1_251' title='bbox 785 1236 924 1274; x_wconf 92' lang='lat' dir='ltr'>nostris</span> <span class='ocrx_word' id='word_1_252' title='bbox 953 1236 1133 1274; x_wconf 89' lang='lat' dir='ltr'>omniurn</span> <span class='ocrx_word' id='word_1_253' title='bbox 1160 1235 1368 1273; x_wconf 89' lang='lat' dir='ltr'>scibilium:</span> <span class='ocrx_word' id='word_1_254' title='bbox 1427 1235 1528 1284; x_wconf 88' lang='lat' dir='ltr'>diget</span> <span class='ocrx_word' id='word_1_255' title='bbox 1554 1247 1626 1285; x_wconf 92' lang='lat' dir='ltr'>per</span> <span class='ocrx_word' id='word_1_256' title='bbox 1644 1247 1686 1272; x_wconf 89' lang='lat' dir='ltr'>se</span> <span class='ocrx_word' id='word_1_257' title='bbox 1704 1243 1870 1273; x_wconf 90' lang='lat' dir='ltr'>motore.</span> <span class='ocrx_word' id='word_1_258' title='bbox 1892 1236 1995 1285; x_wconf 88' lang='lat' dir='ltr'>Ergo</span> <span class='ocrx_word' id='word_1_259' title='bbox 2020 1248 2102 1274; x_wconf 90' lang='lat' dir='ltr'>non</span> <span class='ocrx_word' id='word_1_260' title='bbox 2130 1236 2274 1286; x_wconf 87' lang='lat' dir='ltr'>indiget</span> <span class='ocrx_word' id='word_1_261' title='bbox 2300 1236 2504 1276; x_wconf 83' lang='lat' dir='ltr'>influentia</span> 
     </span>
     <span class='ocr_line' id='line_1_24' title="bbox 299 1288 2500 1344; baseline -0.003 -14"><span class='ocrx_word' id='word_1_262' title='bbox 299 1293 405 1340; x_wconf 83' lang='lat' dir='ltr'>unde</span> <span class='ocrx_word' id='word_1_263' title='bbox 424 1291 620 1329; x_wconf 87' lang='lat' dir='ltr'>addiscere</span> <span class='ocrx_word' id='word_1_264' title='bbox 650 1290 742 1328; x_wconf 87' lang='lat' dir='ltr'>dixit</span> <span class='ocrx_word' id='word_1_265' title='bbox 761 1302 844 1327; x_wconf 92' lang='lat' dir='ltr'>esse</span> <span class='ocrx_word' id='word_1_266' title='bbox 873 1290 1076 1340; x_wconf 91' lang='lat' dir='ltr'>quoddam</span> <span class='ocrx_word' id='word_1_267' title='bbox 1095 1289 1301 1327; x_wconf 91' lang='lat' dir='ltr'>reminisci.</span> <span class='ocrx_word' id='word_1_268' title='bbox 1322 1290 1371 1327; x_wconf 92' lang='lat' dir='ltr'>Et</span> <span class='ocrx_word' id='word_1_269' title='bbox 1426 1288 1639 1326; x_wconf 88' lang='lat' dir='ltr'>intellectus</span> <span class='ocrx_word' id='word_1_270' title='bbox 1667 1288 1823 1338; x_wconf 90' lang='lat' dir='ltr'>agentis.</span> <span class='ocrx_word' id='word_1_271' title='bbox 2355 1341 2359 1344; x_wconf 16' lang='grc' dir='ltr'><strong><em>Δ</em></strong></span> <span class='ocrx_word' id='word_1_272' title='bbox 2497 1289 2500 1292; x_wconf 71' lang='grc'>’</span> 
     </span>
     <span class='ocr_line' id='line_1_25' title="bbox 300 1342 2502 1395; baseline -0 -12"><span class='ocrx_word' id='word_1_273' title='bbox 300 1348 375 1384; x_wconf 91' lang='lat' dir='ltr'>hoc</span> <span class='ocrx_word' id='word_1_274' title='bbox 399 1345 660 1383; x_wconf 88' lang='lat' dir='ltr'>necessarium</span> <span class='ocrx_word' id='word_1_275' title='bbox 683 1352 739 1381; x_wconf 91' lang='lat' dir='ltr'>est</span> <span class='ocrx_word' id='word_1_276' title='bbox 764 1345 983 1381; x_wconf 91' lang='lat' dir='ltr'>secundum</span> <span class='ocrx_word' id='word_1_277' title='bbox 1011 1343 1094 1381; x_wconf 91' lang='lat' dir='ltr'>eius</span> <span class='ocrx_word' id='word_1_278' title='bbox 1122 1343 1368 1394; x_wconf 90' lang='lat' dir='ltr'>positionem.</span> <span class='ocrx_word' id='word_1_279' title='bbox 1480 1342 1581 1379; x_wconf 91' lang='lat' dir='ltr'>Dicit</span> <span class='ocrx_word' id='word_1_280' title='bbox 1607 1342 1736 1389; x_wconf 88' lang='lat' dir='ltr'>etiam,</span> <span class='ocrx_word' id='word_1_281' title='bbox 1766 1342 1806 1380; x_wconf 91' lang='lat' dir='ltr'>in</span> <span class='ocrx_word' id='word_1_282' title='bbox 1835 1342 1881 1380; x_wconf 90' lang='lat'>111</span> <span class='ocrx_word' id='word_1_283' title='bbox 1909 1343 1956 1380; x_wconf 87' lang='lat' dir='ltr'>de</span> <span class='ocrx_word' id='word_1_284' title='bbox 1982 1345 2124 1382; x_wconf 86' lang='lat' dir='ltr'>Anima</span> <span class='ocrx_word' id='word_1_285' title='bbox 2143 1343 2174 1389; x_wconf 69' lang='lat'>²⁸²,</span> <span class='ocrx_word' id='word_1_286' title='bbox 2203 1343 2314 1394; x_wconf 91' lang='lat' dir='ltr'>quod</span> <span class='ocrx_word' id='word_1_287' title='bbox 2339 1344 2502 1395; x_wconf 73' lang='lat' dir='ltr'>phama-</span> 
     </span>
     <span class='ocr_line' id='line_1_26' title="bbox 299 1396 2504 1448; baseline -0 -11"><span class='ocrx_word' id='word_1_288' title='bbox 299 1400 416 1446; x_wconf 83' lang='lat' dir='ltr'>Nam,</span> <span class='ocrx_word' id='word_1_289' title='bbox 439 1411 530 1436; x_wconf 91' lang='lat' dir='ltr'>cum</span> <span class='ocrx_word' id='word_1_290' title='bbox 559 1397 792 1435; x_wconf 90' lang='lat' dir='ltr'>substantiae</span> <span class='ocrx_word' id='word_1_291' title='bbox 821 1406 1019 1447; x_wconf 87' lang='lat' dir='ltr'>separatae</span> <span class='ocrx_word' id='word_1_292' title='bbox 1047 1398 1121 1435; x_wconf 92' lang='lat' dir='ltr'>sint</span> <span class='ocrx_word' id='word_1_293' title='bbox 1149 1396 1371 1434; x_wconf 91' lang='lat' dir='ltr'>immobiles</span> <span class='ocrx_word' id='word_1_294' title='bbox 1386 1411 1412 1425; x_wconf 84' lang='lat'>20</span> <span class='ocrx_word' id='word_1_295' title='bbox 1425 1402 1546 1434; x_wconf 84' lang='lat' dir='ltr'>smata</span> <span class='ocrx_word' id='word_1_296' title='bbox 1577 1408 1617 1433; x_wconf 89' lang='lat' dir='ltr'>se</span> <span class='ocrx_word' id='word_1_297' title='bbox 1648 1398 1785 1434; x_wconf 81' lang='lat' dir='ltr'>hahent</span> <span class='ocrx_word' id='word_1_298' title='bbox 1823 1397 1875 1433; x_wconf 84' lang='lat' dir='ltr'>ad</span> <span class='ocrx_word' id='word_1_299' title='bbox 1905 1397 2128 1434; x_wconf 75' lang='lat' dir='ltr'>intellectum</span> <span class='ocrx_word' id='word_1_300' title='bbox 2159 1398 2375 1448; x_wconf 79' lang='lat' dir='ltr'>possibilem</span> <span class='ocrx_word' id='word_1_301' title='bbox 2410 1399 2504 1436; x_wconf 79' lang='lat' dir='ltr'>sicut</span> 
     </span>
     <span class='ocr_line' id='line_1_27' title="bbox 300 1450 2504 1502; baseline 0.001 -13"><span class='ocrx_word' id='word_1_302' title='bbox 300 1461 335 1489; x_wconf 91' lang='lat' dir='ltr'>et</span> <span class='ocrx_word' id='word_1_303' title='bbox 364 1464 518 1502; x_wconf 91' lang='lat' dir='ltr'>semper</span> <span class='ocrx_word' id='word_1_304' title='bbox 545 1452 686 1489; x_wconf 90' lang='lat' dir='ltr'>eodem</span> <span class='ocrx_word' id='word_1_305' title='bbox 715 1451 835 1488; x_wconf 92' lang='lat' dir='ltr'>modo</span> <span class='ocrx_word' id='word_1_306' title='bbox 864 1463 904 1489; x_wconf 90' lang='lat' dir='ltr'>se</span> <span class='ocrx_word' id='word_1_307' title='bbox 928 1451 1126 1497; x_wconf 83' lang='lat' dir='ltr'>habentes,</span> <span class='ocrx_word' id='word_1_308' title='bbox 1147 1462 1304 1500; x_wconf 90' lang='lat' dir='ltr'>semper</span> <span class='ocrx_word' id='word_1_309' title='bbox 1321 1450 1370 1487; x_wconf 91' lang='lat' dir='ltr'>ab</span> <span class='ocrx_word' id='word_1_310' title='bbox 1425 1450 1612 1488; x_wconf 81' lang='lat' dir='ltr'>sensibilia</span> <span class='ocrx_word' id='word_1_311' title='bbox 1631 1451 1682 1487; x_wconf 88' lang='lat' dir='ltr'>ad</span> <span class='ocrx_word' id='word_1_312' title='bbox 1707 1462 1867 1487; x_wconf 82' lang='lat' dir='ltr'>sensum.</span> <span class='ocrx_word' id='word_1_313' title='bbox 1891 1450 2003 1487; x_wconf 91' lang='lat' dir='ltr'>Unde</span> <span class='ocrx_word' id='word_1_314' title='bbox 2030 1458 2135 1500; x_wconf 92' lang='lat' dir='ltr'>patet</span> <span class='ocrx_word' id='word_1_315' title='bbox 2153 1452 2261 1501; x_wconf 90' lang='lat' dir='ltr'>quod</span> <span class='ocrx_word' id='word_1_316' title='bbox 2279 1451 2428 1502; x_wconf 82' lang='lat' dir='ltr'>species</span> <span class='ocrx_word' id='word_1_317' title='bbox 2444 1452 2504 1492; x_wconf 78' lang='lat' dir='ltr'>in-</span> 
     </span>
     <span class='ocr_line' id='line_1_28' title="bbox 300 1502 2503 1556; baseline 0 -13"><span class='ocrx_word' id='word_1_318' title='bbox 300 1506 352 1543; x_wconf 91' lang='lat' dir='ltr'>eis</span> <span class='ocrx_word' id='word_1_319' title='bbox 381 1505 598 1555; x_wconf 89' lang='lat' dir='ltr'>resplendet</span> <span class='ocrx_word' id='word_1_320' title='bbox 635 1504 792 1542; x_wconf 87' lang='lat' dir='ltr'>scientia</span> <span class='ocrx_word' id='word_1_321' title='bbox 827 1517 957 1542; x_wconf 87' lang='lat' dir='ltr'>rerum</span> <span class='ocrx_word' id='word_1_322' title='bbox 992 1505 1031 1542; x_wconf 92' lang='lat' dir='ltr'>in</span> <span class='ocrx_word' id='word_1_323' title='bbox 1060 1504 1190 1542; x_wconf 86' lang='lat' dir='ltr'>anima</span> <span class='ocrx_word' id='word_1_324' title='bbox 1227 1511 1368 1551; x_wconf 88' lang='lat' dir='ltr'>nostra,</span> <span class='ocrx_word' id='word_1_325' title='bbox 1426 1502 1636 1552; x_wconf 87' lang='lat' dir='ltr'>telligibiles</span> <span class='ocrx_word' id='word_1_326' title='bbox 1665 1511 1755 1541; x_wconf 90' lang='lat' dir='ltr'>sunt</span> <span class='ocrx_word' id='word_1_327' title='bbox 1782 1503 1822 1540; x_wconf 93' lang='lat' dir='ltr'>in</span> <span class='ocrx_word' id='word_1_328' title='bbox 1855 1503 2048 1542; x_wconf 87' lang='lat' dir='ltr'>intellectu</span> <span class='ocrx_word' id='word_1_329' title='bbox 2081 1504 2256 1554; x_wconf 89' lang='lat' dir='ltr'>possibili</span> <span class='ocrx_word' id='word_1_330' title='bbox 2290 1518 2313 1543; x_wconf 91' lang='lat' dir='ltr'>a</span> <span class='ocrx_word' id='word_1_331' title='bbox 2339 1505 2503 1556; x_wconf 73' lang='lat' dir='ltr'>phanta-</span> 
     </span>
     <span class='ocr_line' id='line_1_29' title="bbox 300 1556 2499 1609; baseline -0 -12"><span class='ocrx_word' id='word_1_332' title='bbox 300 1571 400 1609; x_wconf 90' lang='lat' dir='ltr'>quae</span> <span class='ocrx_word' id='word_1_333' title='bbox 429 1566 485 1596; x_wconf 93' lang='lat' dir='ltr'>est</span> <span class='ocrx_word' id='word_1_334' title='bbox 507 1559 596 1605; x_wconf 38' lang='lat' dir='ltr'>,eius</span> <span class='ocrx_word' id='word_1_335' title='bbox 625 1570 757 1607; x_wconf 90' lang='lat' dir='ltr'>capax.</span> <span class='ocrx_word' id='word_1_336' title='bbox 1427 1556 1626 1603; x_wconf 74' lang='lat' dir='ltr'>smafibus,</span> <span class='ocrx_word' id='word_1_337' title='bbox 1655 1569 1737 1594; x_wconf 92' lang='lat' dir='ltr'>non</span> <span class='ocrx_word' id='word_1_338' title='bbox 1766 1569 1789 1594; x_wconf 95' lang='lat' dir='ltr'>a</span> <span class='ocrx_word' id='word_1_339' title='bbox 1817 1557 2030 1595; x_wconf 90' lang='lat' dir='ltr'>substantia</span> <span class='ocrx_word' id='word_1_340' title='bbox 2057 1566 2244 1608; x_wconf 89' lang='lat' dir='ltr'>separata.</span> <span class='ocrx_word' id='word_1_341' title='bbox 2496 1585 2499 1588; x_wconf 91' lang='lat'><em>-</em></span> 
     </span>
     <span class='ocr_line' id='line_1_30' title="bbox 352 1610 2503 1662; baseline 0 -12"><span class='ocrx_word' id='word_1_342' title='bbox 352 1612 541 1662; x_wconf 89' lang='lat' dir='ltr'>Amplius.</span> <span class='ocrx_word' id='word_1_343' title='bbox 571 1612 692 1659; x_wconf 92' lang='lat' dir='ltr'>Quod</span> <span class='ocrx_word' id='word_1_344' title='bbox 720 1611 902 1661; x_wconf 90' lang='lat' dir='ltr'>recipitur</span> <span class='ocrx_word' id='word_1_345' title='bbox 929 1611 969 1648; x_wconf 92' lang='lat' dir='ltr'>in</span> <span class='ocrx_word' id='word_1_346' title='bbox 997 1611 1140 1661; x_wconf 83' lang='lat' dir='ltr'>aliquo,</span> <span class='ocrx_word' id='word_1_347' title='bbox 1171 1619 1227 1648; x_wconf 92' lang='lat' dir='ltr'>est</span> <span class='ocrx_word' id='word_1_348' title='bbox 1254 1611 1294 1648; x_wconf 91' lang='lat' dir='ltr'>in</span> <span class='ocrx_word' id='word_1_349' title='bbox 1322 1623 1370 1648; x_wconf 92' lang='lat' dir='ltr'>eo</span> <span class='ocrx_word' id='word_1_350' title='bbox 1481 1610 1666 1648; x_wconf 88' lang='lat' dir='ltr'>Rationes</span> <span class='ocrx_word' id='word_1_351' title='bbox 1694 1617 1826 1648; x_wconf 89' lang='lat' dir='ltr'>autem</span> <span class='ocrx_word' id='word_1_352' title='bbox 1853 1623 1956 1660; x_wconf 87' lang='lat' dir='ltr'>quae</span> <span class='ocrx_word' id='word_1_353' title='bbox 1983 1610 2166 1650; x_wconf 90' lang='lat' dir='ltr'>videntur</span> <span class='ocrx_word' id='word_1_354' title='bbox 2196 1611 2237 1650; x_wconf 92' lang='lat' dir='ltr'>in</span> <span class='ocrx_word' id='word_1_355' title='bbox 2264 1611 2503 1651; x_wconf 75' lang='lat' dir='ltr'>contrarium</span> 
     </span>
     <span class='ocr_line' id='line_1_31' title="bbox 299 1663 2503 1715; baseline 0 -12"><span class='ocrx_word' id='word_1_356' title='bbox 299 1678 369 1715; x_wconf 89' lang='lat' dir='ltr'>per</span> <span class='ocrx_word' id='word_1_357' title='bbox 401 1666 568 1703; x_wconf 90' lang='lat' dir='ltr'>modum</span> <span class='ocrx_word' id='word_1_358' title='bbox 604 1664 831 1714; x_wconf 90' lang='lat' dir='ltr'>recipientis.</span> <span class='ocrx_word' id='word_1_359' title='bbox 866 1666 961 1702; x_wconf 90' lang='lat' dir='ltr'>Esse</span> <span class='ocrx_word' id='word_1_360' title='bbox 994 1673 1125 1702; x_wconf 92' lang='lat' dir='ltr'>autem</span> <span class='ocrx_word' id='word_1_361' title='bbox 1158 1665 1371 1702; x_wconf 87' lang='lat' dir='ltr'>intellectus</span> <span class='ocrx_word' id='word_1_362' title='bbox 1386 1678 1410 1698; x_wconf 79' lang='lat'>2⁵</span> <span class='ocrx_word' id='word_1_363' title='bbox 1427 1675 1521 1709; x_wconf 88' lang='lat' dir='ltr'>esse,</span> <span class='ocrx_word' id='word_1_364' title='bbox 1551 1676 1632 1702; x_wconf 92' lang='lat' dir='ltr'>non</span> <span class='ocrx_word' id='word_1_365' title='bbox 1667 1674 1723 1701; x_wconf 90' lang='lat' dir='ltr'>est</span> <span class='ocrx_word' id='word_1_366' title='bbox 1757 1663 1912 1701; x_wconf 85' lang='lat' dir='ltr'>difficile</span> <span class='ocrx_word' id='word_1_367' title='bbox 1947 1666 2110 1702; x_wconf 91' lang='lat' dir='ltr'>solvere.</span> <span class='ocrx_word' id='word_1_368' title='bbox 2146 1666 2362 1704; x_wconf 85' lang='lat' dir='ltr'>Intellectus</span> <span class='ocrx_word' id='word_1_369' title='bbox 2395 1665 2503 1704; x_wconf 74' lang='lat' dir='ltr'>enim</span> 
     </span>
     <span class='ocr_line' id='line_1_32' title="bbox 299 1717 2503 1769; baseline 0 -13"><span class='ocrx_word' id='word_1_370' title='bbox 299 1718 490 1769; x_wconf 88' lang='lat' dir='ltr'>possibilis</span> <span class='ocrx_word' id='word_1_371' title='bbox 518 1726 574 1756; x_wconf 90' lang='lat' dir='ltr'>est</span> <span class='ocrx_word' id='word_1_372' title='bbox 598 1718 720 1767; x_wconf 84' lang='lat' dir='ltr'>magis</span> <span class='ocrx_word' id='word_1_373' title='bbox 739 1718 901 1755; x_wconf 85' lang='lat' dir='ltr'>firmum</span> <span class='ocrx_word' id='word_1_374' title='bbox 929 1730 1049 1768; x_wconf 91' lang='lat' dir='ltr'>quam</span> <span class='ocrx_word' id='word_1_375' title='bbox 1077 1730 1159 1755; x_wconf 93' lang='lat' dir='ltr'>esse</span> <span class='ocrx_word' id='word_1_376' title='bbox 1187 1718 1371 1756; x_wconf 90' lang='lat' dir='ltr'>materiae</span> <span class='ocrx_word' id='word_1_377' title='bbox 1426 1717 1617 1767; x_wconf 89' lang='lat' dir='ltr'>possibilis</span> <span class='ocrx_word' id='word_1_378' title='bbox 1645 1725 1701 1754; x_wconf 88' lang='lat' dir='ltr'>est</span> <span class='ocrx_word' id='word_1_379' title='bbox 1729 1717 1769 1754; x_wconf 90' lang='lat' dir='ltr'>in</span> <span class='ocrx_word' id='word_1_380' title='bbox 1797 1724 1886 1754; x_wconf 82' lang='lat' dir='ltr'>actu</span> <span class='ocrx_word' id='word_1_381' title='bbox 1913 1718 2082 1767; x_wconf 85' lang='lat' dir='ltr'>perfecto</span> <span class='ocrx_word' id='word_1_382' title='bbox 2107 1719 2327 1757; x_wconf 89' lang='lat' dir='ltr'>secundum</span> <span class='ocrx_word' id='word_1_383' title='bbox 2355 1719 2503 1769; x_wconf 80' lang='lat' dir='ltr'>species</span> 
     </span>
     <span class='ocr_line' id='line_1_33' title="bbox 300 1770 2502 1822; baseline 0 -12"><span class='ocrx_word' id='word_1_384' title='bbox 300 1772 520 1822; x_wconf 88' lang='lat' dir='ltr'>corporalis.</span> <span class='ocrx_word' id='word_1_385' title='bbox 552 1772 655 1810; x_wconf 92' lang='lat' dir='ltr'>Cum</span> <span class='ocrx_word' id='word_1_386' title='bbox 683 1771 796 1819; x_wconf 90' lang='lat' dir='ltr'>igitur</span> <span class='ocrx_word' id='word_1_387' title='bbox 820 1771 967 1808; x_wconf 88' lang='lat' dir='ltr'>formae</span> <span class='ocrx_word' id='word_1_388' title='bbox 995 1771 1159 1809; x_wconf 88' lang='lat' dir='ltr'>fluentes</span> <span class='ocrx_word' id='word_1_389' title='bbox 1182 1771 1222 1808; x_wconf 93' lang='lat' dir='ltr'>in</span> <span class='ocrx_word' id='word_1_390' title='bbox 1251 1779 1371 1809; x_wconf 86' lang='lat' dir='ltr'>mate·</span> <span class='ocrx_word' id='word_1_391' title='bbox 1426 1770 1678 1820; x_wconf 89' lang='lat' dir='ltr'>intelligibiles</span> <span class='ocrx_word' id='word_1_392' title='bbox 1696 1782 1789 1808; x_wconf 88' lang='lat' dir='ltr'>cum</span> <span class='ocrx_word' id='word_1_393' title='bbox 1817 1771 2036 1817; x_wconf 80' lang='lat' dir='ltr'>considerat</span> <span class='ocrx_word' id='word_1_394' title='bbox 2054 1779 2158 1810; x_wconf 89' lang='lat' dir='ltr'>actu:</span> <span class='ocrx_word' id='word_1_395' title='bbox 2184 1784 2276 1810; x_wconf 91' lang='lat' dir='ltr'>cum</span> <span class='ocrx_word' id='word_1_396' title='bbox 2299 1785 2395 1811; x_wconf 89' lang='lat' dir='ltr'>vero</span> <span class='ocrx_word' id='word_1_397' title='bbox 2419 1785 2502 1811; x_wconf 86' lang='lat' dir='ltr'>non</span> 
     </span>
     <span class='ocr_line' id='line_1_34' title="bbox 300 1823 2502 1876; baseline 0.001 -13"><span class='ocrx_word' id='word_1_398' title='bbox 300 1826 398 1863; x_wconf 87' lang='lat' dir='ltr'>riam</span> <span class='ocrx_word' id='word_1_399' title='bbox 413 1827 654 1875; x_wconf 91' lang='lat' dir='ltr'>corporalem</span> <span class='ocrx_word' id='word_1_400' title='bbox 669 1825 718 1862; x_wconf 95' lang='lat' dir='ltr'>ab</span> <span class='ocrx_word' id='word_1_401' title='bbox 734 1825 977 1873; x_wconf 86' lang='lat' dir='ltr'>intelligentia</span> <span class='ocrx_word' id='word_1_402' title='bbox 989 1833 1135 1874; x_wconf 83' lang='lat' dir='ltr'>agente,</span> <span class='ocrx_word' id='word_1_403' title='bbox 1151 1825 1371 1862; x_wconf 91' lang='lat' dir='ltr'>secundum</span> <span class='ocrx_word' id='word_1_404' title='bbox 1427 1823 1645 1862; x_wconf 88' lang='lat' dir='ltr'>considerat</span> <span class='ocrx_word' id='word_1_405' title='bbox 1672 1831 1771 1871; x_wconf 85' lang='lat' dir='ltr'>actu,</span> <span class='ocrx_word' id='word_1_406' title='bbox 1801 1836 1883 1862; x_wconf 92' lang='lat' dir='ltr'>non</span> <span class='ocrx_word' id='word_1_407' title='bbox 1902 1833 1959 1862; x_wconf 87' lang='lat' dir='ltr'>est</span> <span class='ocrx_word' id='word_1_408' title='bbox 1986 1824 2026 1862; x_wconf 92' lang='lat' dir='ltr'>in</span> <span class='ocrx_word' id='word_1_409' title='bbox 2055 1833 2143 1863; x_wconf 86' lang='lat' dir='ltr'>actu</span> <span class='ocrx_word' id='word_1_410' title='bbox 2165 1826 2336 1876; x_wconf 82' lang='lat' dir='ltr'>perfecto</span> <span class='ocrx_word' id='word_1_411' title='bbox 2365 1836 2502 1866; x_wconf 86' lang='lat' dir='ltr'>secun-</span> 
     </span>
     <span class='ocr_line' id='line_1_35' title="bbox 299 1877 2504 1928; baseline 0.001 -12"><span class='ocrx_word' id='word_1_412' title='bbox 299 1879 441 1928; x_wconf 82' lang='lat' dir='ltr'>ipsum,</span> <span class='ocrx_word' id='word_1_413' title='bbox 466 1886 745 1916; x_wconf 89' lang='lat' dir='ltr'>conserventur</span> <span class='ocrx_word' id='word_1_414' title='bbox 769 1878 809 1914; x_wconf 89' lang='lat' dir='ltr'>in</span> <span class='ocrx_word' id='word_1_415' title='bbox 835 1890 892 1923; x_wconf 88' lang='lat' dir='ltr'>ea,</span> <span class='ocrx_word' id='word_1_416' title='bbox 913 1880 1037 1916; x_wconf 92' lang='lat' dir='ltr'>multo</span> <span class='ocrx_word' id='word_1_417' title='bbox 1066 1878 1188 1926; x_wconf 91' lang='lat' dir='ltr'>magis</span> <span class='ocrx_word' id='word_1_418' title='bbox 1215 1890 1370 1915; x_wconf 88' lang='lat' dir='ltr'>conser-</span> <span class='ocrx_word' id='word_1_419' title='bbox 1426 1877 1523 1915; x_wconf 92' lang='lat' dir='ltr'>dum</span> <span class='ocrx_word' id='word_1_420' title='bbox 1543 1877 1624 1915; x_wconf 90' lang='lat' dir='ltr'>illas</span> <span class='ocrx_word' id='word_1_421' title='bbox 1644 1877 1803 1927; x_wconf 88' lang='lat' dir='ltr'>species,</span> <span class='ocrx_word' id='word_1_422' title='bbox 1823 1878 1891 1915; x_wconf 90' lang='lat' dir='ltr'>sed</span> <span class='ocrx_word' id='word_1_423' title='bbox 1911 1890 1951 1915; x_wconf 90' lang='lat' dir='ltr'>se</span> <span class='ocrx_word' id='word_1_424' title='bbox 1971 1878 2088 1916; x_wconf 84' lang='lat' dir='ltr'>habet</span> <span class='ocrx_word' id='word_1_425' title='bbox 2110 1878 2243 1917; x_wconf 87' lang='lat' dir='ltr'>medio</span> <span class='ocrx_word' id='word_1_426' title='bbox 2262 1880 2386 1918; x_wconf 90' lang='lat' dir='ltr'>modo</span> <span class='ocrx_word' id='word_1_427' title='bbox 2404 1879 2504 1919; x_wconf 57' lang='lat' dir='ltr'>imm</span> 
     </span>
     <span class='ocr_line' id='line_1_36' title="bbox 298 1930 2503 1982; baseline 0.001 -13"><span class='ocrx_word' id='word_1_428' title='bbox 298 1940 439 1969; x_wconf 90' lang='lat' dir='ltr'>vantur</span> <span class='ocrx_word' id='word_1_429' title='bbox 466 1932 504 1968; x_wconf 91' lang='lat' dir='ltr'>in</span> <span class='ocrx_word' id='word_1_430' title='bbox 532 1932 724 1968; x_wconf 88' lang='lat' dir='ltr'>intellectu</span> <span class='ocrx_word' id='word_1_431' title='bbox 752 1930 934 1980; x_wconf 88' lang='lat' dir='ltr'>possibili.</span> <span class='ocrx_word' id='word_1_432' title='bbox 1387 1944 1412 1962; x_wconf 75' lang='lat'>³⁰</span> <span class='ocrx_word' id='word_1_433' title='bbox 1425 1930 1639 1980; x_wconf 90' lang='lat' dir='ltr'>potentiam</span> <span class='ocrx_word' id='word_1_434' title='bbox 1667 1938 1704 1967; x_wconf 92' lang='lat' dir='ltr'>et</span> <span class='ocrx_word' id='word_1_435' title='bbox 1732 1938 1875 1968; x_wconf 86' lang='lat' dir='ltr'>actum.</span> <span class='ocrx_word' id='word_1_436' title='bbox 1896 1930 1946 1968; x_wconf 90' lang='lat' dir='ltr'>Et</span> <span class='ocrx_word' id='word_1_437' title='bbox 1972 1932 2050 1969; x_wconf 89' lang='lat' dir='ltr'>hoc</span> <span class='ocrx_word' id='word_1_438' title='bbox 2069 1939 2125 1969; x_wconf 88' lang='lat' dir='ltr'>est</span> <span class='ocrx_word' id='word_1_439' title='bbox 2143 1933 2252 1982; x_wconf 90' lang='lat' dir='ltr'>quod</span> <span class='ocrx_word' id='word_1_440' title='bbox 2281 1933 2503 1972; x_wconf 72' lang='lat' dir='ltr'>Aristoteles</span> 
     </span>
     <span class='ocr_line' id='line_1_37' title="bbox 352 1983 2502 2037; baseline 0.001 -15"><span class='ocrx_word' id='word_1_441' title='bbox 352 1985 504 2022; x_wconf 90' lang='lat' dir='ltr'>Adhuc.</span> <span class='ocrx_word' id='word_1_442' title='bbox 527 1984 705 2032; x_wconf 90' lang='lat' dir='ltr'>Cognitio</span> <span class='ocrx_word' id='word_1_443' title='bbox 725 1984 954 2021; x_wconf 90' lang='lat' dir='ltr'>intellectiva</span> <span class='ocrx_word' id='word_1_444' title='bbox 974 1992 1030 2021; x_wconf 91' lang='lat' dir='ltr'>est</span> <span class='ocrx_word' id='word_1_445' title='bbox 1055 1984 1261 2033; x_wconf 82' lang='lat' dir='ltr'>perfectior</span> <span class='ocrx_word' id='word_1_446' title='bbox 1284 1995 1369 2020; x_wconf 88' lang='lat' dir='ltr'>sen·</span> <span class='ocrx_word' id='word_1_447' title='bbox 1425 1983 1526 2029; x_wconf 86' lang='lat' dir='ltr'>dicit,</span> <span class='ocrx_word' id='word_1_448' title='bbox 1555 1983 1595 2020; x_wconf 93' lang='lat' dir='ltr'>in</span> <span class='ocrx_word' id='word_1_449' title='bbox 1627 1984 1674 2021; x_wconf 91' lang='lat'>111</span> <span class='ocrx_word' id='word_1_450' title='bbox 1709 1984 1756 2020; x_wconf 86' lang='lat' dir='ltr'>de</span> <span class='ocrx_word' id='word_1_451' title='bbox 1788 1986 1931 2022; x_wconf 82' lang='lat' dir='ltr'>Anima</span> <span class='ocrx_word' id='word_1_452' title='bbox 1944 1983 1976 2030; x_wconf 75' lang='lat'>¹⁸⁸,</span> <span class='ocrx_word' id='word_1_453' title='bbox 2005 1985 2125 2034; x_wconf 92' lang='lat' dir='ltr'>quod,</span> <span class='ocrx_word' id='word_1_454' title='bbox 2155 1997 2242 2023; x_wconf 88' lang='lat' dir='ltr'>cum</span> <span class='ocrx_word' id='word_1_455' title='bbox 2274 1987 2368 2023; x_wconf 83' lang='lat' dir='ltr'>haec</span> <span class='ocrx_word' id='word_1_456' title='bbox 2393 1996 2502 2037; x_wconf 70' lang='lat' dir='ltr'>pars,</span> 
     </span>
     <span class='ocr_line' id='line_1_38' title="bbox 299 2036 2503 2090; baseline 0.001 -15"><span class='ocrx_word' id='word_1_457' title='bbox 299 2037 419 2075; x_wconf 88' lang='lat' dir='ltr'>sitiva.</span> <span class='ocrx_word' id='word_1_458' title='bbox 443 2038 483 2075; x_wconf 90' lang='lat' dir='ltr'>Si</span> <span class='ocrx_word' id='word_1_459' title='bbox 502 2037 615 2086; x_wconf 87' lang='lat' dir='ltr'>igitur</span> <span class='ocrx_word' id='word_1_460' title='bbox 643 2037 681 2074; x_wconf 90' lang='lat' dir='ltr'>in</span> <span class='ocrx_word' id='word_1_461' title='bbox 701 2036 881 2074; x_wconf 88' lang='lat' dir='ltr'>sensitiva</span> <span class='ocrx_word' id='word_1_462' title='bbox 901 2036 1119 2085; x_wconf 90' lang='lat' dir='ltr'>cognitione</span> <span class='ocrx_word' id='word_1_463' title='bbox 1140 2044 1196 2074; x_wconf 92' lang='lat' dir='ltr'>est</span> <span class='ocrx_word' id='word_1_464' title='bbox 1224 2037 1367 2087; x_wconf 91' lang='lat' dir='ltr'>aliquid</span> <span class='ocrx_word' id='word_1_465' title='bbox 1425 2036 1565 2074; x_wconf 88' lang='lat' dir='ltr'>scilicet</span> <span class='ocrx_word' id='word_1_466' title='bbox 1579 2036 1792 2074; x_wconf 90' lang='lat' dir='ltr'>intellectus</span> <span class='ocrx_word' id='word_1_467' title='bbox 1806 2037 2010 2088; x_wconf 90' lang='lat' dir='ltr'>possibilis,</span> <span class='ocrx_word' id='word_1_468' title='bbox 2027 2050 2275 2090; x_wconf 81' lang='lat' dir='ltr'>unaquaeque</span> <span class='ocrx_word' id='word_1_469' title='bbox 2280 2041 2369 2089; x_wconf 81' lang='lat' dir='ltr'>fiat,</span> <span class='ocrx_word' id='word_1_470' title='bbox 2383 2041 2503 2078; x_wconf 76' lang='lat' dir='ltr'>sciens</span> 
     </span>
     <span class='ocr_line' id='line_1_39' title="bbox 298 2090 2503 2141; baseline 0.002 -13"><span class='ocrx_word' id='word_1_471' title='bbox 298 2103 533 2129; x_wconf 91' lang='lat' dir='ltr'>conservans</span> <span class='ocrx_word' id='word_1_472' title='bbox 560 2091 814 2141; x_wconf 90' lang='lat' dir='ltr'>apprehensa,</span> <span class='ocrx_word' id='word_1_473' title='bbox 835 2091 958 2127; x_wconf 90' lang='lat' dir='ltr'>multo</span> <span class='ocrx_word' id='word_1_474' title='bbox 977 2090 1112 2128; x_wconf 89' lang='lat' dir='ltr'>fortius</span> <span class='ocrx_word' id='word_1_475' title='bbox 1132 2091 1208 2128; x_wconf 91' lang='lat' dir='ltr'>hoc</span> <span class='ocrx_word' id='word_1_476' title='bbox 1237 2090 1306 2128; x_wconf 90' lang='lat' dir='ltr'>erit</span> <span class='ocrx_word' id='word_1_477' title='bbox 1328 2090 1368 2128; x_wconf 93' lang='lat' dir='ltr'>in</span> <span class='ocrx_word' id='word_1_478' title='bbox 1425 2090 1559 2128; x_wconf 84' lang='lat' dir='ltr'>dicitur</span> <span class='ocrx_word' id='word_1_479' title='bbox 1585 2090 1789 2128; x_wconf 84' lang='lat' dir='ltr'>secundum</span> <span class='ocrx_word' id='word_1_480' title='bbox 1817 2097 1954 2129; x_wconf 89' lang='lat' dir='ltr'>actum.</span> <span class='ocrx_word' id='word_1_481' title='bbox 1985 2093 2076 2130; x_wconf 86' lang='lat' dir='ltr'>Hoc</span> <span class='ocrx_word' id='word_1_482' title='bbox 2102 2098 2226 2130; x_wconf 84' lang='lat' dir='ltr'>autem</span> <span class='ocrx_word' id='word_1_483' title='bbox 2254 2093 2388 2131; x_wconf 79' lang='lat' dir='ltr'>accidit</span> <span class='ocrx_word' id='word_1_484' title='bbox 2415 2104 2503 2133; x_wconf 82' lang='lat' dir='ltr'>cum</span> 
     </span>
     <span class='ocr_line' id='line_1_40' title="bbox 299 2143 2501 2199; baseline 0.001 -17"><span class='ocrx_word' id='word_1_485' title='bbox 299 2144 515 2193; x_wconf 86' lang='lat' dir='ltr'>cognitione</span> <span class='ocrx_word' id='word_1_486' title='bbox 544 2143 784 2182; x_wconf 90' lang='lat' dir='ltr'>intellectiva.</span> <span class='ocrx_word' id='word_1_487' title='bbox 1418 2145 1536 2194; x_wconf 86' lang='lat' dir='ltr'>possit</span> <span class='ocrx_word' id='word_1_488' title='bbox 1563 2146 1719 2194; x_wconf 84' lang='lat' dir='ltr'>operari</span> <span class='ocrx_word' id='word_1_489' title='bbox 1730 2156 1805 2194; x_wconf 81' lang='lat' dir='ltr'>per</span> <span class='ocrx_word' id='word_1_490' title='bbox 1821 2146 1993 2194; x_wconf 84' lang='lat' dir='ltr'>seipsum.</span> <span class='ocrx_word' id='word_1_491' title='bbox 2014 2147 2080 2183; x_wconf 81' lang='lat' dir='ltr'>Est</span> <span class='ocrx_word' id='word_1_492' title='bbox 2105 2146 2253 2196; x_wconf 86' lang='lat' dir='ltr'>quidem</span> <span class='ocrx_word' id='word_1_493' title='bbox 2272 2153 2306 2184; x_wconf 88' lang='lat' dir='ltr'>et</span> <span class='ocrx_word' id='word_1_494' title='bbox 2328 2152 2419 2186; x_wconf 84' lang='lat' dir='ltr'>tunc</span> <span class='ocrx_word' id='word_1_495' title='bbox 2429 2158 2501 2199; x_wconf 76' lang='lat' dir='ltr'>po-</span> 
     </span>
     <span class='ocr_line' id='line_1_41' title="bbox 352 2196 2503 2248; baseline 0.002 -13"><span class='ocrx_word' id='word_1_496' title='bbox 352 2199 458 2235; x_wconf 90' lang='lat' dir='ltr'>Item.</span> <span class='ocrx_word' id='word_1_497' title='bbox 482 2197 673 2235; x_wconf 90' lang='lat' dir='ltr'>Videmus</span> <span class='ocrx_word' id='word_1_498' title='bbox 693 2196 800 2247; x_wconf 93' lang='lat' dir='ltr'>quod</span> <span class='ocrx_word' id='word_1_499' title='bbox 829 2197 982 2235; x_wconf 88' lang='lat' dir='ltr'>diversa</span> <span class='ocrx_word' id='word_1_500' title='bbox 1001 2210 1102 2247; x_wconf 90' lang='lat' dir='ltr'>quae</span> <span class='ocrx_word' id='word_1_501' title='bbox 1131 2197 1170 2234; x_wconf 93' lang='lat' dir='ltr'>in</span> <span class='ocrx_word' id='word_1_502' title='bbox 1200 2197 1368 2235; x_wconf 86' lang='lat' dir='ltr'>inferiori</span> <span class='ocrx_word' id='word_1_503' title='bbox 1385 2210 1406 2230; x_wconf 74' lang='lat'>³5</span> <span class='ocrx_word' id='word_1_504' title='bbox 1423 2199 1536 2235; x_wconf 85' lang='lat' dir='ltr'>tentia</span> <span class='ocrx_word' id='word_1_505' title='bbox 1563 2198 1733 2235; x_wconf 84' lang='lat' dir='ltr'>similiter</span> <span class='ocrx_word' id='word_1_506' title='bbox 1759 2199 2050 2248; x_wconf 83' lang='lat' dir='ltr'>quodammodo,</span> <span class='ocrx_word' id='word_1_507' title='bbox 2080 2211 2155 2237; x_wconf 86' lang='lat' dir='ltr'>non</span> <span class='ocrx_word' id='word_1_508' title='bbox 2179 2205 2305 2238; x_wconf 85' lang='lat' dir='ltr'>tamen</span> <span class='ocrx_word' id='word_1_509' title='bbox 2333 2201 2503 2240; x_wconf 58' lang='lat' dir='ltr'>similior</span> 
     </span>
     <span class='ocr_line' id='line_1_42' title="bbox 299 2250 2089 2301; baseline 0.001 -13"><span class='ocrx_word' id='word_1_510' title='bbox 299 2251 434 2288; x_wconf 91' lang='lat' dir='ltr'>ordine</span> <span class='ocrx_word' id='word_1_511' title='bbox 462 2251 723 2301; x_wconf 88' lang='lat' dir='ltr'>potentiarum</span> <span class='ocrx_word' id='word_1_512' title='bbox 742 2250 935 2300; x_wconf 90' lang='lat' dir='ltr'>pertinent</span> <span class='ocrx_word' id='word_1_513' title='bbox 955 2251 1003 2288; x_wconf 90' lang='lat' dir='ltr'>ad</span> <span class='ocrx_word' id='word_1_514' title='bbox 1032 2250 1204 2288; x_wconf 90' lang='lat' dir='ltr'>diversas</span> <span class='ocrx_word' id='word_1_515' title='bbox 1231 2259 1368 2301; x_wconf 91' lang='lat' dir='ltr'>poten·</span> <span class='ocrx_word' id='word_1_516' title='bbox 1424 2257 1458 2288; x_wconf 84' lang='lat' dir='ltr'>et</span> <span class='ocrx_word' id='word_1_517' title='bbox 1485 2257 1572 2288; x_wconf 88' lang='lat' dir='ltr'>ante</span> <span class='ocrx_word' id='word_1_518' title='bbox 1599 2252 1791 2288; x_wconf 84' lang='lat' dir='ltr'>addiscere</span> <span class='ocrx_word' id='word_1_519' title='bbox 1818 2258 1883 2289; x_wconf 86' lang='lat' dir='ltr'>aut</span> <span class='ocrx_word' id='word_1_520' title='bbox 1910 2253 2089 2290; x_wconf 83' lang='lat' dir='ltr'>invenire.</span> 
     </span>
     <span class='ocr_line' id='line_1_43' title="bbox 297 2303 2502 2358; baseline 0.002 -17"><span class='ocrx_word' id='word_1_521' title='bbox 297 2305 379 2351; x_wconf 87' lang='lat' dir='ltr'>tias,</span> <span class='ocrx_word' id='word_1_522' title='bbox 405 2305 443 2341; x_wconf 92' lang='lat' dir='ltr'>in</span> <span class='ocrx_word' id='word_1_523' title='bbox 464 2304 653 2355; x_wconf 88' lang='lat' dir='ltr'>superiori</span> <span class='ocrx_word' id='word_1_524' title='bbox 673 2304 808 2341; x_wconf 88' lang='lat' dir='ltr'>ordine</span> <span class='ocrx_word' id='word_1_525' title='bbox 827 2304 1018 2353; x_wconf 89' lang='lat' dir='ltr'>pertinent</span> <span class='ocrx_word' id='word_1_526' title='bbox 1038 2305 1086 2342; x_wconf 86' lang='lat' dir='ltr'>ad</span> <span class='ocrx_word' id='word_1_527' title='bbox 1106 2316 1248 2342; x_wconf 91' lang='lat' dir='ltr'>unum:</span> <span class='ocrx_word' id='word_1_528' title='bbox 1271 2303 1368 2342; x_wconf 92' lang='lat' dir='ltr'>sicut</span> <span class='ocrx_word' id='word_1_529' title='bbox 1477 2304 1671 2342; x_wconf 88' lang='lat' dir='ltr'>Memoria</span> <span class='ocrx_word' id='word_1_530' title='bbox 1698 2316 1794 2342; x_wconf 90' lang='lat' dir='ltr'>vero</span> <span class='ocrx_word' id='word_1_531' title='bbox 1823 2305 1862 2342; x_wconf 89' lang='lat' dir='ltr'>in</span> <span class='ocrx_word' id='word_1_532' title='bbox 1880 2313 1989 2355; x_wconf 86' lang='lat' dir='ltr'>parte</span> <span class='ocrx_word' id='word_1_533' title='bbox 2009 2305 2191 2344; x_wconf 84' lang='lat' dir='ltr'>sensitiva</span> <span class='ocrx_word' id='word_1_534' title='bbox 2217 2306 2387 2357; x_wconf 89' lang='lat' dir='ltr'>ponitur,</span> <span class='ocrx_word' id='word_1_535' title='bbox 2408 2307 2502 2358; x_wconf 80' lang='lat' dir='ltr'>quia</span> 
     </span>
     <span class='ocr_line' id='line_1_44' title="bbox 298 2357 2499 2412; baseline 0.002 -17"><span class='ocrx_word' id='word_1_536' title='bbox 298 2370 434 2395; x_wconf 88' lang='lat' dir='ltr'>sensus</span> <span class='ocrx_word' id='word_1_537' title='bbox 469 2357 691 2396; x_wconf 89' lang='lat' dir='ltr'>communis</span> <span class='ocrx_word' id='word_1_538' title='bbox 719 2358 975 2407; x_wconf 89' lang='lat' dir='ltr'>apprehendit</span> <span class='ocrx_word' id='word_1_539' title='bbox 1004 2366 1167 2396; x_wconf 82' lang='lat' dir='ltr'>sensata</span> <span class='ocrx_word' id='word_1_540' title='bbox 1187 2358 1367 2396; x_wconf 89' lang='lat' dir='ltr'>omniurn</span> <span class='ocrx_word' id='word_1_541' title='bbox 1424 2366 1480 2396; x_wconf 91' lang='lat' dir='ltr'>est</span> <span class='ocrx_word' id='word_1_542' title='bbox 1499 2357 1662 2396; x_wconf 90' lang='lat' dir='ltr'>alicuius</span> <span class='ocrx_word' id='word_1_543' title='bbox 1680 2365 1798 2408; x_wconf 91' lang='lat' dir='ltr'>prout</span> <span class='ocrx_word' id='word_1_544' title='bbox 1815 2358 1917 2396; x_wconf 88' lang='lat' dir='ltr'>cadit</span> <span class='ocrx_word' id='word_1_545' title='bbox 1935 2359 2010 2397; x_wconf 91' lang='lat' dir='ltr'>sub</span> <span class='ocrx_word' id='word_1_546' title='bbox 2028 2359 2286 2398; x_wconf 84' lang='lat' dir='ltr'>determinato</span> <span class='ocrx_word' id='word_1_547' title='bbox 2305 2368 2499 2412; x_wconf 79' lang='lat' dir='ltr'>ternpore:</span> 
     </span>
     <span class='ocr_line' id='line_1_45' title="bbox 298 2411 2500 2462; baseline 0.002 -14"><span class='ocrx_word' id='word_1_548' title='bbox 298 2424 486 2449; x_wconf 90' lang='lat' dir='ltr'>sensuum</span> <span class='ocrx_word' id='word_1_549' title='bbox 500 2411 761 2461; x_wconf 90' lang='lat' dir='ltr'>propriorum.</span> <span class='ocrx_word' id='word_1_550' title='bbox 779 2411 1082 2461; x_wconf 90' lang='lat' dir='ltr'>Apprehendere</span> <span class='ocrx_word' id='word_1_551' title='bbox 1098 2411 1211 2460; x_wconf 91' lang='lat' dir='ltr'>igitur</span> <span class='ocrx_word' id='word_1_552' title='bbox 1225 2419 1261 2449; x_wconf 92' lang='lat' dir='ltr'>et</span> <span class='ocrx_word' id='word_1_553' title='bbox 1274 2423 1367 2450; x_wconf 91' lang='lat' dir='ltr'>con·</span> <span class='ocrx_word' id='word_1_554' title='bbox 1423 2423 1505 2450; x_wconf 92' lang='lat' dir='ltr'>non</span> <span class='ocrx_word' id='word_1_555' title='bbox 1533 2419 1590 2449; x_wconf 89' lang='lat' dir='ltr'>est</span> <span class='ocrx_word' id='word_1_556' title='bbox 1617 2411 1724 2450; x_wconf 91' lang='lat' dir='ltr'>enim</span> <span class='ocrx_word' id='word_1_557' title='bbox 1752 2411 1825 2450; x_wconf 89' lang='lat' dir='ltr'>nisi</span> <span class='ocrx_word' id='word_1_558' title='bbox 1853 2412 2056 2462; x_wconf 84' lang='lat' dir='ltr'>praeteriti.</span> <span class='ocrx_word' id='word_1_559' title='bbox 2091 2414 2140 2451; x_wconf 90' lang='lat' dir='ltr'>Et</span> <span class='ocrx_word' id='word_1_560' title='bbox 2167 2413 2269 2460; x_wconf 83' lang='lat' dir='ltr'>ideo,</span> <span class='ocrx_word' id='word_1_561' title='bbox 2297 2425 2391 2452; x_wconf 90' lang='lat' dir='ltr'>cum</span> <span class='ocrx_word' id='word_1_562' title='bbox 2417 2425 2500 2455; x_wconf 86' lang='lat' dir='ltr'>non</span> 
     </span>
     <span class='ocr_line' id='line_1_46' title="bbox 298 2464 2500 2518; baseline 0.002 -16"><span class='ocrx_word' id='word_1_563' title='bbox 298 2476 464 2511; x_wconf 86' lang='lat' dir='ltr'>servare,</span> <span class='ocrx_word' id='word_1_564' title='bbox 496 2477 596 2514; x_wconf 92' lang='lat' dir='ltr'>quae</span> <span class='ocrx_word' id='word_1_565' title='bbox 625 2464 664 2502; x_wconf 94' lang='lat' dir='ltr'>in</span> <span class='ocrx_word' id='word_1_566' title='bbox 692 2472 799 2514; x_wconf 88' lang='lat' dir='ltr'>parte</span> <span class='ocrx_word' id='word_1_567' title='bbox 828 2464 982 2502; x_wconf 87' lang='lat' dir='ltr'>animae</span> <span class='ocrx_word' id='word_1_568' title='bbox 1015 2465 1220 2503; x_wconf 84' lang='lat' dir='ltr'>sensitivae</span> <span class='ocrx_word' id='word_1_569' title='bbox 1253 2465 1367 2515; x_wconf 85' lang='lat' dir='ltr'>perti-</span> <span class='ocrx_word' id='word_1_570' title='bbox 1382 2481 1409 2501; x_wconf 64' lang='lat'>⁴0</span> <span class='ocrx_word' id='word_1_571' title='bbox 1423 2466 1705 2503; x_wconf 86' lang='lat' dir='ltr'>abstrahatura</span> <span class='ocrx_word' id='word_1_572' title='bbox 1724 2465 1982 2514; x_wconf 80' lang='lat' dir='ltr'>singularibus</span> <span class='ocrx_word' id='word_1_573' title='bbox 1996 2466 2297 2514; x_wconf 86' lang='lat' dir='ltr'>conditionibus,</span> <span class='ocrx_word' id='word_1_574' title='bbox 2313 2478 2395 2506; x_wconf 89' lang='lat' dir='ltr'>non</span> <span class='ocrx_word' id='word_1_575' title='bbox 2413 2478 2500 2518; x_wconf 77' lang='lat' dir='ltr'>per-</span> 
     </span>
     <span class='ocr_line' id='line_1_47' title="bbox 298 2517 2500 2570; baseline 0.002 -15"><span class='ocrx_word' id='word_1_576' title='bbox 298 2526 390 2555; x_wconf 90' lang='lat' dir='ltr'>nent</span> <span class='ocrx_word' id='word_1_577' title='bbox 417 2518 465 2555; x_wconf 92' lang='lat' dir='ltr'>ad</span> <span class='ocrx_word' id='word_1_578' title='bbox 494 2518 665 2555; x_wconf 87' lang='lat' dir='ltr'>diversas</span> <span class='ocrx_word' id='word_1_579' title='bbox 692 2517 894 2568; x_wconf 83' lang='lat' dir='ltr'>potentias,</span> <span class='ocrx_word' id='word_1_580' title='bbox 924 2526 1076 2568; x_wconf 89' lang='lat' dir='ltr'>oportet</span> <span class='ocrx_word' id='word_1_581' title='bbox 1099 2519 1206 2568; x_wconf 92' lang='lat' dir='ltr'>quod</span> <span class='ocrx_word' id='word_1_582' title='bbox 1236 2518 1276 2555; x_wconf 92' lang='lat' dir='ltr'>in</span> <span class='ocrx_word' id='word_1_583' title='bbox 1305 2531 1367 2556; x_wconf 89' lang='lat' dir='ltr'>su·</span> <span class='ocrx_word' id='word_1_584' title='bbox 1423 2519 1517 2556; x_wconf 91' lang='lat' dir='ltr'>tinet</span> <span class='ocrx_word' id='word_1_585' title='bbox 1544 2518 1593 2556; x_wconf 87' lang='lat' dir='ltr'>ad</span> <span class='ocrx_word' id='word_1_586' title='bbox 1622 2527 1772 2569; x_wconf 84' lang='lat' dir='ltr'>partem</span> <span class='ocrx_word' id='word_1_587' title='bbox 1792 2518 2075 2567; x_wconf 83' lang='lat' dir='ltr'>intellectivam,</span> <span class='ocrx_word' id='word_1_588' title='bbox 2095 2532 2198 2570; x_wconf 87' lang='lat' dir='ltr'>quae</span> <span class='ocrx_word' id='word_1_589' title='bbox 2217 2528 2274 2558; x_wconf 84' lang='lat' dir='ltr'>est</span> <span class='ocrx_word' id='word_1_590' title='bbox 2300 2521 2500 2560; x_wconf 76' lang='lat' dir='ltr'>universa-</span> 
     </span>
     <span class='ocr_line' id='line_1_48' title="bbox 296 2571 2500 2625; baseline 0.002 -17"><span class='ocrx_word' id='word_1_591' title='bbox 296 2583 431 2621; x_wconf 83' lang='lat' dir='ltr'>prema</span> <span class='ocrx_word' id='word_1_592' title='bbox 459 2571 640 2622; x_wconf 89' lang='lat' dir='ltr'>potentia,</span> <span class='ocrx_word' id='word_1_593' title='bbox 661 2571 801 2609; x_wconf 90' lang='lat' dir='ltr'>scilicet</span> <span class='ocrx_word' id='word_1_594' title='bbox 826 2571 866 2609; x_wconf 93' lang='lat' dir='ltr'>in</span> <span class='ocrx_word' id='word_1_595' title='bbox 892 2571 1095 2619; x_wconf 88' lang='lat' dir='ltr'>intellectu,</span> <span class='ocrx_word' id='word_1_596' title='bbox 1117 2572 1312 2609; x_wconf 88' lang='lat' dir='ltr'>uniantur.</span> <span class='ocrx_word' id='word_1_597' title='bbox 1423 2572 1531 2610; x_wconf 89' lang='lat' dir='ltr'>lium.</span> <span class='ocrx_word' id='word_1_598' title='bbox 1563 2572 1641 2610; x_wconf 90' lang='lat' dir='ltr'>Sed</span> <span class='ocrx_word' id='word_1_599' title='bbox 1669 2584 1742 2623; x_wconf 91' lang='lat' dir='ltr'>per</span> <span class='ocrx_word' id='word_1_600' title='bbox 1769 2573 1845 2610; x_wconf 93' lang='lat' dir='ltr'>hoc</span> <span class='ocrx_word' id='word_1_601' title='bbox 1873 2585 1954 2611; x_wconf 92' lang='lat' dir='ltr'>non</span> <span class='ocrx_word' id='word_1_602' title='bbox 1982 2573 2200 2612; x_wconf 84' lang='lat' dir='ltr'>excluditur</span> <span class='ocrx_word' id='word_1_603' title='bbox 2230 2573 2327 2625; x_wconf 92' lang='lat' dir='ltr'>quin</span> <span class='ocrx_word' id='word_1_604' title='bbox 2356 2573 2500 2613; x_wconf 79' lang='lat' dir='ltr'>intelle·-</span> 
     </span>
     <span class='ocr_line' id='line_1_49' title="bbox 349 2624 2500 2677; baseline 0.002 -15"><span class='ocrx_word' id='word_1_605' title='bbox 349 2626 561 2662; x_wconf 84' lang='lat' dir='ltr'>Praeterea.</span> <span class='ocrx_word' id='word_1_606' title='bbox 578 2624 824 2674; x_wconf 82' lang='lat' dir='ltr'>intelligentia</span> <span class='ocrx_word' id='word_1_607' title='bbox 838 2637 967 2674; x_wconf 88' lang='lat' dir='ltr'>agens,</span> <span class='ocrx_word' id='word_1_608' title='bbox 988 2626 1207 2663; x_wconf 90' lang='lat' dir='ltr'>secundum</span> <span class='ocrx_word' id='word_1_609' title='bbox 1222 2626 1365 2676; x_wconf 92' lang='lat' dir='ltr'>ipsum,</span> <span class='ocrx_word' id='word_1_610' title='bbox 1422 2633 1505 2664; x_wconf 90' lang='lat' dir='ltr'>ctus</span> <span class='ocrx_word' id='word_1_611' title='bbox 1543 2625 1735 2675; x_wconf 90' lang='lat' dir='ltr'>possibilis</span> <span class='ocrx_word' id='word_1_612' title='bbox 1777 2625 1824 2663; x_wconf 89' lang='lat' dir='ltr'>sit</span> <span class='ocrx_word' id='word_1_613' title='bbox 1864 2625 2158 2665; x_wconf 87' lang='lat' dir='ltr'>conservativus</span> <span class='ocrx_word' id='word_1_614' title='bbox 2194 2626 2500 2677; x_wconf 57' lang='lat' dir='ltr'>intelligibilium3</span> 
     </span>
     <span class='ocr_line' id='line_1_50' title="bbox 297 2677 2500 2733; baseline 0.002 -18"><span class='ocrx_word' id='word_1_615' title='bbox 297 2677 422 2715; x_wconf 89' lang='lat' dir='ltr'>influit</span> <span class='ocrx_word' id='word_1_616' title='bbox 450 2690 588 2715; x_wconf 89' lang='lat' dir='ltr'>omnes</span> <span class='ocrx_word' id='word_1_617' title='bbox 617 2678 803 2716; x_wconf 88' lang='lat' dir='ltr'>scientias.</span> <span class='ocrx_word' id='word_1_618' title='bbox 835 2678 875 2716; x_wconf 92' lang='lat' dir='ltr'>Si</span> <span class='ocrx_word' id='word_1_619' title='bbox 904 2678 1018 2727; x_wconf 89' lang='lat' dir='ltr'>igitur</span> <span class='ocrx_word' id='word_1_620' title='bbox 1044 2678 1242 2717; x_wconf 87' lang='lat' dir='ltr'>addiscere</span> <span class='ocrx_word' id='word_1_621' title='bbox 1270 2679 1366 2717; x_wconf 91' lang='lat' dir='ltr'>nihil</span> <span class='ocrx_word' id='word_1_622' title='bbox 1424 2691 1526 2729; x_wconf 80' lang='lat' dir='ltr'>quae</span> <span class='ocrx_word' id='word_1_623' title='bbox 1545 2680 1823 2718; x_wconf 88' lang='lat' dir='ltr'>abstrahuntur</span> <span class='ocrx_word' id='word_1_624' title='bbox 1836 2680 1886 2718; x_wconf 85' lang='lat' dir='ltr'>ab</span> <span class='ocrx_word' id='word_1_625' title='bbox 1904 2680 2091 2718; x_wconf 91' lang='lat' dir='ltr'>omnibus</span> <span class='ocrx_word' id='word_1_626' title='bbox 2105 2681 2395 2720; x_wconf 89' lang='lat' dir='ltr'>conditionibus</span> <span class='ocrx_word' id='word_1_627' title='bbox 2412 2692 2500 2733; x_wconf 70' lang='lat' dir='ltr'>pnr-</span> 
     </span>
     <span class='ocr_line' id='line_1_51' title="bbox 297 2732 2477 2782; baseline 0.002 -14"><span class='ocrx_word' id='word_1_628' title='bbox 297 2739 351 2769; x_wconf 92' lang='lat' dir='ltr'>est</span> <span class='ocrx_word' id='word_1_629' title='bbox 384 2732 487 2769; x_wconf 92' lang='lat' dir='ltr'>aliud</span> <span class='ocrx_word' id='word_1_630' title='bbox 525 2744 645 2781; x_wconf 91' lang='lat' dir='ltr'>quam</span> <span class='ocrx_word' id='word_1_631' title='bbox 683 2732 805 2782; x_wconf 87' lang='lat' dir='ltr'>aptari</span> <span class='ocrx_word' id='word_1_632' title='bbox 833 2740 875 2769; x_wconf 91' lang='lat' dir='ltr'>ut</span> <span class='ocrx_word' id='word_1_633' title='bbox 910 2732 1067 2770; x_wconf 89' lang='lat' dir='ltr'>uniatur</span> <span class='ocrx_word' id='word_1_634' title='bbox 1098 2732 1366 2781; x_wconf 88' lang='lat' dir='ltr'>intelligentiae</span> <span class='ocrx_word' id='word_1_635' title='bbox 1382 2754 1405 2774; x_wconf 63' lang='lat'>⁴5</span> <span class='ocrx_word' id='word_1_636' title='bbox 1422 2733 1661 2771; x_wconf 86' lang='lat' dir='ltr'>ticularibus.</span> <span class='ocrx_word' id='word_1_637' title='bbox 2474 2751 2477 2757; x_wconf 44' lang='lat'>³</span> 
     </span>
    </p>
   </div>
   <div class='ocr_carea' id='block_1_5' title="bbox 294 2846 2499 2917">
    <p class='ocr_par' dir='ltr' id='par_1_5' title="bbox 294 2846 2499 2917">
     <span class='ocr_line' id='line_1_52' title="bbox 349 2846 2499 2884; baseline 0.002 -12"><span class='ocrx_word' id='word_1_638' title='bbox 349 2846 364 2871; x_wconf 89' lang='lat'><strong>6</strong></span> <span class='ocrx_word' id='word_1_639' title='bbox 383 2847 461 2882; x_wconf 53' lang='lat' dir='ltr'>igitur</span> <span class='ocrx_word' id='word_1_640' title='bbox 479 2852 519 2872; x_wconf 82' lang='lat' dir='ltr'>est</span> <span class='ocrx_word' id='word_1_641' title='bbox 538 2848 580 2873; x_wconf 82' lang='lat' dir='ltr'>Ita</span> <span class='ocrx_word' id='word_1_642' title='bbox 599 2847 667 2877; x_wconf 79' lang='lat' dir='ltr'>ZPc:</span> <span class='ocrx_word' id='word_1_643' title='bbox 687 2851 728 2873; x_wconf 78' lang='lat' dir='ltr'>eet</span> <span class='ocrx_word' id='word_1_644' title='bbox 746 2848 823 2881; x_wconf 78' lang='lat' dir='ltr'>igitur</span> <span class='ocrx_word' id='word_1_645' title='bbox 841 2847 914 2878; x_wconf 79' lang='lat' dir='ltr'>DYb,</span> <span class='ocrx_word' id='word_1_646' title='bbox 934 2848 1012 2881; x_wconf 80' lang='lat' dir='ltr'>igitur</span> <span class='ocrx_word' id='word_1_647' title='bbox 1029 2847 1061 2879; x_wconf 85' lang='lat' dir='ltr'>N,</span> <span class='ocrx_word' id='word_1_648' title='bbox 1080 2853 1121 2873; x_wconf 73' lang='lat' dir='ltr'>eet</span> <span class='ocrx_word' id='word_1_649' title='bbox 1133 2847 1225 2874; x_wconf 77' lang='lat' dir='ltr'>ceteri.</span> <span class='ocrx_word' id='word_1_650' title='bbox 1300 2847 1332 2873; x_wconf 80' lang='lat'>13</span> <span class='ocrx_word' id='word_1_651' title='bbox 1351 2847 1590 2882; x_wconf 71' lang='lat' dir='ltr'>expergefacientit]</span> <span class='ocrx_word' id='word_1_652' title='bbox 1604 2849 1815 2882; x_wconf 72' lang='lat' dir='ltr'>expergeaoentia</span> <span class='ocrx_word' id='word_1_653' title='bbox 1827 2848 1972 2875; x_wconf 68' lang='lat' dir='ltr'>eWYde.</span> <span class='ocrx_word' id='word_1_654' title='bbox 2046 2857 2080 2884; x_wconf 78' lang='lat'>²9</span> <span class='ocrx_word' id='word_1_655' title='bbox 2098 2849 2186 2884; x_wconf 65' lang='lat' dir='ltr'>ipsum</span> <span class='ocrx_word' id='word_1_656' title='bbox 2201 2849 2244 2875; x_wconf 71' lang='lat' dir='ltr'>na</span> <span class='ocrx_word' id='word_1_657' title='bbox 2254 2849 2395 2883; x_wconf 55' lang='lat' dir='ltr'>nuwzm</span> <span class='ocrx_word' id='word_1_658' title='bbox 2413 2849 2499 2884; x_wconf 67' lang='lat' dir='ltr'>lpum</span> 
     </span>
     <span class='ocr_line' id='line_1_53' title="bbox 294 2882 1362 2917; baseline 0.001 -9"><span class='ocrx_word' id='word_1_659' title='bbox 294 2883 385 2908; x_wconf 82' lang='lat' dir='ltr'>ceteri.</span> <span class='ocrx_word' id='word_1_660' title='bbox 476 2882 509 2916; x_wconf 84' lang='lat'>39</span> <span class='ocrx_word' id='word_1_661' title='bbox 527 2883 664 2916; x_wconf 73' lang='lat' dir='ltr'>sensuum]</span> <span class='ocrx_word' id='word_1_662' title='bbox 684 2884 850 2909; x_wconf 72' lang='lat' dir='ltr'>sensibilium</span> <span class='ocrx_word' id='word_1_663' title='bbox 867 2883 923 2910; x_wconf 90' lang='lat' dir='ltr'>GZ.</span> <span class='ocrx_word' id='word_1_664' title='bbox 1012 2883 1045 2916; x_wconf 81' lang='lat'>45</span> <span class='ocrx_word' id='word_1_665' title='bbox 1066 2883 1177 2917; x_wconf 79' lang='lat' dir='ltr'>uniatur]</span> <span class='ocrx_word' id='word_1_666' title='bbox 1197 2885 1318 2909; x_wconf 77' lang='lat' dir='ltr'>uniantur</span> <span class='ocrx_word' id='word_1_667' title='bbox 1337 2891 1362 2909; x_wconf 78' lang='grc' dir='ltr'>α.</span> 
     </span>
    </p>
   </div>
   <div class='ocr_carea' id='block_1_6' title="bbox 295 2918 2500 3024">
    <p class='ocr_par' dir='ltr' id='par_1_6' title="bbox 295 2918 2500 3024">
     <span class='ocr_line' id='line_1_54' title="bbox 349 2918 2500 2955; baseline 0.002 -12"><span class='ocrx_word' id='word_1_668' title='bbox 349 2918 382 2943; x_wconf 85' lang='grc' dir='ltr'>ιὸ</span> <span class='ocrx_word' id='word_1_669' title='bbox 401 2918 530 2952; x_wconf 78' lang='lat' dir='ltr'>addidicit]</span> <span class='ocrx_word' id='word_1_670' title='bbox 551 2919 637 2944; x_wconf 77' lang='lat' dir='ltr'>didicit</span> <span class='ocrx_word' id='word_1_671' title='bbox 655 2919 748 2944; x_wconf 79' lang='lat' dir='ltr'>DYbP.</span> <span class='ocrx_word' id='word_1_672' title='bbox 849 2918 881 2944; x_wconf 82' lang='lat'>23</span> <span class='ocrx_word' id='word_1_673' title='bbox 901 2919 963 2952; x_wconf 86' lang='lat' dir='ltr'>non]</span> <span class='ocrx_word' id='word_1_674' title='bbox 984 2925 1010 2944; x_wconf 84' lang='lat' dir='ltr'>et</span> <span class='ocrx_word' id='word_1_675' title='bbox 1028 2927 1081 2944; x_wconf 88' lang='lat' dir='ltr'>non</span> <span class='ocrx_word' id='word_1_676' title='bbox 1100 2919 1148 2945; x_wconf 81' lang='lat' dir='ltr'>Pd.</span> <span class='ocrx_word' id='word_1_677' title='bbox 1245 2927 1278 2954; x_wconf 86' lang='lat'>²9</span> <span class='ocrx_word' id='word_1_678' title='bbox 1297 2920 1344 2945; x_wconf 72' lang='lat' dir='ltr'>sed</span> <span class='ocrx_word' id='word_1_679' title='bbox 1363 2919 1402 2953; x_wconf 76' lang='lat' dir='ltr'>se]</span> <span class='ocrx_word' id='word_1_680' title='bbox 1422 2927 1489 2953; x_wconf 73' lang='lat' dir='ltr'>quas</span> <span class='ocrx_word' id='word_1_681' title='bbox 1507 2919 1562 2946; x_wconf 86' lang='grc' dir='ltr'>ΝΖ.</span> <span class='ocrx_word' id='word_1_682' title='bbox 1653 2919 1685 2945; x_wconf 80' lang='lat'>32</span> <span class='ocrx_word' id='word_1_683' title='bbox 1705 2918 1750 2946; x_wconf 72' lang='lat' dir='ltr'>fiat</span> <span class='ocrx_word' id='word_1_684' title='bbox 1767 2920 1881 2955; x_wconf 69' lang='lat' dir='ltr'>legimus</span> <span class='ocrx_word' id='word_1_685' title='bbox 1898 2920 1950 2946; x_wconf 68' lang='lat' dir='ltr'>noli</span> <span class='ocrx_word' id='word_1_686' title='bbox 1967 2919 2109 2955; x_wconf 58' lang='grc' dir='ltr'>(γένηταιῃ</span> <span class='ocrx_word' id='word_1_687' title='bbox 2130 2920 2196 2947; x_wconf 69' lang='lat' dir='ltr'>neiat</span> <span class='ocrx_word' id='word_1_688' title='bbox 2212 2928 2313 2948; x_wconf 72' lang='lat' dir='ltr'>omnes.</span> <span class='ocrx_word' id='word_1_689' title='bbox 2412 2921 2500 2948; x_wconf 63' lang='lat' dir='ltr'>edm</span> 
     </span>
     <span class='ocr_line' id='line_1_55' title="bbox 295 2953 2498 2990; baseline 0.002 -11"><span class='ocrx_word' id='word_1_690' title='bbox 295 2953 386 2979; x_wconf 88' lang='lat' dir='ltr'>dicitur</span> <span class='ocrx_word' id='word_1_691' title='bbox 403 2960 446 2979; x_wconf 88' lang='lat' dir='ltr'>om</span> <span class='ocrx_word' id='word_1_692' title='bbox 466 2954 570 2980; x_wconf 81' lang='lat' dir='ltr'>EGNY.</span> <span class='ocrx_word' id='word_1_693' title='bbox 656 2953 687 2979; x_wconf 83' lang='lat'>35</span> <span class='ocrx_word' id='word_1_694' title='bbox 708 2955 827 2980; x_wconf 74' lang='lat' dir='ltr'>similiter</span> <span class='ocrx_word' id='word_1_695' title='bbox 843 2962 886 2987; x_wconf 79' lang='lat' dir='ltr'>pr.</span> <span class='ocrx_word' id='word_1_696' title='bbox 905 2953 972 2988; x_wconf 85' lang='lat' dir='ltr'>loco}</span> <span class='ocrx_word' id='word_1_697' title='bbox 993 2956 1060 2980; x_wconf 80' lang='lat' dir='ltr'>seire</span> <span class='ocrx_word' id='word_1_698' title='bbox 1078 2955 1106 2986; x_wconf 87' lang='lat' dir='ltr'>Z,</span> <span class='ocrx_word' id='word_1_699' title='bbox 1125 2955 1218 2980; x_wconf 72' lang='lat' dir='ltr'>similis</span> <span class='ocrx_word' id='word_1_700' title='bbox 1236 2955 1268 2986; x_wconf 91' lang='lat' dir='ltr'>D,</span> <span class='ocrx_word' id='word_1_701' title='bbox 1287 2963 1330 2981; x_wconf 82' lang='lat' dir='ltr'>om</span> <span class='ocrx_word' id='word_1_702' title='bbox 1349 2955 1382 2987; x_wconf 79' lang='lat' dir='ltr'>Y,</span> <span class='ocrx_word' id='word_1_703' title='bbox 1401 2955 1488 2982; x_wconf 72' lang='lat' dir='ltr'>nimsse</span> <span class='ocrx_word' id='word_1_704' title='bbox 1504 2955 1597 2982; x_wconf 65' lang='lat' dir='ltr'>meri.</span> <span class='ocrx_word' id='word_1_705' title='bbox 1684 2954 1717 2981; x_wconf 81' lang='lat'>36</span> <span class='ocrx_word' id='word_1_706' title='bbox 1734 2955 1770 2990; x_wconf 84' lang='lat' dir='ltr'>et]</span> <span class='ocrx_word' id='word_1_707' title='bbox 1789 2956 1856 2982; x_wconf 72' lang='lat' dir='ltr'>sicut</span> <span class='ocrx_word' id='word_1_708' title='bbox 1873 2955 1903 2987; x_wconf 84' lang='lat' dir='ltr'>Z,</span> <span class='ocrx_word' id='word_1_709' title='bbox 1921 2957 1989 2982; x_wconf 66' lang='lat' dir='ltr'>sicut</span> <span class='ocrx_word' id='word_1_710' title='bbox 2006 2962 2048 2982; x_wconf 68' lang='lat' dir='ltr'>est</span> <span class='ocrx_word' id='word_1_711' title='bbox 2065 2955 2114 2988; x_wconf 72' lang='grc' dir='ltr'>ιγ,</span> <span class='ocrx_word' id='word_1_712' title='bbox 2132 2961 2173 2983; x_wconf 66' lang='lat' dir='ltr'>m</span> <span class='ocrx_word' id='word_1_713' title='bbox 2189 2957 2281 2983; x_wconf 66' lang='lat' dir='ltr'>ceta-i.</span> <span class='ocrx_word' id='word_1_714' title='bbox 2363 2962 2409 2983; x_wconf 74' lang='lat' dir='ltr'>tut</span> <span class='ocrx_word' id='word_1_715' title='bbox 2424 2956 2498 2984; x_wconf 71' lang='lat' dir='ltr'>invo-</span> 
     </span>
     <span class='ocr_line' id='line_1_56' title="bbox 295 2989 1595 3024; baseline 0.002 -11"><span class='ocrx_word' id='word_1_716' title='bbox 295 2989 350 3014; x_wconf 88' lang='lat' dir='ltr'>nire</span> <span class='ocrx_word' id='word_1_717' title='bbox 368 2997 410 3014; x_wconf 84' lang='lat' dir='ltr'>om</span> <span class='ocrx_word' id='word_1_718' title='bbox 430 2990 482 3016; x_wconf 88' lang='grc' dir='ltr'>ΝΖ.</span> <span class='ocrx_word' id='word_1_719' title='bbox 572 2998 608 3022; x_wconf 84' lang='grc'>44</span> <span class='ocrx_word' id='word_1_720' title='bbox 627 2990 816 3016; x_wconf 77' lang='lat' dir='ltr'>conditionibus</span> <span class='ocrx_word' id='word_1_721' title='bbox 835 2990 1041 3024; x_wconf 71' lang='lat' dir='ltr'>particularibus]</span> <span class='ocrx_word' id='word_1_722' title='bbox 1061 2990 1239 3016; x_wconf 74' lang='lat' dir='ltr'>materialibus</span> <span class='ocrx_word' id='word_1_723' title='bbox 1258 2991 1450 3017; x_wconf 68' lang='lat' dir='ltr'>conditionibus</span> <span class='ocrx_word' id='word_1_724' title='bbox 1469 2991 1595 3017; x_wconf 84' lang='lat' dir='ltr'>EGNYZ.</span> 
     </span>
    </p>
   </div>
   <div class='ocr_carea' id='block_1_7' title="bbox 1053 3092 1734 3127">
    <p class='ocr_par' dir='ltr' id='par_1_7' title="bbox 1053 3092 1734 3127">
     <span class='ocr_line' id='line_1_57' title="bbox 1053 3092 1734 3127; baseline 0.001 -1"><span class='ocrx_word' id='word_1_725' title='bbox 1053 3092 1390 3126; x_wconf 75' lang='lat' dir='ltr'>commentaria</span> <span class='ocrx_word' id='word_1_726' title='bbox 1420 3093 1734 3127; x_wconf 63' lang='lat' dir='ltr'>Ferit-ariensis</span> 
     </span>
    </p>
   </div>
   <div class='ocr_carea' id='block_1_8' title="bbox 296 3177 2495 3319">
    <p class='ocr_par' dir='ltr' id='par_1_8' title="bbox 296 3177 2495 3319">
     <span class='ocr_line' id='line_1_58' title="bbox 371 3177 2495 3233; baseline 0.002 -14"><span class='ocrx_word' id='word_1_727' title='bbox 371 3198 424 3219; x_wconf 71' lang='lat' dir='ltr'>mA</span> <span class='ocrx_word' id='word_1_728' title='bbox 447 3188 487 3219; x_wconf 92' lang='lat' dir='ltr'>ad</span> <span class='ocrx_word' id='word_1_729' title='bbox 510 3177 738 3229; x_wconf 82' lang='lat' dir='ltr'>praecedentes</span> <span class='ocrx_word' id='word_1_730' title='bbox 759 3191 900 3221; x_wconf 88' lang='lat' dir='ltr'>rationes</span> <span class='ocrx_word' id='word_1_731' title='bbox 920 3196 1031 3231; x_wconf 87' lang='lat' dir='ltr'>posset</span> <span class='ocrx_word' id='word_1_732' title='bbox 1054 3191 1214 3231; x_wconf 89' lang='lat' dir='ltr'>quispiam</span> <span class='ocrx_word' id='word_1_733' title='bbox 1231 3201 1269 3222; x_wconf 89' lang='lat' dir='ltr'>ex</span> <span class='ocrx_word' id='word_1_734' title='bbox 1285 3192 1363 3223; x_wconf 86' lang='lat' dir='ltr'>Avi·</span> <span class='ocrx_word' id='word_1_735' title='bbox 1418 3192 1527 3223; x_wconf 82' lang='lat' dir='ltr'>batur:</span> <span class='ocrx_word' id='word_1_736' title='bbox 1561 3193 1636 3233; x_wconf 88' lang='lat' dir='ltr'>quia</span> <span class='ocrx_word' id='word_1_737' title='bbox 1669 3201 1707 3223; x_wconf 87' lang='lat' dir='ltr'>ex</span> <span class='ocrx_word' id='word_1_738' title='bbox 1738 3192 1803 3223; x_wconf 89' lang='lat' dir='ltr'>hoc</span> <span class='ocrx_word' id='word_1_739' title='bbox 1831 3191 1921 3233; x_wconf 88' lang='lat' dir='ltr'>quod</span> <span class='ocrx_word' id='word_1_740' title='bbox 1952 3197 2026 3223; x_wconf 83' lang='lat' dir='ltr'>actu</span> <span class='ocrx_word' id='word_1_741' title='bbox 2057 3191 2355 3233; x_wconf 83' lang='lat' dir='ltr'>apprehenduntur,</span> <span class='ocrx_word' id='word_1_742' title='bbox 2381 3200 2495 3223; x_wconf 79' lang='lat' dir='ltr'>sensus</span> 
     </span>
     <span class='ocr_line' id='line_1_59' title="bbox 297 3190 2494 3278; baseline 0.002 -16"><span class='ocrx_word' id='word_1_743' title='bbox 297 3190 367 3275; x_wconf 79' lang='lat' dir='ltr'><strong>Q</strong></span> <span class='ocrx_word' id='word_1_744' title='bbox 383 3242 504 3264; x_wconf 91' lang='lat' dir='ltr'>cennae</span> <span class='ocrx_word' id='word_1_745' title='bbox 527 3234 691 3274; x_wconf 89' lang='lat' dir='ltr'>positione</span> <span class='ocrx_word' id='word_1_746' title='bbox 715 3234 921 3275; x_wconf 86' lang='lat' dir='ltr'>respondere,</span> <span class='ocrx_word' id='word_1_747' title='bbox 941 3234 1016 3266; x_wconf 90' lang='lat' dir='ltr'>ideo</span> <span class='ocrx_word' id='word_1_748' title='bbox 1033 3234 1073 3265; x_wconf 89' lang='lat' dir='ltr'>de</span> <span class='ocrx_word' id='word_1_749' title='bbox 1088 3235 1157 3276; x_wconf 84' lang='lat' dir='ltr'>ipsa</span> <span class='ocrx_word' id='word_1_750' title='bbox 1178 3236 1363 3267; x_wconf 87' lang='lat' dir='ltr'>Avicennae</span> <span class='ocrx_word' id='word_1_751' title='bbox 1419 3237 1452 3266; x_wconf 85' lang='lat' dir='ltr'>in</span> <span class='ocrx_word' id='word_1_752' title='bbox 1476 3241 1551 3267; x_wconf 83' lang='lat' dir='ltr'>actu</span> <span class='ocrx_word' id='word_1_753' title='bbox 1565 3237 1612 3278; x_wconf 87' lang='lat' dir='ltr'>fit</span> <span class='ocrx_word' id='word_1_754' title='bbox 1631 3241 1796 3267; x_wconf 84' lang='lat' dir='ltr'>sensatum</span> <span class='ocrx_word' id='word_1_755' title='bbox 1813 3237 1846 3267; x_wconf 84' lang='lat' dir='ltr'>in</span> <span class='ocrx_word' id='word_1_756' title='bbox 1863 3242 1949 3273; x_wconf 80' lang='lat' dir='ltr'>actu,</span> <span class='ocrx_word' id='word_1_757' title='bbox 1967 3242 1999 3267; x_wconf 91' lang='lat' dir='ltr'>et</span> <span class='ocrx_word' id='word_1_758' title='bbox 2015 3236 2196 3268; x_wconf 79' lang='lat' dir='ltr'>intellectus</span> <span class='ocrx_word' id='word_1_759' title='bbox 2219 3236 2252 3266; x_wconf 83' lang='lat' dir='ltr'>in</span> <span class='ocrx_word' id='word_1_760' title='bbox 2275 3241 2351 3266; x_wconf 81' lang='lat' dir='ltr'>actu</span> <span class='ocrx_word' id='word_1_761' title='bbox 2374 3240 2423 3267; x_wconf 84' lang='lat' dir='ltr'>est</span> <span class='ocrx_word' id='word_1_762' title='bbox 2445 3236 2494 3266; x_wconf 79' lang='grc' dir='ltr'>ἰη-</span> 
     </span>
     <span class='ocr_line' id='line_1_60' title="bbox 296 3277 1749 3319; baseline 0.003 -12"><span class='ocrx_word' id='word_1_763' title='bbox 296 3278 457 3318; x_wconf 90' lang='lat' dir='ltr'>positione</span> <span class='ocrx_word' id='word_1_764' title='bbox 481 3277 620 3318; x_wconf 85' lang='lat' dir='ltr'>disputat</span> <span class='ocrx_word' id='word_1_765' title='bbox 644 3279 677 3309; x_wconf 92' lang='lat' dir='ltr'>in</span> <span class='ocrx_word' id='word_1_766' title='bbox 700 3279 764 3309; x_wconf 93' lang='lat' dir='ltr'>hoc</span> <span class='ocrx_word' id='word_1_767' title='bbox 787 3279 892 3319; x_wconf 87' lang='lat' dir='ltr'>capite</span> <span class='ocrx_word' id='word_1_768' title='bbox 911 3278 1048 3310; x_wconf 86' lang='lat' dir='ltr'>Sanctus</span> <span class='ocrx_word' id='word_1_769' title='bbox 1067 3279 1211 3310; x_wconf 87' lang='lat' dir='ltr'>Thomas</span> <span class='ocrx_word' id='word_1_770' title='bbox 1224 3281 1250 3310; x_wconf 45' lang='grc' dir='ltr'><strong>ἢ</strong></span> <span class='ocrx_word' id='word_1_771' title='bbox 1269 3280 1362 3311; x_wconf 87' lang='lat' dir='ltr'>Circa</span> <span class='ocrx_word' id='word_1_772' title='bbox 1419 3281 1581 3312; x_wconf 84' lang='lat' dir='ltr'>tellectum</span> <span class='ocrx_word' id='word_1_773' title='bbox 1606 3281 1639 3311; x_wconf 83' lang='lat' dir='ltr'>in</span> <span class='ocrx_word' id='word_1_774' title='bbox 1664 3286 1749 3312; x_wconf 83' lang='lat' dir='ltr'>actu.</span> 
     </span>
    </p>
   </div>
   <div class='ocr_carea' id='block_1_9' title="bbox 296 3321 2493 3456">
    <p class='ocr_par' dir='ltr' id='par_1_9' title="bbox 296 3321 2493 3456">
     <span class='ocr_line' id='line_1_61' title="bbox 296 3321 2493 3366; baseline 0.002 -15"><span class='ocrx_word' id='word_1_775' title='bbox 296 3321 359 3352; x_wconf 89' lang='lat' dir='ltr'>hoc</span> <span class='ocrx_word' id='word_1_776' title='bbox 383 3326 490 3352; x_wconf 88' lang='lat' dir='ltr'>autem</span> <span class='ocrx_word' id='word_1_777' title='bbox 517 3322 576 3352; x_wconf 83' lang='lat' dir='ltr'>tria</span> <span class='ocrx_word' id='word_1_778' title='bbox 606 3322 697 3353; x_wconf 85' lang='lat' dir='ltr'>facit:</span> <span class='ocrx_word' id='word_1_779' title='bbox 723 3324 840 3363; x_wconf 89' lang='lat' dir='ltr'>primo,</span> <span class='ocrx_word' id='word_1_780' title='bbox 864 3324 934 3354; x_wconf 89' lang='lat' dir='ltr'>eius</span> <span class='ocrx_word' id='word_1_781' title='bbox 961 3324 1170 3364; x_wconf 86' lang='lat' dir='ltr'>positionem,</span> <span class='ocrx_word' id='word_1_782' title='bbox 1195 3334 1270 3355; x_wconf 88' lang='lat' dir='ltr'>cum</span> <span class='ocrx_word' id='word_1_783' title='bbox 1298 3325 1363 3356; x_wconf 85' lang='lat' dir='ltr'>suis</span> <span class='ocrx_word' id='word_1_784' title='bbox 1474 3325 1560 3356; x_wconf 88' lang='lat' dir='ltr'>Dicit</span> <span class='ocrx_word' id='word_1_785' title='bbox 1583 3325 1739 3362; x_wconf 85' lang='lat' dir='ltr'>secundo,</span> <span class='ocrx_word' id='word_1_786' title='bbox 1756 3325 1848 3366; x_wconf 90' lang='lat' dir='ltr'>quod</span> <span class='ocrx_word' id='word_1_787' title='bbox 1871 3326 1955 3356; x_wconf 86' lang='lat' dir='ltr'>vires</span> <span class='ocrx_word' id='word_1_788' title='bbox 1970 3334 2056 3366; x_wconf 74' lang='lat' dir='ltr'>quae</span> <span class='ocrx_word' id='word_1_789' title='bbox 2070 3328 2263 3356; x_wconf 71' lang='lat' dir='ltr'>conservant</span> <span class='ocrx_word' id='word_1_790' title='bbox 2286 3323 2406 3354; x_wconf 82' lang='lat' dir='ltr'>formas</span> <span class='ocrx_word' id='word_1_791' title='bbox 2424 3333 2493 3356; x_wconf 85' lang='lat' dir='ltr'>non</span> 
     </span>
     <span class='ocr_line' id='line_1_62' title="bbox 296 3365 2492 3410; baseline 0.003 -15"><span class='ocrx_word' id='word_1_792' title='bbox 296 3365 522 3402; x_wconf 78' lang='lat' dir='ltr'>fundamentis,</span> <span class='ocrx_word' id='word_1_793' title='bbox 545 3372 663 3403; x_wconf 84' lang='lat' dir='ltr'>narrat;</span> <span class='ocrx_word' id='word_1_794' title='bbox 688 3367 843 3405; x_wconf 88' lang='lat' dir='ltr'>secundo,</span> <span class='ocrx_word' id='word_1_795' title='bbox 868 3377 939 3399; x_wconf 85' lang='lat' dir='ltr'>eam</span> <span class='ocrx_word' id='word_1_796' title='bbox 963 3369 1125 3408; x_wconf 82' lang='lat' dir='ltr'>improbat</span> <span class='ocrx_word' id='word_1_797' title='bbox 1138 3369 1168 3405; x_wconf 75' lang='lat'>*;</span> <span class='ocrx_word' id='word_1_798' title='bbox 1193 3369 1298 3406; x_wconf 89' lang='lat' dir='ltr'>tertio,</span> <span class='ocrx_word' id='word_1_799' title='bbox 1323 3369 1363 3400; x_wconf 85' lang='lat' dir='ltr'>ad</span> <span class='ocrx_word' id='word_1_800' title='bbox 1418 3370 1635 3410; x_wconf 82' lang='lat' dir='ltr'>apprehensas</span> <span class='ocrx_word' id='word_1_801' title='bbox 1662 3371 1697 3401; x_wconf 92' lang='lat' dir='ltr'>in</span> <span class='ocrx_word' id='word_1_802' title='bbox 1720 3375 1805 3406; x_wconf 80' lang='lat' dir='ltr'>actu,</span> <span class='ocrx_word' id='word_1_803' title='bbox 1837 3369 1990 3401; x_wconf 80' lang='lat' dir='ltr'>differunt</span> <span class='ocrx_word' id='word_1_804' title='bbox 2018 3370 2058 3401; x_wconf 78' lang='lat' dir='ltr'>ab</span> <span class='ocrx_word' id='word_1_805' title='bbox 2089 3368 2255 3401; x_wconf 77' lang='lat' dir='ltr'>intellectu</span> <span class='ocrx_word' id='word_1_806' title='bbox 2285 3368 2319 3399; x_wconf 91' lang='lat' dir='ltr'>in</span> <span class='ocrx_word' id='word_1_807' title='bbox 2353 3368 2492 3402; x_wconf 81' lang='lat' dir='ltr'>duobus.</span> 
     </span>
     <span class='ocr_line' id='line_1_63' title="bbox 297 3409 2493 3456; baseline 0.003 -17"><span class='ocrx_word' id='word_1_808' title='bbox 297 3410 364 3440; x_wconf 85' lang='lat' dir='ltr'>eius</span> <span class='ocrx_word' id='word_1_809' title='bbox 387 3409 597 3441; x_wconf 85' lang='lat' dir='ltr'>fundamenta</span> <span class='ocrx_word' id='word_1_810' title='bbox 619 3411 794 3452; x_wconf 83' lang='lat' dir='ltr'>respondet</span> <span class='ocrx_word' id='word_1_811' title='bbox 806 3413 832 3442; x_wconf 67' lang='grc'>““.</span> <span class='ocrx_word' id='word_1_812' title='bbox 1150 3419 1153 3422; x_wconf 91' lang='grc'><strong><em>·</em></strong></span> <span class='ocrx_word' id='word_1_813' title='bbox 1417 3414 1504 3453; x_wconf 83' lang='lat' dir='ltr'>Quia</span> <span class='ocrx_word' id='word_1_814' title='bbox 1527 3415 1606 3446; x_wconf 79' lang='lat' dir='ltr'>istae</span> <span class='ocrx_word' id='word_1_815' title='bbox 1621 3424 1690 3446; x_wconf 91' lang='lat' dir='ltr'>non</span> <span class='ocrx_word' id='word_1_816' title='bbox 1713 3420 1789 3446; x_wconf 87' lang='lat' dir='ltr'>sunt</span> <span class='ocrx_word' id='word_1_817' title='bbox 1812 3414 2074 3456; x_wconf 76' lang='lat' dir='ltr'>apprehensivne,</span> <span class='ocrx_word' id='word_1_818' title='bbox 2090 3411 2147 3444; x_wconf 71' lang='lat' dir='ltr'>sed</span> <span class='ocrx_word' id='word_1_819' title='bbox 2168 3412 2313 3443; x_wconf 79' lang='lat' dir='ltr'>thesauri</span> <span class='ocrx_word' id='word_1_820' title='bbox 2337 3413 2493 3446; x_wconf 74' lang='lat' dir='ltr'>virtutum</span> 
     </span>
    </p>
   </div>
   <div class='ocr_carea' id='block_1_10' title="bbox 297 3454 2493 3722">
    <p class='ocr_par' dir='ltr' id='par_1_10' title="bbox 297 3454 2493 3722">
     <span class='ocr_line' id='line_1_64' title="bbox 351 3454 2493 3499; baseline 0.003 -16"><span class='ocrx_word' id='word_1_821' title='bbox 351 3454 372 3484; x_wconf 96' lang='lat'>1.</span> <span class='ocrx_word' id='word_1_822' title='bbox 393 3454 559 3492; x_wconf 88' lang='lat' dir='ltr'>Quantum</span> <span class='ocrx_word' id='word_1_823' title='bbox 584 3455 623 3485; x_wconf 88' lang='lat' dir='ltr'>ad</span> <span class='ocrx_word' id='word_1_824' title='bbox 647 3457 799 3496; x_wconf 89' lang='lat' dir='ltr'>primum,</span> <span class='ocrx_word' id='word_1_825' title='bbox 825 3456 902 3487; x_wconf 88' lang='lat' dir='ltr'>dicit</span> <span class='ocrx_word' id='word_1_826' title='bbox 925 3457 1031 3497; x_wconf 90' lang='lat' dir='ltr'>primo</span> <span class='ocrx_word' id='word_1_827' title='bbox 1051 3457 1228 3493; x_wconf 87' lang='lat' dir='ltr'>Avicenna‚</span> <span class='ocrx_word' id='word_1_828' title='bbox 1248 3458 1281 3488; x_wconf 92' lang='lat' dir='ltr'>in</span> <span class='ocrx_word' id='word_1_829' title='bbox 1302 3468 1362 3488; x_wconf 90' lang='lat' dir='ltr'>suo</span> <span class='ocrx_word' id='word_1_830' title='bbox 1417 3459 1747 3499; x_wconf 74' lang='lat' dir='ltr'>apprehensivarum:</span> <span class='ocrx_word' id='word_1_831' title='bbox 1762 3459 1845 3490; x_wconf 85' lang='lat' dir='ltr'>sicut</span> <span class='ocrx_word' id='word_1_832' title='bbox 1860 3458 2047 3499; x_wconf 74' lang='lat' dir='ltr'>imaginatio</span> <span class='ocrx_word' id='word_1_833' title='bbox 2062 3462 2109 3487; x_wconf 88' lang='lat' dir='ltr'>est</span> <span class='ocrx_word' id='word_1_834' title='bbox 2123 3457 2291 3487; x_wconf 81' lang='lat' dir='ltr'>thesaurus</span> <span class='ocrx_word' id='word_1_835' title='bbox 2314 3456 2493 3489; x_wconf 85' lang='lat' dir='ltr'>formarum</span> 
     </span>
     <span class='ocr_line' id='line_1_65' title="bbox 297 3497 2492 3544; baseline 0.003 -17"><span class='ocrx_word' id='word_1_836' title='bbox 297 3497 376 3528; x_wconf 88' lang='lat' dir='ltr'>libro</span> <span class='ocrx_word' id='word_1_837' title='bbox 401 3499 439 3528; x_wconf 87' lang='lat' dir='ltr'>de</span> <span class='ocrx_word' id='word_1_838' title='bbox 462 3499 588 3535; x_wconf 87' lang='lat' dir='ltr'>Anima,</span> <span class='ocrx_word' id='word_1_839' title='bbox 614 3500 703 3540; x_wconf 91' lang='lat' dir='ltr'>quod</span> <span class='ocrx_word' id='word_1_840' title='bbox 719 3502 751 3530; x_wconf 87' lang='lat' dir='ltr'>in</span> <span class='ocrx_word' id='word_1_841' title='bbox 776 3501 941 3532; x_wconf 90' lang='lat' dir='ltr'>intellectu</span> <span class='ocrx_word' id='word_1_842' title='bbox 958 3511 1024 3532; x_wconf 90' lang='lat' dir='ltr'>non</span> <span class='ocrx_word' id='word_1_843' title='bbox 1050 3507 1216 3532; x_wconf 84' lang='lat' dir='ltr'>remanent</span> <span class='ocrx_word' id='word_1_844' title='bbox 1240 3503 1363 3542; x_wconf 89' lang='lat' dir='ltr'>species</span> <span class='ocrx_word' id='word_1_845' title='bbox 1417 3504 1691 3544; x_wconf 84' lang='lat' dir='ltr'>apprehensamm</span> <span class='ocrx_word' id='word_1_846' title='bbox 1708 3513 1766 3544; x_wconf 87' lang='lat' dir='ltr'>per</span> <span class='ocrx_word' id='word_1_847' title='bbox 1781 3512 1927 3538; x_wconf 87' lang='lat' dir='ltr'>sensum;</span> <span class='ocrx_word' id='word_1_848' title='bbox 1944 3507 1976 3532; x_wconf 90' lang='lat' dir='ltr'>et</span> <span class='ocrx_word' id='word_1_849' title='bbox 1991 3501 2159 3538; x_wconf 77' lang='lat' dir='ltr'>memoria,</span> <span class='ocrx_word' id='word_1_850' title='bbox 2172 3501 2352 3533; x_wconf 91' lang='lat' dir='ltr'>secundum</span> <span class='ocrx_word' id='word_1_851' title='bbox 2371 3503 2492 3543; x_wconf 88' lang='lat' dir='ltr'>ipsum,</span> 
     </span>
     <span class='ocr_line' id='line_1_66' title="bbox 297 3541 2492 3588; baseline 0.003 -17"><span class='ocrx_word' id='word_1_852' title='bbox 297 3541 508 3582; x_wconf 83' lang='lat' dir='ltr'>intelligibiles</span> <span class='ocrx_word' id='word_1_853' title='bbox 527 3544 560 3574; x_wconf 92' lang='lat' dir='ltr'>in</span> <span class='ocrx_word' id='word_1_854' title='bbox 577 3550 650 3575; x_wconf 88' lang='lat' dir='ltr'>actu</span> <span class='ocrx_word' id='word_1_855' title='bbox 667 3546 727 3575; x_wconf 88' lang='lat' dir='ltr'>nisi</span> <span class='ocrx_word' id='word_1_856' title='bbox 744 3545 888 3585; x_wconf 91' lang='lat' dir='ltr'>quandiu</span> <span class='ocrx_word' id='word_1_857' title='bbox 911 3546 1143 3586; x_wconf 85' lang='lat' dir='ltr'>intelliguntur.</span> <span class='ocrx_word' id='word_1_858' title='bbox 1165 3546 1283 3576; x_wconf 79' lang='lat' dir='ltr'>Probat</span> <span class='ocrx_word' id='word_1_859' title='bbox 1306 3556 1363 3578; x_wconf 85' lang='lat' dir='ltr'>au·</span> <span class='ocrx_word' id='word_1_860' title='bbox 1418 3553 1465 3578; x_wconf 90' lang='lat' dir='ltr'>est</span> <span class='ocrx_word' id='word_1_861' title='bbox 1480 3549 1648 3579; x_wconf 81' lang='lat' dir='ltr'>thesaurus</span> <span class='ocrx_word' id='word_1_862' title='bbox 1664 3548 1842 3579; x_wconf 77' lang='lat' dir='ltr'>formarum</span> <span class='ocrx_word' id='word_1_863' title='bbox 1857 3546 2130 3588; x_wconf 68' lang='lat' dir='ltr'>apprehensurum</span> <span class='ocrx_word' id='word_1_864' title='bbox 2146 3546 2269 3587; x_wconf 83' lang='lat' dir='ltr'>absque</span> <span class='ocrx_word' id='word_1_865' title='bbox 2285 3555 2392 3583; x_wconf 79' lang='lat' dir='ltr'>seusu,</span> <span class='ocrx_word' id='word_1_866' title='bbox 2409 3547 2492 3578; x_wconf 83' lang='lat' dir='ltr'>sicut</span> 
     </span>
     <span class='ocr_line' id='line_1_67' title="bbox 298 3586 2491 3632; baseline 0.004 -18"><span class='ocrx_word' id='word_1_867' title='bbox 298 3590 364 3615; x_wconf 87' lang='lat' dir='ltr'>tem</span> <span class='ocrx_word' id='word_1_868' title='bbox 394 3586 448 3616; x_wconf 86' lang='lat' dir='ltr'>tali</span> <span class='ocrx_word' id='word_1_869' title='bbox 479 3588 612 3618; x_wconf 85' lang='lat' dir='ltr'>ratione.</span> <span class='ocrx_word' id='word_1_870' title='bbox 644 3588 800 3627; x_wconf 87' lang='lat' dir='ltr'>Quandiu</span> <span class='ocrx_word' id='word_1_871' title='bbox 831 3589 953 3621; x_wconf 83' lang='lat' dir='ltr'>formae</span> <span class='ocrx_word' id='word_1_872' title='bbox 984 3590 1204 3631; x_wconf 85' lang='lat' dir='ltr'>apprehensae</span> <span class='ocrx_word' id='word_1_873' title='bbox 1232 3597 1364 3622; x_wconf 88' lang='lat' dir='ltr'>manent</span> <span class='ocrx_word' id='word_1_874' title='bbox 1418 3602 1494 3623; x_wconf 89' lang='lat' dir='ltr'>cum</span> <span class='ocrx_word' id='word_1_875' title='bbox 1518 3594 1588 3623; x_wconf 86' lang='lat' dir='ltr'>ovis</span> <span class='ocrx_word' id='word_1_876' title='bbox 1610 3592 1812 3624; x_wconf 79' lang='lat' dir='ltr'>inimicitiam</span> <span class='ocrx_word' id='word_1_877' title='bbox 1835 3589 2048 3632; x_wconf 76' lang='lat' dir='ltr'>apprehendit</span> <span class='ocrx_word' id='word_1_878' title='bbox 2074 3590 2154 3631; x_wconf 90' lang='lat' dir='ltr'>lupi.</span> <span class='ocrx_word' id='word_1_879' title='bbox 2180 3591 2270 3628; x_wconf 86' lang='lat' dir='ltr'>Item,</span> <span class='ocrx_word' id='word_1_880' title='bbox 2296 3591 2416 3622; x_wconf 81' lang='lat' dir='ltr'>habent</span> <span class='ocrx_word' id='word_1_881' title='bbox 2438 3599 2491 3621; x_wconf 90' lang='lat' dir='ltr'>or-</span> 
     </span>
     <span class='ocr_line' id='line_1_68' title="bbox 300 3628 2491 3678; baseline 0.004 -20"><span class='ocrx_word' id='word_1_882' title='bbox 300 3628 332 3658; x_wconf 92' lang='lat' dir='ltr'>in</span> <span class='ocrx_word' id='word_1_883' title='bbox 348 3631 490 3668; x_wconf 85' lang='lat' dir='ltr'>potentia</span> <span class='ocrx_word' id='word_1_884' title='bbox 507 3633 747 3671; x_wconf 83' lang='lat' dir='ltr'>apprehensiva,</span> <span class='ocrx_word' id='word_1_885' title='bbox 765 3639 838 3664; x_wconf 85' lang='lat' dir='ltr'>actu</span> <span class='ocrx_word' id='word_1_886' title='bbox 857 3633 1152 3675; x_wconf 87' lang='lat' dir='ltr'>apprehenduntur.</span> <span class='ocrx_word' id='word_1_887' title='bbox 1173 3634 1269 3674; x_wconf 85' lang='lat' dir='ltr'>Ergo,</span> <span class='ocrx_word' id='word_1_888' title='bbox 1287 3644 1362 3666; x_wconf 91' lang='lat' dir='ltr'>curn</span> <span class='ocrx_word' id='word_1_889' title='bbox 1417 3646 1499 3677; x_wconf 85' lang='lat' dir='ltr'>gana</span> <span class='ocrx_word' id='word_1_890' title='bbox 1523 3646 1690 3678; x_wconf 82' lang='lat' dir='ltr'>corporea,</span> <span class='ocrx_word' id='word_1_891' title='bbox 1713 3637 1747 3668; x_wconf 90' lang='lat' dir='ltr'>in</span> <span class='ocrx_word' id='word_1_892' title='bbox 1774 3635 1892 3676; x_wconf 77' lang='lat' dir='ltr'>quibus</span> <span class='ocrx_word' id='word_1_893' title='bbox 1923 3635 2123 3676; x_wconf 85' lang='lat' dir='ltr'>recipiuntur</span> <span class='ocrx_word' id='word_1_894' title='bbox 2150 3635 2274 3667; x_wconf 81' lang='lat' dir='ltr'>formae</span> <span class='ocrx_word' id='word_1_895' title='bbox 2302 3635 2491 3677; x_wconf 86' lang='lat' dir='ltr'>receptione</span> 
     </span>
     <span class='ocr_line' id='line_1_69' title="bbox 299 3675 2491 3722; baseline 0.005 -21"><span class='ocrx_word' id='word_1_896' title='bbox 299 3681 365 3702; x_wconf 91' lang='lat' dir='ltr'>non</span> <span class='ocrx_word' id='word_1_897' title='bbox 382 3675 673 3713; x_wconf 88' lang='lat' dir='ltr'>apprehenduntur,</span> <span class='ocrx_word' id='word_1_898' title='bbox 689 3687 756 3708; x_wconf 91' lang='lat' dir='ltr'>non</span> <span class='ocrx_word' id='word_1_899' title='bbox 772 3684 904 3709; x_wconf 85' lang='lat' dir='ltr'>manent</span> <span class='ocrx_word' id='word_1_900' title='bbox 919 3679 952 3709; x_wconf 91' lang='lat' dir='ltr'>in</span> <span class='ocrx_word' id='word_1_901' title='bbox 970 3679 1047 3719; x_wconf 90' lang='lat' dir='ltr'>ipsa.</span> <span class='ocrx_word' id='word_1_902' title='bbox 1067 3679 1272 3710; x_wconf 82' lang='lat' dir='ltr'>Antecedens</span> <span class='ocrx_word' id='word_1_903' title='bbox 1288 3689 1363 3720; x_wconf 87' lang='lat' dir='ltr'>pro·</span> <span class='ocrx_word' id='word_1_904' title='bbox 1417 3682 1603 3722; x_wconf 79' lang='lat' dir='ltr'>propinqua</span> <span class='ocrx_word' id='word_1_905' title='bbox 1626 3680 1893 3722; x_wconf 79' lang='lat' dir='ltr'>apprehensioni:</span> <span class='ocrx_word' id='word_1_906' title='bbox 1918 3684 1950 3710; x_wconf 85' lang='lat' dir='ltr'>et</span> <span class='ocrx_word' id='word_1_907' title='bbox 1977 3680 2022 3710; x_wconf 87' lang='lat' dir='ltr'>sic</span> <span class='ocrx_word' id='word_1_908' title='bbox 2047 3680 2146 3710; x_wconf 81' lang='lat' dir='ltr'>virtus</span> <span class='ocrx_word' id='word_1_909' title='bbox 2173 3680 2407 3721; x_wconf 77' lang='lat' dir='ltr'>apprehensiva</span> <span class='ocrx_word' id='word_1_910' title='bbox 2433 3689 2491 3721; x_wconf 79' lang='lat' dir='ltr'>ap-</span> 
     </span>
    </p>
   </div>
   <div class='ocr_carea' id='block_1_11' title="bbox 2529 548 2744 603">
    <p class='ocr_par' dir='ltr' id='par_1_11' title="bbox 2529 548 2744 603">
     <span class='ocr_line' id='line_1_70' title="bbox 2529 548 2744 603; baseline -0.005 -32"><span class='ocrx_word' id='word_1_911' title='bbox 2529 548 2602 603; x_wconf 55' lang='lat' dir='ltr'>1&#39;·C7ap.</span> <span class='ocrx_word' id='word_1_912' title='bbox 2610 555 2640 576; x_wconf 80' lang='lat' dir='ltr'>iv,</span> <span class='ocrx_word' id='word_1_913' title='bbox 2646 556 2670 576; x_wconf 77' lang='lat'>4;</span> <span class='ocrx_word' id='word_1_914' title='bbox 2677 548 2744 571; x_wconf 82' lang='lat' dir='ltr'>s.Th.</span> 
     </span>
    </p>
   </div>
   <div class='ocr_carea' id='block_1_12' title="bbox 2529 812 2744 861">
    <p class='ocr_par' dir='ltr' id='par_1_12' title="bbox 2529 812 2744 861">
     <span class='ocr_line' id='line_1_71' title="bbox 2529 812 2744 861; baseline 0.014 -28"><span class='ocrx_word' id='word_1_915' title='bbox 2529 812 2620 861; x_wconf 52' lang='lat' dir='ltr'>Ibgum.</span> <span class='ocrx_word' id='word_1_916' title='bbox 2631 812 2687 839; x_wconf 65' lang='grc' dir='ltr'>ὀμ.</span> <span class='ocrx_word' id='word_1_917' title='bbox 2698 812 2744 836; x_wconf 86' lang='lat' dir='ltr'>Th.</span> 
     </span>
    </p>
   </div>
   <div class='ocr_carea' id='block_1_13' title="bbox 2530 1029 2743 1079">
    <p class='ocr_par' dir='ltr' id='par_1_13' title="bbox 2530 1029 2743 1079">
     <span class='ocr_line' id='line_1_72' title="bbox 2530 1029 2743 1079; baseline 0.009 -27"><span class='ocrx_word' id='word_1_918' title='bbox 2530 1031 2539 1079; x_wconf 59' lang='grc' dir='ltr'><strong><em>ἶ</em></strong></span> <span class='ocrx_word' id='word_1_919' title='bbox 2548 1029 2642 1079; x_wconf 54' lang='grc' dir='ltr'>(ἔβαν,</span> <span class='ocrx_word' id='word_1_920' title='bbox 2648 1029 2670 1058; x_wconf 83' lang='lat'>6;</span> <span class='ocrx_word' id='word_1_921' title='bbox 2677 1030 2743 1054; x_wconf 76' lang='lat' dir='ltr'>=.Th.</span> 
     </span>
    </p>
   </div>
   <div class='ocr_carea' id='block_1_14' title="bbox 2530 1348 2742 1405">
    <p class='ocr_par' dir='ltr' id='par_1_14' title="bbox 2530 1348 2742 1405">
     <span class='ocr_line' id='line_1_73' title="bbox 2530 1348 2742 1398; baseline 0 -27"><span class='ocrx_word' id='word_1_922' title='bbox 2530 1348 2742 1398; x_wconf 42' lang='lat' dir='ltr'>&#39;sz-vnzvnny</span> 
     </span>
     <span class='ocr_line' id='line_1_74' title="bbox 2530 1376 2732 1405; baseline 0 -6"><span class='ocrx_word' id='word_1_923' title='bbox 2530 1382 2550 1399; x_wconf 79' lang='grc' dir='ltr'>ι.</span> <span class='ocrx_word' id='word_1_924' title='bbox 2603 1392 2609 1398; x_wconf 90' lang='grc'><strong>.</strong></span> <span class='ocrx_word' id='word_1_925' title='bbox 2625 1376 2640 1398; x_wconf 93' lang='grc' dir='ltr'>Ι.</span> <span class='ocrx_word' id='word_1_926' title='bbox 2657 1382 2732 1405; x_wconf 68' lang='grc' dir='ltr'>ι3,ι3.</span> 
     </span>
    </p>
   </div>
   <div class='ocr_carea' id='block_1_15' title="bbox 2530 1993 2744 2043">
    <p class='ocr_par' dir='ltr' id='par_1_15' title="bbox 2530 1993 2744 2043">
     <span class='ocr_line' id='line_1_75' title="bbox 2530 1993 2744 2043; baseline -0.005 -26"><span class='ocrx_word' id='word_1_927' title='bbox 2530 1993 2601 2043; x_wconf 68' lang='lat' dir='ltr'>&#39;&#39;C81p.</span> <span class='ocrx_word' id='word_1_928' title='bbox 2606 1994 2658 2022; x_wconf 63' lang='lat' dir='ltr'>ms</span> <span class='ocrx_word' id='word_1_929' title='bbox 2675 1994 2744 2016; x_wconf 62' lang='lat' dir='ltr'>uffh-</span> 
     </span>
    </p>
   </div>
  </div>
 </body>
</html>
