2768 4134
24 599 31 603 ,
47 579 58 589 ·
72 578 110 600 ΑΙ.
124 577 155 599 de
171 576 266 598 Minio-

47 610 77 626 ηε
181 606 267 629 torum,

0 648 2 650 v
48 631 161 686 apuscul.
168 629 267 652 xxxlu

0 2213 4 2225 b

0 3255 9 3427 ‹<-2.---‚--
0 3227 5 3242 Α..

76 663 143 679 omae
154 656 225 685 ¹570).

133 932 229 964 titionis
237 932 264 964 ῥ’.

46 959 100 1008 ιζ’ἑε.
108 961 266 1014 ξὲῖὲἰᾚὲῐ

44 1011 92 1034 nin.
103 1011 191 1034 Romae
200 1012 264 1039 ¹886,

45 1038 173 1068 *prend-l-

43 1463 188 1487 ‘uanam

43 2175 156 2232 :53:⁸³
165 2174 264 2204 mma.

48 3161 60 3172 ·
73 3156 112 3184 Εἰ
121 3166 145 3183 n.
153 3166 170 3189 1,
179 3160 231 3183 init.

800 272 988 309 SUMMA
1018 272 1239 311 CONTRA
1267 273 1542 321 GENTILES,
1570 277 1665 314 LIB.
1686 278 1727 323 II,
1758 277 1868 316 CAP.
1887 279 1984 317 LVI.

290 355 409 384 torum,
433 348 490 379 sed
514 349 677 385 remissae,
703 350 735 379 in
760 350 875 391 quibus
899 356 946 381 est
969 351 1072 382 virtus
1086 352 1280 394 formarum
1305 354 1367 384 ele-

291 394 496 425 mentarium.
521 411 544 415 -
567 393 735 430 Secundo,
760 396 836 435 quia
859 395 899 425 de
923 396 1026 432 Malo,
1052 406 1083 437 q.
1108 407 1137 433 v,
1163 407 1190 427 a.
1217 398 1246 434 5,
1272 397 1312 429 ad
1336 398 1366 435 6,

292 438 368 470 dicit
392 438 483 478 quod
506 438 695 469 contrariae
718 439 891 479 qualitates
915 440 947 470 in
973 450 1113 481 corpore
1135 441 1238 472 mixto
1270 452 1368 484 regu-

293 484 407 515 lantur
437 488 469 514 et
498 488 736 513 conservantur
763 494 803 514 ne
832 494 867 514 se
895 484 1029 515 inuicem
1061 491 1283 526 corrumpant,
1304 496 1369 527 per

283 528 437 570 formam
460 527 714 558 substantialem.
735 545 757 549 -
778 529 900 565 Tertio,
925 530 1000 569 quia
1023 530 1057 560 in
1080 535 1215 561 tractatu
1239 531 1295 571 qui
1318 532 1367 561 in-

293 573 448 609 titulatur,
475 571 648 608 Quomodo
673 572 829 603 elementa
856 579 1011 604 maneant
1033 574 1066 604 in
1090 574 1194 605 mixto
1210 576 1237 611 *‚
1261 576 1368 615 inquit

294 617 395 658 quod,
424 617 566 647 remissis
600 617 799 648 excellentiis
829 618 1022 658 qualitatum
1055 619 1298 655 elementorum,
1326 629 1368 650 ex

294 663 340 694 eis
363 661 573 693 constituitur
595 661 737 702 qualitas
760 662 876 698 media,
893 672 976 703 quae
1000 669 1048 693 est
1063 664 1204 704 propria
1227 664 1369 704 qualitas

294 707 444 747 corporis
467 706 576 741 mixti,
601 706 755 747 differens
785 707 817 737 in
841 707 977 738 diuersis
999 708 1175 738 secundum
1206 708 1367 739 diuersam

293 751 463 782 mixtionis
481 751 741 791 proportionem.
766 769 788 772 —
811 751 947 789 Quarto,
972 753 1047 792 quia
1063 752 1106 782 IV
1122 751 1220 787 Sent„
1238 752 1268 783 d.
1285 762 1366 789 xmv,

293 805 325 836 q.
342 806 364 832 1,
381 806 410 826 a.
428 804 453 831 ι,
471 796 516 836 q³.
530 806 550 832 1,
568 795 608 826 ad
623 804 655 834 4,
672 796 777 836 inquit
793 795 884 836 quod
898 797 1018 838 forma
1041 797 1211 827 mixtionis
1225 802 1274 827 est
1287 806 1367 837 qua-

293 841 369 871 litas
393 841 556 871 resultans
579 850 621 871 ex
644 840 854 881 qualitatibus
876 841 1074 881 simplicibus
1089 841 1133 871 ad
1151 840 1291 872 medium
1315 851 1367 872 ue-

293 885 463 916 nientibus.
487 903 511 908 —
534 885 643 915 Potest
667 886 764 916 etiam
786 886 850 916 hoc
873 885 983 916 haberi
999 895 1038 916 ex
1053 886 1125 926 ipso
1139 885 1173 916 in
1190 885 1254 916 fine
1271 886 1367 926 primi

292 929 364 961 libri
387 930 427 960 de
444 930 662 961 Generatione
677 930 704 967 ¹⁵,
721 930 788 966 ubi,
805 939 972 970 exponens
988 929 1041 960 illa
1060 929 1165 966 verba,
1183 930 1303 960 Mixtio
1321 935 1368 961 est

292 974 496 1005 miscibilium
521 975 736 1005 alteratorum
754 975 843 1010 unio,
868 974 974 1014 inquit
998 973 1088 1014 quod
1110 974 1191 1004 haec
1213 974 1366 1005 alteratio

291 1020 398 1050 solum
410 1024 458 1050 est
469 1018 681 1061 intelligenda
698 1019 731 1049 in
749 1018 920 1050 virtutibus
934 1018 1002 1049 sive
1017 1018 1227 1059 qualitatibus
1242 1028 1365 1050 eorum.

291 1064 356 1095 Sed
369 1065 398 1095 si
417 1064 569 1095 alteratio
593 1068 744 1094 sumatur
759 1063 945 1104 improprie,
969 1063 1085 1093 mixtio
1101 1068 1149 1094 est
1163 1063 1366 1095 miscibilium

291 1110 517 1144 alteratorum,
548 1108 630 1139 idest
659 1113 901 1148 corruptorum,
924 1107 1102 1138 secundum
1115 1108 1252 1149 formas
1276 1109 1365 1139 unio.

290 1154 366 1185 Hoc
382 1155 470 1184 enim
493 1154 539 1184 sic
562 1153 698 1194 intelligi
713 1158 822 1193 potest
844 1152 935 1192 quod
950 1153 1039 1193 ipsae
1063 1153 1258 1183 substantiae
1282 1162 1365 1194 quae

289 1199 476 1235 miscentur,
499 1207 569 1229 non
585 1197 716 1238 proprie
734 1197 901 1233 uniuntur,
919 1197 1011 1237 quasi
1033 1202 1236 1227 remanentes
1258 1198 1292 1228 in
1308 1208 1366 1228 sua

289 1244 466 1274 substantia
489 1243 648 1279 alteratae,
665 1242 768 1272 immo
789 1247 1041 1282 corrumpuntur
1060 1247 1091 1272 et
1109 1241 1260 1272 desinunt
1281 1251 1363 1273 esse:

289 1287 345 1319 sed
362 1288 530 1329 qualitates
547 1296 662 1318 eorum
678 1291 753 1317 sunt
768 1286 841 1317 illae
857 1295 941 1326 quae
964 1287 1122 1317 uniuntur
1142 1291 1173 1316 et
1197 1293 1365 1317 remanent

288 1333 460 1368 alteratae,
472 1331 554 1362 idest
562 1331 720 1362 ‘remissae
734 1331 774 1361 ab
789 1340 904 1361 earum
920 1331 1129 1361 excellentiis.
1141 1348 1164 1353 —
1176 1330 1218 1360 Et
1229 1331 1274 1361 sic
1286 1340 1365 1362 con-

288 1374 350 1409 stat
373 1377 563 1418 qualitatem,
584 1376 750 1407 mixtionis
773 1385 843 1406 esse
870 1375 950 1415 quid
977 1375 1199 1415 compositum
1223 1385 1261 1405 ex
1285 1385 1364 1416 qua-

287 1422 430 1454 litatibus
453 1421 630 1452 mixtorum
653 1420 793 1451 remissis
817 1425 848 1450 et
871 1419 912 1450 ad
935 1419 1082 1450 medium
1105 1418 1251 1450 redactis.

344 1466 455 1497 Potest
468 1466 564 1496 etiam
580 1465 691 1495 haberi
702 1465 767 1495 hoc
780 1474 818 1494 ex
833 1463 1017 1500 Aristotele,
1031 1464 1072 1494 ΙΙΙ
1087 1463 1206 1504 Topic„
1221 1473 1291 1504 cap.
1305 1474 1324 1493 v
1336 1465 1363 1501 ὓ,

287 1511 345 1542 ubi
369 1510 447 1542 dicit
470 1510 575 1540 albius
591 1518 659 1539 esse
681 1508 769 1550 quod
787 1514 835 1539 est
850 1509 948 1550 nigro
967 1507 1222 1548 impermixtius:
1244 1508 1301 1538 ubi
1316 1509 1363 1539 vi-

287 1553 381 1586 detur
403 1554 486 1585 velle
510 1552 601 1593 quod
624 1554 658 1583 in
681 1552 792 1583 medio
816 1558 959 1583 extrema
981 1557 1055 1583 actu
1080 1553 1317 1582 contineantur.

344 1598 374 1629 3.
399 1598 463 1629 Alii
487 1607 564 1628 vero
589 1597 702 1628 dicunt
731 1606 770 1627 ex
799 1597 1006 1636 qualitatibus
1030 1596 1268 1626 elementorum
1292 1605 1363 1626 cor-

284 1641 388 1684 ruptis
399 1642 544 1684 generari
559 1641 702 1673 mediam
719 1641 918 1682 qualitatem,
931 1646 1005 1671 actu
1022 1640 1156 1680 quidem
1171 1640 1362 1680 simplicem,

285 1692 401 1730 utpote
416 1688 450 1718 in
466 1696 531 1728 qua
545 1696 615 1717 non
630 1687 671 1716 sit
686 1691 760 1717 actu
776 1685 940 1716 diversitas
956 1684 1123 1715 caliditatis
1140 1690 1171 1715 et
1186 1683 1364 1725 frigiditatis

285 1738 342 1765 aut
353 1732 488 1764 aliarum
505 1731 707 1772 qualitatum,
723 1729 781 1761 sed
796 1730 972 1761 virtualiter
986 1729 1211 1770 multiplicem,
1226 1730 1364 1770 inquan-

285 1782 357 1809 tum
378 1777 414 1808 in
428 1777 498 1817 ipsa
514 1775 690 1806 virtualiter
706 1775 874 1816 qualitates
891 1775 1128 1806 elementorum
1145 1775 1362 1805 continentur.

341 1821 436 1853 Hanc
459 1826 568 1852 autern
597 1830 666 1851 esse
689 1825 834 1851 mentem
858 1819 967 1851 Sancti
989 1819 1139 1850 Th0mae
1162 1819 1302 1859 probant
1325 1829 1363 1850 ex

283 1866 393 1897 verbis
413 1866 516 1907 ipsius
534 1866 568 1895 in
584 1865 626 1895 111
650 1865 750 1901 Sent.,
775 1864 805 1895 d.
822 1874 884 1901 xiv,
909 1874 937 1895 a.
957 1873 986 1900 2,
1003 1864 1049 1904 q'.
1066 1874 1110 1900 m,
1130 1862 1171 1894 ad
1191 1871 1217 1900 ι,
1242 1865 1298 1895 ubi
1321 1865 1364 1894 ait

286 1910 379 1952 quod
393 1911 427 1942 in
451 1911 559 1941 minus
574 1910 648 1940 albo
667 1909 748 1940 nihil
763 1914 811 1940 est
825 1909 1018 1950 nigredinis,
1042 1908 1099 1938 sed
1118 1908 1232 1939 albedo
1257 1908 1364 1939 minus

288 1956 434 1989 intensa:
461 1964 500 1985 ex
523 1963 591 1994 quo
615 1953 742 1985 videtur
768 1954 851 1984 velle
883 1952 975 1994 quod
1004 1953 1038 1983 in
1068 1952 1178 1983 medio
1209 1962 1277 1983 non
1300 1953 1363 1984 sint

289 2005 432 2032 extrema
454 1999 488 2030 in
512 2004 597 2029 actu.

345 2054 376 2084 4.
401 2044 547 2084 Utraque
569 2043 685 2073 harum
709 2041 905 2082 opinionum
936 2042 1106 2072 sustentari
1129 2046 1239 2082 posset
1267 2041 1363 2072 etiam

288 2089 323 2120 in
347 2089 494 2120 doctrina
516 2087 625 2119 Sancti
648 2086 809 2117 Thomae.
833 2085 993 2117 Tenendo
1018 2086 1106 2116 enim
1130 2087 1267 2126 primam
1292 2086 1363 2126 opi-

289 2134 426 2165 nionem
449 2134 563 2174 (quam
587 2132 684 2162 etiam
707 2136 795 2162 tenet
819 2130 1010 2172 Capreolus,
1034 2130 1061 2161 11
1080 2131 1178 2167 Sent„
1199 2130 1230 2161 d.
1254 2140 1305 2166 xv,
1329 2131 1363 2161 in

290 2187 374 2219 resp.
399 2177 439 2209 ad
461 2178 519 2209 ult.
544 2181 657 2208 contra
681 2185 698 2206 2
724 2176 870 2206 conclus.
885 2176 928 2215 *),
944 2175 984 2207 ad
999 2174 1033 2206 id
1048 2175 1139 2216 quod
1161 2175 1312 2206 obiicitur
1330 2175 1364 2205 in

290 2223 490 2254 contrarium
505 2231 543 2252 ex
560 2221 663 2252 verbis
679 2220 788 2251 Sancti
804 2220 964 2257 Thomae,
988 2219 1160 2261 dupliciter
1176 2219 1365 2260 responderi

289 2273 408 2310 potest.
431 2267 552 2303 Primo,
575 2265 667 2307 quod
689 2275 758 2296 non
783 2270 830 2295 est
853 2264 966 2296 eadem
989 2265 1070 2296 ratio
1094 2264 1135 2296 de
1158 2264 1364 2306 qualitatibus

291 2312 530 2344 elementorum
554 2316 586 2341 et
609 2310 649 2340 de
673 2310 798 2340 colore:
817 2310 893 2350 quia
916 2310 988 2340 illae
1011 2315 1087 2340 sunt
1109 2309 1277 2350 qualitates
1300 2310 1364 2349 pri-

289 2366 377 2394 mae3
395 2357 487 2388 color
501 2361 611 2387 autem
627 2360 676 2385 est
691 2354 827 2395 qualitas
843 2354 995 2391 secunda,
1011 2363 1051 2385 ex
1070 2353 1192 2385 diversa
1207 2353 1364 2384 mixtione

290 2402 484 2443 qualitatum
507 2401 684 2441 primarum
717 2398 934 2430 diversimode
959 2398 1127 2430 resultans.
1151 2417 1174 2422 —
1200 2397 1363 2435 Secundo,

290 2445 381 2488 quod
404 2445 552 2485 intelligit
576 2444 713 2475 Sanctus
728 2443 875 2474 Thomas
891 2443 931 2474 de
947 2443 1056 2474 minus
1074 2443 1150 2474 albo
1174 2442 1265 2483 quod
1289 2452 1365 2474 cum

290 2491 392 2531 magis
414 2490 488 2521 albo
508 2495 555 2520 est
571 2487 718 2519 eiusdem
733 2488 869 2528 speciei:
886 2498 955 2519 non
971 2493 1080 2518 autem
1097 2487 1137 2519 de
1152 2489 1260 2519 minus
1279 2488 1363 2524 albo,

290 2534 382 2577 quod
398 2540 446 2565 est
461 2534 590 2565 alterius
606 2533 726 2574 speciei
741 2533 781 2564 ab
797 2532 882 2569 albo,
900 2538 936 2564 ut
951 2538 999 2564 est
1020 2533 1160 2564 rubeum
1176 2538 1231 2563 aut
1253 2531 1363 2568 viride,

291 2579 382 2621 quod
406 2584 453 2610 est
476 2579 607 2619 proprie
629 2577 775 2608 medium
799 2578 882 2608 inter
905 2578 1015 2608 album
1039 2582 1070 2608 et
1086 2578 1226 2618 nigrum,
1252 2586 1366 2618 quem-

290 2623 470 2655 admodum
486 2623 622 2664 qualitas
646 2622 894 2663 complexionis,
910 2623 977 2653 sive
997 2622 1172 2658 mixtionis,
1190 2627 1236 2652 est
1258 2621 1365 2652 media

289 2670 372 2700 inter
394 2668 563 2709 qualitates
585 2667 837 2704 elementorum3
861 2667 895 2697 in
915 2667 970 2698 tali
985 2667 1073 2697 enim
1096 2667 1204 2697 minus
1228 2666 1302 2696 albo
1319 2671 1366 2696 est

290 2716 388 2745 etiam
410 2712 533 2753 aliquid
554 2711 740 2753 nigredinis.

346 2757 507 2790 Tenendo
530 2762 640 2788 autem
670 2755 847 2787 secundam
870 2755 1073 2796 opinionem,
1101 2754 1165 2785 dici
1195 2759 1303 2795 potest
1326 2753 1366 2784 ad

290 2802 497 2834 auctoritates
526 2802 674 2842 superius
706 2800 858 2831 adductas
886 2799 976 2840 quod
1005 2799 1123 2830 sufficit
1152 2798 1192 2829 ad
1222 2804 1364 2829 mentem

290 2847 400 2879 Sancti
422 2845 571 2877 Thomae
595 2844 764 2886 qualitates
780 2844 1017 2875 elementorum
1040 2844 1074 2874 in
1098 2843 1250 2884 qualitate
1274 2852 1364 2874 com-

290 2891 466 2933 plexionali
488 2890 664 2921 virtualiter
680 2889 848 2920 contineri.

346 2935 399 2967 Ad
421 2935 630 2966 Aristotelem
653 2943 730 2965 vero
747 2933 811 2964 dici
827 2938 935 2974 potest
957 2931 1048 2972 quod
1071 2941 1128 2972 per
1145 2932 1277 2973 nigrum
1296 2941 1365 2962 non

289 2980 439 3021 intelligit
455 2979 652 3021 qualitatem,
668 2978 724 3009 sed
739 2978 895 3009 albedinis
906 2977 1132 3018 privationem.
1145 2976 1265 3007 Sensus
1278 2976 1365 3007 enim

290 3026 466 3056 verborum
489 3025 559 3055 eius
575 3029 622 3055 est
639 3022 730 3064 quod
745 3023 848 3053 albius
865 3022 981 3053 dicitur
997 3020 1087 3062 quod
1109 3021 1218 3052 minus
1237 3020 1277 3051 de
1300 3021 1364 3061 pri-

291 3070 422 3101 vatione
437 3069 593 3100 albedinis
619 3069 730 3099 habet:
747 3068 811 3098 hoc
836 3072 892 3103 est,
917 3065 1008 3108 quod
1023 3064 1251 3106 perfectiorem
1269 3065 1365 3096 habet

292 3113 485 3146 albedinem.

348 3159 400 3189 111.
431 3156 580 3189 Secunda
607 3156 775 3188 conclusio
805 3156 896 3186 esst:
921 3154 1109 3186 Substantia
1137 3154 1365 3185 intellectualis

293 3214 358 3235 non
379 3208 488 3244 potest
514 3202 603 3233 uniri
633 3201 765 3242 corpori
783 3210 846 3241 per
872 3199 1003 3230 modum
1033 3204 1202 3230 contactus
1226 3199 1365 3239 proprie

292 3248 380 3280 dicti.
405 3249 511 3279 Patet:
537 3248 614 3287 quia
635 3246 706 3276 talis
730 3250 898 3276 contactus
921 3253 990 3274 non
1013 3249 1060 3274 est
1087 3244 1149 3274 nisi
1177 3253 1363 3283 corporum.

348 3292 583 3324 Corollarium:
608 3291 684 3321 Non
703 3295 812 3331 potest
833 3299 875 3320 ex
899 3288 1110 3319 intellectuali
1131 3288 1310 3319 substantia
1335 3293 1366 3318 et

293 3347 432 3378 corpore
445 3337 528 3379 fieri
551 3346 651 3367 unum
676 3334 929 3369 continuatione,
958 3338 1016 3363 aut
1041 3332 1282 3373 compositione,
1307 3337 1366 3363 aut

2415 282 2491 328 405

1423 355 1656 396 colligatione:
1679 358 1755 397 quia
1778 357 1926 389 videlicet
1953 359 2032 389 haec
2057 360 2124 390 sine
2154 366 2305 391 contactu
2334 360 2401 392 fieri
2425 371 2492 392 non

1423 406 1572 440 possunt.

1479 444 1531 475 IV.
1557 444 1666 476 Tertia
1690 445 1873 477 conclusio:
1898 446 2052 478 Possibile
2069 453 2116 478 est
2132 449 2344 480 substantiam
2369 450 2492 480 intelle-

1422 488 1561 519 ctualem
1586 489 1675 519 uniri
1697 491 1830 530 corpori
1852 491 2027 521 secundum
2044 497 2227 523 contactum
2251 494 2389 524 virtutis.
2406 494 2492 532 Quia

1422 533 1492 563 talis
1508 538 1611 563 tactus
1635 534 1668 563 in
1692 534 1817 573 agendo
1842 536 1997 565 consistit.
2021 535 2221 568 Substantiae
2241 544 2349 569 autem
2367 539 2490 569 intelle-

1423 577 1543 608 ctuales
1567 583 1667 617 agunt
1689 578 1722 608 in
1747 587 1882 618 corpora
1906 586 1936 609 et
1952 586 2085 610 movent
2104 591 2155 611 ea:
2174 592 2249 612 cum
2267 583 2330 613 sint
2345 584 2491 614 immate-

1422 622 1515 652 riales
1538 627 1570 652 et
1592 622 1693 662 magis
1717 622 1750 652 in
1774 629 1848 652 actu
1872 624 2050 654 existentes.

1478 665 1529 696 Ad
1552 666 1650 696 huius
1666 671 1774 696 autem
1790 666 2094 705 manifestationem,
2119 670 2250 709 ponitur
2268 671 2301 701 in
2317 671 2419 702 littera
2435 672 2489 702 tri-

1422 710 1495 750 plex
1520 709 1697 741 differentia
1713 711 1795 741 inter
1817 716 1940 741 tactum
1956 712 2135 743 secundum
2152 714 2301 745 virtutem
2319 721 2350 745 et
2368 721 2489 746 tactum

1422 763 1628 795 corporeum.
1646 754 1810 785 Contactu
1831 756 1917 786 enim
1940 756 2063 786 virtutis
2087 757 2276 788 indivisibile
2293 765 2399 799 potest
2421 765 2489 790 tan-

1422 808 1497 839 gere
1521 798 1692 835 divisibile;
1720 798 1756 830 fit
1785 799 1855 830 talis
1879 803 2048 830 contactus
2075 810 2142 831 non
2173 802 2281 832 solum
2309 803 2489 835 secundum

1422 844 1546 880 ultima,
1570 843 1626 874 sed
1642 844 1739 874 etiam
1754 843 1935 874 secundum
1950 849 2072 881 totum,
2090 851 2137 875 est
2153 855 2286 886 quoque
2306 846 2345 878 ad
2367 849 2488 885 intima,

1422 888 1564 928 facitque
1587 888 1798 919 substantiam
1815 894 2001 929 tangentem
2025 899 2093 920 esse
2117 891 2198 920 intra
2221 891 2254 921 id
2276 890 2366 931 quod
2388 893 2489 933 tangi-

1421 938 1487 969 tur;
1513 942 1655 973 quorum
1677 933 1804 963 nullum
1827 933 1861 963 in
1880 938 1967 963 tactu
1992 943 2152 974 corporeo
2177 935 2347 966 invenitur.

1477 977 1721 1008 Advertendum
1748 978 1830 1008 circa
1854 977 2030 1008 secundam
2054 983 2086 1008 et
2114 979 2240 1009 tertiam
2268 978 2488 1016 differentiam,

1422 1021 1512 1061 quod
1527 1023 1673 1062 potentia
1692 1022 1816 1062 passiva
1839 1022 2020 1053 secundum
2039 1031 2138 1063 quam
2154 1023 2276 1064 aliquid
2295 1033 2490 1064 corporeum

1421 1065 1538 1097 dicitur
1560 1067 1627 1106 pati
1651 1076 1667 1096 a
1691 1067 1867 1097 substantia
1882 1067 2038 1107 spirituali
2053 1073 2109 1098 aut
2122 1069 2257 1104 moveri,
2282 1074 2330 1099 est
2345 1070 2490 1109 potentia

1420 1111 1615 1141 substantiae
1639 1111 1850 1151 compositae,
1873 1121 1942 1142 non
1966 1117 2074 1142 autem
2097 1113 2303 1143 extremitatis
2331 1114 2490 1153 quantita-

1420 1155 1513 1186 tivae.
1531 1155 1697 1193 Quoniam
1714 1155 1899 1195 superficies
1915 1155 2095 1186 secundum
2115 1166 2148 1187 se
2171 1166 2240 1188 non
2262 1157 2358 1188 habet
2373 1163 2488 1198 poten-

1419 1199 1498 1230 tiam
1521 1199 1561 1230 ad
1584 1199 1783 1240 patiendum,
1807 1200 1882 1231 licet
1897 1200 2071 1231 substantia
2087 1201 2127 1231 sit
2145 1201 2176 1231 in
2202 1202 2347 1242 potentia
2370 1201 2409 1233 ad
2433 1211 2488 1232 co-

1420 1244 1504 1274 lores
1527 1244 1689 1275 mediante
1711 1243 1897 1284 superficie:
1923 1245 2006 1275 sicut
2022 1245 2107 1275 enim
2132 1245 2280 1276 accidens
2295 1255 2353 1286 per
2368 1255 2401 1276 se
2419 1256 2487 1276 non

1420 1288 1516 1319 habet
1539 1298 1617 1325 esse,
1642 1289 1685 1319 ita
1715 1289 1774 1319 sibi
1804 1298 1872 1319 non
1903 1290 2055 1319 convenit
2086 1290 2217 1330 proprie
2240 1290 2316 1330 pati.
2343 1290 2384 1320 Et
2411 1291 2487 1330 quia

1420 1334 1566 1373 potentia
1588 1334 1633 1364 rei
1650 1333 1850 1373 compositae
1867 1339 1914 1363 est
1937 1334 1996 1363 sibi
2011 1334 2192 1370 intrinseca,
2215 1334 2301 1370 ideo,
2321 1344 2397 1365 cum
2412 1336 2486 1365 sub-

1419 1378 1534 1408 stantia
1557 1378 1601 1407 ibi
1625 1378 1665 1407 sit
1679 1378 1735 1408 ubi
1752 1383 1912 1417 operatur,
1930 1383 2059 1418 oportet
2075 1384 2111 1408 ut
2126 1379 2301 1409 substantia
2316 1379 2487 1419 spiritualis

1419 1431 1502 1462 quae
1526 1431 1645 1462 corpus
1661 1422 1771 1461 tangit,
1788 1422 1828 1451 sit
1850 1422 1895 1452 illi
1911 1422 2082 1453 intrinseca
2105 1428 2137 1453 et
2153 1432 2209 1463 per
2227 1423 2330 1463 ipsam
2349 1423 2486 1460 incedat,

1418 1476 1476 1497 sua
1499 1466 1620 1496 scilicet
1642 1466 1758 1496 virtute
1782 1465 1959 1506 tangendo:
1985 1476 2060 1496 cum
2084 1477 2151 1497 non
2176 1468 2215 1497 sit
2242 1466 2363 1508 aliquid
2386 1468 2486 1508 ipsius

1419 1511 1564 1551 corporis
1589 1510 1679 1550 quod
1701 1511 1804 1550 ipsam
1828 1510 2077 1541 intellectualem
2101 1512 2311 1542 substantiam
2334 1511 2488 1552 impediat

1418 1555 1497 1595 quin
1521 1555 1713 1585 intrinsecus
1736 1555 1839 1594 possit
1862 1555 1997 1594 operari,
2022 1555 2105 1585 sicut
2131 1555 2234 1586 moles
2258 1557 2402 1596 corporis
2426 1557 2486 1587 im-

1419 1599 1508 1639 pedit
1523 1608 1564 1629 ne
1581 1598 1669 1629 aliud
1681 1608 1800 1638 corpus
1811 1599 1920 1638 ipsum
1932 1605 2090 1639 quantum
2103 1599 2143 1630 ad
2154 1601 2326 1631 intrinseca
2337 1606 2454 1640 tangat.
2465 1618 2488 1622 —

1419 1642 1600 1681 Quomodo
1624 1648 1733 1673 autem
1759 1643 1934 1673 substantia
1957 1643 2179 1674 intellectualis
2202 1645 2242 1674 sit
2271 1645 2305 1674 in
2332 1644 2407 1675 loco
2430 1654 2488 1685 per

1419 1692 1607 1718 contactum
1631 1687 1765 1723 virtutis,
1789 1686 1912 1717 dicetur
1935 1687 1968 1716 in
1993 1687 2105 1717 Tertio
2130 1688 2227 1718 Libro
2240 1689 2267 1718 ἦ

1474 1731 1513 1761 V.
1538 1731 1707 1769 Quantum
1730 1730 1770 1761 ad
1786 1730 1965 1761 secundum
1978 1732 2004 1767 *,
2029 1731 2169 1762 ostendit
2192 1731 2328 1763 Sanctus
2343 1731 2488 1763 Thomas

1419 1775 1498 1817 quid
1521 1776 1555 1806 in
1578 1776 1647 1816 ipsa
1670 1774 1856 1806 difficultate
1880 1774 2015 1806 dubium
2039 1776 2088 1806 sit.

1474 1820 1516 1851 Et
1538 1821 1655 1861 primo,
1680 1819 1820 1850 ostendit
1843 1820 2002 1850 rationem
2026 1819 2202 1851 dubitandi.
2228 1820 2314 1851 Cum
2339 1822 2425 1852 enim
2449 1830 2487 1851 ex

1417 1865 1489 1895 solo
1514 1870 1666 1895 contactu
1690 1865 1814 1894 virtutis
1830 1873 1898 1894 non
1917 1863 1972 1894 fiat
1994 1874 2098 1895 unum
2114 1865 2309 1904 simpliciter,
2327 1875 2403 1896 cum
2419 1875 2487 1896 esse

1417 1919 1522 1940 unum
1545 1908 1729 1949 in⁴agend0
1757 1914 1788 1939 et
1810 1908 1963 1948 patiendo
1991 1919 2058 1939 non
2083 1910 2122 1939 sit
2145 1918 2214 1940 esse
2236 1919 2341 1940 unum
2365 1910 2486 1950 simpli-

1418 1954 1512 1990 citer;
1543 1963 1612 1984 non
1640 1952 1757 1983 sufficit
1786 1952 1827 1983 ad
1856 1953 1920 1983 hoc
1944 1958 1979 1983 ut
2007 1953 2130 1984 dicatur
2157 1954 2331 1984 substantia
2363 1954 2486 1984 intelle-

1418 1998 1529 2029 ctualis
1553 1997 1638 2028 uniri
1661 1996 1848 2037 simpliciter
1872 1997 2012 2037 corpori,
2029 1996 2120 2037 quod
2143 1998 2201 2028 sibi
2221 1999 2349 2029 uniatur
2372 2008 2486 2029 secun-

1418 2042 1497 2073 dum
1525 2043 1691 2078 virtutem;
1715 2041 1771 2072 sed
1795 2047 1925 2081 oportet
1948 2041 2038 2081 quod
2062 2051 2100 2072 ex
2123 2042 2192 2082 ipsa
2215 2048 2246 2072 et
2273 2052 2409 2083 corpore
2433 2042 2487 2073 fiat

1418 2096 1522 2118 unum
1546 2092 1601 2117 aut
1616 2087 1699 2116 sicut
1714 2085 1916 2122 indivisibile,
1937 2091 1992 2116 aut
2007 2087 2090 2117 sicut
2106 2087 2309 2123 continuum,
2331 2092 2387 2118 aut
2404 2087 2487 2117 sicut

1417 2133 1541 2162 ratione
1564 2140 1678 2161 unum.
1696 2130 1832 2161 Certum
1848 2136 1894 2160 est
1911 2136 2019 2161 autem
2035 2130 2126 2171 quod
2142 2141 2180 2161 ex
2195 2132 2371 2162 substantia
2394 2131 2486 2162 intel-

1418 2176 1547 2207 lectuali
1571 2181 1602 2206 et
1625 2184 1761 2215 corpore
1785 2184 1853 2205 non
1880 2181 1986 2215 potest
2013 2174 2081 2205 fieri
2110 2185 2212 2206 unum
2240 2177 2323 2206 sicut
2346 2175 2487 2206 indivisi-

1418 2221 1492 2257 bile,
1517 2230 1593 2251 cum
1616 2221 1679 2250 sint
1706 2219 1789 2250 duo:
1821 2228 1881 2250 nee
1912 2220 2135 2255 continuitate,
2165 2229 2242 2250 cum
2269 2221 2389 2251 scilicet
2418 2230 2487 2250 non

1418 2265 1533 2296 habeat
1557 2265 1779 2305 quantitatem.
1803 2263 2009 2304 Relinquitur
2025 2273 2101 2305 ergo
2120 2265 2184 2295 hoc
2200 2265 2307 2295 solum
2322 2266 2487 2305 inquiren-

1418 2309 1512 2341 dum:
1546 2310 1661 2340 Utrum
1685 2318 1727 2339 ex
1750 2308 1826 2349 ipsis
1843 2308 1951 2348 possit
1966 2308 2048 2349 fieri
2072 2318 2171 2339 unum
2198 2309 2386 2350 simpliciter
2407 2309 2490 2339 sicut

1418 2354 1506 2395 quod
1521 2358 1569 2385 est
1584 2354 1712 2384 ratione
1728 2358 1759 2383 et
1773 2353 1911 2383 essentia
1928 2352 2054 2382 unum?
2069 2353 2110 2383 Et
2126 2354 2201 2393 quia
2220 2363 2258 2384 ex
2274 2353 2402 2384 duobus
2417 2363 2489 2394 per-

1418 2398 1624 2430 manentibus
1646 2408 1716 2429 non
1738 2396 1775 2428 fit
1797 2398 1921 2428 ratione
1938 2406 2042 2428 unum
2063 2398 2126 2428 nisi
2141 2399 2223 2428 sicut
2244 2407 2283 2428 ex
2305 2399 2437 2429 materia
2458 2404 2488 2428 et

1419 2443 1534 2480 forma,
1558 2442 1716 2474 dubitatio
1741 2447 1804 2472 est:
1833 2442 1948 2472 Utrum
1971 2442 2150 2472 substantia
2176 2442 2402 2473 intellectualis
2429 2443 2489 2473 ali-

1419 2489 1512 2519 cuius
1535 2488 1684 2528 corporis
1698 2487 1818 2528 forma
1839 2486 2062 2517 substantialis
2085 2496 2152 2517 esse
2170 2487 2284 2527 possit.

1464 2532 1628 2569 Secund0‚
1659 2531 1834 2572 ingreditur
1869 2530 2062 2561 difficultatis
2093 2536 2200 2562 motae
2231 2531 2486 2572 inquisitionem.

1420 2576 1515 2608 Circa
1538 2575 1628 2617 quod
1653 2581 1793 2616 quatuor
1808 2575 2025 2615 principaliter
2048 2574 2138 2605 facit:
2164 2575 2268 2615 primo
2293 2576 2380 2605 enim
2395 2575 2489 2615 ponit

1419 2622 1560 2652 rafiones
1588 2620 1628 2651 ad
1657 2625 1782 2661 partem
1810 2618 1937 2655 falsam3
1968 2619 2123 2655 secundo,
2153 2620 2323 2659 opiniones
2351 2619 2487 2650 aliorum

1420 2671 1535 2702 narrat,
1552 2666 1585 2695 in
1599 2673 1668 2705 cap.
1686 2673 1768 2704 seq.;
1785 2664 1890 2700 tertio,
1904 2663 2094 2694 determinat
2106 2665 2280 2700 veritatem,
2294 2673 2363 2703 cap.
2377 2673 2486 2699 varm

1420 2715 1546 2751 quarto,
1570 2710 1709 2740 rationes
1733 2709 1766 2739 in
1790 2708 1980 2748 oppositum
2003 2707 2155 2738 adductas
2179 2708 2283 2744 solvit,
2309 2717 2378 2748 cap.
2403 2717 2486 2738 inx.

1475 2754 1529 2784 VI.
1546 2754 1642 2784 Ponit
1658 2763 1734 2794 ergo
1747 2753 1853 2793 primo
1871 2753 2016 2793 quinque
2029 2753 2167 2783 rationes
2180 2751 2384 2782 ostendentes
2398 2751 2487 2792 quod

1419 2808 1487 2829 non
1511 2803 1618 2838 potest
1636 2797 1811 2828 substantia
1834 2796 2056 2827 intellectualis
2074 2797 2202 2837 corpori
2218 2797 2301 2827 uniri
2326 2801 2361 2826 ut
2384 2795 2487 2826 forma

1420 2842 1644 2875 substantialis.

1479 2887 1628 2924 Quarum
1645 2887 1757 2927 prima
1781 2890 1849 2916 est:
1879 2886 1955 2926 quia
1985 2894 2023 2915 ex
2054 2884 2178 2916 duabus
2205 2884 2386 2915 substantiis
2414 2890 2488 2915 actu

1420 2932 1628 2963 existentibus
1651 2940 1720 2962 non
1743 2935 1851 2971 potest
1872 2929 1942 2960 fieri
1965 2929 2087 2970 aliquid
2106 2939 2219 2960 unum.

1476 2975 1643 3007 Secunda:
1667 2976 1743 3016 quia
1769 2975 1945 3005 substantia
1968 2974 2190 3005 intellectualis
2214 2978 2245 3003 et
2273 2981 2390 3012 corpus
2414 2978 2489 3003 sunt

1420 3020 1543 3052 diversa
1565 3030 1700 3061 genera;
1725 3019 1828 3050 forma
1852 3024 1960 3050 autem
1976 3024 2007 3049 et
2029 3019 2160 3049 materia
2183 3018 2216 3048 in
2233 3016 2348 3049 eodem
2371 3026 2488 3057 genere

1421 3066 1637 3096 continentur.

1479 3109 1608 3140 Tertia:
1623 3109 1700 3149 quia
1715 3113 1868 3149 sequetur
1883 3106 1973 3147 quod
1989 3107 2164 3137 substantia
2179 3105 2400 3136 intellectualis
2420 3114 2488 3136 non

1420 3155 1460 3185 sit
1482 3153 1716 3184 immaterialis:
1741 3153 1817 3193 quia
1840 3161 1936 3182 suum
1960 3161 2028 3182 esse
2052 3152 2111 3181 erit
2134 3151 2166 3181 in
2191 3151 2331 3180 materia.

1480 3198 1628 3235 Quarta:
1651 3198 1728 3238 quia
1750 3196 1931 3227 intellectus
1955 3194 2133 3226 ostenditur
2153 3205 2171 3224 a
2194 3193 2395 3235 philosophis
2419 3203 2487 3224 esse

1420 3249 1583 3284 separatus
1607 3253 1625 3273 a
1649 3251 1796 3282 corpore.

1478 3287 1619 3324 Quinta:
1642 3287 1718 3327 quia
1741 3290 1893 3325 sequetur
1909 3283 1998 3325 quod
2014 3284 2159 3324 operatio
2178 3282 2370 3313 substantiae
2394 3281 2487 3312 intel-

1419 3331 1563 3362 lectualis
1588 3332 1627 3362 sit
1651 3330 1834 3361 communis
1859 3329 1997 3369 corpori,
2022 3328 2104 3358 sicut
2128 3333 2159 3357 et
2183 3336 2250 3357 esse
2275 3327 2353 3357 eius.

1349 3518 1420 3559 sm.
1432 3525 1438 3550 Ξ

2516 1691 2524 1699 ·
2539 1689 2596 1717 Cap.
2607 1696 2689 1712 urvui.

2515 1743 2524 1751 '
2540 1741 2586 1772 Cf.¹
2593 1742 2643 1764 init.
2663 1742 2733 1764 Com-

2516 1773 2595 1790 menn.
