2768 4134
295 303 370 340 586
760 295 949 334 SUMMA
978 293 1200 331 CONTRA
1229 290 1504 335 GENTILES,
1533 289 1691 334 LIB.11‚
1723 288 1835 325 CAP.
1855 288 2022 326 XCVIII.

1470 369 1555 400 XIV.
1580 367 1721 398 Adverte
1745 368 1830 398 circa
1852 367 2063 399 corollarium
2075 369 2102 405 *,
2127 369 2219 409 quod
2242 370 2324 402 illud
2346 381 2414 403 non
2438 372 2494 404 de·
2523 372 2533 381 '
2556 369 2627 418 Nm?-
2653 376 2680 397 ¹»
2701 369 2740 392 Β*

347 377 526 420 Capreolus
542 385 629 417 ergo,
646 375 673 406 11
689 374 788 409 Sent„
805 372 836 404 d.
853 383 897 409 111,
914 381 946 413 q.
963 382 995 409 11,
1012 371 1053 403 ad
1069 372 1088 402 8
1106 377 1218 402 contra
1234 371 1360 402 tertiam
1482 414 1489 420 ·
2221 414 2228 421 ι
2519 403 2600 425 mm

1415 413 1505 444 duc1t
1528 412 1665 444 Sanctus
1689 411 1836 443 Thomas
1859 421 1898 442 ex
1914 412 1975 443 hac
1998 413 2068 443 sola
2084 413 2298 446 conclusione
2313 425 2402 448 nunc
2417 427 2494 458 pro-

52 433 108 455 ·Ad
119 431 265 460 ars-Aureo⁴
291 423 535 456 conclusionem
551 421 578 457 *,
602 424 690 450 tenet
719 418 843 458 species
871 416 1085 457 intelligibiles
1109 425 1179 447 esse
1202 421 1361 446 connatu-

51 460 76 484 li,
85 466 108 487 p.
118 465 157 488 ²93
167 458 264 486 (Turon.

53 485 124 514 ¹90²)-

43 2430 52 2440 ·
59 2429 194 2458 AdEpnes„
202 2436 227 2455 ιι,
235 2436 255 2459 3.

44 2917 53 2926 '
67 2916 102 2938 Cf.
119 2922 182 2938 num.
198 2922 256 2944 xvn,

44 2942 100 2964 Cum
114 2943 202 2972 itaque.

289 469 370 500 rales
393 465 508 506 angelo
531 465 638 505 primo
662 462 774 499 modo,
797 467 954 502 tanquam
979 461 1048 491 eius
1071 461 1295 501 proprietates.
1321 460 1362 491 Et

289 514 345 551 sic,
369 509 549 542 secundum
572 509 679 549 ipsum
703 505 952 538 concedendum
976 510 1024 536 est
1047 504 1138 546 quod
1160 505 1200 536 ab
1224 505 1362 536 essentia

289 556 395 597 angeli
409 553 578 595 profluunt
593 553 696 583 active
711 551 822 591 aliquo
838 549 951 587 mod0,
968 558 1026 590 per
1044 549 1223 581 naturalem
1240 550 1362 580 scilicet

289 598 586 634 concomitantiam,
602 597 686 627 sicut
700 595 866 636 potentiae
882 595 1008 625 animae
1024 595 1064 625 ab
1083 595 1200 625 anima.
1226 594 1268 625 Et
1282 599 1361 625 tunc

289 644 329 676 ad
347 647 573 684 argumentum
596 640 715 682 poterit
731 639 794 670 dici
809 638 900 680 quod
923 638 1090 670 concludit
1112 648 1227 670 verum
1250 639 1360 679 aliquo

287 688 399 720 modo,
425 687 570 718 Essentia
593 686 682 716 enim
705 684 811 724 angeli
834 689 882 715 est
904 689 1029 714 remota
1051 689 1082 714 et
1105 682 1250 714 radicalis
1273 683 1362 714 simi-

287 732 392 764 litudo
408 732 558 762 omnium
573 729 823 770 intelligibilium
846 728 1032 759 naturaliter
1046 729 1085 758 ab
1101 729 1184 768 ipso,
1208 729 1291 758 sicut
1314 733 1362 758 est

287 782 411 808 remote
427 781 459 806 et
481 775 659 806 radicaliter
676 774 874 815 principium
892 771 1102 813 intelligendi.
1119 771 1184 803 Sed
1198 781 1267 803 non
1283 781 1362 802 con-

288 821 388 853 cludit
404 826 517 852 contra
539 824 684 850 mentem
707 818 815 849 Sancti
832 818 991 848 Thomae.
1012 817 1089 847 Non
1113 817 1200 847 enim
1223 815 1362 847 intendit

287 865 368 897 illud
389 874 521 906 negare:
546 863 603 895 sed
625 863 733 894 solum
757 861 848 903 quod
864 862 1001 892 essentia
1021 861 1126 901 angeli
1150 862 1190 891 sit
1212 862 1361 902 proxima

288 916 319 942 et
334 909 520 941 immediata
535 907 712 939 similitudo
729 906 996 938 intellectualium
1012 905 1198 936 naturaliter
1213 906 1252 936 ab
1276 906 1359 946 ipso.

342 955 456 985 Posset
470 958 580 984 autem
596 952 780 983 confirmari
797 950 950 991 Capreoli
965 950 1086 990 positio
1103 959 1142 981 ex
1161 950 1265 980 verbis
1281 950 1361 981 San-

288 1000 331 1031 cti
353 999 501 1030 Thomae
517 996 679 1033 Secundo,
697 996 728 1027 d.
744 1006 789 1032 111,
809 1004 840 1035 q.
857 1005 902 1031 111,
918 1005 946 1026 a.
965 994 995 1032 3,
1011 994 1052 1025 ad
1073 1003 1100 1031 1,
1124 995 1181 1025 ubi
1205 995 1249 1025 ait
1268 994 1360 1035 quod

287 1054 329 1075 ex
353 1044 474 1074 lumine
497 1042 675 1072 intellectus
690 1040 834 1082 angelici
855 1039 1116 1070 determinantur
1137 1039 1257 1079 species
1280 1040 1359 1075 eius,

287 1088 401 1130 quibus
412 1088 459 1128 fit
474 1086 615 1127 propria
639 1095 750 1116 rerum
765 1084 922 1126 cognitio.
947 1084 1032 1115 Nam
1050 1085 1109 1114 ista
1133 1084 1359 1115 determinatio

286 1142 354 1164 non
377 1131 504 1162 videtur
527 1131 617 1161 aliter
643 1129 778 1170 intelligi
808 1136 905 1170 posse
934 1137 1033 1169 quam
1057 1128 1149 1170 quod
1173 1129 1297 1169 species
1320 1138 1359 1159 ex

285 1178 357 1218 ipso
380 1176 503 1206 lumine
527 1174 708 1206 intellectus
735 1173 922 1204 naturaliter
945 1174 1104 1204 oriuntur.
1129 1172 1206 1204 Ideo
1232 1178 1359 1204 tantum

285 1231 319 1252 se
342 1220 519 1251 extendunt
541 1224 701 1259 quantum
724 1224 756 1249 et
778 1218 888 1249 lumen
914 1218 1033 1258 ipsum.

342 1275 371 1296 2.
389 1264 452 1296 Sed
475 1263 571 1300 istud,
595 1264 684 1294 salvo
708 1272 836 1303 semper
850 1262 979 1293 meliori
997 1262 1131 1299 iudicio,
1148 1272 1216 1294 non
1232 1262 1359 1294 videtur

284 1310 364 1341 mihi
387 1310 470 1340 bene
493 1309 627 1340 dictum.
643 1308 764 1344 Primo,
781 1308 858 1348 quia
880 1306 913 1338 id
936 1307 1027 1348 quod
1043 1312 1091 1338 est
1108 1307 1359 1339 determinatum

283 1365 343 1395 per
365 1363 465 1385 unam
488 1352 700 1384 differentiam
733 1362 798 1393 qua
828 1352 867 1383 ab
899 1353 1052 1383 omnibus
1075 1352 1144 1383 aliis
1174 1353 1358 1384 substantiis

285 1399 500 1440 distinguitur,
523 1407 590 1428 non
615 1402 723 1438 potest
753 1407 822 1428 esse
852 1397 986 1427 aliarum
1010 1397 1263 1429 substantiarum
1285 1407 1358 1438 per-

284 1443 367 1475 fecta
391 1442 579 1479 similitudo,
604 1447 764 1483 quantum
795 1441 835 1473 ad
859 1451 895 1472 ea
926 1441 1048 1473 scilicet
1071 1442 1191 1482 quibus
1221 1443 1261 1473 ab
1284 1443 1357 1483 ipso

285 1488 538 1529 distinguuntur:
555 1496 674 1527 neque,
690 1487 836 1528 inquam,
852 1487 1001 1527 proxima
1016 1495 1124 1527 neque
1142 1492 1277 1519 remota.
1294 1487 1359 1518 Re-

283 1538 407 1574 pugnat
418 1533 505 1564 enim
521 1531 613 1572 quod
628 1531 711 1562 duae
726 1532 923 1562 substantiae
939 1531 1003 1562 sint
1017 1532 1156 1572 propriis
1172 1531 1359 1563 differentiis

285 1578 462 1614 distinctae,
479 1582 511 1608 et
529 1576 620 1617 quod
644 1586 708 1607 una
731 1577 771 1607 sit
795 1576 934 1612 alterius,
952 1581 1113 1616 quantum
1134 1576 1174 1607 ad
1197 1577 1267 1608 eius
1282 1586 1358 1618 pro-

283 1623 387 1663 priam
402 1621 624 1658 differenfiam,
642 1621 924 1661 repraesentativa:
950 1626 987 1651 ut
1009 1621 1043 1651 in
1066 1621 1127 1652 hac
1145 1622 1271 1653 ratione
1290 1622 1359 1652 vult

285 1667 420 1698 Sanctus
436 1666 591 1697 Thomas.

340 1710 492 1742 Secundo
523 1710 610 1751 quia,
635 1710 783 1750 quamvis
807 1708 846 1740 ad
873 1709 1017 1750 aliquem
1048 1719 1181 1741 sensum
1210 1709 1358 1742 admitte·

285 1761 372 1786 retur
395 1755 565 1786 essentiam
589 1754 694 1794 angeli
719 1763 788 1785 esse
810 1753 1002 1785 inferiorum
1030 1760 1190 1785 remotam
1218 1760 1250 1785 et
1275 1755 1359 1786 radi-

286 1800 389 1831 calem
413 1799 667 1836 similitudinem,
696 1798 787 1829 nullo
811 1804 921 1829 tamen
952 1798 1053 1829 modo
1082 1804 1190 1839 potest
1221 1799 1358 1831 concedi

286 1844 377 1885 quod
400 1845 604 1884 superiorum
628 1844 669 1874 sit
691 1842 879 1874 similitudo.
897 1843 972 1874 Non
989 1844 1076 1874 enim
1096 1844 1262 1884 superiora
1278 1854 1358 1876 con-

285 1890 427 1920 tinentur
442 1889 476 1918 in
494 1887 699 1918 inferioribus
715 1887 891 1918 virtualiter
910 1893 942 1918 et
965 1888 1156 1926 eminenter,
1173 1893 1210 1918 ut
1232 1890 1359 1929 possint

284 1934 323 1963 ab
340 1934 411 1973 ipso
428 1933 459 1962 in
478 1941 546 1962 esse
562 1932 772 1962 intellectuali
787 1931 940 1972 produci:
960 1931 1051 1972 quod
1067 1938 1233 1972 oporteret
1250 1933 1357 1964 dicere

283 1978 310 2007 si
333 1976 465 2017 angelus
488 1975 622 2006 inferior
645 1981 728 2006 esset
750 1975 896 2006 radicalis
924 1976 1104 2006 similitudo
1127 1977 1231 2017 angeli
1260 1987 1358 2018 supe-

282 2022 383 2057 rioris,
408 2030 427 2051 a
450 2029 514 2061 qua
529 2021 652 2060 species
675 2019 899 2051 intellectualis
914 2021 1016 2060 ipsius
1032 2021 1169 2052 naturali
1189 2022 1358 2052 concomi-

282 2066 380 2096 tantia
402 2065 597 2106 proveniret.

339 2111 369 2141 3.
393 2110 529 2150 Propter
552 2108 642 2150 quod
666 2108 792 2139 videtur
814 2109 895 2139 mihi
919 2108 1094 2140 dicendum
1118 2109 1209 2150 quod
1232 2112 1357 2151 species

282 2154 496 2194 intelligibiles
521 2154 711 2194 angelorum
735 2163 802 2184 non
826 2158 902 2184 sunt
925 2163 1042 2185 eorum
1065 2155 1288 2195 proprietates,
1308 2165 1357 2187 es-

282 2200 418 2230 sentiam
433 2199 580 2239 ipsorum
595 2198 782 2229 naturaliter
798 2204 1048 2238 consequentes,
1065 2198 1122 2229 sed
1142 2199 1295 2231 dicuntur
1311 2202 1357 2232 eis

283 2243 507 2275 connaturales
530 2243 714 2284 dupliciter:
739 2243 862 2273 scilicet
885 2249 917 2274 et
941 2243 1018 2284 quia
1041 2244 1161 2275 habent
1176 2245 1356 2277 naturalem

282 2288 526 2319 inclinationem
556 2292 593 2318 ut
623 2297 675 2318 eas
703 2287 800 2318 simul
824 2297 841 2318 a
870 2287 942 2318 Deo
970 2288 1157 2319 immediate
1188 2290 1356 2331 recipiant,

282 2338 415 2373 propter
437 2333 584 2373 ipsorum
600 2332 835 2372 perfectionem
850 2332 884 2362 in
900 2341 1018 2373 genere
1034 2333 1300 2374 intelligibilium
1325 2340 1357 2366 et

284 2378 360 2418 quia
383 2387 435 2408 eas
459 2386 573 2407 omnes
589 2377 708 2407 habent
731 2386 750 2407 a
773 2386 830 2407 sua
854 2378 1027 2414 creatione,
1043 2378 1127 2408 sicut
1142 2379 1292 2411 homines
1308 2379 1356 2410 di-

284 2427 402 2453 cuntur
417 2426 538 2452 natura
543 2421 615 2463 filii
631 2421 702 2452 irae
713 2422 740 2458 ⁴⁵,
757 2422 833 2462 quia
849 2421 912 2452 hoc
934 2431 952 2452 a
971 2423 1136 2453 nativitate
1152 2432 1210 2454 sua
1225 2424 1355 2455 habent.

339 2466 414 2496 Hoc
437 2471 546 2497 autem
561 2465 688 2497 videtur
703 2465 885 2497 secundum
900 2466 1116 2498 intentionem
1133 2467 1242 2499 Sancti
1266 2469 1357 2500 Tho-

283 2520 356 2541 mae
373 2519 451 2541 esse.
474 2510 559 2541 Nam
578 2511 778 2551 ubicumque
800 2510 946 2552 loquitur
963 2511 1002 2542 de
1025 2512 1085 2543 hac
1104 2513 1246 2550 materia,
1263 2515 1358 2554 ponit

283 2556 357 2586 istas
374 2556 497 2595 species
520 2565 538 2585 a
561 2555 632 2586 solo
657 2555 728 2586 Deo
752 2555 922 2595 provenire
946 2556 980 2586 in
999 2557 1163 2588 mentibus
1186 2559 1355 2598 angelicis:

282 2601 456 2640 praecipue
469 2600 585 2636 Prima,
599 2609 631 2640 q.
645 2609 693 2639 nv,
709 2609 738 2636 2,
752 2599 792 2630 ad
809 2608 820 2630 ι
835 2611 843 2637 ;
861 2605 893 2630 et
904 2609 936 2640 q.
951 2611 1011 2637 1.v1,
1027 2610 1056 2638 2,
1070 2601 1110 2632 ad
1122 2611 1157 2641 4;
1171 2608 1203 2633 et
1215 2602 1242 2633 11
1255 2603 1355 2639 Sent„

283 2644 314 2675 d.
333 2654 377 2681 ιιι,
400 2653 432 2685 q.
449 2654 493 2681 111,
515 2654 533 2675 a
554 2652 580 2675 ι.
601 2644 779 2685 Nunquam
803 2650 913 2676 autern
937 2645 1014 2676 dicit
1043 2646 1127 2686 ipsas
1151 2647 1191 2677 ab
1218 2648 1356 2679 essentia

283 2689 387 2730 angeli
403 2689 584 2729 provenire,
601 2689 676 2720 licet
691 2688 776 2720 dicat
790 2690 876 2731 ipsas
892 2690 1008 2730 angelo
1025 2692 1251 2723 connaturales
1268 2702 1354 2724 esse:

283 2732 373 2774 quod
396 2733 641 2774 intelligendum
666 2739 713 2764 est
735 2735 871 2775 passive,
895 2735 979 2766 sicut
1001 2741 1110 2767 motus
1134 2737 1216 2768 caeli
1239 2736 1358 2769 dicitur

283 2778 373 2809 caelo
397 2778 623 2815 connaturalis,
647 2783 684 2809 ut
707 2780 929 2819 exposuimus.

337 2822 443 2859 Unde,
456 2823 481 2853 si
497 2822 697 2864 quandoque
708 2823 743 2854 in
759 2824 818 2855 hac
835 2829 944 2854 nostra
956 2825 1159 2865 expositione
1175 2826 1358 2858 inveniatur

283 2866 373 2907 quod
396 2868 520 2907 species
542 2867 725 2899 intellectus
740 2868 876 2909 angelici
892 2874 967 2899 sunt
983 2869 1052 2899 eius
1071 2871 1284 2911 proprietates
1300 2882 1357 2903 na-

282 2911 399 2942 turales
415 2912 442 2948 *‚
467 2911 507 2943 ad
529 2912 617 2943 hunc
641 2921 773 2943 sensum
797 2918 845 2944 est
868 2913 1126 2953 intelligendum.

338 2965 371 2995 4.
395 2955 447 2986 Ad
470 2955 503 2987 id
519 2962 628 2988 autem
644 2956 735 2998 quod
751 2966 811 2998 pro
828 2956 981 2998 Capreoli
997 2957 1167 2990 adducitur
1188 2960 1356 3000 opinione,

283 3000 496 3041 respondetur
518 3001 610 3042 quod
636 3002 771 3032 nomine
795 3002 928 3033 Iumim's
950 3012 1019 3033 non
1050 3004 1198 3044 intelligit
1221 3004 1357 3036 Sanctus

284 3045 428 3076 Thomas
451 3046 560 3086 ipsum
583 3045 794 3083 intellectum,
819 3052 875 3077 aut
897 3047 1048 3078 virtutem
1067 3049 1137 3079 eius
1161 3050 1357 3089 cognosciti-

283 3099 370 3120 vam:
395 3090 560 3130 subiungit
583 3090 670 3121 enim
694 3090 785 3131 quod
809 3091 891 3122 illud
915 3092 1021 3123 lumen
1046 3097 1094 3123 est
1117 3093 1215 3124 totius
1239 3095 1289 3125 rei
1313 3095 1357 3125 si-

285 3133 450 3172 militudo;
465 3139 592 3165 constat
607 3140 726 3171 autern,
750 3135 783 3166 in
807 3135 954 3167 doctrina
969 3137 1048 3173 eius,
1067 3137 1157 3177 quod
1175 3138 1357 3170 intellectus

285 3178 389 3218 angeli
411 3188 479 3209 non
503 3179 637 3219 ponitur
660 3179 840 3211 secundum
864 3190 898 3212 se
921 3190 1029 3212 rerum
1053 3182 1230 3214 similitudo
1255 3192 1358 3224 quan-

285 3228 355 3253 tum
379 3222 418 3253 ad
441 3224 609 3254 materiam
633 3230 664 3254 et
689 3223 837 3261 formam,
863 3231 894 3256 et
922 3225 982 3256 alia
1015 3235 1099 3266 quae
1129 3233 1204 3258 sunt
1227 3229 1358 3269 propria

285 3267 340 3298 rei.
365 3267 428 3298 Sed
452 3268 586 3298 nomine
610 3268 742 3299 luminis
765 3269 914 3310 intelligit
936 3270 1091 3310 ipsasmet
1118 3272 1241 3311 species
1265 3273 1359 3304 intel—

286 3311 435 3352 ligibiles:
460 3312 498 3342 iis
522 3312 609 3343 enim
633 3314 786 3344 convenit
805 3314 895 3354 quod
919 3315 982 3345 sint
1008 3323 1116 3346 rerum
1132 3316 1358 3348 similitudines

287 3362 444 3395 quantum
461 3355 501 3387 ad
516 3357 683 3388 materiam
699 3363 730 3388 et
753 3357 901 3396 formam,
918 3359 1113 3400 inquantum
1132 3366 1208 3391 sunt
1223 3361 1262 3392 ab
1278 3361 1358 3393 ideis

287 3399 401 3430 divinis
424 3401 633 3442 exemplatae,
658 3411 742 3442 quae
765 3408 841 3434 sunt
863 3413 971 3434 rerum
996 3403 1130 3435 factivae
1153 3414 1220 3435 non
1250 3406 1357 3437 solum

288 3450 445 3483 quantum
468 3444 508 3476 ad
531 3445 681 3483 formam,
705 3446 761 3478 sed
791 3448 888 3479 etiam
921 3454 1080 3489 quantum
1109 3448 1150 3479 ad
1180 3451 1357 3482 materiam.

288 3487 446 3520 Dicuntur
470 3495 578 3520 autem
606 3499 644 3521 ex
674 3491 797 3522 lumine
828 3492 1011 3524 intellectus
1038 3493 1254 3531 determinari,
1282 3497 1358 3535 quia

289 3540 327 3561 ex
349 3533 470 3573 seipsis,
490 3543 574 3574 quae
589 3540 664 3565 sunt
679 3535 845 3576 quoddam
869 3537 981 3568 lumen
995 3538 1188 3575 intellectus,
1213 3545 1287 3570 sunt
1303 3540 1359 3571 de-

289 3577 473 3608 terminatae
497 3578 537 3609 ad
559 3579 723 3620 propriam
747 3590 855 3611 rerum
879 3582 1111 3622 cognitionem,
1136 3583 1179 3614 ita
1195 3583 1287 3624 quod
1309 3585 1358 3616 in-

289 3619 434 3651 tellectus
457 3623 620 3662 angelicus
643 3633 711 3655 non
742 3624 864 3666 indiget
894 3626 1016 3666 aliquid
1043 3636 1062 3657 a
1085 3627 1181 3658 rebus
1212 3629 1357 3669 accipere

290 3672 347 3703 per
369 3665 458 3704 quod
481 3666 521 3697 ad
543 3676 650 3698 rerum
674 3670 895 3709 cognitionem
920 3670 1162 3703 determinetur.

1415 458 1498 494 bata,
1522 457 1579 488 sed
1603 466 1641 488 ex
1664 457 1734 497 ipsa
1749 455 1847 487 simul
1862 465 1939 487 cum
1954 456 2235 497 praecedentibus.
2252 459 2310 490 Est
2332 461 2421 492 enim
2441 471 2495 493 su-

1414 502 1553 543 perius*
1576 507 1745 532 ostensum
1764 499 1856 541 quod
1870 500 2054 532 intellectus
2076 502 2240 543 possibilis
2261 512 2331 534 non
2346 505 2495 547 intelligit

1415 556 1449 578 se
1472 547 1534 577 nisi
1557 555 1615 586 per
1638 546 1763 587 species
1787 555 1806 576 a
1828 545 2106 585 phantasmatibus
2129 547 2313 579 abstractas.
2341 548 2495 582 Similiter

1416 596 1463 622 est
1486 596 1655 621 ostensum
1678 590 1891 621 substantiam
1917 597 2097 631 separatam
2123 600 2158 622 se
2185 600 2244 632 per
2269 602 2363 624 suam
2386 603 2495 626 essen-

1414 636 1493 666 tiam
1507 635 1697 675 intelligere.
1715 634 1785 665 Istis
1800 635 1827 665 si
1843 633 2038 676 adiungatur
2056 636 2228 667 conclusio
2243 645 2332 668 nunc
2347 639 2493 678 probata,

1416 685 1448 711 et
1470 681 1551 710 ratio
1576 679 1809 716 conclusionis,
1826 679 1884 709 ubi
1907 678 2026 711 dicitur
2041 680 2185 712 divinam
2201 683 2374 713 essentiam
2389 683 2494 715 solam

1415 733 1485 755 esse
1509 725 1660 755 omnium
1676 723 1933 764 similitudinem,
1950 725 2077 765 optime
2091 726 2238 766 sequitur
2261 727 2370 758 solum
2385 728 2494 760 Deum

1415 769 1526 800 omnia
1542 778 1600 809 per
1615 777 1708 799 suam
1725 769 1899 799 essentiam
1915 778 2129 809 cognoscere3
2145 770 2299 811 angelum
2315 778 2425 804 autem
2437 782 2495 813 per

1415 823 1508 845 suam
1530 819 1680 844 naturam
1696 813 1840 853 seipsum
1856 818 1994 851 tantum,
2010 813 2155 855 perfecta
2169 816 2376 856 cognitione3
2399 818 2495 849 intel-

1414 859 1535 890 lectum
1559 867 1637 889 vero
1661 857 1851 898 possibilem
1874 867 1920 894 se,
1940 867 2010 889 non
2032 868 2092 900 per
2114 869 2208 891 suam
2230 863 2414 902 essentiam,
2438 862 2495 894 sed

1414 912 1472 944 per
1495 903 1639 943 speciem
1662 902 1910 943 intelligibilem.

1469 946 1715 978 Advertendum
1738 952 1849 978 autem
1873 946 1965 988 quod
1991 947 2128 979 Sanctus
2151 948 2298 980 Thomas
2325 958 2395 981 non
2417 950 2496 982 dicit

1414 992 1563 1023 absolute
1589 991 1681 1033 quod
1707 992 1885 1022 substantia
1911 997 2056 1032 separata
2083 1002 2142 1033 per
2167 1002 2261 1025 suam
2283 994 2495 1027 substantiam

1414 1047 1507 1068 suam
1530 1042 1658 1068 tantum
1674 1037 1819 1077 speciem
1835 1043 2023 1077 cognoscat,
2040 1037 2098 1068 sed
2120 1037 2253 1075 addidit,
2271 1040 2425 1081 perfecta
2440 1049 2495 1071 co-

1411 1082 1580 1123 gnitione:
1603 1087 1640 1112 ut
1663 1081 1753 1112 daret
1774 1081 1954 1122 intelligere
1978 1081 2070 1122 quod
2084 1091 2144 1122 per
2165 1092 2260 1114 suam
2282 1085 2496 1116 substantiam

1413 1135 1482 1157 non
1505 1131 1614 1167 potest
1637 1125 1772 1167 quidem
1794 1125 1938 1167 perfecte
1961 1131 1994 1157 et
2017 1126 2231 1168 quidditative
2253 1128 2316 1160 alia
2338 1139 2358 1160 a
2380 1139 2415 1160 se
2438 1139 2495 1161 co-

1412 1180 1585 1212 gnoscere;
1610 1170 1702 1212 quod
1724 1176 1836 1202 autem
1858 1171 1921 1202 alia
1943 1180 2002 1212 per
2017 1181 2091 1203 eam
2114 1172 2313 1214 imperfecte,
2335 1179 2495 1215 quantum

1413 1215 1454 1247 ad
1477 1225 1671 1247 communes
1695 1216 1820 1257 aliquas
1836 1216 1988 1253 rationes,
2005 1225 2205 1258 cognoscere
2220 1218 2334 1259 possit,
2349 1219 2432 1250 nihil
2447 1225 2496 1251 est

1413 1259 1504 1302 quod
1528 1261 1709 1301 prohibeat.

1468 1305 1539 1336 XV.
1556 1304 1707 1337 Secunda
1719 1306 1736 1322 *
1752 1305 1922 1336 conclusio
1939 1311 2000 1336 est:
2026 1305 2230 1346 Impossibile
2247 1312 2296 1338 est
2310 1307 2390 1339 istas
2404 1308 2495 1339 simi-

1413 1350 1567 1381 litudines
1583 1360 1649 1381 non
1665 1359 1735 1381 esse
1751 1350 1878 1391 plures.
1894 1350 2063 1381 Probatur.
2081 1349 2168 1389 Quia
2190 1351 2275 1383 sicut
2296 1352 2495 1384 substantiae

1412 1401 1576 1436 separatae
1599 1400 1714 1426 natura
1729 1404 1799 1426 non
1822 1399 1871 1426 est
1892 1394 2030 1431 infinita,
2046 1395 2104 1426 sed
2126 1395 2350 1435 determinata,
2373 1397 2418 1428 ita
2432 1406 2494 1430 nec

1412 1439 1591 1471 similitudo
1604 1441 1638 1471 in
1650 1449 1688 1471 ea
1701 1440 1850 1471 existens.
1864 1439 1997 1471 Dictum
2010 1445 2058 1471 est
2069 1445 2179 1471 autem
2192 1440 2284 1482 quod
2299 1442 2400 1473 totius
2411 1443 2494 1474 entis

1412 1484 1601 1516 universalis
1623 1484 1768 1526 perfecta
1790 1484 1970 1516 similitudo
1987 1494 2056 1516 esse
2072 1494 2142 1516 non
2157 1491 2266 1527 potest
2281 1487 2343 1518 nisi
2357 1485 2494 1519 infinita.

1470 1539 1500 1560 2.
1524 1529 1576 1560 Ad
1592 1530 1676 1561 hanc
1699 1530 1861 1560 rationem
1881 1529 1946 1561 dici
1961 1535 2072 1570 posset
2095 1530 2197 1571 quod,
2222 1531 2298 1562 licet
2314 1531 2494 1564 similitudo

1412 1574 1479 1605 sive
1503 1575 1628 1615 species
1652 1575 1792 1606 existens
1814 1575 1848 1605 in
1864 1574 2033 1606 intellectu
2055 1575 2253 1607 substantiae
2274 1581 2439 1617 separatae
2452 1577 2495 1610 sit

1412 1618 1504 1649 finita
1519 1625 1551 1650 et
1563 1619 1775 1651 determinata
1791 1619 1974 1650 secundum
1990 1628 2070 1656 esse,
2087 1620 2172 1651 sicut
2183 1626 2217 1651 et
2228 1621 2299 1662 ipsa
2314 1621 2494 1653 substantia

1413 1673 1431 1694 a
1455 1673 1519 1704 qua
1543 1663 1687 1704 profluit,
1703 1663 1886 1695 secundum
1901 1669 2012 1695 tamen
2028 1665 2360 1704 repraesentationem
2376 1671 2426 1698 est
2443 1666 2495 1698 in-

1411 1707 1512 1739 finita.
1537 1708 1614 1740 Non
1639 1709 1727 1739 enim
1751 1714 1892 1749 oportet,
1916 1714 1953 1739 ut
1976 1718 2015 1740 ex
2038 1709 2217 1750 superius·
2239 1709 2334 1741 dictis
2349 1716 2493 1752 apparet,

1412 1752 1639 1784 similitudines
1662 1752 1845 1784 secundum
1868 1754 2200 1794 repraesentationem
2222 1763 2284 1785 suo
2312 1755 2415 1786 modo
2443 1765 2494 1787 es-

1412 1797 1514 1834 sendi,
1534 1799 1602 1829 sive
1620 1807 1681 1828 suo
1701 1807 1770 1828 esse
1789 1797 1880 1838 quod
1903 1798 2023 1829 habent
2042 1798 2075 1829 in
2095 1798 2273 1836 intellectu,
2294 1800 2436 1841 aequari.

1468 1841 1532 1873 Sed
1555 1843 1582 1873 si
1606 1842 1769 1882 profunde
1786 1842 2010 1874 consideretur
2025 1844 2189 1874 intentum
2205 1844 2315 1875 Sancti
2330 1844 2492 1882 Thomu,

1412 1891 1500 1926 patet
1523 1887 1773 1926 responsionem
1793 1887 1876 1918 hanc
1899 1887 2024 1918 nullam
2041 1896 2121 1918 esse.
2145 1888 2209 1918 Pro
2232 1889 2327 1919 cuius
2350 1888 2493 1920 declara-

1411 1931 1512 1969 tione,
1543 1930 1778 1962 advertendum
1809 1937 1870 1968 est,
1903 1941 1941 1962 ex
1972 1931 2119 1962 doctrina
2149 1932 2252 1973 ipsius
2280 1933 2316 1964 in
2350 1933 2493 1972 Quarto,

1411 1974 1443 2005 d.
1459 1984 1542 2012 xux,
1559 1984 1591 2016 q.
1609 1985 1641 2012 ιι,
1658 1985 1687 2006 a.
1709 1983 1736 2012 ι,
1763 1975 1857 2016 quod
1885 1976 1919 2006 in
1949 1977 2042 2007 omni
2070 1977 2260 2017 cognitione
2283 1986 2349 2019 qua
2369 1977 2495 2020 aliquid

1411 2028 1469 2060 per
1492 2020 1657 2060 propriam
1680 2020 1824 2060 speciem
1848 2021 2068 2061 cognoscitur,
2091 2026 2223 2062 oportet
2250 2027 2288 2054 ut
2314 2022 2494 2055 similitudo

1411 2064 1535 2105 cogniti
1557 2065 1732 2105 recipiatur
1754 2065 1788 2095 in
1816 2070 2037 2106 cognoscente
2063 2066 2246 2098 secundum
2276 2067 2415 2100 eandem
2442 2077 2494 2100 ra·

1410 2110 1535 2140 tionem
1559 2109 1690 2150 speciei.
1707 2110 1853 2150 Apparet
1871 2110 1959 2141 enim
1982 2111 2016 2141 in
2039 2111 2112 2142 visu
2127 2110 2220 2152 quod
2241 2111 2286 2143 ad
2308 2113 2371 2144 hoc
2393 2117 2431 2144 ut
2442 2113 2494 2145 at-

1410 2153 1556 2185 bedinem
1576 2159 1767 2196 cognoscat,
1785 2163 1913 2186 necesse
1927 2159 1977 2186 est
1999 2160 2035 2186 ut
2057 2155 2091 2186 in
2115 2164 2154 2186 eo
2173 2156 2355 2198 recipiatur
2374 2157 2493 2190 abedo

1408 2198 1586 2230 secundum
1598 2199 1734 2230 eandem
1751 2199 1913 2230 rationem
1927 2200 2056 2241 speciei,
2073 2201 2222 2241 quamvis
2241 2202 2344 2233 alium
2366 2202 2494 2235 essendi

1411 2243 1542 2274 modum
1560 2244 1687 2275 habeat.
1711 2243 1871 2275 Similiter
1892 2245 1938 2276 ad
1960 2245 2212 2277 intellectionem
2235 2247 2378 2279 alicuius
2398 2248 2493 2290 quid·

1410 2288 1535 2324 ditatis,
1567 2293 1697 2330 oportet
1719 2289 1753 2320 in
1784 2289 1949 2326 intellectu
1969 2289 2054 2331 fieri
2075 2290 2321 2322 similitudinem
2349 2292 2492 2325 eiusdem

1411 2334 1550 2365 rationis
1573 2333 1750 2365 secundum
1777 2334 1915 2375 speciem
1945 2343 2019 2366 cum
2043 2334 2104 2366 tali
2130 2335 2319 2376 quidditate,
2344 2338 2494 2379 qumvis

1410 2378 1583 2420 contingat
1605 2379 1709 2409 alium
1731 2388 1802 2410 esse
1824 2379 1956 2410 modum
1980 2379 2108 2411 essendi
2130 2380 2241 2421 ipsius.
2269 2381 2357 2412 Nam
2370 2382 2492 2424 forma

1410 2424 1552 2454 existens
1576 2424 1609 2454 in
1634 2423 1801 2455 intellectu
1823 2428 1872 2455 est
1889 2424 2092 2466 principium
2116 2426 2327 2467 cognitionis,
2351 2436 2418 2459 non
2442 2436 2492 2459 se-

1411 2468 1552 2499 cundum
1580 2468 1712 2499 modum
1743 2468 1870 2500 essendi
1900 2478 1994 2511 quem
2024 2469 2121 2501 habet
2150 2471 2331 2512 utrobique,
2359 2471 2418 2504 sed
2442 2481 2492 2504 se—

1409 2513 1552 2544 cundum
1577 2513 1739 2544 rationem
1763 2514 1797 2544 in
1821 2523 1886 2555 qua
1910 2514 2131 2546 communicat
2157 2525 2230 2547 cum
2255 2525 2292 2547 re
2320 2517 2491 2549 exterior-i.

1410 2558 1458 2589 Ex
1482 2558 1520 2589 iis
1543 2559 1690 2599 sequitur
1713 2557 1806 2599 quod
1819 2559 1944 2599 species
1967 2559 2176 2600 intelligibilis
2191 2561 2237 2592 rei
2253 2562 2403 2602 cognitae
2422 2570 2492 2594 non

1409 2608 1517 2644 potest
1540 2602 1695 2634 excedere
1719 2603 1754 2634 in
1769 2603 2042 2644 repraesentando
2057 2613 2150 2636 suam
2172 2605 2333 2637 rationem
2349 2611 2382 2638 et
2397 2605 2492 2648 quid-

1409 2647 1552 2684 ditatem,
1577 2648 1652 2679 licet
1674 2657 1744 2679 non
1767 2653 1918 2688 oporteat
1933 2649 2264 2689 repraesentationem
2282 2651 2385 2692 ipsius
2407 2651 2493 2683 limi-

1409 2692 1469 2723 tari
1484 2691 1667 2724 secundum
1682 2692 1910 2724 limitationem
1933 2694 1984 2725 sui
1999 2703 2080 2725 esse.
2097 2694 2139 2725 Et
2153 2694 2240 2732 ideo,
2263 2695 2292 2726 si
2310 2695 2492 2728 secundum

1409 2746 1502 2768 suam
1525 2737 1686 2768 rationem
1701 2742 1749 2768 est
1764 2743 1898 2769 naturae
1913 2737 2068 2770 limitatae
2084 2744 2117 2770 et
2132 2737 2364 2772 determinatae
2378 2740 2423 2780 ad¹
2434 2741 2492 2773 sli-

1411 2781 1502 2823 quod
1524 2791 1627 2823 genus
1651 2787 1707 2813 aut
1730 2781 1771 2813 ad
1786 2782 1930 2824 aliquam
1944 2783 2088 2824 speciem
2103 2784 2197 2822 entis,
2213 2794 2282 2816 non
2298 2790 2407 2826 potest
2421 2795 2492 2818 esse

1410 2826 1590 2858 similitudo
1605 2827 1707 2858 totius
1723 2827 1806 2858 entis
1825 2833 1858 2858 et
1872 2828 2022 2859 omnium
2039 2837 2197 2869 generum
2213 2829 2284 2861 eius
2306 2838 2492 2871 repraesen-

1410 2872 1517 2908 tativa,
1541 2877 1574 2902 et
1596 2872 1643 2902 sic
1666 2880 1736 2903 esse
1757 2871 1885 2903 infinita
1907 2872 2090 2904 secundum
2105 2875 2446 2914 repraesentationem.

1468 2916 1498 2948 3.
1523 2915 1557 2948 Si
1574 2921 1690 2961 ‘autem
1713 2916 1874 2948 diceretur
1897 2917 1989 2959 quod
2014 2917 2195 2950 similitudo
2218 2919 2358 2950 existens
2384 2920 2419 2952 in
2441 2920 2493 2952 in·

1410 2960 1552 2998 tellecta,
1577 2961 1662 3000 licet,
1687 2962 1883 3002 inquantum
1898 2961 2050 2994 accidens
2065 2968 2098 2994 et
2113 2961 2219 2995 forma
2241 2963 2435 3002 intellectus,
2450 2963 2492 2996 sd

1410 3005 1545 3046 aliquod
1567 3015 1671 3047 genus
1687 3006 1770 3037 entis
1793 3007 1833 3038 sit
1848 3005 2076 3045 determinata3
2100 3008 2298 3049 inquantum
2317 3014 2428 3041 tamen
2444 3014 2492 3041 est

1410 3051 1480 3091 ipsa
1503 3050 1666 3091 quidditas
1689 3050 1809 3082 obiecti
1832 3051 1865 3082 in
1889 3061 1959 3083 esse
1982 3052 2207 3093 cognoscibili,
2226 3058 2335 3094 potest
2357 3062 2427 3085 esse
2442 3054 2493 3086 in-

1411 3094 1633 3132 determinata,
1662 3095 1860 3136 inquantum
1890 3095 2040 3128 videlicet
2069 3097 2250 3129 similitudo
2281 3098 2365 3129 entis
2399 3106 2493 3131 oom-

1410 3140 1530 3176 munis,
1553 3140 1614 3171 sub
1644 3148 1713 3181 quo
1741 3141 1853 3171 omnia
1881 3149 2001 3181 genera
2030 3146 2064 3172 et
2092 3151 2209 3174 omnes
2238 3143 2364 3183 species
2386 3142 2492 3175 conti-

1410 3190 1546 3215 nentur:
1563 3203 1587 3208 -
1601 3184 1666 3215 hoc
1688 3184 1770 3216 nihil
1787 3190 1845 3216 est.
1870 3184 1960 3217 Tum
1983 3186 2061 3226 quia
2083 3195 2141 3218 ens
2163 3195 2233 3218 non
2248 3186 2327 3218 dicit
2348 3186 2491 3228 aliquam

1412 3229 1577 3260 entitatem
1594 3229 1748 3260 omnibus
1771 3229 1900 3261 entibus
1918 3239 2145 3262 communem:
2171 3240 2248 3262 cum
2263 3240 2333 3262 non
2355 3232 2397 3262 sit
2418 3231 2491 3263 uni-

1411 3282 1543 3305 vocum.
1559 3291 1582 3296 -
1597 3274 1687 3306 Tum
1711 3274 1797 3315 quia,
1821 3275 1849 3305 si
1873 3275 1970 3306 etiam
1993 3281 2078 3306 esset
2100 3274 2279 3307 similitudo
2302 3274 2389 3306 iliius
2408 3276 2490 3307 enti-

1411 3318 1483 3349 tatis
1507 3319 1694 3350 communis
1716 3324 1877 3359 quantum
1901 3318 1940 3350 ad
1964 3328 2058 3351 suam
2077 3319 2346 3351 communitatem
2362 3325 2394 3350 et
2417 3321 2491 3351 uni-

1411 3363 1625 3394 versalitatem
1641 3368 1780 3400 tantum,
1792 3372 1861 3394 non
1873 3363 2006 3395 duceret
2022 3364 2055 3395 in
2067 3363 2290 3405 cognitionem
2307 3363 2489 3396 distinet-m

1411 3407 1562 3438 omnium
1585 3408 1720 3445 entium,
1744 3407 1802 3440 sed
1824 3408 1858 3439 in
1882 3417 2095 3440 communem
2117 3413 2151 3439 et
2172 3406 2354 3439 confusam.

1466 3462 1499 3492 4.
1523 3451 1558 3483 Si
1573 3457 1740 3493 postremo
1758 3451 1883 3484 dicatur
1897 3451 1990 3494 quod
2005 3452 2076 3484 talis
2091 3451 2270 3483 similitudo
2286 3453 2405 3493 poterit
2419 3462 2490 3485 esse

1411 3496 1590 3528 similitudo
1614 3497 1765 3528 omnium
1781 3497 1906 3528 entium
1929 3495 2089 3533 distincte,
2109 3494 2166 3528 sed
2181 3497 2315 3528 cuilibet
2338 3498 2405 3529 enti
2420 3498 2490 3530 ina-

1411 3539 1585 3582 daequata:
1600 3559 1623 3564 -
1639 3546 1727 3582 patet
1750 3540 1842 3582 quod
1870 3541 1936 3572 hoc
1965 3540 2027 3572 soli
2053 3540 2181 3572 divinae
2214 3543 2380 3579 essentiae,
2404 3551 2490 3584 quae

1411 3590 1459 3616 est
1482 3590 1570 3616 extra
1593 3594 1692 3617 omne
1716 3595 1829 3627 genus,
1853 3585 2028 3618 convenire
2051 3590 2170 3625 potest,
2200 3595 2269 3618 non
2299 3592 2410 3618 autem
2431 3586 2488 3618 ali-

1411 3630 1504 3661 cuius
1528 3635 1706 3662 creaturae:
1731 3639 1808 3662 cum
1831 3629 1939 3661 omnis
1954 3635 2100 3661 creatura
2122 3631 2163 3661 sit
2186 3630 2227 3662 ad
2249 3630 2392 3672 aliquam
2415 3640 2489 3672 spe-

1412 3674 1495 3706 ciem
1519 3679 1551 3706 et
1575 3674 1788 3715 quidditatem
1811 3672 1895 3706 entis
1909 3672 2131 3712 determinata,
2146 3675 2215 3707 sive
2238 3676 2279 3706 sit
2299 3676 2488 3713 substantia,

2522 507 2531 517 ‘
2546 507 2573 528 In
2588 505 2633 527 hoe
2647 510 2699 533 cap.

2522 1308 2532 1317 ·
2545 1306 2585 1330 Cf.
2598 1312 2664 1330 anm.
2673 1313 2724 1330 xvi.

2521 1713 2530 1723 ·
2545 1710 2619 1734 Nam.
2632 1717 2666 1739 ιι,
2674 1716 2695 1734 s.
