2768 4134
792 298 980 334 SUMMA
1009 296 1233 334 CONTRA
1260 296 1536 341 GENTILES,
1565 297 1660 332 LIB.
1681 297 1723 342 II,
1753 296 1864 333 CAP.
1886 297 2020 336 XLIV.

303 381 552 431 responderet
580 376 821 415 uniformitas
844 383 1004 412 naturae
1024 374 1245 424 corporalis.
1267 374 1377 411 Fuis-
1432 374 1539 411 ribus
1557 374 1770 412 visibilium
1797 381 2063 412 creaturarum
2081 375 2146 412 tali
2169 376 2290 414 modo
2313 377 2506 427 'loquendi

303 443 358 472 set
376 445 466 481 ergo
486 439 622 469 natura
651 428 861 479 corporalis
889 435 1015 465 creata
1039 427 1155 465 etiam
1174 427 1205 464 si
1225 427 1378 464 diversa
1431 427 1552 464 utitur
1564 428 1724 477 Moyses
1734 427 1909 473 ³¹⁶,Videns
1922 429 2026 465 Deus
2039 428 2141 478 quod
2152 435 2242 465 esset
2255 431 2409 477 bonum,
2421 438 2505 476 etc.;

301 487 437 525 merita
455 483 648 522 rationalis
665 490 861 520 creaturae
881 493 963 519 non
981 481 1288 531 praecessissent,
1308 480 1377 517 sed
1432 488 1469 517 et
1487 480 1745 530 postmodum
1772 480 1821 518 de
1849 480 1997 518 cunctis
2025 480 2142 518 simul
2170 481 2384 530 subiungit:
2412 485 2507 521 Vidit

301 538 515 578 uniformis.
555 536 705 574 Fuisset
737 535 854 584 igitur,
882 542 1008 572 creata
1041 533 1202 571 materia
1238 533 1375 584 prima,
1431 535 1534 571 Deus
1561 539 1696 572 cuncta
1715 546 1812 584 quae
1827 535 1990 582 fecerat,
2011 540 2045 571 et
2063 540 2171 572 erant
2188 534 2299 572 valde
2315 537 2427 573 bona.
2448 537 2507 574 Ex

301 605 402 644 quae
422 599 479 629 est
497 590 682 628 omnibus
710 588 940 638 corporibus
959 586 1193 633 communis,
1214 587 1283 624 sed
1302 586 1376 624 sub
1399 601 1408 621 ς
1431 599 1512 637 quo
1533 587 1732 625 manifeste
1751 587 1866 624 datur
1892 587 2048 636 intelligi
2076 587 2184 637 quod
2204 595 2401 625 creaturae
2424 600 2507 626 cor-

301 659 381 684 una
408 652 560 682 tantum
594 643 731 680 forma.
769 643 868 680 Sunt
895 649 1027 679 autem
1060 640 1099 677 in
1135 640 1219 690 ipsa
1246 641 1376 689 plures
1430 642 1584 690 porales
1604 648 1641 677 et
1658 640 1828 678 visibiles
1853 640 1942 679 ideo
1970 649 2060 679 sunt
2087 642 2207 678 factae
2235 641 2328 690 quia
2355 641 2508 679 bonurn

300 701 447 737 formae
486 697 526 734 in
563 696 745 746 potentia.
785 694 1048 733 Remansisset
1085 693 1198 742 igitur
1234 693 1375 743 imper·
1431 701 1488 731 est
1515 706 1580 731 eas
1609 705 1703 740 esse,
1733 693 1842 743 quod
1871 701 1928 731 est
1955 706 2178 732 consonum
2207 694 2362 732 divinae
2397 694 2508 732 boni-

299 753 408 797 fecta,
425 752 508 789 sola
521 762 601 788 una
616 749 699 787 eius
714 750 839 787 forma
859 748 1016 785 reducta
1035 747 1076 784 in
1095 754 1238 784 actum.
1255 747 1375 794 Quod
1430 747 1514 785 tati:
1545 754 1582 784 et
1610 759 1692 784 non
1719 754 1879 797 propter
1906 747 2036 797 aliqua
2053 755 2319 786 creaturarum
2343 747 2508 786 rationa-

300 818 382 844 non
411 812 468 842 est
494 803 733 842 conveniens
762 802 915 840 divinae
945 800 1117 838 bonitati.
1431 800 1528 838 lium
1556 800 1693 838 merita
1721 802 1784 838 vel
1811 808 1980 850 peccata.

355 861 463 896 Item.
481 857 521 895 Si
540 857 740 894 diversitas
755 854 964 904 corporalis
984 861 1182 891 creaturae
1202 853 1377 903 sequitur
1392 867 1417 882 ¹0
1485 853 1648 891 Videtur
1666 861 1799 891 autem
1814 853 2003 902 Origenes
2021 865 2104 891 non
2118 854 2368 904 perpendisse
2387 855 2508 905 quod,

301 912 476 950 diversos
495 919 626 948 motus
646 909 753 947 liberi
782 907 925 946 arbitrii
953 906 1147 944 rationalis
1166 915 1374 953 creaturae,
1431 919 1524 945 cum
1557 907 1704 956 aliquid
1737 919 1819 944 non
1852 919 1898 944 ex
1932 906 2075 953 debito,
2110 907 2178 944 sed
2210 907 2414 946 liberaliter
2441 909 2507 946 da-

301 964 494 1016 oportebit
521 964 648 1001 dicere
682 962 791 1012 quod
826 973 943 998 causa
977 972 1098 1010 quare
1134 968 1190 997 est
1224 968 1376 998 tantum
1431 973 1532 1007 mus,
1562 973 1644 998 non
1672 967 1728 997 est
1756 968 1891 998 contra
1919 960 2104 998 iustitiam
2132 960 2163 997 si
2196 959 2415 1011 inaequalia
2441 962 2508 1000 da·

301 1031 405 1056 unus
434 1019 492 1055 sol
520 1017 559 1054 in
589 1017 751 1061 mundo,
781 1014 826 1052 sit
854 1014 947 1063 quia
974 1026 1055 1051 una
1082 1021 1235 1051 tantum
1263 1013 1376 1051 ratio·
1431 1026 1536 1060 mus,
1566 1015 1672 1051 nulla
1700 1013 1919 1051 diversitate
1948 1013 2180 1052 meritorum
2207 1022 2386 1064 pensata:
2416 1027 2508 1052 cum

301 1072 397 1110 nalis
416 1078 590 1108 creatura
609 1069 662 1106 sic
690 1076 796 1106 mota
816 1075 872 1104 est
891 1079 961 1116 per
979 1067 1147 1104 liberum
1175 1067 1377 1105 arbitrium
1432 1067 1631 1105 retributio
1660 1067 1900 1104 merentibus
1927 1067 2126 1104 debeatur.
2156 1067 2266 1105 Deus
2293 1075 2442 1115 autem,
2466 1075 2510 1105 ut

300 1133 343 1163 ut
362 1124 425 1162 tali
444 1123 598 1172 corpori
617 1129 831 1160 mereretur
859 1120 1028 1168 adiungi.
1049 1121 1138 1158 Hoc
1157 1128 1288 1158 autern
1307 1119 1377 1158 fuit
1393 1135 1415 1155 ις
1432 1133 1550 1171 supra
1568 1120 1588 1143 ²¹⁶
1616 1128 1819 1158 ostensum
1853 1129 1927 1167 est,
1961 1133 2009 1158 ex
2043 1121 2152 1159 nullo
2185 1120 2335 1167 debito,
2364 1121 2433 1158 sed
2461 1132 2510 1158 ex

301 1191 324 1215 a
342 1190 446 1223 casu,
466 1177 575 1226 quod
594 1188 674 1213 una
701 1182 854 1212 tantum
882 1174 936 1212 sic
963 1181 1150 1223 peccaret.
1178 1175 1246 1212 Est
1265 1173 1378 1222 igitur
1431 1186 1540 1211 mera
1568 1173 1790 1211 liberalitate
1818 1186 1878 1211 res
1906 1174 1947 1212 in
1975 1186 2058 1211 esse
2086 1173 2282 1224 produxit.
2311 1174 2425 1212 Unde
2453 1173 2509 1211 di-

300 1244 323 1268 a
351 1243 444 1268 casu
472 1230 581 1279 quod
609 1229 655 1266 sit
684 1241 788 1266 unus
817 1229 875 1265 sol
903 1228 942 1265 in
970 1227 1135 1273 mundo,
1157 1235 1193 1265 et
1221 1239 1302 1265 non
1327 1227 1376 1265 ad
1431 1227 1590 1264 versitas
1610 1234 1876 1265 creaturarum
1894 1227 2158 1265 diversitatem
2177 1227 2408 1266 meritorum
2426 1239 2509 1265 non

300 1283 565 1322 necessitatem
595 1282 805 1332 corporalis
833 1289 1005 1319 naturae.
1431 1279 1723 1331 praesupponit.

353 1339 566 1375 Praeterea.
598 1336 702 1373 Cum
730 1342 905 1372 creatura
940 1334 1145 1384 spiritualis
1180 1346 1262 1371 non
1295 1347 1376 1372 me·
1485 1335 1592 1380 Item,
1617 1346 1711 1371 cum
1738 1333 1892 1371 bonum
1919 1334 2037 1372 totius
2065 1334 2112 1372 sit
2139 1333 2279 1372 melius
2298 1346 2420 1384 quam
2440 1334 2509 1372 bo·

300 1399 429 1428 reatur
456 1389 690 1427 descendere
720 1388 793 1426 nisi
820 1400 891 1438 per
919 1396 1141 1438 peccatum;
1179 1387 1377 1425 descendit
1391 1403 1418 1418 ιο
1431 1400 1530 1425 num
1549 1387 1720 1437 partium
1739 1386 2004 1436 singularium,
2025 1400 2107 1426 non
2126 1395 2183 1425 est
2201 1387 2340 1438 optimi
2358 1387 2510 1426 factoris

300 1452 431 1482 autern
451 1456 473 1481 a
492 1456 563 1481 sua
582 1442 825 1488 sublimitate,
846 1442 887 1479 in
906 1454 985 1492 qua
1005 1441 1204 1479 invisibilis
1224 1449 1290 1487 est,
1307 1453 1378 1491 per
1431 1441 1650 1479 diminuere
1678 1441 1831 1478 bonum
1859 1441 1977 1479 totius
2011 1449 2054 1479 ut
2090 1441 2312 1491 aliquarum
2339 1441 2510 1491 partium

299 1498 376 1535 hoc
404 1497 512 1547 quod
541 1496 755 1534 visibilibus
784 1495 1016 1546 corporibus
1044 1495 1194 1532 unitur:
1224 1495 1378 1532 videtur
1431 1503 1570 1543 augeat
1597 1494 1830 1532 bonitatem:
1861 1506 1943 1532 non
1977 1495 2084 1532 enim
2116 1494 2342 1533 aedificator
2372 1495 2510 1533 funda·

300 1551 410 1600 sequi
445 1550 555 1600 quod
589 1549 752 1587 visibilia
790 1561 957 1599 corpora
994 1548 1069 1586 sint
1103 1548 1158 1586 eis
1196 1548 1378 1586 adiuncta
1431 1556 1566 1586 mento
1594 1547 1727 1586 tribuit
1755 1560 1844 1586 eam
1872 1548 2087 1586 bonitatem
2105 1561 2228 1598 quam
2246 1547 2379 1586 tribuit
2396 1555 2509 1594 tecto,

299 1612 459 1654 propter
477 1611 693 1654 peccatum.
717 1603 836 1650 Quod
856 1602 1011 1640 videtur
1029 1602 1300 1652 propinquum
1319 1614 1377 1640 er·
1432 1614 1482 1639 ne
1497 1602 1665 1640 domum
1679 1601 1792 1640 faciat
1807 1602 2021 1640 ruinosam.
2033 1603 2065 1640 F
2066 1609 2174 1640 actor
2187 1601 2302 1651 igitur
2315 1601 2509 1648 omnium,

301 1657 379 1695 rori
406 1657 732 1695 Manichaeorum
761 1655 994 1706 ponentium
1022 1657 1119 1693 haec
1147 1655 1311 1693 visibilia
1330 1668 1377 1693 ex
1392 1673 1415 1693 ες
1432 1656 1552 1701 Deus,
1577 1667 1659 1692 non
1686 1655 1828 1692 faceret
1855 1662 1983 1693 totum
2017 1655 2249 1693 universum
2276 1655 2318 1693 in
2345 1667 2419 1693 suo
2446 1667 2510 1704 ge·

300 1712 405 1748 malo
434 1710 623 1760 principio
652 1709 884 1760 processisse
898 1709 929 1746 ³¹².
1432 1720 1524 1746 nere
1545 1708 1752 1758 optimum,
1773 1707 1804 1745 si
1822 1708 1962 1746 faceret
1986 1720 2125 1746 omnes
2153 1715 2281 1758 partes
2309 1709 2507 1758 aequales:

355 1764 458 1801 Huic
493 1763 608 1802 etiam
643 1763 819 1813 opinioni
855 1762 1063 1800 auctoritas
1099 1762 1239 1800 Sacrae
1278 1761 1377 1800 Scri·
1432 1761 1526 1811 quia
1544 1761 1656 1799 multi
1682 1762 1826 1810 gradus
1854 1761 2034 1800 bonitatis
2053 1762 2094 1800 in
2114 1762 2298 1800 universo
2319 1762 2508 1808 deessent,

300 1825 436 1868 pturae
455 1817 655 1855 manifeste
671 1815 909 1854 contradicit.
927 1816 1032 1863 Quia
1051 1815 1092 1852 in
1112 1815 1270 1864 singulis
1284 1827 1377 1864 ope·
1432 1823 1469 1852 et
1497 1814 1551 1852 sic
1578 1822 1678 1852 esset
1705 1814 1988 1864 imperfectum.

306 302 382 350 370

2535 439 2543 447 ·
2560 436 2618 459 Gen.
2633 441 2685 465 cap.
2696 442 2712 458 ι.

2536 1128 2546 1137 ·
2561 1126 2620 1155 Cap.
2632 1131 2715 1148 xxvut.

61 1720 112 1742 ‘CR
121 1726 170 1748 cap.
178 1725 224 1746 ιιι,
233 1719 272 1741 fin.

354 1932 370 1958 8
390 1933 416 1958 in
435 1931 530 1965 actum]
551 1932 576 1956 in
595 1935 653 1956 actu
673 1931 721 1956 Pd.

355 1976 368 1992 2
389 1967 495 2001 Videns]
516 1967 587 1992 Vidit
605 1967 660 1992 BG.

814 1930 845 1956 15
867 1935 1012 1956 mereretur
1031 1931 1074 1955 Ita
1093 1930 1184 1960 DWP;
1204 1934 1321 1955 meretur
1338 1929 1429 1955 ceteri.

1524 1928 1557 1954 28
1577 1929 1644 1960 Quia
1663 1929 1707 1954 Ita
1726 1929 1759 1960 P;
1780 1929 1825 1962 qui
1844 1928 1877 1960 G,
1896 1929 1969 1962 quod
1987 1929 2062 1962 YpN,
2082 1936 2151 1963 quae
2167 1930 2259 1955 ceteri.

753 1966 784 1991 25
805 1967 830 1991 in
850 1965 908 2000 suo]
929 1974 978 1991 suo
997 1965 1046 1991 Pd.

1072 2061 1410 2095 Commentariun
1433 2060 1747 2094 Fer-ramensis

58 2167 66 2176 ·
83 2165 119 2188 Cf·
139 2165 271 2188 c0mmem.
342 2172 422 2193 ssxu
446 2161 614 2192 conclusio
647 2167 694 2192 est
709 2162 741 2191 ἐ
775 2161 897 2191 Rerum
928 2160 1093 2191 distinctio
1127 2170 1193 2192 non
1217 2161 1380 2202 processit
1434 2159 1599 2191 diversitas
1622 2169 1731 2190 rerum
1754 2160 1915 2200 provenit,
1939 2168 2009 2190 non
2033 2168 2071 2190 ex
2099 2160 2291 2192 meritorum
2318 2160 2510 2199 diversitate,

55 2198 109 2220 cap.
124 2198 204 2219 xxxix,
220 2191 270 2214 init.
301 2174 340 2238 S

61 2381 69 2390 ⁶
85 2380 120 2401 Ct.
136 2385 158 2401 n.
171 2385 196 2401 n.

60 2408 79 2418 ··
94 2406 131 2428 cf.
146 2412 169 2428 n.
180 2412 211 2428 w.

69 3502 78 3511 ·
95 3500 131 3523 Cf.
146 3500 194 3522 init.
210 3500 282 3522 Com-

71 3531 141 3549 ment.

342 2217 384 2238 ex
407 2206 542 2237 diversis
566 2206 704 2237 motibus
728 2205 822 2236 liberi
845 2205 975 2236 arbitrii
1008 2205 1222 2236 rationalium
1251 2210 1379 2236 creatu-

301 2262 426 2284 rarum.

355 2296 451 2328 Circa
475 2301 584 2327 autem
600 2295 684 2326 hanc
700 2295 949 2327 conclusionem
965 2295 1024 2325 tria
1039 2294 1116 2326 facit
1134 2294 1271 2326 Sanctus
1288 2295 1379 2326 Tho·

299 2351 382 2372 mas:
400 2341 506 2382 primo
524 2341 611 2371 enim
627 2339 778 2381 Origenis
794 2340 988 2380 opinionem
1002 2340 1112 2380 ponit3
1129 2339 1286 2376 secundo,
1306 2349 1379 2370 eam

300 2386 462 2427 improbat
478 2386 508 2421 ⁴*;
533 2385 639 2421 tertio,
657 2385 744 2416 unde
769 2383 865 2415 fuerit
889 2383 1045 2425 deceptus
1069 2383 1211 2415 ostendit
1227 2385 1272 2414 *ἦ

357 2431 380 2461 1.
397 2430 566 2469 Quantum
591 2429 631 2460 ad
654 2431 808 2470 primum,
826 2429 932 2468 inquit
948 2428 1039 2470 quod
1056 2428 1224 2470 Origenes,
1241 2430 1274 2459 in
1296 2429 1378 2460 libro

299 2475 512 2509 Periarchon,
525 2474 638 2505 volens
654 2475 800 2506 resistere
813 2474 1023 2514 antiquorum
1038 2474 1276 2505 haereticorum
1289 2474 1380 2504 obie-

301 2520 463 2550 ctionibus
488 2525 519 2550 et
542 2519 713 2556 erroribus,
737 2519 933 2560 ponentium
957 2517 1116 2549 diversam
1136 2524 1284 2550 naturam
1300 2519 1379 2549 boni

302 2569 334 2595 et
348 2565 424 2596 mali
441 2574 508 2595 esse
524 2565 559 2594 in
581 2565 678 2595 rebus
702 2573 740 2595 ex
765 2564 933 2594 contrariis
957 2564 1129 2600 actoribus,
1146 2569 1280 2604 propter
1295 2563 1379 2594 mul-

300 2615 367 2640 tam
391 2609 573 2640 distantiam
597 2615 663 2639 tam
686 2609 720 2640 in
743 2609 839 2639 rebus
870 2608 1069 2639 naturalibus
1094 2617 1193 2649 quam
1223 2609 1258 2639 in
1284 2608 1379 2639 rebus

300 2654 449 2685 humanis
466 2654 641 2691 inventam,
655 2663 754 2694 quam
766 2653 856 2684 nulla
868 2653 981 2684 merita
997 2653 1206 2694 praecessisse
1220 2652 1379 2689 videntur,

301 2699 379 2729 dum
403 2698 524 2729 scilicet
547 2698 655 2739 aliqua
679 2707 818 2739 corpora
841 2697 948 2728 lucida
972 2703 1064 2734 sunt,
1089 2698 1196 2738 aliqua
1220 2707 1296 2728 vero
1321 2697 1380 2728 ob-

301 2753 402 2779 scura,
420 2743 593 2774 hominum
609 2752 688 2774 vero
705 2742 839 2783 quidam
856 2752 894 2774 ex
911 2742 1061 2779 barbaris,
1078 2742 1161 2773 idest
1183 2741 1379 2779 infidelibus,

301 2787 434 2828 quidam
450 2797 526 2818 vero
547 2797 586 2818 ex
603 2787 792 2818 Christianis
814 2793 1007 2824 nascuntur;
1032 2793 1166 2818 coactus
1182 2792 1229 2818 est
1245 2787 1380 2828 (scilicet

300 2838 433 2873 propter
448 2833 589 2863 rationes
605 2832 644 2862 ab
661 2832 722 2863 illis
738 2832 905 2863 haereticis
927 2831 1089 2872 inductas)
1105 2841 1229 2873 ponere
1245 2841 1380 2863 omnem

301 2876 518 2908 diversitatem
542 2878 576 2908 in
599 2877 695 2907 rebus
718 2877 884 2907 inventam
907 2886 946 2907 ex
970 2876 1151 2908 diversitate
1178 2877 1379 2914 meritorum,

302 2921 483 2952 secundum
508 2921 568 2952 Dei
593 2921 757 2958 iustitiam,
782 2922 986 2962 processisse.

359 2966 515 2997 Consistit
542 2971 651 2997 autem
683 2965 832 3006 Origenis
865 2966 978 3006 opinio
1007 2966 1040 2995 in
1069 2970 1209 3006 quatuor
1240 2966 1379 3006 punctis.

302 3011 428 3042 Primus
452 3016 509 3047 est,
527 3010 618 3051 quod
634 3019 749 3041 omnes
772 3016 935 3041 creaturae
959 3015 1035 3041 sunt
1057 3011 1165 3050 primo
1189 3020 1207 3041 a
1230 3010 1303 3041 Deo
1327 3019 1379 3041 ae-

303 3055 415 3096 quales
438 3055 628 3096 productae‚
646 3061 678 3085 et
694 3063 809 3085 omnes
832 3055 1004 3085 rationales
1025 3060 1056 3085 et
1079 3055 1270 3095 spirituales.
1285 3073 1309 3078 -
1323 3055 1380 3086 Se·

304 3099 430 3131 cundus
458 3105 515 3136 est,
540 3099 632 3140 quod
655 3109 693 3131 ex
720 3100 759 3130 iis
787 3099 948 3140 quaedam
972 3108 1030 3140 per
1052 3099 1191 3130 liberum
1215 3100 1381 3130 arbitrium

304 3144 517 3176 adhaeserunt
541 3144 612 3175 Deo
637 3144 710 3184 plus
734 3143 785 3174 vel
809 3145 934 3180 minus3
959 3143 1120 3184 quaedam
1143 3154 1220 3175 vero
1245 3145 1284 3175 ab
1307 3145 1380 3185 ipso

267 3226 269 3229 Ι
304 3188 377 3229 plus
402 3194 457 3220 aut
479 3189 588 3220 minus
611 3194 822 3219 recesserunt.
847 3207 869 3211 -
894 3187 1022 3220 Tertius
1047 3194 1104 3225 est,
1130 3188 1220 3229 quod
1244 3198 1282 3220 ex
1306 3189 1380 3226 hoc,

305 3232 412 3263 divina
444 3234 563 3264 iustitia
596 3233 642 3264 sic
675 3234 833 3273 exigente,
859 3233 975 3264 diversi
999 3232 1115 3274 gradus
1138 3234 1172 3264 in
1203 3234 1279 3274 ipsis
1307 3239 1382 3264 sunt

306 3278 483 3308 subsecuti:
509 3283 544 3308 ut
567 3277 689 3308 scilicet
713 3277 845 3318 quidam
871 3283 977 3308 essent
1000 3277 1105 3318 angeli
1129 3278 1309 3309 secundum
1334 3277 1382 3309 di-

306 3332 413 3352 versos
427 3322 566 3359 ordines,
580 3322 713 3363 quidam
725 3323 851 3353 animae
864 3323 1025 3353 humanae
1041 3322 1222 3353 secundum
1239 3322 1382 3354 diversos

307 3372 415 3403 statuS‚
429 3366 561 3407 quidam
573 3372 682 3398 autem
695 3372 802 3398 essent
813 3367 999 3398 daemones.
1013 3385 1035 3390 —
1047 3367 1208 3405 Quartum
1221 3373 1279 3404 est,
1292 3367 1382 3408 quod

308 3416 439 3451 propter
462 3411 545 3442 hanc
569 3411 784 3442 diversitatem
808 3411 1028 3452 corporalium
1052 3417 1269 3443 creaturarum
1294 3412 1383 3443 Deus

309 3454 522 3486 diversitatem
547 3455 693 3486 instituit.

365 3499 402 3529 11.
427 3499 595 3537 Quantum
620 3500 659 3531 ad
683 3500 865 3532 secundum
881 3502 908 3537 ⁴,
933 3506 1045 3531 contra
1073 3501 1156 3532 hanc
1179 3501 1382 3542 opinionem,

310 3552 393 3582 quae
416 3545 509 3583 ponit
532 3545 575 3574 ob
599 3545 791 3576 meritorum
815 3544 1031 3576 diversitatem
1056 3555 1124 3576 esse
1149 3555 1167 3576 a
1187 3546 1259 3576 Deo
1275 3555 1383 3576 retum

311 3586 550 3619 distinctionem
574 3590 761 3625 institutam,
787 3590 940 3630 arguitur.

360 3630 408 3680 'Et
425 3632 534 3671 primo
558 3633 613 3663 sic.
639 3633 811 3674 Optimum
835 3635 868 3665 in
892 3635 987 3665 rebus
1011 3634 1124 3665 creatis
1149 3639 1196 3665 est
1227 3633 1382 3675 perfectio

312 3676 462 3711 universi,
480 3685 562 3716 quae
579 3678 724 3708 consistit
741 3679 773 3708 in
791 3677 903 3709 ordine
923 3678 1145 3710 distinctarum
1162 3688 1280 3710 rerum.
1297 3679 1383 3720 Ergo

1433 2204 1491 2235 sed
1513 2213 1552 2235 ex
1576 2204 1745 2245 principali
1760 2204 1942 2235 intentione
1957 2205 2055 2245 primi
2070 2205 2203 2245 agentis.
2219 2223 2242 2228 -
2257 2205 2417 2237 Probatur
2430 2215 2511 2238 con-

1433 2249 1612 2290 sequentia.
1637 2248 1724 2287 Quia
1747 2254 1871 2290 quanto
1902 2248 2026 2290 aliquid
2056 2254 2105 2280 est
2127 2249 2245 2281 melius
2271 2251 2306 2281 in
2332 2250 2510 2288 effectibus.

1433 2306 1525 2332 tanto
1550 2306 1597 2331 est
1620 2300 1709 2340 prius
1732 2300 1767 2331 in
1789 2299 1972 2331 intentione
1994 2300 2130 2340 agentis.

1489 2344 1630 2376 Adverte
1661 2344 1769 2386 quod,
1793 2345 1853 2375 ista
1883 2345 2048 2386 positione
2079 2344 2163 2382 data,
2193 2345 2390 2386 sequebatur
2419 2346 2511 2388 quod

1433 2398 1541 2421 rerum
1565 2389 1728 2420 distinctio
1753 2394 1836 2420 esset
1858 2389 1982 2420 intenta
2004 2395 2139 2430 propter
2161 2389 2274 2421 merita
2303 2389 2512 2431 praemianda

1434 2439 1466 2465 et
1489 2433 1654 2475 punienda
1679 2433 1851 2465 demerita:
1875 2442 1945 2465 non
1969 2439 2078 2465 autem
2102 2439 2186 2465 esset
2208 2434 2315 2476 primo
2340 2444 2358 2466 a
2373 2434 2446 2466 Deo
2462 2435 2511 2467 in-

1433 2483 1531 2509 tenta.
1556 2478 1598 2508 Et
1621 2483 1734 2509 contra
1756 2478 1821 2509 hoc
1845 2479 1904 2509 ista
1927 2478 2009 2510 ratio
2034 2478 2192 2520 procedit.

1490 2522 1651 2554 Secundo.
1684 2522 1882 2563 Sequeretur
1911 2523 2003 2564 quod
2033 2522 2116 2554 ordo
2149 2528 2181 2554 et
2210 2522 2374 2555 distinctio
2402 2532 2512 2556 recum

1434 2573 1518 2598 esset
1541 2567 1686 2598 casualis.
1703 2585 1727 2590 -
1742 2567 1901 2598 Probatur
1923 2567 2066 2608 sequela.
2089 2567 2178 2606 Quia
2201 2568 2292 2609 quod
2308 2569 2459 2609 provenit
2473 2578 2512 2601 a

1434 2621 1598 2643 concursu
1622 2611 1760 2643 duarum
1784 2621 1955 2643 causarum
1979 2621 2119 2653 quarum
2142 2622 2208 2644 una
2231 2613 2271 2644 ab
2295 2613 2357 2644 alia
2372 2622 2442 2645 non
2457 2613 2513 2646 de-

1433 2656 1564 2698 pendet,
1589 2661 1637 2687 est
1661 2656 1798 2687 casuale.
1823 2655 1857 2687 Si
1881 2662 1990 2688 autem
2014 2666 2130 2688 omnes
2154 2662 2318 2689 creaturae
2341 2657 2512 2692 rationales

1433 2711 1451 2732 a
1475 2701 1637 2742 principio
1662 2699 1794 2732 fuerunt
1816 2701 1978 2743 aequales,
2003 2706 2133 2742 oportet
2156 2700 2264 2733 dicere
2280 2701 2372 2744 quod
2391 2711 2457 2734 una
2472 2703 2512 2735 ab

1434 2745 1494 2777 alia
1517 2746 1551 2776 in
1575 2755 1633 2776 sua
1657 2746 1846 2786 operatione
1870 2755 1939 2776 non
1962 2745 2134 2787 dependet.
2159 2746 2246 2788 Ergo
2271 2752 2332 2778 etc.

1491 2799 1521 2821 2.
1547 2789 1642 2821 Circa
1665 2791 1759 2821 istam
1782 2791 2054 2831 propositionem,
2086 2791 2183 2822 etiam
2206 2792 2354 2832 superius
2370 2792 2388 2809 ⁶
2410 2789 2513 2823 uddu-
2539 2792 2550 2803 ‘

1435 2840 1535 2866 ctam:
1556 2834 1654 2872 Quod
1671 2835 1827 2876 provenit
1840 2844 1883 2866 ex
1897 2844 2060 2866 concursu
2076 2835 2218 2868 duarum
2241 2845 2417 2868 causarum
2432 2845 2512 2878 qua-

1435 2889 1509 2910 rum
1535 2889 1602 2911 una
1632 2879 1673 2910 ab
1704 2879 1773 2910 alia
1803 2889 1870 2910 non
1901 2879 2066 2921 dependet,
2090 2885 2139 2912 est
2166 2881 2310 2917 casuale,
2337 2880 2512 2913 dubitatur.

1434 2924 1522 2963 Quia
1544 2924 1611 2956 duo
1635 2924 1786 2955 homines
1801 2930 1936 2965 possent
1959 2922 2127 2956 intendere
2150 2923 2273 2966 aliquid
2295 2935 2410 2963 unum,
2433 2931 2514 2967 puta

1435 2968 1582 3005 domum,
1595 2969 1823 3010 unusquisque
1839 2978 1878 3000 ex
1894 2977 1994 3010 opere
2014 2978 2085 3006 suo,
2102 2969 2225 3011 absque
2240 2969 2304 3001 hoc
2320 2969 2412 3011 quod
2427 2970 2512 3002 actio

1434 3013 1531 3044 unius
1556 3012 1737 3054 dependeat
1760 3022 1799 3044 ex
1823 3013 1898 3044 alio.
1923 3013 2010 3054 Ergo
2033 3023 2103 3045 non
2123 3023 2223 3046 omne
2239 3013 2331 3055 quod
2346 3015 2386 3046 ab
2401 3014 2512 3046 huius-

1434 3057 1526 3089 modi
1550 3058 1654 3089 causis
1677 3057 1850 3098 dependet,
1875 3063 1924 3089 est
1947 3058 2085 3090 casuale.

1491 3102 1720 3143 Respondemr
1743 3102 1835 3143 quod
1857 3103 2057 3144 impossibile
2073 3108 2121 3134 est
2135 3108 2172 3134 ut
2187 3103 2271 3135 duae
2294 3112 2410 3135 causae
2431 3112 2512 3144 qun-

1435 3156 1508 3178 rum
1532 3147 1695 3188 quaelibet
1717 3147 1757 3178 sit
1780 3156 1839 3188 per
1861 3157 1896 3178 se
1919 3146 2093 3185 sufficiens,
2116 3147 2286 3180 intendant
2307 3156 2413 3179 unum
2435 3146 2512 3179 effe-

1436 3197 1526 3222 ctum
1550 3201 1773 3229 communem,
1798 3192 1861 3223 nisi
1884 3197 1940 3223 aut
1962 3197 2157 3224 moveantur
2179 3192 2219 3224 ab
2242 3201 2311 3224 uno
2335 3192 2440 3229 tertio,
2456 3197 2512 3223 aut

1436 3245 1501 3267 una
1525 3236 1564 3266 ab
1588 3236 1649 3267 alia
1672 3241 1852 3267 moveatur.
1878 3235 1974 3275 Quia,
1999 3246 2076 3268 cum
2103 3235 2235 3268 effectus
2264 3236 2305 3267 sit
2327 3237 2512 3267 communis

1436 3281 1512 3311 huic
1536 3289 1652 3312 causae
1669 3286 1701 3311 et
1717 3281 1779 3318 alii,
1796 3290 1865 3312 non
1888 3286 1998 3322 potest
2020 3281 2191 3322 provenire
2207 3279 2246 3311 ab
2262 3279 2322 3311 hac
2338 3289 2435 3311 causa
2453 3290 2512 3322 per

1436 3325 1468 3356 id
1493 3325 1584 3366 quod
1607 3331 1655 3356 est
1678 3326 1738 3356 sibi
1762 3326 1942 3366 proprium,
1959 3326 2016 3357 sed
2031 3335 2089 3366 per
2103 3325 2137 3356 id
2152 3324 2244 3366 quod
2263 3330 2312 3355 est
2334 3333 2512 3356 commune

1436 3370 1497 3400 sibi
1521 3375 1552 3400 et
1575 3370 1628 3401 alii
1652 3379 1778 3401 causae.
1803 3370 1845 3401 Et
1866 3379 1925 3411 per
1947 3378 2152 3410 consequens
2180 3374 2312 3409 oportet
2338 3369 2430 3410 quod
2457 3375 2512 3401 aut

1437 3415 1476 3445 ab
1493 3424 1558 3445 una
1574 3414 1745 3445 communi
1761 3424 1858 3446 causa
1880 3414 2070 3446 intendente
2091 3413 2185 3445 illum
2208 3422 2419 3445 communem
2436 3413 2512 3446 effe-

1437 3464 1526 3489 ctum
1550 3464 1753 3496 moveantur,
1778 3464 1932 3500 tanquam
1957 3459 1997 3489 ab
2019 3457 2072 3488 illa
2095 3457 2245 3488 habentia
2274 3456 2306 3488 id
2335 3467 2511 3490 commune

1437 3513 1495 3544 per
1511 3503 1602 3544 quod
1617 3509 1734 3544 agunt:
1756 3508 1813 3534 aut
1828 3503 1920 3544 quod
1934 3512 2000 3534 una
2014 3501 2110 3533 aliam
2126 3501 2167 3532 ad
2183 3501 2335 3533 effectum
2350 3503 2512 3534 intentum

1437 3554 1578 3578 moveat.
1603 3547 1692 3584 Ideo,
1718 3548 1744 3578 si
1769 3557 1808 3578 ex
1833 3556 1996 3578 concursu
2021 3545 2160 3577 duarum
2179 3556 2349 3578 causarum
2373 3557 2512 3588 quarum

1437 3601 1503 3622 una
1526 3593 1566 3622 ab
1590 3592 1651 3623 alia
1674 3601 1743 3623 non
1767 3590 1938 3632 dependet,
1963 3590 2107 3631 (supple)
2131 3599 2193 3622 nec
2223 3596 2361 3632 utraque
2388 3592 2428 3622 ab
2452 3592 2512 3623 alia

1438 3638 1608 3668 communi
1631 3645 1738 3673 causa,
1762 3636 1878 3676 aliquis
1901 3634 2034 3666 effeetus
2058 3635 2236 3676 proveniat,
2262 3641 2392 3676 oportet
2414 3636 2512 3668 talem

1438 3680 1590 3712 effectum
1606 3680 1769 3712 casualem
1785 3689 1870 3711 esse:
1896 3679 1972 3720 quia
1987 3689 2056 3710 non
2071 3685 2180 3720 potest
2196 3680 2235 3711 ab
2251 3680 2312 3711 illis
2328 3681 2512 3712 communis
