2768 4134
61 554 70 563 ·
81 552 112 573 IV
121 552 154 573 Ph
173 558 240 578 x..x1,
251 558 272 580 55

63 586 81 600 s.
93 579 136 600 Th.
163 595 168 600 .
186 585 218 605 ¹7.

49 2035 57 2043 '
72 2034 108 2055 Cf.
128 2034 260 2064 comment.

48 2066 97 2087 cap.
114 2067 183 2086 xxxv,
200 2064 261 2087 mit„

47 2091 68 2108 et
83 2093 132 2114 cap.
145 2093 226 2108 xxxin.

45 2211 54 2220 ⁶
74 2209 127 2231 vid.
150 2209 189 2231 fin.
211 2209 258 2231 hui.

46 2242 123 2264 parag.

43 2651 53 2660 ·
68 2650 124 2677 Cap.
140 2656 193 2671 xxx.

305 313 380 350 352

303 390 462 427 nitatem
478 396 607 425 motus
622 386 742 434 magis
762 385 947 435 supponit
961 397 1082 434 quam
1096 385 1246 433 probet.
1269 384 1372 421 Cum

303 442 407 480 enim
434 441 542 490 prius
571 448 607 477 et
633 438 824 489 posterius
853 446 889 475 et
921 437 1152 475 continuitas
1186 436 1373 486 temporis

302 503 485 544 sequatur
502 493 609 543 prius
629 501 665 529 et
691 491 881 542 posterius
910 499 946 528 et
974 490 1267 528 continuitatem
1287 502 1372 527 mo-

300 557 372 594 tus,
394 547 613 585 secundum
632 545 842 583 Aristotelis
863 543 1078 582 doctrinam
1088 542 1119 590 ⁵⁸,
1140 550 1244 592 patet
1263 544 1372 592 quod

300 602 404 639 idern
433 600 577 637 instans
606 608 662 636 est
690 598 925 648 principium
954 596 1069 634 futuri
1089 604 1125 634 et
1153 596 1243 633 finis
1261 608 1371 646 prae-

299 654 395 691 teriti
429 653 521 703 quia
556 652 701 702 aliquid
730 652 922 701 signatum
957 651 996 687 in
1032 658 1143 687 motu
1178 657 1234 686 est
1267 649 1371 699 prin—

299 707 445 757 cipium
475 714 511 743 et
538 705 627 743 finis
656 705 898 743 diversarum
926 703 1094 753 partium
1113 710 1256 740 motus.
1277 703 1372 740 Non

298 760 490 810 oportebit
509 759 622 808 igitur
640 771 758 796 omne
779 759 922 795 instans
942 755 1169 793 huiusmodi
1189 768 1284 802 esse,
1299 756 1372 794 nisi

298 826 416 851 omne
446 813 598 862 signum
629 812 667 849 in
696 820 871 861 tempore
900 818 1104 859 acceptum
1124 809 1170 846 sit
1193 809 1371 847 medium

297 868 396 905 inter
423 866 530 916 prius
558 874 594 903 et
622 865 814 915 posterius
847 864 886 901 in
920 871 1043 911 motu,
1073 863 1182 912 quod
1216 870 1273 900 est
1299 875 1370 913 po-

297 933 389 958 nere
404 928 559 957 motum
579 918 870 968 sempiternum.
888 917 1045 954 Ponens
1064 924 1195 953 autem
1215 924 1370 954 motum

297 987 378 1012 non
406 986 488 1011 esse
517 972 809 1022 sempiternum,
829 977 954 1020 potest
973 969 1100 1007 dicere
1120 969 1294 1019 primum
1314 970 1369 1007 in-

297 1035 399 1065 stans
427 1026 613 1075 temporis
642 1037 724 1062 esse
753 1023 987 1074 principium
1016 1023 1131 1060 futuri
1162 1031 1198 1060 et
1226 1023 1369 1060 nullius

296 1079 486 1131 praeteriti
515 1079 648 1116 finem.
679 1079 762 1115 Nec
792 1085 979 1126 repugnat
1007 1076 1243 1114 successioni
1271 1084 1368 1114 tem-

294 1134 399 1184 poris
428 1133 535 1183 quod
563 1139 732 1181 ponatur
759 1130 799 1167 in
833 1130 919 1180 ipso
947 1130 1106 1180 aliquod
1136 1143 1237 1167 nunc
1264 1130 1368 1179 prin-

294 1186 438 1237 cipium
469 1193 505 1222 et
532 1197 613 1222 non
642 1184 730 1222 finis
758 1191 917 1234 propter
944 1185 1022 1221 hoc
1050 1184 1158 1233 quod
1187 1183 1298 1229 linea,
1327 1183 1367 1220 in

293 1252 372 1289 qua
399 1239 557 1288 ponitur
585 1246 753 1288 punctus
782 1237 919 1287 aliquis
947 1237 1183 1287 principium
1215 1245 1252 1274 et
1286 1248 1367 1274 non

292 1293 392 1339 finis,
413 1300 468 1330 est
487 1300 600 1338 stans,
622 1300 658 1328 et
677 1304 758 1328 non
777 1290 923 1328 fluens:
948 1290 1039 1340 quia
1059 1290 1175 1328 etiam
1196 1290 1235 1327 in
1255 1298 1367 1327 motu

293 1346 423 1396 aliquo
451 1345 681 1396 particulari,
711 1344 777 1394 qui
811 1344 927 1382 etiam
963 1356 1043 1381 non
1077 1352 1134 1382 est
1167 1352 1270 1381 stans
1299 1344 1366 1381 sed

292 1399 429 1445 fluens,
451 1398 589 1448 signari
609 1398 753 1448 aliquid
774 1405 900 1448 potest
919 1406 960 1435 ut
980 1397 1216 1447 principium
1235 1405 1366 1435 motus

291 1462 443 1490 tantum
463 1461 498 1490 et
518 1464 599 1490 non
619 1460 660 1489 ut
679 1452 786 1497 finis;
817 1451 924 1489 aliter
952 1451 1057 1488 enim
1086 1450 1215 1488 omnis
1235 1459 1366 1488 motus

292 1515 390 1544 esset
417 1514 640 1556 perpetuus,
670 1506 777 1555 quod
807 1513 862 1542 est
891 1504 1141 1554 impossibile.

345 1560 466 1607 Quod
495 1568 625 1597 autem
654 1559 762 1608 prius
790 1558 947 1608 ponitur
966 1570 1046 1595 non
1067 1570 1150 1595 esse
1178 1557 1365 1607 temporis

292 1625 412 1662 quarn
448 1613 530 1650 eius
566 1625 649 1650 esse
683 1612 711 1649 si
748 1620 903 1661 tempus
939 1611 1117 1661 incoepit,
1152 1623 1231 1648 non
1265 1610 1365 1660 cogit

346 1727 360 1752 3
379 1727 451 1760 prius
470 1727 606 1758 Reincipit
625 1726 655 1753 N.
747 1726 759 1750 5
780 1726 859 1759 idem]
880 1726 939 1751 ideo
958 1726 1057 1757 anY,
1076 1726 1136 1751 ideo
1154 1726 1224 1751 idem
1244 1726 1287 1751 Pc.

291 1771 334 1788 om
355 1763 385 1794 D,
401 1766 465 1795 post
483 1763 672 1795 sempiternum
690 1762 719 1792 Z,
738 1765 802 1787 ante
821 1767 923 1786 motum
941 1762 989 1793 W;
1008 1762 1031 1787 G
1050 1768 1094 1787 om
1113 1762 1174 1787 hom
1195 1761 1344 1787 Ponens...

347 1806 357 1824 ι
381 1800 402 1823 si
421 1798 463 1823 hic
482 1805 530 1823 nos
548 1798 606 1828 soli,
626 1801 690 1822 ante
709 1798 812 1831 ponitur
831 1804 930 1823 omnes.
1023 1797 1037 1822 5
1058 1798 1130 1830 quod
1149 1804 1191 1822 om
1212 1797 1256 1822 Pc.

1374 1725 1390 1750 6
1409 1725 1479 1766 quia]
1499 1726 1571 1759 quod
1591 1726 1640 1750 αῐ).

1363 1766 1564 1794 sempiternum.

1350 1804 1377 1822 n
1401 1797 1547 1830 Utrobique
1565 1795 1663 1831 autem]
1685 1797 1803 1830 Utroque
1822 1802 1909 1823 autem
1929 1797 2010 1823 modo
2029 1797 2061 1824 D.

768 308 956 346 SUMMA
985 307 1208 344 CONTRA
1237 305 1513 350 GENTILES,
1542 306 1636 341 LlB.
1659 306 1699 351 ΙΙ,
1730 305 1841 342 CAP.
1864 306 2037 342 XXXVI.

1429 396 1501 420 nos
1530 383 1656 420 dicere
1677 383 1785 433 quod
1806 383 1966 432 ponitur
1988 392 2144 432 tempus
2163 397 2246 422 esse
2275 386 2306 423 si
2333 395 2502 435 ponatur

1429 448 1509 473 non
1530 448 1623 482 esse,
1645 445 1687 473 ut
1715 443 1820 473 sexta
1849 436 1944 473 ratio
1973 437 2240 474 concludebat.
2269 439 2375 476 Nam
2394 440 2501 490 prius

1428 490 1536 539 quod
1565 489 1731 527 dicimus
1756 497 1967 539 antequam
1986 497 2142 539 tempus
2162 499 2271 537 esset,
2292 503 2373 530 non
2392 494 2502 542 ponit

1428 542 1600 593 aliquam
1635 542 1821 592 temporis
1855 551 2008 593 partem
2042 542 2082 580 in
2118 555 2170 590 re,
2200 544 2268 581 sed
2304 546 2434 583 solum
2461 547 2500 584 in

1395 605 1403 624 ³
1429 596 1714 644 imaginatione.
1746 596 1850 634 Cum
1879 596 1984 634 enim
2014 596 2181 634 dicimus
2209 598 2318 647 quod
2346 606 2502 648 tempus

1427 650 1544 686 habet
1572 661 1655 687 esse
1677 656 1763 700 post
1792 662 1867 687 non
1897 662 1984 696 esse,
2015 649 2260 699 intelligimus
2287 652 2396 701 quod
2420 664 2501 690 non

1427 702 1496 740 fuit
1524 702 1653 752 aliqua
1681 715 1770 752 pars
1799 703 1985 753 temporis
2014 711 2102 741 ante
2136 705 2221 741 hoc·
2243 717 2350 742 nunc
2378 705 2501 754 signa—

1427 764 1530 793 tum:
1570 756 1685 802 sicut,
1721 768 1813 793 cum
1851 756 2019 794 dicimus
2055 758 2164 806 quod
2200 770 2316 808 supra
2354 759 2500 796 caelum

1428 810 1520 846 nihil
1547 816 1610 856 est,
1639 821 1722 847 non
1750 809 1996 858 intelligimus
2024 811 2133 859 quod
2161 810 2299 861 aliquis
2327 812 2436 849 locus
2456 812 2502 849 sit

1387 875 1413 889 ²⁰
1427 870 1532 900 extra
1551 864 1703 900 caelum
1723 862 1791 912 qui
1810 862 1931 912 possit
1955 862 2030 900 dici
2054 875 2172 913 supra
2198 873 2375 915 respectu
2394 865 2500 912 caeli,

1426 917 1494 954 sed
1523 917 1631 966 quod
1660 928 1741 954 non
1770 924 1826 953 est
1853 918 1963 954 locus
1991 928 2040 954 eo
2069 917 2257 967 superior.
2285 918 2501 968 Utrobique

1426 977 1557 1007 autern
1586 969 1808 1019 imaginatio
1836 977 1963 1020 potest
1990 982 2218 1008 mensuram
2246 971 2418 1021 aliquam
2446 973 2500 1010 rei

1426 1023 1599 1061 existenti
1628 1035 1842 1074 apponere:
1873 1023 2020 1061 ratione
2053 1023 2181 1070 cuius,
2200 1023 2308 1061 sicut
2335 1036 2417 1062 non
2445 1034 2501 1063 est

1424 1077 1609 1126 ponenda
1637 1076 1830 1126 quantitas
1859 1076 2033 1127 corporis
2061 1076 2221 1124 infinita,
2241 1085 2284 1115 ut
2305 1077 2444 1116 dicitur
2461 1078 2501 1116 in

1385 1131 1470 1167 :5111
1490 1131 1603 1179 Phys.
1619 1130 1650 1176 ³⁸,
1680 1129 1730 1168 ita
1758 1142 1831 1167 nec
1858 1138 2014 1180 tempus
2042 1139 2257 1169 aeternum.

1477 1183 1627 1221 Veritas
1663 1192 1795 1221 autern
1832 1184 2148 1234 propositionum
2185 1196 2307 1234 quam
2349 1193 2501 1235 oportet

1423 1237 1638 1274 concedere
1667 1236 1783 1274 etiam
1811 1237 2097 1287 propositiones
2116 1246 2335 1287 negantem,
2355 1250 2403 1275 ex
2422 1250 2501 1289 qua

1423 1290 1587 1340 septima
1615 1290 1712 1328 ratio
1740 1290 1987 1340 procedebat,
2008 1292 2125 1329 habet
2152 1291 2419 1330 necessitatem
2439 1303 2499 1330 or-

1422 1343 1522 1380 dinis
1541 1343 1609 1393 qui
1629 1351 1685 1381 est
1704 1344 1911 1393 praedicati
1940 1344 1990 1382 ad
2018 1345 2249 1383 subiectum.
2279 1345 2394 1383 Unde
2417 1357 2499 1383 non

1381 1414 1407 1428 ιο
1421 1397 1522 1445 cogit
1549 1396 1722 1447 aliquam
1750 1409 1835 1435 rem
1863 1410 1947 1436 esse
1975 1410 2146 1448 semper:
2171 1398 2244 1436 nisi
2267 1398 2364 1436 forte
2391 1398 2499 1436 intel-

1422 1451 1564 1487 lectum
1593 1450 1783 1497 divinum,
1805 1450 1844 1488 in
1864 1463 1945 1501 quo
1966 1459 2022 1488 est
2043 1451 2151 1490 radix
2171 1451 2300 1490 omnis
2319 1451 2498 1498 veritatis

1421 1511 1463 1540 ut
1491 1503 1531 1540 in
1560 1503 1694 1541 Primo
1713 1503 1734 1526 '¹‘
1761 1511 1964 1542 ostensum
1992 1512 2059 1542 est.

1475 1558 1583 1594 Patet
1601 1556 1715 1606 igitur
1733 1557 1842 1607 quod
1863 1557 2030 1596 rationes
2049 1570 2096 1596 ex
2115 1558 2300 1596 creaturis
2319 1557 2498 1597 inductae

1420 1622 1501 1647 non
1521 1618 1664 1659 cogunt
1685 1611 1733 1648 ad
1755 1611 1894 1648 mundi
1921 1611 2186 1650 aeternitatem
2204 1612 2443 1663 ponendam.

1728 1733 1758 1750 η
1780 1733 1833 1750 non
1852 1733 1912 1751 esse
1932 1726 1975 1751 Ita
1994 1727 2064 1758 sHb3
2083 1733 2144 1751 esse
2163 1734 2216 1752 non
2234 1727 2278 1758 Pc,
2297 1734 2358 1752 esse
2377 1726 2498 1757 oeENxv,

1052 1885 1390 1918 commentaria
1420 1885 1733 1918 Ferrariensis

331 1992 456 2013 ncunno
481 1983 567 2019 loco,
587 1982 761 2022 respondet
785 1983 825 2013 ad
849 1983 989 2013 rationes
1014 1992 1097 2023 quae
1131 1992 1169 2013 ex
1198 1989 1287 2023 parte
1315 1992 1364 2013 re-

291 1994 403 2058 Srum
428 2026 583 2057 factarum
608 2033 682 2057 sunt
707 2033 855 2067 sumptae
872 2028 898 2056 ff.

344 2072 366 2102 1.
391 2071 442 2101 Ad
458 2071 603 2111 primum
628 2071 715 2101 enim
740 2071 815 2102 dicit
838 2071 928 2112 quod
948 2072 1120 2102 necessitas
1137 2070 1262 2101 essendi
1279 2080 1363 2111 quae

289 2122 335 2146 est
351 2117 383 2147 in
404 2117 566 2152 creaturis,
583 2122 630 2146 est
654 2117 825 2147 necessitas
850 2115 981 2147 ordinis.
1007 2116 1095 2146 Talis
1120 2122 1228 2147 autem
1253 2125 1364 2146 neces-

287 2161 361 2191 sitas
377 2170 445 2192 non
463 2161 550 2200 cogit
573 2161 681 2201 ipsum
706 2161 758 2191 cui
782 2161 864 2191 inest
888 2170 1015 2201 semper
1040 2159 1147 2191 fuisse.
1173 2159 1259 2198 Quia
1276 2161 1363 2191 enim

287 2214 354 2236 non
375 2205 520 2246 sequitur
544 2205 613 2236 eius
636 2205 847 2236 substantiam
871 2205 941 2236 talis
966 2205 1138 2236 necessitas
1153 2205 1180 2241 ἦ
1206 2204 1281 2236 ideo
1302 2205 1362 2235 im-

286 2251 530 2289 possibilitatem
546 2259 613 2280 non
631 2249 756 2280 essendi
780 2250 914 2286 inducit,
934 2250 1080 2280 subiecto
1098 2250 1161 2280 iam
1184 2249 1362 2280 constituto

286 2295 318 2324 in
344 2304 426 2325 esse:
452 2304 519 2324 non
544 2300 652 2325 autem
677 2294 775 2325 aliter.

343 2349 372 2369 2.
398 2338 461 2369 Sed
491 2345 603 2369 contra
633 2340 715 2369 hanc
746 2339 993 2379 responsionem
1024 2338 1197 2369 dubitatur.
1226 2337 1363 2369 Videtur

287 2383 374 2413 enim
398 2383 555 2423 implicari
586 2383 799 2414 contradictio
830 2392 905 2413 cum
937 2382 1053 2413 dicitur
1077 2382 1167 2423 quod
1191 2383 1362 2413 necessitas

286 2427 412 2458 essendi
429 2437 512 2468 quae
530 2432 577 2458 est
598 2428 630 2457 in
648 2427 810 2464 creaturis,
828 2433 875 2458 est
890 2427 1063 2457 necessitas
1079 2427 1210 2463 ordinis,
1227 2436 1295 2458 non
1315 2432 1362 2457 ta-

285 2481 361 2502 men
377 2473 523 2512 sequitur
546 2472 755 2502 substantiam
779 2471 834 2502 rei.
859 2471 943 2502 Nam
967 2472 1025 2501 ista
1049 2472 1220 2502 necessitas
1237 2471 1362 2502 essendi

286 2522 333 2547 est
360 2517 532 2547 necessitas
556 2515 677 2547 ordinis
703 2517 779 2556 quia
803 2521 849 2546 est
872 2516 1044 2546 necessitas
1067 2525 1125 2556 per
1149 2515 1297 2547 ordinem
1322 2516 1362 2546 ad

286 2570 415 2591 causam
437 2560 620 2591 formalem:
646 2561 767 2591 scilicet
783 2566 837 2591 aut
854 2561 930 2601 quia
953 2561 1023 2601 ipsa
1042 2569 1092 2591 res
1109 2566 1156 2591 est
1172 2559 1276 2591 forma
1292 2566 1360 2590 tan-

285 2611 355 2636 tum
371 2615 439 2636 non
456 2606 489 2636 in
506 2605 637 2636 materia
657 2605 805 2641 existens,
822 2610 878 2635 aut
901 2605 977 2645 quia
1001 2604 1105 2636 forma
1129 2605 1242 2646 implet
1258 2610 1359 2636 totam

285 2651 493 2691 capacitatem
518 2651 680 2686 materiae,
696 2655 733 2680 ut
748 2650 896 2690 superius
909 2651 926 2667 *
949 2650 1062 2690 patuit.
1087 2649 1150 2681 Sed
1175 2649 1265 2690 quod
1281 2659 1360 2680 con-

285 2695 429 2735 sequitur
455 2694 592 2725 t'ormam
616 2695 671 2731 rei,
696 2695 907 2735 consequitur
931 2695 1000 2724 eius
1030 2695 1258 2726 substantiam:
1283 2704 1359 2725 cum

284 2739 388 2770 forma
412 2739 451 2770 sit
475 2738 514 2770 de
538 2739 714 2770 substantia
733 2739 792 2775 rei;
818 2744 849 2770 et
872 2739 905 2769 in
930 2739 1082 2779 separatis
1102 2749 1120 2769 a
1140 2740 1272 2770 materia
1291 2739 1360 2780 ipsa

284 2783 388 2815 forma
411 2784 450 2814 sit
474 2784 518 2814 rei
535 2784 720 2815 substantia.
738 2783 825 2824 Ergo
843 2783 1031 2814 huiusmodi
1047 2785 1219 2815 necessitas
1239 2783 1360 2815 ordinis

283 2829 428 2869 sequitur
448 2829 659 2859 substantiam
675 2829 731 2859 rei.
748 2828 835 2868 Ergo
852 2834 1010 2868 repugnat
1026 2828 1117 2869 quod
1133 2829 1172 2859 sit
1187 2829 1359 2860 necessitas

283 2873 404 2904 ordinis
425 2873 625 2910 huiusmodi,
642 2878 674 2903 et
690 2882 757 2903 non
782 2879 1000 2913 consequatur
1023 2873 1234 2904 substantiam
1258 2874 1312 2904 rei.

339 2918 369 2948 3.
394 2917 622 2958 Respondetur
645 2917 826 2958 dupliciter,
842 2918 1011 2958 supposita
1030 2918 1126 2948 huius
1149 2923 1254 2949 textus
1278 2918 1359 2949 veri-

281 2968 356 2993 tate.
381 2963 501 2999 Primo,
525 2961 616 3003 quod
639 2962 769 2994 duobus
791 2961 898 2993 modis
921 2961 1043 3003 aliquid
1071 2963 1227 3003 consequi
1251 2968 1359 3003 potest

283 3007 491 3038 substantiam
519 3007 578 3037 rei:
606 3007 738 3043 scilicet,
766 3012 820 3037 aut
847 3006 993 3038 absolute
1021 3006 1271 3044 consideratam
1303 3013 1357 3039 aut

282 3052 345 3082 iam
366 3053 574 3082 constitutam
598 3052 630 3082 in
656 3060 734 3082 esse.
760 3051 860 3090 Quod
885 3051 1095 3092 consequitur
1117 3052 1222 3091 primo
1245 3052 1357 3089 modo,

282 3101 328 3126 est
352 3095 391 3126 de
416 3097 485 3127 eius
500 3096 624 3126 ratione
640 3101 695 3126 aut
712 3096 842 3136 propria
866 3096 983 3136 passio.
1009 3095 1049 3126 Et
1072 3095 1135 3126 tale
1157 3097 1357 3128 aeternaliter

282 3141 434 3171 convenit
450 3141 494 3172 rei
515 3139 695 3171 secundum
712 3150 781 3171 esse
803 3140 1029 3176 intellectuale,
1046 3140 1158 3171 saltem
1175 3141 1356 3172 secundum

282 3185 574 3225 apprehensionem
591 3185 772 3216 intellectus
788 3184 904 3215 divini:
920 3185 953 3216 in
970 3184 1158 3215 huiusmodi
1174 3185 1260 3216 enim
1281 3195 1356 3226 pro-

282 3230 498 3269 positionibus
528 3235 575 3260 est
606 3235 732 3260 tantum
762 3229 934 3260 necessitas
962 3228 1083 3260 ordinis
1112 3229 1285 3270 praedicati
1316 3230 1356 3261 ad

282 3274 478 3310 subiectum;
503 3275 563 3304 ista
587 3275 673 3304 enim
698 3280 745 3304 est
768 3279 917 3305 aeternae
934 3274 1082 3310 veritatis,
1106 3273 1218 3304 Homo
1239 3279 1286 3305 est
1302 3285 1355 3306 ra-

283 3318 424 3355 tionalis,
457 3323 488 3349 et
519 3319 588 3355 ista,
613 3318 724 3348 Homo
755 3324 803 3349 est
833 3318 978 3354 risibilis,
1003 3317 1184 3349 secundum
1208 3324 1354 3350 naturam

282 3363 493 3393 terminorum
511 3362 720 3394 considerata.
738 3362 838 3401 Quod
855 3369 963 3394 autem
983 3363 1194 3403 consequitur
1210 3363 1355 3395 secundo

282 3406 393 3443 modo,
410 3417 477 3437 non
495 3408 648 3438 convenit
664 3408 709 3438 rei
726 3407 925 3438 aeternaliter
941 3407 1001 3438 nisi
1017 3407 1086 3447 ipsa
1101 3416 1151 3438 res
1167 3407 1206 3437 ab
1223 3413 1354 3439 aeterno

283 3451 330 3481 sit.
343 3469 365 3473 -
382 3450 467 3482 Cum
486 3461 562 3492 ergo
579 3451 700 3492 aliquid
718 3457 860 3483 creatum
877 3452 973 3482 habet
988 3452 1212 3482 necessitatem
1228 3451 1353 3483 essendi

283 3495 315 3524 in
339 3495 451 3526 ordine
475 3495 514 3526 ad
537 3495 686 3533 formam,
707 3496 759 3527 illa
778 3497 949 3527 necessitas
973 3496 1185 3537 consequitur
1207 3502 1353 3528 naturam

283 3539 426 3569 secundo
450 3540 562 3577 modo,
587 3540 707 3571 scilicet
731 3547 766 3571 ut
790 3542 853 3572 iam
878 3541 1087 3572 constitutam
1110 3541 1144 3571 in
1168 3550 1252 3571 esse:
1278 3542 1353 3581 quia

283 3582 327 3612 sic
352 3584 524 3614 constituta
548 3590 594 3615 est
618 3585 650 3615 in
675 3595 743 3616 esse
761 3591 796 3616 ut
814 3595 882 3616 non
902 3586 1016 3616 habeat
1035 3585 1214 3626 potentiam
1231 3585 1270 3616 ad
1285 3595 1353 3616 non

285 3635 362 3656 esse.
386 3627 460 3657 Non
493 3634 601 3659 autem
631 3630 737 3669 primo
768 3630 886 3661 modo:
912 3636 947 3661 ut
970 3630 1186 3661 necessarium
1216 3630 1254 3660 sit
1285 3639 1352 3660 esse

283 3671 482 3701 aeternaliter
506 3672 548 3702 illi
574 3674 756 3704 convenire.
1310 3690 1312 3692 ·

1474 1982 1678 2023 Responderi
1700 1988 1808 2023 potest
1823 1981 1981 2019 secundo,
1998 1982 2090 2023 quod
2104 1983 2163 2013 ista
2181 1983 2355 2014 necessitas
2370 1984 2497 2016 essendi

1418 2027 1631 2068 consequitur
1647 2026 1781 2067 quidem
1797 2027 2007 2058 substantiam
2031 2027 2077 2057 rei
2100 2027 2134 2058 in
2156 2037 2276 2068 genere
2299 2038 2414 2060 causae
2430 2028 2496 2060 sor-

1418 2071 1525 2102 malis:
1551 2081 1618 2102 non
1642 2077 1752 2102 autem
1776 2071 1809 2102 in
1833 2081 1951 2111 genere
1975 2081 2090 2103 causae
2117 2071 2295 2110 efficientis,
2320 2074 2412 2114 quasi
2435 2074 2495 2105 sci—

1416 2116 1491 2147 licet
1515 2125 1565 2147 res
1589 2125 1606 2146 a
1631 2125 1664 2146 se
1688 2116 1804 2147 habeat
1827 2117 2052 2147 necessitatem
2076 2116 2213 2154 essendi,
2238 2122 2269 2148 et
2291 2127 2358 2148 non
2379 2118 2418 2149 ab
2434 2118 2495 2150 alia

1418 2170 1513 2191 causa
1537 2159 1697 2197 effectiva;
1723 2170 1799 2192 cum
1822 2170 1890 2191 non
1914 2161 2030 2192 habeat
2053 2170 2122 2192 esse
2147 2171 2185 2192 ex
2209 2171 2254 2198 se,
2279 2162 2335 2193 sed
2355 2163 2395 2194 ab
2418 2163 2493 2194 alio.

1417 2205 1457 2236 Et
1481 2204 1567 2242 ideo,
1591 2206 1697 2246 posita
1721 2206 1898 2236 substantia
1928 2205 1961 2236 in
1992 2211 2076 2242 actu,
2100 2206 2171 2237 talis
2194 2207 2367 2238 necessitas
2389 2207 2493 2248 ipsam

1416 2250 1561 2291 sequitur
1584 2250 1666 2281 sicut
1687 2249 1820 2282 effectus
1837 2249 1979 2281 formalis
1996 2260 2088 2281 suam
2108 2250 2246 2282 formam
2271 2252 2492 2293 consequitur.

1415 2294 1492 2325 Non
1516 2299 1626 2325 autem
1651 2299 1782 2335 oportet
1805 2300 1841 2325 ut
1857 2304 1906 2326 res
1922 2294 1962 2326 ab
1977 2300 2110 2326 aeterno
2134 2295 2190 2326 sit:
2217 2305 2257 2326 eo
2274 2296 2363 2336 quod
2381 2306 2419 2327 ex
2434 2306 2492 2328 vo-

1415 2339 1538 2370 luntate
1562 2338 1772 2379 producentis
1797 2339 1865 2370 eius
1889 2348 1957 2370 esse
1983 2338 2173 2380 dependeat,
2190 2349 2258 2371 non
2278 2346 2387 2371 autem
2404 2350 2442 2372 ex
2457 2351 2492 2373 se

1416 2383 1560 2414 effective
1585 2384 1808 2414 necessitatem
1825 2383 1951 2415 essendi
1967 2384 2092 2415 habeat.
2109 2402 2132 2406 —
2147 2384 2189 2415 Et
2204 2385 2249 2415 sic
2265 2390 2352 2425 patet
2368 2385 2490 2416 nullam

1415 2437 1485 2458 esse
1509 2427 1810 2459 contradictionem.

1472 2471 1556 2502 Puto
1573 2478 1680 2503 tamen
1698 2478 1822 2503 textum
1838 2473 1926 2503 hunc
1942 2473 2090 2504 vitiatum
2107 2482 2175 2504 esse
2186 2474 2218 2504 *t
2240 2479 2275 2504 ut
2291 2483 2329 2505 ex
2345 2483 2416 2515 cap.
2429 2484 2490 2506 xxx

1415 2522 1446 2547 et
1469 2526 1552 2553 xxx1,
1577 2516 1617 2547 ad
1641 2526 1724 2558 quae
1748 2517 1821 2548 loca
1844 2526 1878 2547 se
1901 2518 2034 2548 remittit
2053 2517 2189 2549 Sanctus
2205 2517 2361 2556 Thomas,
2381 2523 2490 2560 patere

1413 2566 1531 2601 potest.
1555 2560 1631 2592 Non
1656 2562 1744 2592 enim
1764 2561 1859 2592 debet
1877 2561 2005 2598 habere,
2022 2571 2088 2592 non
2105 2567 2212 2593 tamen
2229 2563 2299 2594 eius
2318 2556 2491 2596 necessitas

1412 2605 1560 2646 sequitur
1582 2605 1652 2636 eius
1675 2605 1910 2637 substantiam:
1932 2606 1988 2637 sed
2011 2607 2067 2643 sic,
2092 2607 2162 2638 eius
2185 2611 2291 2638 tamen
2317 2608 2491 2640 necessitas

1413 2650 1561 2691 sequitur
1584 2650 1653 2681 eius
1675 2650 1900 2682 substantiam.
1925 2650 1966 2682 Et
1986 2651 2032 2682 sie
2047 2652 2217 2692 responsio
2234 2652 2318 2683 clara
2333 2657 2488 2685 remanet.

1413 2694 1446 2726 Si
1471 2695 1559 2725 enim
1582 2696 1755 2726 necessitas
1786 2695 1996 2726 substantiam
2026 2696 2183 2737 sequitur,
2206 2706 2274 2728 non
2304 2702 2415 2738 potest
2442 2697 2488 2729 rei

1413 2740 1588 2770 convenire
1611 2740 1672 2770 nisi
1695 2740 1764 2781 ipsa
1788 2740 1964 2771 substantia
1986 2741 2092 2781 posita
2115 2741 2148 2772 in
2173 2746 2257 2773 actu.
2286 2741 2327 2772 Et
2349 2740 2426 2774 ideo
2449 2751 2488 2775 ex

1413 2785 1482 2825 ipsa
1497 2793 1565 2815 non
1582 2789 1690 2825 potest
1713 2785 1802 2825 argui
1819 2784 1908 2826 quod
1932 2785 2108 2816 substantia
2132 2795 2199 2817 non
2224 2786 2404 2828 incoeperit
2419 2795 2487 2818 esse

1413 2838 1470 2870 per
1493 2838 1591 2870 agens
1615 2828 1772 2860 divinum.

1469 2873 1506 2904 11.
1523 2873 1574 2904 Ad
1588 2874 1775 2910 secundum,
1793 2873 1870 2905 dicit
1887 2873 1978 2915 quod
1994 2874 2095 2905 virtus
2111 2874 2240 2906 essendi
2252 2883 2382 2916 semper
2396 2883 2488 2916 prae·

1413 2918 1570 2959 supponit
1585 2919 1781 2950 substantiae
1796 2918 2059 2959 productionem.
2077 2918 2154 2951 ldeo
2171 2920 2403 2960 consequentia
2418 2929 2488 2951 non

1412 2968 1511 2994 tenet.

1467 3007 1530 3038 Pro
1554 3007 1667 3038 maiori
1692 3007 1903 3048 intelligentia
1926 3007 2023 3039 huius
2050 3008 2282 3049 responsionis,
2306 3005 2486 3046 sciendum.

1412 3061 1449 3082 ex
1467 3051 1612 3083 doctrina
1630 3051 1738 3082 Sancti
1751 3051 1900 3083 Thomae
1913 3052 2072 3089 Potentia,
2086 3061 2117 3093 q.
2131 3062 2176 3090 m,
2189 3062 2217 3084 a.
2236 3060 2285 3093 17,
2299 3052 2339 3083 ad
2351 3062 2382 3089 2,
2395 3051 2486 3094 quod

1411 3096 1504 3127 nulla
1536 3096 1639 3127 virtus
1669 3097 1794 3127 essendi
1822 3102 1880 3127 aut
1909 3096 2069 3137 operandi
2099 3097 2231 3138 respicit
2257 3097 2484 3138 praeteritum,

1409 3140 1467 3171 sed
1483 3150 1644 3181 praesens
1666 3145 1725 3172 aut
1737 3141 1914 3183 futurum:
1938 3141 2021 3172 nihil
2043 3142 2129 3172 enim
2151 3141 2248 3172 habet
2275 3141 2425 3172 virtutem
2449 3144 2486 3171 ut

1409 3185 1535 3226 aliquid
1548 3186 1682 3227 fecerit,
1707 3185 1764 3216 sed
1788 3191 1823 3216 ut
1846 3195 1934 3216 nunc
1956 3191 2015 3217 aut
2038 3186 2071 3217 in
2089 3191 2260 3227 posterum
2283 3185 2410 3226 aliquid
2421 3185 2484 3227 sa-

1409 3230 1484 3260 ciat.
1514 3229 1591 3261 ldeo
1620 3230 1702 3261 bene
1732 3231 1786 3261 hic
1817 3229 1934 3262 dicitur
1957 3230 2048 3271 quod
2071 3231 2171 3262 virtus
2201 3229 2327 3262 essendi
2356 3238 2484 3270 semper

1409 3275 1643 3315 praesupponit
1666 3275 1862 3306 substantiae
1885 3275 2148 3315 productionem,
2172 3279 2204 3305 et
2226 3283 2294 3306 non
2318 3274 2422 3314 arguit
2437 3275 2482 3305 rei

1409 3319 1708 3360 sempiternitatem.

1467 3373 1495 3394 2.
1521 3363 1584 3394 Sed
1608 3364 1748 3394 occurrit
1772 3362 1919 3394 dubium.
1943 3363 2031 3402 Quia
2049 3363 2148 3394 virtus
2165 3371 2249 3403 quae
2265 3371 2352 3393 nunc
2369 3367 2418 3393 est
2432 3371 2482 3393 re-

1408 3414 1519 3448 spectu
1545 3408 1681 3439 alicuius
1711 3409 1888 3448 praesentis
1918 3413 1973 3439 aut
2003 3406 2112 3444 futuri,
2135 3412 2242 3447 potest
2271 3416 2339 3437 esse
2367 3406 2480 3438 eadem

1408 3461 1491 3492 quae
1523 3451 1584 3484 fuit
1614 3461 1710 3484 causa
1741 3452 1810 3484 eius
1833 3452 1925 3493 quod
1955 3461 2044 3483 nunc
2070 3457 2118 3482 est
2148 3451 2374 3492 praeteritum:
2399 3452 2482 3483 sicut

1406 3502 1514 3537 potest
1537 3506 1607 3528 esse
1631 3496 1722 3538 quod
1746 3495 1860 3528 eadem
1878 3497 1978 3528 virtus
1993 3504 2058 3536 qua
2080 3495 2163 3536 ignis
2179 3495 2353 3527 calefacere
2372 3501 2481 3537 potest

1406 3541 1542 3582 lignum,
1567 3540 1747 3572 calefecerit
1769 3540 1920 3582 lapidem.
1945 3539 1997 3571 Sic
2021 3549 2098 3580 ergo
2122 3540 2221 3571 virtus
2238 3540 2364 3571 essendi
2380 3540 2480 3581 respi-

1407 3594 1479 3616 cere
1503 3591 1610 3627 potest
1634 3586 1730 3617 etiam
1753 3585 1961 3626 praeteritum
1984 3589 2139 3625 tanquam
2156 3583 2307 3616 effectum
2323 3585 2387 3616 iam
2403 3593 2479 3625 pro-

1407 3629 1560 3661 ductum:
1584 3639 1698 3661 verum
1722 3629 1809 3660 enim
1833 3634 1880 3659 est
1903 3628 1993 3669 quod
2017 3629 2117 3660 virtus
2136 3638 2220 3670 quae
2236 3629 2290 3661 dat
2305 3638 2394 3660 nunc
2410 3637 2478 3660 esse

1407 3674 1497 3705 caelo
1522 3674 1698 3705 formaliter
1722 3679 1753 3704 et
1777 3673 1863 3704 dabit
1887 3673 1919 3704 in
1944 3671 2100 3710 futurum,
2125 3673 2212 3705 dedit
2236 3674 2332 3705 etiam
2357 3682 2426 3704 esse
2445 3673 2476 3703 in

2529 1142 2538 1151 ·
2544 1140 2602 1168 cap.
2608 1147 2640 1168 vi,
2645 1147 2668 1170 5³
2675 1141 2743 1164 ¹:1⁸1!-

2528 1167 2543 1189 1.
2557 1173 2592 1189 ιο.

2526 1512 2536 1523 ·
2551 1511 2608 1540 Cap.
2623 1518 2681 1535 un.

2518 2479 2528 2490 ·
2537 2478 2573 2502 Cf.
2582 2483 2639 2502 text.
2649 2483 2671 2502 et
2682 2485 2733 2502 vni·¹
