2768 4134
59 2959 71 2970 '
80 2957 118 2982 cf.
126 2957 188 2981 infr·
194 2958 219 2981 in
229 2959 276 2981 hoc

62 2990 150 3015 parag„
164 2991 187 3015 3.

891 281 1079 318 SUMMA
1109 284 1329 322 CONTRA
1358 287 1632 337 GENTILES,
1663 291 1773 328 CAP.
1794 286 1922 330 XCIII.

311 359 461 389 omnium
486 358 724 399 perfectionum
749 357 838 388 Deus
862 365 909 388 est
933 358 1128 397 distributor,
1150 361 1223 392 ideo
1244 364 1385 394 humana

310 404 429 434 iustitia
461 404 532 434 Deo
564 413 632 434 non
663 402 832 434 convenit:
866 403 922 432 sed
946 404 1028 433 bene
1057 405 1175 435 iustitia
1205 408 1384 438 secundum

310 449 470 479 rationem
491 458 584 479 suam
607 447 814 483 illimitatam;
839 456 923 487 quae
939 453 1047 478 tamen
1065 449 1098 478 in
1115 449 1186 479 Deo
1202 451 1299 481 habet
1313 462 1385 482 mo-

311 493 389 523 durn
407 493 534 524 divinae
549 499 682 524 naturae
706 492 967 523 convenientem.
993 491 1033 522 Et
1053 493 1198 523 similiter
1214 495 1329 525 dicitur
1345 496 1384 527 de

310 538 379 568 aliis
404 538 583 569 virtutibus.
1212 573 1216 579 ,

365 582 501 622 Propter
530 582 594 612 hoc
623 581 701 612 dixit
731 581 878 621 superius
909 580 1045 611 Sanctus
1070 581 1214 612 Thomas
1239 584 1328 623 quod
1352 586 1385 614 in

310 627 382 657 Deo
406 637 475 658 non
499 632 574 657 sunt
598 626 730 656 virtutes
754 631 852 666 prout
875 626 1052 656 humanam
1076 626 1174 656 vitam
1199 627 1383 667 perficiunt:

308 671 401 707 idest,
425 681 492 702 non
524 676 600 701 sunt
630 669 811 701 secundum
842 670 1070 701 limitationem
1100 670 1188 700 illam
1220 681 1284 712 qua
1311 679 1386 703 sunt

308 717 470 746 humanae
494 716 642 751 virtutes;
674 715 749 746 licet
773 715 934 756 quaedam
961 715 1142 746 secundum
1174 725 1385 747 communem

308 770 420 791 earum
442 760 602 791 rationem
627 760 659 790 in
684 760 757 801 ipso
788 760 998 801 reperiantur,
1023 766 1055 791 et
1078 760 1258 791 secundum
1283 771 1385 801 quen-

308 805 382 836 dam
399 804 538 835 modum
562 805 720 835 altiorem.
746 805 787 835 Et
811 810 858 835 est
881 805 986 835 simile
1002 804 1042 835 de
1058 805 1212 835 omnibus
1229 806 1297 835 aliis
1313 816 1385 846 per-

307 850 504 881 fectionibus
527 859 611 890 quae
636 850 708 880 Deo
733 855 765 880 et
788 850 940 880 creaturis
963 849 1141 880 formaliter
1169 851 1384 881 conveniunt:

306 901 383 926 sunt
406 895 494 926 enim
517 895 551 925 in
576 895 647 925 Deo
671 895 859 931 illimitatae,
884 895 917 925 in
941 895 1094 925 creaturis
1118 901 1227 926 autem
1251 902 1326 925 sunt
1349 896 1386 926 li-

306 940 447 971 mitatae.
465 939 560 971 Unde
577 939 790 970 concedimus
806 939 940 979 quidem
957 940 989 970 in
1003 939 1075 970 Deo
1091 939 1283 980 sapientiam
1306 950 1385 976 esse,

306 994 374 1016 non
399 990 508 1016 autem
532 985 727 1025 sapientiam
750 985 939 1015 humanam.
964 984 1056 1015 Licet
1080 985 1168 1015 enim
1191 985 1272 1015 ratio
1296 994 1386 1015 com-

306 1031 415 1060 munis
438 1030 574 1070 analoga
598 1029 736 1070 accipiat
758 1029 896 1060 modum
921 1029 1068 1059 divinum
1092 1028 1273 1060 secundum
1295 1030 1386 1069 quod

307 1081 355 1105 est
377 1075 410 1105 in
436 1074 518 1111 Deo,
543 1075 627 1105 sicut
651 1080 682 1104 et
705 1073 844 1104 modum
867 1075 1050 1105 humanum
1079 1074 1176 1104 habet
1204 1073 1386 1105 secundum

306 1119 397 1160 quod
414 1124 462 1150 est
476 1120 509 1150 in
534 1119 679 1155 homine,
697 1119 788 1149 aliter
801 1124 911 1149 tamen
928 1124 960 1150 et
975 1119 1065 1150 aliter
1081 1128 1114 1149 se
1131 1119 1227 1150 habet
1243 1118 1283 1149 ad
1298 1119 1385 1149 hunc

305 1170 338 1195 et
362 1164 402 1195 ad
425 1164 519 1195 illum
541 1163 691 1194 modum.
722 1162 809 1201 Quia
831 1163 1014 1195 secundum
1038 1162 1130 1204 quod
1153 1162 1193 1194 ad
1216 1163 1386 1194 hominem

305 1210 450 1244 trahitur,
466 1208 585 1249 accipit
600 1208 830 1239 limitationem
853 1208 1019 1250 quandam
1042 1215 1075 1240 et
1097 1207 1386 1248 specificationem,

305 1252 408 1294 fitque
431 1253 640 1294 particularis.
665 1252 856 1284 Secundum
879 1263 957 1285 vero
981 1253 1073 1294 quod
1096 1253 1128 1283 in
1154 1253 1227 1284 Deo
1250 1253 1386 1290 locatur,

304 1307 373 1329 non
404 1297 522 1338 accipit
551 1297 780 1330 limitationem
813 1304 844 1328 et
874 1297 1163 1340 specificationem,
1187 1307 1255 1328 non
1283 1297 1386 1339 fitque

304 1340 597 1386 garficularist‘sed
607 1340 697 1383 quod
714 1342 852 1374 confuse
868 1349 899 1374 et
915 1343 1134 1383 potentialiter
1145 1342 1294 1373 absolute
1307 1351 1387 1373 con-

275 1385 286 1387 *
302 1386 441 1418 siderata
456 1386 596 1424 dicebat,
613 1387 645 1418 id
661 1393 768 1418 totum
793 1393 830 1418 ut
852 1393 900 1418 est
922 1388 957 1419 in
980 1387 1054 1419 Deo
1078 1387 1245 1418 actualiter
1270 1397 1387 1418 secun—

304 1431 385 1463 dum
409 1431 575 1472 quandam
599 1433 809 1463 eminentiam
841 1432 929 1463 dicit.
958 1432 1036 1464 Ideo
1060 1438 1206 1464 remanet
1228 1431 1386 1473 perfectio

301 1476 463 1513 illimitata
478 1482 511 1508 et
527 1476 663 1508 infinita.
689 1476 762 1518 Ipsa
783 1483 893 1508 tamen
910 1477 1079 1518 perfectio,
1095 1477 1277 1509 secundum
1295 1477 1387 1518 quod

304 1527 353 1553 est
374 1522 410 1553 in
433 1521 506 1552 Deo
531 1527 563 1552 et
586 1522 621 1552 in
643 1522 790 1558 homine,
815 1528 864 1553 est
886 1522 1033 1554 eiusdem
1056 1523 1200 1559 rationis,
1217 1532 1286 1554 non
1310 1523 1386 1553 sim-

303 1566 440 1608 pliciter,
457 1566 514 1597 sed
530 1566 712 1607 analogice:
737 1572 774 1598 ut
789 1567 966 1607 superius*
982 1572 1039 1598 est'
1053 1573 1232 1604 ostensum,
1250 1567 1328 1598 dum
1346 1567 1386 1599 de

303 1611 420 1643 divinis
442 1612 633 1642 nominibus
657 1612 820 1652 agebatur.

358 1656 412 1687 VI.
430 1655 526 1687 Circa
550 1655 759 1687 corollarium
772 1657 789 1673 ⁹
805 1656 1052 1694 attendendum,
1068 1657 1250 1688 secundum
1267 1657 1386 1688 doctri·
1412 1657 1414 1671 ³

301 1696 380 1732 nam
402 1700 512 1732 Sancti
535 1701 686 1732 Thomae
710 1701 722 1731 1
743 1701 842 1737 Sent„
861 1701 892 1732 d.
909 1711 973 1738 xxx,
990 1711 1022 1742 q.
1040 1712 1069 1738 v,
1087 1712 1114 1734 a.
1134 1712 1164 1739 2,
1181 1702 1221 1733 ad
1237 1711 1269 1742 4,
1295 1702 1385 1743 quod

301 1755 353 1777 res
373 1745 547 1787 dupliciter
561 1746 595 1776 in
613 1746 685 1776 Deo
702 1755 772 1777 esse
788 1752 927 1786 possunt
951 1747 1188 1788 exemplariter:
1214 1748 1336 1779 scilicet
1351 1748 1384 1778 in

301 1796 417 1822 natura
432 1791 546 1832 ipsius,
563 1797 595 1821 et
611 1791 644 1821 in
661 1791 839 1824 intellectu.
857 1791 893 1822 In
909 1797 1024 1823 natura
1040 1792 1148 1824 divina
1164 1792 1316 1824 dicuntur
1332 1793 1385 1824 illa

302 1835 528 1876 exemplariter
543 1845 613 1867 esse
630 1845 714 1876 quae
730 1835 910 1868 formaliter
925 1843 1001 1868 sunt
1017 1843 1049 1868 et
1064 1837 1097 1868 in
1111 1837 1184 1868 Deo
1201 1843 1233 1868 et
1248 1838 1282 1868 in
1298 1847 1385 1868 crea-

301 1886 383 1911 tura.
409 1880 496 1912 Cum
521 1881 609 1912 enim
633 1881 673 1911 sit
697 1881 867 1921 utriusque
890 1891 956 1912 una
979 1883 1061 1914 ratio
1086 1882 1385 1924 proportionaliter,

301 1924 485 1957 secundum
502 1925 593 1966 quod
609 1925 718 1966 aliqua
730 1925 889 1966 perfectio
907 1932 955 1957 est
969 1927 1002 1957 in
1016 1933 1171 1964 creatura,
1184 1927 1387 1968 exemplatur

302 1980 320 2000 a
342 1969 546 2011 perfectione
570 1971 726 2001 existente
742 1971 774 2001 in
791 1976 906 2002 natura
922 1971 1030 2002 divina
1053 1972 1137 2003 sicut
1155 1971 1384 2013 imperfectum

302 2025 321 2045 a
336 2014 499 2057 perfecto:
525 2016 618 2052 sicut,
637 2016 714 2056 quia
734 2016 891 2056 sapientia
907 2015 1085 2047 formaliter
1101 2023 1149 2048 est
1164 2017 1198 2048 in
1215 2017 1287 2048 Deo
1305 2023 1337 2048 et
1351 2018 1384 2048 in

301 2059 448 2096 homine,
465 2060 623 2102 sapientia
638 2060 781 2091 humana
797 2066 846 2091 est
861 2060 1022 2101 quaedam
1045 2061 1184 2092 imitatio
1209 2062 1385 2103 sapientiae

302 2103 440 2136 divinae.
456 2123 479 2128 -
494 2104 531 2136 In
547 2104 714 2136 intellectu
726 2110 837 2136 autem
853 2105 1006 2137 dicuntur
1021 2107 1246 2148 exemplariter
1262 2116 1331 2138 esse
1349 2116 1386 2138 ea

302 2159 447 2191 quorum
461 2150 614 2191 propriae
630 2150 772 2181 rationes
788 2156 1044 2191 cognoscuntur.
1068 2151 1110 2182 Et
1125 2152 1202 2192 quia
1223 2153 1384 2186 omnium.

302 2194 399 2225 etiam
423 2203 509 2236 quae
531 2194 712 2226 formaliter
734 2195 767 2226 in
792 2195 864 2226 Deo
885 2204 954 2226 non
970 2201 1056 2232 sunt,
1073 2197 1221 2238 proprias
1243 2197 1386 2228 rationes

301 2239 392 2270 De'us
407 2239 588 2280 cognoscit,
606 2239 682 2270 ideo
700 2240 812 2270 omnia
835 2240 1061 2282 exemplariter
1076 2246 1152 2272 sunt
1167 2242 1201 2272 in
1217 2242 1385 2273 intellectu

301 2282 425 2321 divino,
449 2284 516 2315 sive
539 2285 574 2315 in
598 2283 706 2315 divina
730 2285 898 2326 sapientia,
922 2291 960 2316 ut
982 2286 1035 2317 hic
1058 2285 1186 2317 dicitur.

356 2327 411 2360 Sic
435 2338 513 2370 ergo
536 2329 673 2360 virtutes
695 2335 826 2360 nostrae
850 2339 931 2370 quas
954 2330 987 2360 in
1019 2330 1092 2362 Deo
1124 2330 1302 2363 formaliter
1325 2341 1385 2372 po-

300 2374 421 2410 nimus,
445 2383 464 2405 a
487 2374 660 2405 virtutibus
692 2374 903 2406 existentibus
933 2375 967 2405 in
996 2380 1110 2406 natura
1141 2375 1250 2407 divina
1276 2386 1385 2408 exem·

300 2417 447 2461 piantur:
479 2427 550 2450 non
580 2423 690 2450 autem
720 2419 855 2450 virtutes
878 2429 959 2460 quas
990 2419 1023 2451 in
1056 2420 1128 2452 Deo
1160 2422 1292 2462 proprie
1317 2431 1384 2452 non

300 2463 469 2504 ponimus,
493 2462 551 2495 sed
572 2468 701 2495 tantum
725 2465 959 2505 metaphorice.

357 2507 426 2540 vn.
450 2507 633 2550 Dupliciter
645 2514 755 2540 autem
771 2509 855 2540 circa
867 2510 976 2550 ipsum
989 2510 1197 2542 corollarium
1211 2511 1383 2543 dubitatur.

301 2553 423 2590 Primo,
448 2554 526 2594 quia
549 2553 677 2585 videtur
698 2555 781 2586 nihil
804 2563 902 2595 posse
935 2564 1004 2586 esse
1035 2555 1069 2586 in
1097 2554 1205 2586 divina
1229 2557 1385 2597 sapientia

302 2597 529 2639 exemplariter
552 2598 643 2640 quod
666 2608 735 2630 non
759 2600 800 2631 sit
822 2600 1049 2640 exemplariter
1071 2601 1105 2631 in
1130 2599 1238 2632 divina
1261 2607 1383 2632 natura.

300 2642 387 2675 Nam
402 2642 480 2675 ideo
496 2643 605 2675 divina
627 2645 785 2685 sapientia
808 2646 960 2676 omnium
984 2645 1215 2686 complectitur
1239 2647 1384 2687 proprias

301 2688 455 2725 rationes,
479 2689 557 2730 quia
587 2690 759 2720 essentiam
789 2699 882 2720 suam
912 2690 1126 2731 apprehendit
1157 2697 1192 2722 ut
1219 2692 1383 2732 propriam

301 2733 462 2764 rationem
485 2734 757 2775 uniuscuiusque,
775 2743 816 2765 eo
832 2734 923 2775 quod
947 2735 1212 2776 unumquodque
1228 2736 1268 2766 sit
1284 2745 1383 2776 quae-

267 2793 273 2800 ·
302 2777 379 2809 dam
405 2778 596 2819 participata
620 2779 798 2811 similitudo
822 2779 924 2811 divini
946 2789 1016 2811 esse
1029 2781 1055 2811 ἢ
1080 2780 1167 2821 Ergo
1195 2786 1325 2821 oportet
1348 2786 1384 2810 ut

302 2822 395 2863 quod
417 2823 452 2854 in
476 2822 585 2854 divina
608 2824 765 2865 sapientia
787 2830 835 2856 est
858 2825 1094 2866 exemplariter,
1110 2826 1150 2856 sit
1173 2826 1269 2856 etiam
1286 2826 1319 2856 in
1335 2825 1383 2856 di-

301 2867 377 2898 vina
387 2874 517 2899 natura:
535 2868 684 2910 alioquin
696 2868 804 2901 divina
819 2871 958 2901 essentia
973 2880 1041 2901 non
1058 2875 1168 2911 posset
1183 2869 1380 2910 apprehendi

302 2918 340 2944 ut
361 2913 495 2954 propria
518 2913 600 2944 ratio
623 2914 895 2956 uniuscuiusque.

359 2957 514 2989 Secundo
522 2958 550 2994 ³,
563 2958 640 2999 quia
651 2958 790 2990 Sanctus
798 2959 956 2996 Thomas,
969 2960 1075 2991 Prima
1084 2959 1262 2995 Secundae,
1277 2969 1308 2999 q.
1320 2969 1380 2995 mn,

303 3011 331 3032 a.
342 3003 372 3038 5,
383 3007 474 3034 tenet
488 3005 736 3044 temperantiam
753 3011 786 3036 et
801 3004 1027 3036 fortitudinem
1043 3014 1113 3035 esse
1129 3005 1261 3035 virtutes
1274 3013 1381 3034 exem-

302 3046 407 3087 plares
422 3048 456 3078 in
473 3047 560 3079 Deo:
578 3057 659 3089 quas
674 3055 784 3081 tamen
801 3056 929 3081 constat
941 3050 1014 3080 Deo
1031 3060 1097 3080 non
1115 3050 1288 3080 convenire
1304 3057 1380 3088 pro-

302 3092 384 3132 prie,
407 3091 465 3123 sed
488 3098 616 3125 tantum
638 3095 872 3135 metaphorice.

361 3146 390 3167 2.
415 3136 468 3168 Ad
490 3138 634 3179 primum
657 3139 777 3171 horum
800 3139 1016 3181 respondetur
1040 3139 1130 3179 quod
1146 3138 1308 3178 exemplar
1324 3137 1379 3168 ali—

303 3182 396 3212 cuius
419 3191 490 3213 esse
513 3182 546 3214 in
570 3183 635 3216 alio
660 3183 833 3225 dupliciter
855 3190 964 3226 potest
993 3184 1138 3224 intelligi.
1168 3183 1242 3214 Uno
1266 3181 1378 3217 modo,

303 3276 351 3302 est
380 3272 559 3304 similitudo
591 3274 639 3305 sui
673 3275 853 3306 secundum
885 3284 954 3305 esse
983 3273 1137 3309 naturale,
1162 3273 1245 3303 sicut
1276 3281 1377 3301 unum

302 3316 478 3348 album-est
493 3318 598 3350 simile
614 3319 705 3350 alteri
721 3320 806 3351 albo.
827 3320 903 3350 Alio
919 3318 1032 3354 modo,
1049 3317 1228 3348 secundum
1253 3325 1378 3355 reprae-

302 3362 520 3394 sentationem
542 3369 685 3395 tantum:
710 3374 779 3405 quo
803 3364 905 3395 modo
934 3363 1107 3403 conceptio
1135 3361 1250 3402 lapidis
1273 3361 1305 3390 in
1329 3361 1377 3390 in-

266 3417 269 3420 <
301 3405 435 3437 tellectu
459 3413 507 3438 est
529 3408 644 3449 lapidis
668 3410 843 3450 exemplar.
867 3409 987 3448 Aliqua
1010 3417 1087 3447 ergo
1110 3407 1143 3436 in
1167 3406 1239 3436 Deo
1259 3405 1378 3435 habent

302 3451 467 3492 exemplar
489 3453 596 3493 primo
619 3453 732 3491 modo,
758 3460 794 3485 ut
817 3453 985 3494 sapientia:
1011 3452 1118 3492 aliqua
1139 3460 1215 3480 vero
1232 3449 1376 3480 secundo

301 3495 404 3527 modo
428 3502 566 3535 tantum,
592 3504 628 3529 ut
651 3500 784 3530 materia
808 3499 922 3539 prima.

2427 300 2500 347 257

1496 366 1775 400 Considerandum
1805 371 1960 408 secundo,
1992 373 2081 414 quod
2111 375 2164 406 illa
2194 378 2324 417 proprie
2354 379 2504 411 dicuntur

1439 410 1555 442 habere
1578 413 1660 443 inter
1676 423 1709 443 se
1726 415 1969 447 similitudinem
1993 419 2172 450 secundum
2196 423 2453 455 convenientiam
2470 426 2503 456 in

1438 461 1561 491 natura,
1579 457 1662 496 qua'e
1677 458 1711 488 in
1727 459 1836 499 aliquo
1853 459 2028 493 formaliter
2051 466 2258 502 conveniunt,
2277 468 2367 508 quod
2383 469 2503 501 scilicet

1439 499 1618 549 secundum
1643 511 1733 532 suam
1757 502 1925 536 formalem
1950 508 2106 538 rationem
2123 510 2157 540 in
2173 517 2311 551 utroque
2331 513 2500 546 invenitur.

1440 542 1472 573 S1
1497 550 1604 575 autern
1630 546 1719 585 quod
1743 547 1775 577 in
1800 558 1866 579 uno
1891 550 2065 582 formaliter
2082 559 2137 590 est,
2155 555 2187 585 in
2204 556 2303 587 altero
2328 557 2502 590 formaliter

1439 596 1507 617 non
1531 589 1579 624 sit,
1604 590 1660 620 sed
1683 596 1807 622 tantum
1831 594 2004 626 virtualiter
2028 603 2058 627 et
2082 599 2269 637 eminenter,
2294 601 2346 631 illa
2366 612 2433 633 non
2455 603 2501 634 di-

1439 638 1556 663 cuntur
1580 635 1693 664 similia
1724 637 1903 669 secundum
1934 642 2192 673 convenientiam
2223 645 2256 674 in
2286 652 2407 677 natura.
2439 648 2502 679 Sed

1440 678 1585 715 quamvis
1601 679 1690 718 quod
1707 681 1750 710 sic
1767 682 1902 713 alterum
1917 685 2090 715 virtualiter
2107 693 2138 716 et
2154 689 2331 720 eminenter
2347 693 2501 729 continet,

1439 730 1506 751 non
1520 722 1632 753 habeat
1645 727 1903 758 convenientiam
1918 729 1950 758 in
1967 735 2078 759 natura
2092 740 2166 761 cum
2182 733 2264 772 ipso,
2278 740 2383 773 potest
2394 742 2500 768 tamen

1439 766 1568 817 concipi
1594 774 1627 798 ut
1651 769 1739 799 alteri
1763 773 2045 811 proportionatum
2070 780 2100 804 et
2118 781 2151 805 ut
2175 777 2243 807 eius
2260 780 2387 818 propria
2403 782 2500 812 ratio:

1439 816 1521 840 sicut
1541 817 1638 842 virtus
1654 813 1740 849 solis,
1753 814 1827 845 licet
1843 826 1910 846 non
1926 817 2040 847 habeat
2056 828 2131 849 cum
2144 821 2249 851 calore
2261 823 2501 856 similitudinem

1412 872 1414 896 ζ
1439 854 1472 883 in
1496 861 1617 892 natura,
1638 864 1744 897 potest
1767 865 1874 890 tamen
1900 862 2029 902 concipi
2053 868 2088 892 ut
2111 865 2191 894 ratio
2216 866 2340 903 caloris,
2357 877 2396 898 eo
2414 871 2502 909 quod

1440 899 1580 930 calorem
1605 902 1777 933 virtualiter
1808 910 1838 934 et
1869 906 2047 936 eminenter
2078 909 2257 946 contineat;
2282 916 2314 941 et
2337 912 2381 942 sic
2404 914 2502 945 virtus

1440 944 1525 979 solis,
1547 953 1704 986 concepta
1720 954 1755 977 ut
1779 951 2022 988 proportionata
2046 951 2155 988 calori,
2173 954 2231 984 erit
2255 957 2416 996 exemplar
2435 959 2503 989 eius

1439 990 1607 1028 proprium
1631 991 1663 1021 in
1688 992 1861 1029 intellectu,
1887 1003 1969 1034 quae
1993 1001 2101 1026 tamen
2125 998 2303 1029 secundum
2325 1010 2358 1031 se
2374 1011 2440 1032 non
2458 1009 2503 1033 est

1440 1034 1603 1074 exemplar
1634 1034 1807 1067 formaliter
1837 1038 2016 1070 secundum
2048 1050 2116 1071 esse
2147 1049 2288 1079 naturae,
2312 1062 2335 1067 -
2357 1046 2417 1076 nisi
2444 1047 2503 1077 im—

1439 1079 1568 1117 proprie
1600 1079 1734 1110 velimus
1765 1082 1909 1122 accipere
1940 1093 2061 1115 nornen
2094 1088 2289 1127 exemplaris
2322 1099 2380 1129 pro
2415 1093 2502 1122 omni

1439 1122 1648 1153 similitudine
1681 1126 1992 1168 quomodocumque
2020 1136 2162 1170 accepta,
2190 1132 2265 1168 sive,
2294 1134 2436 1174 inquam,
2465 1137 2503 1166 sit

1439 1166 1616 1206 adaequata
1641 1169 1706 1199 sive
1731 1171 1897 1201 excedens.

1495 1211 1546 1242 Ad
1569 1215 1774 1252 propositum
1798 1225 1884 1255 ergo,
1909 1223 2043 1257 negatur
2070 1219 2148 1249 nihil
2180 1229 2274 1260 posse
2305 1232 2372 1253 esse
2397 1233 2503 1255 exem—

1439 1256 1569 1295 plariter
1592 1258 1624 1287 in
1650 1257 1756 1288 divina
1779 1261 1933 1300 sapientia
1957 1262 2047 1301 quod
2070 1273 2136 1294 non
2161 1265 2200 1294 sit
2223 1267 2445 1307 exemplariter
2470 1269 2501 1299 in

1440 1299 1547 1331 divina
1571 1307 1697 1332 natura:
1723 1304 1911 1344 accipiendo
1937 1316 2004 1336 esse
2029 1308 2249 1348 exemplariter
2268 1311 2300 1340 in
2316 1318 2428 1342 natura
2445 1322 2503 1353 pro

1441 1354 1480 1375 eo
1498 1345 1587 1385 quod
1612 1352 1659 1377 est
1683 1347 1799 1379 habere
1823 1349 1855 1379 in
1878 1350 1946 1389 ipsa
1966 1351 2206 1383 similitudinem
2230 1355 2409 1386 secundum
2426 1366 2503 1388 con-

1440 1390 1635 1421 venientiam
1661 1390 1829 1423 formalem
1853 1394 1885 1423 in
1909 1401 2030 1426 natura.
2062 1396 2152 1427 Stant
2182 1399 2267 1429 enim
2295 1400 2390 1431 simul
2415 1402 2504 1442 quod

1440 1434 1563 1475 aliquid
1593 1436 1626 1466 in
1657 1437 1820 1468 intellectu
1845 1438 1965 1475 divino,
1989 1441 2054 1470 sive
2078 1441 2109 1470 in
2135 1451 2202 1473 esse
2226 1445 2367 1483 cognito,
2392 1445 2505 1476 habeat

1439 1480 1609 1520 proprium
1634 1482 1805 1522 exemplar,
1823 1493 1862 1513 eo
1879 1484 1969 1523 quod
1986 1485 2053 1515 eius
2070 1487 2198 1526 propria
2220 1489 2300 1518 ratio
2324 1490 2505 1530 concipitur

1440 1524 1479 1554 ab
1495 1524 1662 1556 intellectu
1679 1525 1805 1564 divino;
1831 1534 1861 1558 et
1884 1534 1992 1560 tamen
2016 1530 2048 1559 in
2073 1529 2179 1561 divina
2201 1538 2313 1563 natura
2331 1533 2505 1565 formaliter

1440 1579 1509 1600 esse
1533 1579 1600 1600 non
1625 1570 1749 1606 habeat,
1774 1572 1829 1602 sed
1852 1578 1978 1603 tantum
2002 1574 2185 1610 virtualiter,
2203 1577 2294 1607 etsie
2310 1578 2343 1608 in
2367 1579 2434 1619 ipsa
2449 1589 2504 1609 na-

1439 1620 1510 1645 tura
1535 1615 1699 1656 exemplar
1722 1625 1788 1646 non
1813 1617 1937 1647 habeat.

1496 1659 1583 1690 Cum
1600 1666 1709 1690 autem
1726 1661 1880 1701 probatur
1896 1663 1972 1702 quia
1987 1662 2062 1693 ideo
2079 1662 2199 1704 aliquid
2224 1667 2444 1706 exemplariter
2461 1674 2506 1698 est

1439 1704 1472 1734 in
1487 1705 1644 1745 sapientia
1662 1704 1779 1741 divina,
1793 1707 1868 1746 quia
1885 1706 1991 1736 divina
2007 1708 2142 1738 essentia
2158 1709 2312 1749 accipitur
2328 1716 2363 1741 ut
2378 1713 2507 1752 propria

1439 1749 1520 1779 ratio
1552 1750 1636 1780 eius:
1667 1750 1855 1781 conceditur
1885 1751 1948 1781 hoc
1979 1751 2122 1791 quidem,
2146 1752 2202 1783 sed
2231 1761 2364 1794 negatur
2395 1765 2507 1786 conse-

1440 1794 1583 1834 quentia.
1605 1794 1808 1836 Supponitur
1825 1796 1911 1826 enim
1929 1795 2029 1836 quod,
2046 1796 2224 1828 secundum
2242 1799 2377 1829 modum
2393 1800 2508 1830 intelli-

1438 1837 1548 1879 gendi,
1561 1839 1650 1879 prius
1666 1839 1773 1870 divina
1790 1841 1926 1870 essentia
1942 1841 1981 1870 sit
1998 1841 2139 1871 formalis
2155 1842 2331 1874 similitudo
2349 1845 2506 1880 omnium,

1438 1889 1594 1925 tanquam
1618 1884 1740 1915 scilicet
1763 1885 1795 1915 in
1820 1895 1853 1915 se
1877 1886 1997 1916 habens
2021 1885 2197 1917 formaliter
2226 1888 2374 1918 omnium
2404 1888 2507 1929 perfe-

1440 1929 1575 1964 ctiones,
1593 1934 1624 1959 et
1640 1928 1756 1960 deinde
1778 1930 2037 1970 apprehendatur
2057 1937 2091 1961 ut
2107 1933 2236 1972 propria
2259 1933 2338 1963 ratio
2363 1933 2506 1964 alicuius.

1439 1973 1514 2004 Hoc
1530 1979 1640 2004 autem
1657 1973 1772 2005 falsum
1790 1981 1846 2005 est.
1871 1974 1945 2004 Non
1972 1975 2056 2005 enim
2082 1975 2155 2006 ideo
2176 1977 2356 2017 concipitur
2372 1979 2506 2008 essentia

1439 2017 1547 2049 divina
1572 2024 1607 2049 ut
1631 2020 1760 2059 propria
1784 2020 1863 2050 ratio
1888 2019 2023 2050 alicuius
2047 2021 2122 2060 quia
2145 2021 2184 2051 sit
2208 2022 2275 2052 eius
2299 2021 2441 2052 formalis
2465 2023 2506 2052 si-

1439 2062 1590 2093 militudo
1615 2064 1735 2094 habens
1759 2073 1833 2094 curn
1865 2065 1935 2104 ipso
1960 2065 2218 2095 convenientiam
2242 2066 2275 2096 in
2299 2071 2425 2097 natura:
2451 2067 2505 2097 sed

1440 2108 1516 2148 quia
1540 2114 1594 2138 aut
1620 2115 1666 2139 est
1691 2109 1758 2139 eius
1782 2108 1924 2139 formalis
1948 2109 2134 2145 similitudo,
2159 2116 2213 2140 aut
2237 2111 2382 2141 eminens
2398 2117 2429 2141 et
2445 2112 2505 2141 vir-

1438 2153 1544 2183 tualis.
1569 2153 1662 2184 Voco
1687 2159 1794 2184 autem
1819 2153 1987 2184 formalem
2011 2154 2253 2185 similitudinem
2274 2165 2343 2186 eam
2361 2165 2443 2196 quae
2460 2162 2506 2186 est

1439 2196 1584 2228 eiusdem
1601 2199 1733 2229 rationis
1749 2204 1803 2229 aut
1819 2198 2006 2239 simpliciter
2022 2205 2076 2229 aut
2093 2200 2384 2240 proportionaliter.
2400 2200 2505 2236 Unde,

1439 2251 1515 2273 cum
1540 2242 1648 2274 divina
1672 2243 1807 2274 essentia
1839 2244 2021 2284 concipitur
2051 2250 2086 2274 ut
2116 2245 2246 2284 propria
2269 2246 2347 2275 ratio
2372 2245 2505 2275 alicuius

1439 2288 1473 2318 in
1497 2288 1569 2328 ipso
1594 2297 1660 2318 non
1692 2289 1854 2318 existentis
1887 2288 2062 2319 formaliter
2091 2287 2147 2319 sed
2170 2290 2347 2320 eminenter
2369 2295 2504 2324 tantum,

1439 2333 1508 2373 ipsa
1532 2342 1581 2363 res
1606 2339 1652 2363 est
1676 2333 1707 2363 in
1733 2333 1803 2363 Deo
1835 2333 2057 2373 exemplariter
2084 2334 2261 2364 secundum
2292 2339 2505 2374 repraesenta-

1439 2378 1563 2408 tionem
1587 2377 1819 2418 intelligibilem
1851 2384 1986 2408 tantum.
2018 2378 2105 2408 Dum
2135 2384 2242 2409 autem
2267 2379 2448 2419 concipitur
2471 2384 2505 2408 ut

1438 2423 1519 2452 ratio
1544 2422 1613 2452 eius
1637 2422 1727 2462 quod
1750 2422 1783 2452 in
1811 2422 1879 2462 ipsa
1910 2423 2084 2453 formaliter
2114 2429 2170 2458 est,
2195 2433 2244 2453 res
2274 2428 2505 2463 repraesentata

1439 2467 1535 2497 habet
1558 2467 1591 2497 in
1617 2467 1687 2497 Deo
1711 2466 1956 2498 similitudinem
1979 2477 2015 2498 ac
2039 2468 2201 2508 exemplar
2217 2473 2248 2498 et
2263 2467 2441 2498 secundum
2457 2476 2505 2497 re-

1437 2512 1731 2552 praesentationem
1755 2511 1989 2552 intelligibilem
2005 2518 2036 2542 et
2051 2512 2230 2543 secundum
2247 2511 2503 2543 convenientiam

1438 2555 1607 2586 formalem
1632 2557 1665 2586 in
1689 2562 1810 2586 natura.
1843 2556 2005 2596 Sapientia
2036 2557 2122 2587 enim
2153 2557 2293 2587 humana
2320 2562 2352 2587 et
2378 2563 2503 2595 reprae-

1437 2606 1579 2632 sentatur
1602 2599 1782 2631 secundum
1806 2601 1969 2641 propriam
1994 2602 2150 2631 rationem
2175 2610 2231 2641 per
2254 2600 2390 2631 formam
2410 2599 2503 2630 intel—

1437 2646 1554 2676 lectam
1581 2646 1647 2675 sive
1675 2651 1866 2685 conceptam
1893 2645 1932 2674 ab
1963 2645 2128 2675 intellectu
2161 2645 2285 2680 divino;
2321 2650 2352 2675 et
2384 2652 2503 2674 conve-

1437 2690 1591 2721 nientiam
1616 2689 1785 2720 formalem
1810 2690 1905 2719 habet
1935 2699 2010 2719 curn
2038 2694 2150 2719 natura
2181 2689 2286 2719 divina
2309 2689 2500 2729 inquantum

1436 2734 1592 2775 sapientia
1616 2739 1672 2769 est,
1698 2743 1738 2764 eo
1763 2733 1852 2774 quod
1875 2734 2030 2774 sapientia
2054 2739 2084 2764 et
2107 2733 2138 2763 in
2164 2733 2235 2763 Deo
2259 2738 2290 2763 et
2312 2733 2345 2763 in
2368 2732 2500 2762 homine

1436 2780 1476 2810 sit
1499 2778 1678 2809 secundum
1704 2788 1801 2809 unam
1825 2778 1983 2809 rationem
2007 2778 2186 2817 analogam,
2206 2783 2241 2807 ut
2263 2777 2437 2817 superius*
2454 2781 2500 2806 est

1437 2830 1614 2854 ostensum.
1639 2823 1679 2854 Et
1702 2823 1846 2855 similiter
1869 2822 1985 2853 dicitur
2009 2822 2047 2852 de
2072 2822 2239 2852 virtutibus
2263 2830 2345 2860 quae
2370 2820 2499 2860 proprie

1437 2869 1508 2899 Deo
1533 2869 1744 2898 conveniunt.

1493 2913 1522 2943 3.
1547 2912 1598 2943 Ad
1621 2911 1800 2943 secundum
1826 2911 1942 2941 dicitur
1960 2911 2077 2950 primo,
2094 2909 2183 2950 quod
2205 2910 2339 2940 Sanctus
2355 2909 2498 2938 Thomas

1434 2958 1467 2988 in
1488 2957 1594 2987 Prima
1610 2956 1788 2991 Secundae,
1812 2956 1925 2986 volens
1949 2955 2068 2985 salvare
2092 2955 2279 2985 sententiam
2297 2952 2451 2983 Macrobii
2467 2957 2498 2982 et

1434 3002 1563 3037 Plotini,
1589 3002 1681 3041 ponit
1705 3000 1925 3031 fortitudinem
1950 3006 1982 3030 et
2004 3000 2247 3039 temperantiam
2271 2999 2302 3028 in
2327 2997 2408 3032 Deo,
2429 3005 2496 3026 non

1434 3046 1614 3077 secundum
1640 3045 1776 3076 eandem
1799 3046 1957 3075 rationem
1988 3044 2166 3084 analogam,
2191 3043 2246 3073 sed
2276 3040 2496 3072 fortitudinem

1434 3096 1528 3121 vocat
1547 3091 1647 3130 ipsam
1670 3089 1958 3119 immutabilitatem
1982 3088 2052 3124 Dei,
2070 3087 2312 3128 temperantiam
2327 3095 2403 3116 vero
2420 3094 2496 3115 con-

1434 3135 1613 3165 versionem
1638 3134 1767 3164 divinae
1791 3133 1978 3163 intentionis
1993 3132 2037 3162 ad
2051 3132 2198 3172 seipsum,
2216 3140 2291 3161 cum
2307 3130 2423 3170 quibus
2440 3129 2495 3159 ali-

1433 3189 1532 3220 quam
1555 3178 1797 3210 similitudinem
1829 3178 1947 3207 habent
1977 3175 2131 3207 fortitudo
2156 3177 2295 3206 humana
2319 3180 2349 3204 et
2372 3179 2495 3214 tempe-

302 3226 484 3258 secundum
501 3229 765 3260 convenientiam
788 3230 823 3260 in
846 3235 974 3260 natura:
1000 3229 1076 3269 quia
1092 3227 1241 3258 videlicet
1256 3228 1289 3257 in
1307 3227 1378 3267 ipso
1432 3225 1542 3254 rantia.
1568 3223 1661 3254 Unde
1685 3222 1904 3262 metaphorice
1928 3220 2078 3251 dicuntur
2102 3220 2141 3250 de
2165 3220 2246 3250 Deo.

1488 3268 1613 3298 Dicitur
1636 3267 1790 3302 secundo,
1815 3266 1904 3306 quod
1927 3265 2102 3305 improprie
2126 3264 2240 3303 accipit
2264 3263 2306 3292 ibi
2330 3261 2497 3302 exemplar

1432 3313 1567 3343 Sanctus
1584 3312 1744 3342 Thomas:
1770 3311 1890 3341 scilicet
1908 3319 1967 3349 pro
1984 3309 2072 3339 omni
2089 3307 2296 3338 similitudine
2313 3305 2495 3347 perfectiori

1432 3363 1464 3388 et
1479 3357 1684 3387 eminentiori
1702 3367 1719 3386 a
1735 3365 1798 3396 qua
1815 3355 1949 3385 alterurn
1962 3352 2131 3393 dependet.
2149 3352 2212 3382 Hic
2228 3357 2335 3382 autem
2351 3351 2496 3390 loquitur

1431 3402 1470 3432 de
1495 3402 1668 3441 exemplari
1693 3401 1836 3441 proprie:
1861 3408 1919 3439 pro
1943 3396 2150 3428 similitudine
2173 3396 2293 3427 scilicet
2316 3395 2454 3430 formali,
2477 3404 2495 3424 a

1431 3456 1495 3487 qua
1511 3447 1646 3477 alterum
1664 3444 1861 3485 exemplatur
1884 3441 2063 3473 secundum
2089 3440 2224 3471 eandem
2247 3440 2403 3470 rationem
2420 3448 2494 3469 ana-

1430 3492 1549 3531 logam,
1575 3500 1657 3530 quae
1682 3490 1761 3519 ratio
1787 3494 1832 3519 est
1855 3487 1957 3517 forma
1982 3490 2149 3525 concepta.

1356 3605 1361 3630 3
1375 3597 1602 3639 ‚³3W,
1613 3615 1667 3618 *ff

445 3742 538 3766 Summa
558 3741 668 3766 Con-raa
688 3741 821 3766 Gau-ritas
841 3740 871 3764 D.
891 3740 1006 3764 Tamus
1026 3738 1094 3762 Toxi.
1110 3736 1128 3761 1.

2319 3724 2350 3749 33

2527 2777 2536 2785 “
2566 2776 2623 2803 Cap.
2651 2782 2733 2803 xxxiv,

2527 2802 2656 2825 Commem.
2664 2809 2735 2825 n.xv¹.
