2768 4134
20 1499 29 1508 ‘
50 1498 121 1520 Num.
143 1505 175 1525 vi,
194 1498 234 1520 Se-

20 1524 152 1551 cunda,fin.

20 1726 29 1735 ‘
43 1725 114 1747 Num.
130 1731 170 1747 vn.

17 3029 26 3038 '¹
43 3028 78 3050 cf.
93 3028 137 3051 loc.
153 3029 192 3051 cit.

18 3199 62 3221 'ln
82 3200 126 3222 hoc
161 3207 230 3229 arag„

18 3227 132 3248 Attenden
152 3234 195 3249 um.

15 3558 25 3567 '¹
39 3557 109 3580 Num.
121 3563 155 3580 ni.

274 302 349 350 398

272 395 288 414 a
313 382 496 421 composito
521 381 563 410 ita
588 378 678 419 quod
707 377 927 417 compositum
954 381 1118 406 remaneat
1142 380 1173 405 et
1196 384 1263 406 non
1287 375 1344 405 ha-

271 430 343 460 beat
375 435 452 456 esse.
485 425 526 454 Et
554 425 597 454 ita
631 422 853 462 compositum
884 421 942 451 erit
974 419 1230 460 incorruptibile,
1262 420 1345 450 sicut

270 472 373 503 forma
397 470 580 500 subsistens.

323 513 565 554 Respondetur:
584 518 615 543 et
638 511 754 542 dicitur
777 511 894 551 primo,
919 509 1010 550 quod
1033 510 1147 550 utique
1172 519 1240 540 esse
1265 519 1344 540 con-

268 561 355 591 venit
378 569 436 599 per
451 568 485 589 se
503 558 699 597 composito,
716 562 752 587 ut
762 565 826 596 per
840 565 875 586 se
891 561 1004 585 contra
1013 564 1078 595 per
1094 554 1244 585 accidens
1264 554 1343 585 divi-

269 605 362 641 ditur,
388 613 463 634 cum
488 607 642 642 sequatur
665 601 805 632 formam
833 601 916 631 eius:
941 609 1010 630 non
1041 604 1148 630 tamen
1180 599 1239 629 sibi
1264 609 1343 630 con-

267 650 354 680 venit
371 658 435 689 per
456 657 491 678 se
508 647 629 687 primo,
656 656 723 687 quo
747 645 848 676 modo
874 644 1027 675 convenit
1050 643 1184 674 formae.

323 694 448 724 Dicitur
464 691 619 728 secundo,
637 691 727 732 quod
750 700 819 723 non
836 690 981 730 sequitur
997 699 1097 719 omne
1121 689 1343 729 compositum

268 748 335 769 esse
359 737 616 777 incorruptibile,
641 738 723 767 sicut
752 736 859 767 omnis
890 734 995 765 forma
1018 743 1076 774 per
1105 743 1139 764 se
1166 734 1343 764 subsistens

265 782 517 823 incorruptibilis
534 788 591 813 est.
609 782 643 812 Si
659 782 747 812 enim
764 781 985 820 compositum
1002 779 1042 809 sit
1057 778 1120 809 tale
1143 784 1180 809 ut
1203 777 1343 809 formam

265 837 446 868 perquam
469 827 566 857 habet
590 836 658 858 esse
681 835 750 856 non
766 826 869 866 possit
891 825 1047 860 amittere,
1065 823 1124 855 erit
1146 823 1342 864 incorrupti-

265 873 343 909 bile;
368 873 394 903 si
411 878 519 903 autem
536 872 637 912 possit
653 871 791 902 formam
808 871 963 905 amittere,
981 868 1191 909 corruptibile
1207 869 1276 899 erit.
1299 868 1343 899 Ut

264 923 352 958 patet
375 918 408 948 in
433 917 584 957 exemplo
605 916 746 947 adducto
768 915 808 945 de
827 913 1038 945 rotunditate:
1063 924 1082 944 a
1105 914 1229 944 circulo
1253 914 1342 944 enim

264 963 356 994 nullo
379 962 482 993 modo
506 967 614 1002 potest
636 960 798 992 removeri
822 958 1003 990 rotunditas
1027 959 1071 989 ita
1099 958 1190 999 quod
1212 963 1343 989 maneat

265 1008 404 1038 circulus
428 1013 460 1038 et
482 1016 551 1037 non
575 1007 614 1036 sit
637 1005 812 1041 rotundus;
841 1003 897 1034 sed
928 1005 1011 1034 bene
1043 1014 1061 1034 a
1090 1003 1213 1034 circulo
1237 1012 1341 1034 aeneo

264 1053 424 1083 removeri
448 1057 564 1092 potest,
583 1061 623 1081 eo
641 1050 731 1091 quod
751 1051 790 1080 ab
815 1059 888 1081 aere
903 1048 1008 1089 figura
1031 1049 1143 1079 circuli
1166 1049 1270 1089 possit
1292 1058 1341 1079 re·

263 1098 398 1128 moveri.
423 1097 500 1127 Esse
525 1106 601 1136 ergo
626 1097 665 1126 ab
690 1105 730 1125 eo
748 1095 801 1125 cui
817 1095 923 1135 primo
941 1099 972 1124 et
988 1103 1046 1134 per
1061 1103 1095 1124 se
1112 1093 1275 1129 convenit,
1291 1103 1341 1124 re-

263 1143 387 1172 moveri
398 1151 467 1172 non
484 1146 606 1181 potest:
625 1140 680 1171 sed
697 1141 779 1170 bene
796 1140 835 1170 ab
852 1149 892 1170 eo
910 1139 963 1170 cui
979 1148 1047 1169 non
1064 1139 1218 1169 convenit
1232 1147 1291 1178 per
1307 1148 1341 1169 se

263 1187 318 1217 sed
342 1196 399 1226 per
415 1185 512 1222 aliud,
526 1186 646 1216 scilicet
663 1195 720 1226 per
737 1184 886 1221 formam,
904 1189 1012 1225 potest
1030 1184 1201 1220 removeri,
1218 1183 1244 1213 si
1259 1182 1341 1214 illud

262 1232 400 1262 formam
426 1231 570 1261 amittere
594 1231 705 1271 possit.
731 1230 772 1260 Et
795 1235 874 1260 tunc
898 1228 978 1260 illud
999 1229 1058 1259 erit
1074 1227 1293 1269 corruptibile.

316 1277 441 1306 Dicitur
463 1276 557 1306 tertio
582 1275 683 1316 quod,
704 1275 780 1306 licet
803 1284 872 1305 esse
895 1284 964 1305 non
986 1274 1088 1314 possit
1111 1284 1130 1304 a
1153 1273 1339 1313 composito

262 1321 399 1362 separari
423 1322 465 1351 ita
490 1320 580 1360 quod
604 1321 825 1361 compositum
849 1319 1030 1350 secundum
1051 1328 1085 1350 se
1105 1324 1212 1349 totum
1235 1327 1339 1349 rema-

261 1373 335 1397 neat
358 1367 392 1396 in
415 1371 529 1396 natura
552 1366 675 1406 absque
699 1375 778 1402 esse,
796 1370 904 1405 potest
919 1370 1027 1395 tamen
1053 1364 1191 1404 separari
1210 1364 1250 1394 ab
1265 1363 1338 1404 ipso

262 1411 442 1442 secundum
459 1411 602 1450 aliquam
625 1416 750 1451 partem
767 1411 816 1440 sui
833 1409 1047 1446 essentialem,
1072 1408 1252 1440 secundum
1277 1409 1339 1439 sci-

261 1457 335 1487 licet
358 1456 535 1492 materiam,
559 1461 755 1486 remanente.

316 1501 368 1532 Ad
389 1500 671 1531 confirmationem
682 1502 700 1518 ³*
715 1500 832 1531 dicitur
848 1498 939 1540 quod
955 1500 1069 1540 utique
1085 1508 1143 1539 per
1157 1499 1338 1539 potentiam

262 1546 404 1578 divinam
428 1546 575 1576 absolute
599 1545 668 1576 fieri
691 1550 799 1586 potest
822 1550 859 1575 ut
883 1543 988 1576 forma
1015 1545 1055 1575 sit
1083 1550 1115 1574 et
1137 1553 1235 1575 suum
1262 1553 1338 1584 pro-

262 1592 370 1631 prium
394 1597 425 1621 et
448 1590 592 1621 naturale
609 1601 678 1622 esse
701 1600 769 1621 non
786 1590 911 1620 habeat.
929 1589 962 1621 Si
985 1595 1095 1620 tamen
1119 1599 1180 1620 suo
1200 1589 1338 1620 naturali

263 1637 370 1667 cursui
393 1636 603 1676 relinquatur,
628 1645 755 1676 semper
771 1641 803 1665 et
825 1635 1006 1665 necessario
1031 1643 1128 1665 suum
1152 1644 1221 1665 esse
1243 1639 1338 1664 natu-

262 1681 326 1711 rale
342 1681 438 1711 habet
455 1680 587 1721 quando
604 1680 794 1721 producitur
809 1680 843 1710 in
859 1685 982 1710 natura.
1008 1679 1049 1709 Et
1071 1679 1131 1709 ista
1154 1679 1338 1715 necessitas,

263 1731 299 1755 ut
323 1727 469 1766 superius
482 1727 498 1742 *
515 1725 639 1756 dictum
655 1731 712 1762 est,
729 1725 769 1756 ad
785 1725 989 1765 perseitatem
1005 1723 1140 1754 secundi
1163 1723 1255 1754 modi
1271 1723 1337 1754 suf-

263 1769 339 1807 ficit,
365 1771 497 1811 quando
521 1770 742 1811 praedicatum
767 1769 890 1810 aliquid
914 1769 991 1800 dicit
1007 1779 1025 1799 a
1041 1769 1176 1799 subiecti
1201 1769 1338 1800 essentia

262 1815 388 1846 realiter
411 1815 608 1846 distinctum.

319 1860 349 1891 3.
373 1861 424 1891 Ad
446 1861 575 1891 tertiam
600 1861 716 1892 dicitur
737 1859 828 1900 quod
847 1869 916 1890 esse
940 1859 980 1890 ad
1003 1858 1142 1889 formam
1167 1858 1338 1899 dupliciter

263 1906 442 1945 comparari
469 1912 592 1945 potest:
618 1915 686 1936 uno
714 1905 827 1941 modo,
852 1905 934 1934 sicut
964 1903 1097 1934 effectus
1126 1903 1271 1933 formalis
1297 1902 1337 1933 ad

262 1959 353 1980 suam
377 1960 525 1987 causam;
550 1951 613 1981 alio
637 1950 751 1986 modo,
775 1950 858 1980 sicut
882 1954 971 1979 actus
987 1948 1028 1978 ad
1051 1949 1242 1988 potentiam,
1266 1952 1336 1977 tan-

262 2003 360 2034 quam
385 1995 506 2026 scilicet
530 2001 620 2026 actus
635 2004 694 2035 per
709 2003 808 2035 quem
824 1994 893 2034 ipsa
910 1993 1015 2023 forma
1031 1993 1136 2023 existit
1160 1993 1193 2023 in
1210 1997 1334 2023 natura.

262 2038 347 2069 Cum
372 2049 449 2080 ergo
474 2040 611 2070 dicimus
643 2039 734 2080 quod
759 2048 826 2069 esse
851 2039 957 2079 primo
987 2043 1018 2068 et
1040 2047 1099 2078 per
1121 2047 1155 2068 se
1183 2037 1337 2068 convenit

260 2083 394 2121 formae,
419 2085 590 2125 dupliciter
608 2090 716 2124 potest
731 2084 884 2124 intelligi:
910 2092 978 2114 uno
1002 2082 1115 2119 modo,
1140 2082 1287 2113 absolute
1305 2087 1336 2112 et

260 2129 453 2166 indistincte,
469 2139 536 2160 non
555 2129 800 2160 determinando
817 2129 959 2169 aliquem
975 2128 1113 2159 modum
1138 2127 1336 2158 convenien-

259 2175 321 2204 tiae
338 2184 395 2205 seu
412 2175 699 2212 concomitantiae3
717 2174 781 2205 alio
797 2173 910 2210 modo,
927 2172 1173 2204 determinando
1197 2171 1335 2203 modum

261 2229 327 2259 quo
345 2220 498 2250 convenit
514 2220 610 2250 alicui
626 2221 709 2251 sicut
721 2225 811 2250 actus
824 2219 977 2250 convenit
993 2218 1168 2259 potentiae,
1185 2217 1334 2248 faciendo

260 2264 381 2295 scilicet
404 2264 508 2305 ipsam
533 2266 666 2296 existere
690 2270 846 2305 tanquam
869 2263 902 2294 id
926 2263 1017 2304 quod
1041 2269 1097 2294 est.

316 2309 349 2340 Si
372 2311 480 2350 primo
503 2309 605 2341 modo
637 2310 823 2350 accipiatur,
852 2309 897 2339 sic
927 2318 995 2340 esse
1026 2309 1132 2349 primo
1164 2313 1195 2338 et
1219 2316 1276 2348 per
1299 2317 1334 2337 se

261 2355 414 2385 convenit
437 2354 570 2385 formae.
595 2355 690 2391 Nam,
716 2364 791 2385 cum
815 2354 861 2384 illi
885 2354 1059 2384 conveniat
1087 2354 1170 2384 sicut
1201 2352 1334 2383 effectus

260 2398 414 2436 formalis,
439 2399 624 2440 composito
653 2405 761 2430 autem
790 2400 873 2429 sicut
901 2405 1007 2435 actus;
1033 2398 1121 2439 prius
1145 2402 1254 2428 autem
1278 2406 1334 2427 na-

259 2449 330 2474 tura
354 2450 385 2474 et
407 2444 573 2475 intellectu
591 2445 630 2475 sit
653 2444 805 2476 effectum
822 2453 839 2474 a
855 2453 912 2474 sua
936 2453 1031 2474 causa
1055 2442 1218 2484 profluere
1234 2452 1334 2483 quam

259 2489 368 2529 ipsum
391 2489 525 2530 aliquod
552 2490 734 2520 subiectum
765 2494 903 2525 actuare,
933 2489 1008 2519 licet
1038 2494 1214 2528 utrumque
1237 2487 1334 2518 simul

260 2539 408 2574 tempore
432 2535 487 2565 sit:
513 2544 644 2566 necesse
676 2541 723 2565 est
747 2533 852 2565 dicere
877 2533 968 2574 quod
1001 2543 1070 2565 esse
1101 2533 1190 2574 prius
1220 2537 1334 2563 natura

261 2580 432 2610 conveniat
447 2579 571 2610 formae
595 2589 694 2620 quam
711 2579 908 2619 composito.
925 2579 966 2609 Et
982 2579 1027 2610 sic
1043 2578 1181 2609 intendit
1197 2577 1334 2609 Sanctus

260 2623 404 2655 Thomas
428 2625 491 2655 hoc
516 2624 591 2655 loco
616 2633 685 2655 esse
709 2625 884 2655 convenire
900 2623 1025 2655 formae
1035 2623 1146 2665 primo
1171 2628 1203 2653 et
1211 2632 1275 2664 per
1288 2632 1332 2653 se.

315 2669 348 2700 Si
372 2679 449 2700 vero
481 2670 656 2710 accipiatur
686 2669 832 2700 secundo
855 2668 968 2705 modo,
993 2669 1039 2700 sic
1064 2678 1133 2700 esse
1163 2677 1222 2709 per
1244 2668 1334 2709 prius

260 2715 412 2744 convenit
439 2715 625 2755 composito
658 2724 756 2755 quam
786 2714 919 2745 formae.
950 2714 1060 2754 Ipsum
1084 2714 1172 2744 enim
1197 2722 1334 2754 compo-

259 2759 356 2790 situm
381 2760 511 2800 proprie
536 2765 583 2790 est
614 2759 647 2790 id
670 2759 758 2801 quod
781 2765 847 2791 est:
870 2758 976 2790 forma
1003 2764 1113 2790 autem
1141 2764 1189 2789 est
1213 2758 1246 2789 id
1268 2767 1333 2799 quo

258 2804 470 2844 compositum
494 2809 542 2835 est
556 2805 736 2846 existitque,
759 2811 913 2845 tanquam
938 2813 1010 2844 pars
1029 2803 1202 2844 compositi
1226 2804 1333 2844 primo

260 2850 432 2880 existentis.
465 2850 506 2880 Et
536 2849 575 2879 ad
607 2851 695 2880 hunc
727 2859 858 2880 sensum
887 2848 1025 2880 intendit
1048 2848 1277 2889 Philosophus,
1303 2854 1334 2879 et

260 2893 395 2925 Sanctus
412 2894 568 2931 Thomas,
585 2903 654 2925 esse
663 2895 774 2935 primo
791 2900 822 2925 et
832 2904 896 2935 per
905 2903 940 2925 se
952 2894 1128 2925 convenire
1143 2893 1333 2934 composito.

314 2948 345 2978 4.
364 2939 414 2970 Ad
437 2944 588 2980 quartam
608 2939 725 2970 dicitur
741 2939 832 2980 quod
846 2948 916 2970 non
932 2938 1009 2969 dicit
1033 2938 1168 2970 Sanctus
1187 2938 1334 2969 Thomas

260 2984 406 3015 absolute
430 2994 498 3015 esse
521 2994 590 3015 non
613 2993 709 3025 posse
742 2994 780 3015 ex
809 2984 976 3024 principiis
1003 2983 1264 3014 substantialibus
1287 2984 1333 3014 rei

259 3030 390 3066 causari,
407 3029 463 3060 sed
480 3028 567 3060 addit
584 3034 709 3060 tantum
722 3030 748 3060 *.
767 3029 907 3060 Intendit
922 3029 1009 3060 enim
1027 3028 1118 3069 quod
1133 3029 1248 3069 utique
1264 3038 1333 3059 esse

260 3080 407 3105 causatur
423 3085 461 3105 ex
485 3075 651 3116 principiis
668 3074 889 3104 essentialibus
908 3074 963 3110 rei,
989 3083 1025 3104 ex
1051 3074 1188 3104 essentia
1211 3073 1333 3104 scilicet

259 3117 396 3150 formae:
422 3119 478 3151 sed
502 3119 593 3160 quod
615 3128 683 3149 non
707 3124 833 3149 tantum
863 3128 901 3149 ex
931 3119 1000 3159 ipsa
1028 3124 1192 3154 causatur;
1217 3119 1331 3155 immo,

258 3170 382 3203 praeter
397 3165 615 3195 causalitatem
632 3163 765 3200 formae,
782 3164 955 3204 requiritur
971 3163 1137 3194 causalitas
1154 3163 1330 3194 efficientis.

259 3208 393 3249 Propter
417 3209 507 3250 quod
538 3209 625 3245 dixit,
650 3209 725 3239 loco
759 3209 908 3249 superius
923 3209 940 3225 ⁴*
968 3208 1116 3248 allegam,
1148 3208 1238 3248 quod
1262 3218 1331 3239 esse

258 3262 315 3292 per
338 3263 372 3284 se
395 3255 606 3295 consequitur
629 3253 778 3290 formam,
795 3253 962 3294 supposito
979 3258 1085 3284 tamen
1107 3253 1237 3293 influxu
1256 3253 1329 3284 Dei.

259 3297 357 3335 Quod
381 3304 490 3330 autem
514 3300 593 3330 haec
616 3299 656 3329 sit
683 3298 752 3329 eius
775 3298 925 3335 intentio,
957 3303 1045 3339 patet
1076 3307 1113 3328 ex
1137 3298 1330 3338 probatione

257 3342 377 3374 ibidem
401 3343 549 3380 adducta,
574 3344 651 3384 quia
675 3343 797 3374 scilicet
820 3343 911 3374 nulla
930 3352 981 3374 res
1004 3342 1127 3384 sufficit
1150 3348 1185 3373 ut
1206 3343 1250 3373 sit
1270 3343 1331 3374 sibi

258 3396 357 3418 causa
381 3389 516 3432 essendi,
548 3389 576 3419 si
604 3389 721 3419 habeat
741 3398 810 3419 esse
833 3393 1021 3419 causatum:
1043 3397 1111 3418 non
1142 3388 1229 3418 enim
1253 3388 1331 3419 dicit

258 3432 379 3463 nullam
403 3443 470 3463 rem
488 3443 556 3464 esse
580 3434 639 3464 sibi
664 3442 794 3464 causam
818 3432 954 3469 essendi,
974 3432 1031 3463 sed
1055 3431 1146 3472 quod
1170 3442 1235 3463 non
1259 3434 1329 3473 suf-

247 3476 332 3515 ficit,
351 3478 426 3517 quia
449 3478 607 3514 videlicet,
631 3484 756 3518 praeter
779 3478 938 3518 principia
961 3478 1006 3508 rei
1028 3486 1111 3518 quae
1135 3483 1211 3508 sunt
1235 3487 1329 3508 causa

259 3529 335 3557 esse,
360 3523 532 3562 requiritur
555 3524 650 3553 etiam
675 3523 890 3554 extrinsecum
914 3531 1022 3562 agens.

315 3566 342 3595 5.
368 3567 418 3597 Ad
435 3567 516 3597 illud
532 3567 620 3608 quod
635 3568 784 3608 superius
796 3569 813 3584 ⁴⁵
829 3567 1062 3603 adducebatur,
1080 3566 1197 3597 dicitur
1212 3567 1329 3606 primo,

258 3607 331 3639 Divi
355 3610 502 3642 Thomae
518 3618 661 3642 mentem
679 3622 746 3643 esse
764 3612 854 3653 quod
878 3621 947 3643 esse
963 3612 1117 3642 convenit
1132 3610 1256 3642 formae
1272 3621 1330 3652 per

257 3652 343 3684 aliud
367 3656 519 3695 effective.
538 3657 623 3687 Huic
648 3663 756 3687 autem
780 3667 847 3687 non
871 3662 1031 3697 repugnat
1047 3655 1137 3697 quod
1157 3657 1330 3687 conveniat

257 3697 315 3727 sibi
340 3707 397 3738 per
420 3709 452 3729 se
468 3701 672 3741 formaliter,
698 3707 733 3732 ut
756 3711 817 3732 nos
840 3702 1048 3732 intendimus.

787 297 975 334 SUMMA
1005 296 1227 334 CONTRA
1256 296 1532 342 GENTILES,
1561 297 1655 333 LIB.
1677 298 1718 342 ΙΙ,
1749 297 1860 334 CAP.
1881 298 1962 334 LV.

1458 371 1583 402 Dicitur
1607 373 1763 410 secundo,
1788 375 1879 414 quod
1908 385 1976 407 esse
2004 376 2121 409 dicitur
2143 380 2370 419 ,praedicatum
2394 384 2477 414 acci-

1401 415 1538 453 dentale,
1564 417 1641 457 quia
1665 423 1712 448 est
1736 419 1775 448 ab
1799 421 1937 451 essentia
1959 421 2005 451 rei
2028 422 2155 454 realiter
2178 423 2380 458 distinctum:
2407 438 2476 459 non

1400 467 1510 491 autem
1535 462 1611 501 quia
1634 471 1692 502 per
1715 463 1864 495 accidens
1888 466 2060 497 conveniat
2081 466 2215 499 formae.

1455 506 1509 536 IX.
1538 506 1648 537 Tertio
1665 508 1692 537 ἢ
1724 507 1758 539 Si
1781 515 2054 550 corrumperetur,
2077 519 2258 544 remaneret
2283 521 2359 555 post
2383 526 2476 548 suam

1400 551 1656 591 corruptionem.
1673 552 1748 583 Hoc
1764 559 1874 585 autem
1890 560 1938 585 est
1953 556 2164 597 impossibile.
2182 558 2268 599 Ergo
2282 566 2343 591 etc.
2359 577 2383 583 —
2397 561 2476 593 Pro-

1400 596 1492 626 batur
1517 598 1762 637 consequentia.
1791 598 1879 636 Quia
1905 600 1939 630 in
1972 602 2064 632 omni
2096 604 2316 644 corruptione,
2347 612 2476 637 remoto

1400 646 1484 677 actu,
1509 647 1654 672 remanet
1677 643 1837 682 potentia:
1863 653 1904 675 eo
1921 645 2012 685 quod
2028 656 2096 677 non
2113 655 2339 690 corrumpatur
2354 651 2477 692 aliquid

1399 686 1432 715 in
1457 686 1595 716 omnino
1619 695 1688 717 non
1712 696 1779 718 ens.
1805 688 1840 719 ln
1864 689 2048 722 substantiis
2072 698 2181 724 autem
2205 694 2477 727 intellectualibus

1400 739 1468 760 esse
1493 735 1540 761 est
1562 731 1647 761 sicut
1669 738 1770 768 actus,
1790 732 1861 773 ipsa
1883 739 1994 765 autem
2016 737 2192 769 substantia
2215 739 2300 770 sicut
2317 742 2475 781 potentia.

1458 774 1587 811 Quarto
1604 776 1630 806 ἢ
1655 775 1693 806 In
1720 778 1898 809 substantia
1925 779 2136 813 intellectuali
2161 793 2231 814 non
2259 790 2308 815 est
2329 786 2476 826 potentia

1399 819 1439 850 ad
1461 829 1531 851 non
1547 829 1627 851 esse.
1644 820 1731 861 Ergo
1748 827 1809 853 etc.
1826 840 1849 845 -
1863 823 1955 854 Patet
1971 829 2215 866 consequentia.
2232 828 2319 867 Quia
2333 831 2368 861 in
2385 831 2476 862 omni

1399 864 1490 904 quod
1506 866 1736 906 corrumpitur,
1753 873 1884 907 oportet
1900 869 1991 909 quod
2006 870 2047 901 sit
2062 873 2209 911 potentia
2224 873 2265 904 ad
2280 884 2349 906 non
2361 885 2441 906 esse.
2453 894 2478 899 —-

1397 909 1604 941 Antecedens
1627 920 1706 941 vero
1722 913 1888 951 probatur.
1905 913 2079 955 Proprium
2094 918 2316 958 susceptivum
2338 920 2476 952 alicuius

1398 960 1488 985 actus
1511 955 1603 986 nullo
1627 955 1729 987 modo
1754 962 1802 988 est
1823 958 1858 988 in
1876 960 2029 998 ,potentia
2044 961 2084 991 ad
2106 963 2314 1003 oppositum:
2331 970 2420 1005 patet
2435 965 2477 997 de

1397 999 1472 1039 igne
1499 1006 1648 1041 respectu
1676 1002 1802 1033 caloris.
1829 1002 2014 1035 Substantia
2041 1007 2205 1047 completa
2232 1013 2280 1039 est
2305 1010 2475 1050 proprium

1397 1046 1620 1085 susceptivum
1644 1055 1725 1077 esse.
1749 1047 1837 1088 Ergo
1862 1057 1931 1079 non
1954 1050 2050 1080 estin
2067 1053 2213 1091 potentia
2232 1052 2272 1083 ad
2294 1063 2364 1084 non
2387 1063 2479 1086 esse:

1396 1090 1459 1120 nisi
1482 1089 1566 1120 forte
1588 1090 1714 1122 ratione
1736 1092 1889 1124 materiae
1905 1094 1939 1124 in
1962 1095 2147 1127 substantiis
2162 1098 2364 1138 compositis.
2387 1099 2476 1140 Ergo

1397 1135 1593 1166 substantiae
1616 1136 1861 1174 intellectuales,
1879 1147 1964 1179 quae
1984 1145 2060 1171 sunt
2082 1141 2308 1174 immateriales
2330 1149 2362 1174 et
2385 1153 2476 1175 com—

1396 1179 1512 1220 pletae,
1536 1189 1606 1210 non
1625 1187 1701 1212 sunt
1722 1182 1757 1212 in
1780 1184 1928 1223 potentia
1951 1184 1991 1215 ad
2014 1194 2083 1216 non
2108 1196 2188 1218 esse.

1452 1224 1492 1254 X.
1517 1224 1613 1256 Circa
1639 1226 1733 1257 istam
1760 1228 2034 1268 propositionem,
2061 1231 2237 1272 Proprium
2259 1234 2475 1274 susceptivum

1395 1269 1537 1300 alicuius
1555 1275 1648 1301 actus
1671 1280 1738 1302 non
1755 1278 1803 1303 est
1818 1273 1851 1303 in
1862 1275 2014 1314 potentia
2029 1275 2074 1306 ad
2089 1278 2282 1317 oppositum,
2299 1277 2474 1310 dubitatur.

1453 1314 1536 1345 Nam
1560 1316 1676 1346 oculus
1697 1322 1745 1348 est
1762 1318 1933 1358 proprium
1948 1321 2171 1361 susceptivum
2187 1323 2285 1354 visus.
2301 1323 2343 1354 Et
2365 1314 2479 1356 tamen*

1395 1364 1443 1389 est
1459 1360 1682 1400 susceptivum
1697 1363 1869 1394 caecitatis.
1886 1363 1974 1404 Ergo
1987 1370 2048 1396 etc.
2060 1383 2084 1388 -
2095 1366 2187 1404 Item,
2201 1367 2289 1398 idem
2305 1369 2476 1400 estsubie-

1394 1409 1484 1434 ctum
1513 1405 1642 1455 habitus
1669 1411 1703 1436 et
1732 1407 1932 1448 privationiS.
1955 1427 1978 1432 —
2005 1410 2096 1448 Item,
2121 1411 2236 1443 eadem
2259 1417 2308 1443 est
2328 1414 2476 1454 potentia

1394 1455 1642 1481 contrariorum.
2240 1483 2243 1486 Δ
2443 1484 2447 1487 .
2477 1477 2480 1483 -

1475 1494 1562 1535 Ergo
1587 1495 1678 1536 quod
1702 1501 1750 1527 est
1772 1497 1994 1538 susceptivum
2017 1499 2154 1532 alicuius
2177 1507 2277 1539 actus,
2301 1508 2350 1534 est
2377 1493 2481 1535 etiam*

1393 1541 1616 1580 susceptivum
1640 1542 1795 1582 oppositi.

1450 1593 1480 1615 2.
1496 1585 1727 1626 Respondetur
1739 1586 1831 1627 quod
1842 1596 1900 1628 per
1915 1589 2087 1629 proprium
2103 1592 2325 1633 susceptivum
2337 1593 2481 1626 alienans·

1394 1634 1484 1659 actus
1515 1630 1664 1670 intelligit
1692 1631 1828 1663 Sanctus
1859 1632 2005 1664 Thomas
2036 1636 2258 1676 susceptivum
2278 1639 2474 1678 proximum

1394 1678 1425 1704 et
1432 1675 1727 1715 proportionatum
1741 1677 1849 1707 actui:
1863 1687 1933 1708 non
1945 1683 2056 1710 autem
2072 1682 2295 1722 susceptivum
2306 1688 2472 1715 remotum

1394 1724 1425 1749 et
1448 1728 1516 1750 non
1538 1721 1837 1760 proportionatum.
1857 1722 1898 1753 Et
1922 1728 1970 1753 est
1993 1724 2215 1757 universaliter
2241 1736 2356 1758 verum
2379 1727 2472 1769 quod

1393 1773 1462 1794 non
1487 1770 1534 1795 est
1556 1765 1591 1796 in
1613 1766 1761 1805 potentia
1789 1766 1830 1798 ad
1854 1768 2061 1808 oppositum:
2085 1779 2155 1800 non
2185 1771 2274 1802 enim
2304 1772 2396 1813 quod
2424 1778 2479 1804 est-

1391 1810 1679 1849 proportionatum
1695 1811 1806 1848 calori,
1822 1818 1871 1843 est
1886 1814 2174 1854 proportionatum
2189 1815 2310 1857 frigori,
2323 1823 2360 1848 ut
2371 1818 2413 1849 sit
2430 1817 2472 1850 ad

1392 1854 1472 1884 illud
1495 1854 1530 1884 in
1552 1856 1699 1895 potentia
1722 1857 1880 1896 proxima.
1905 1857 2000 1888 Unde
2015 1859 2113 1890 etiam
2127 1861 2262 1892 materia
2284 1863 2398 1903 prima,
2421 1873 2472 1894 se-

1393 1898 1539 1929 cundum
1566 1899 1658 1939 quod
1685 1906 1732 1931 est
1762 1901 2009 1941 proportionata
2040 1902 2165 1935 formae
2194 1906 2278 1945 iguis
2306 1916 2366 1948 per
2387 1909 2472 1940 aeci-

1392 1942 1500 1974 dentia
1523 1944 1617 1984 ignis,
1641 1954 1711 1975 non
1726 1951 1774 1976 est
1797 1947 1980 1987 susceptiva
2002 1946 2128 1979 formae
2150 1959 2268 1990 aquae:
2286 1951 2362 1982 licet
2376 1952 2472 1983 abso—

1390 1987 1469 2026 lute·
1483 1988 1685 2020 considerata
1709 1990 1750 2020 sit
1773 1991 1843 2021 eius
1871 1992 2064 2032 susceptiva,
2089 1998 2246 2035 tanquam
2272 1997 2416 2037 primum
2438 2001 2473 2029 et

1391 2041 1570 2064 commune
1593 2034 1778 2066 subiectum
1801 2036 1952 2068 omnium
1975 2036 2164 2070 formarum.

1448 2077 1542 2110 Unde
1565 2078 1606 2109 ad
1629 2079 1777 2120 primum*
1797 2080 1914 2112 dicitur
1938 2082 2039 2122 quod,
2063 2084 2090 2114 si
2113 2085 2248 2116 nomine
2265 2086 2355 2117 ocuti
2376 2086 2472 2118 intel-

1390 2122 1521 2163 ligimus
1544 2125 1757 2156 substantiam
1779 2126 1870 2157 oculi
1893 2135 1970 2158 cum
1986 2127 2256 2168 dispositionibus
2280 2131 2400 2172 quibus
2423 2136 2472 2163 est

1388 2169 1562 2209 proprium
1583 2170 1768 2201 subiectum
1790 2171 1889 2208 visus,
1912 2181 1982 2203 non
2005 2179 2054 2204 est
2075 2173 2110 2204 in
2132 2176 2279 2215 potentia
2302 2175 2343 2207 ad
2366 2177 2470 2209 eaeci-

1389 2219 1506 2245 tatem:
1530 2223 1607 2245 nam
1623 2215 1759 2246 caecitas
1774 2225 1844 2247 non
1855 2215 1985 2248 advenit
1996 2217 2042 2248 illi
2053 2218 2116 2249 nisi
2132 2220 2209 2260 quia
2223 2226 2367 2252 mutatur
2378 2230 2398 2252 a
2411 2229 2471 2253 sua

1389 2259 1526 2289 naturali
1550 2259 1773 2300 dispositione.
1798 2261 1831 2292 Si
1850 2267 1960 2293 autem
1982 2263 2118 2294 nomine
2141 2265 2230 2296 oculi
2251 2265 2471 2307 intelligamus

1389 2304 1601 2336 substantiam
1628 2305 1775 2336 absolute
1799 2315 1883 2347 quae
1906 2307 2029 2338 substat
2051 2308 2168 2341 talibus
2191 2309 2469 2350 dispositionibus,

1389 2349 1506 2380 oculus
1529 2359 1598 2381 non
1615 2356 1663 2381 est
1678 2351 1848 2391 proprium
1865 2353 2088 2392 susceptivum
2102 2354 2201 2392 visus,
2216 2354 2273 2386 sed
2291 2361 2467 2387 remotum.

1445 2394 1498 2425 Ad
1522 2395 1707 2426 secundum
1725 2395 1852 2434 dicitur,
1870 2396 1910 2428 de
1932 2403 2043 2428 mente
2059 2398 2169 2430 Sancti
2183 2399 2334 2431 Thomae
2358 2400 2468 2437 Verte„

1389 2449 1452 2476 xxi,
1469 2449 1497 2470 a.
1516 2449 1546 2477 2,
1562 2440 1603 2471 ad
1626 2449 1651 2478 ι,
1672 2440 1764 2481 quod
1779 2451 1849 2473 non
1871 2442 1918 2473 sic
1942 2442 2060 2474 dicitur
2080 2443 2168 2475 idem
2191 2453 2261 2475 esse
2283 2445 2468 2477 subiectum

1389 2484 1517 2515 habitus
1545 2491 1577 2516 et
1607 2486 1796 2526 privationis
1827 2487 1918 2527 quasi
1948 2497 2048 2518 omne
2080 2488 2171 2529 quod
2199 2489 2296 2520 habet
2325 2490 2469 2531 aliqum

1389 2529 1528 2560 formam
1552 2531 1592 2560 sit
1615 2531 1713 2561 etiam
1736 2533 1960 2572 susceptivum
1982 2533 2182 2573 privationis,
2208 2539 2298 2575 patet
2322 2535 2411 2566 enim
2432 2535 2468 2567 in

1389 2575 1485 2606 rebus
1509 2584 1578 2606 esse
1602 2575 1711 2616 aliqua
1733 2576 1912 2608 accidentia
1928 2577 1961 2608 in
1986 2578 2105 2618 quibus
2128 2588 2197 2610 non
2220 2585 2329 2620 potest
2351 2588 2470 2611 eom

1388 2619 1526 2661 privatio
1558 2630 1638 2657 esse,
1670 2620 1754 2652 sieut
1783 2621 1837 2652 dat
1869 2622 2056 2662 exemplum
2083 2622 2220 2654 Sanctus
2249 2624 2397 2656 Thomas
2427 2623 2469 2656 de

1389 2666 1497 2696 calore
1520 2666 1616 2706 ignis:
1641 2665 1697 2696 sed
1721 2666 1808 2707 quia,
1831 2667 1857 2697 si
1881 2667 1915 2697 in
1938 2667 2049 2708 aliquo
2072 2673 2146 2699 nata
2165 2674 2213 2699 est
2227 2678 2297 2700 esse
2319 2669 2473 2711 privatio,

1388 2710 1470 2741 illud
1493 2719 1562 2741 esse
1586 2716 1717 2751 oportet
1740 2712 1963 2752 susceptivum
1985 2713 2114 2743 habitus
2137 2714 2292 2754 oppositi.

1444 2755 1497 2786 Ad
1512 2755 1642 2786 tertium
1659 2756 1776 2787 dicitur
1787 2756 1880 2797 quod
1895 2766 1964 2788 non
1980 2763 2112 2798 oportet
2123 2758 2261 2790 eandem
2273 2768 2343 2790 esse
2358 2759 2468 2800 proxi-

1389 2810 1477 2831 mam
1492 2801 1673 2842 potentiam
1692 2802 1940 2839 contrariorum,
1956 2802 2013 2834 sed
2028 2802 2147 2834 sufficit
2161 2808 2198 2834 ut
2213 2803 2253 2834 sit
2276 2803 2391 2835 eadem
2405 2813 2468 2846 po·

1389 2846 1488 2877 tentia
1511 2851 1653 2877 remota:
1677 2851 1714 2877 ut
1738 2851 1785 2877 est
1808 2846 1848 2878 de
1870 2852 1981 2878 mente
2004 2847 2114 2879 Sancti
2132 2848 2292 2886 Thomae,
2310 2849 2338 2880 ll
2363 2849 2466 2886 Caeli,

1389 2891 1410 2921 l.
1432 2899 1481 2922 10.
1497 2909 1521 2915 -
1536 2891 1699 2929 Similiter,
1716 2892 1849 2932 quando
1865 2901 1970 2924 unum
1986 2893 2224 2924 contrariorum
2239 2894 2323 2925 inest
2337 2903 2396 2935 per
2409 2903 2468 2925 na-

1389 2942 1505 2973 turam,
1528 2946 1597 2967 non
1621 2942 1670 2967 est
1693 2936 1806 2968 eadem
1829 2938 1977 2978 potentia
2006 2938 2190 2979 susceptiva
2212 2939 2464 2971 contrariorum:

1389 2987 1425 3012 ut
1449 2981 1566 3012 dicitur
1594 2981 1702 3018 Ver-it„
1718 2982 1775 3012 ubi
1798 2991 1906 3023 supra.

1444 3026 1628 3058 Substantia
1650 3027 1748 3067 igitur
1778 3027 1953 3068 completa,
1978 3027 2055 3068 quia
2085 3033 2133 3058 est
2162 3028 2334 3069 proprium
2357 3037 2466 3060 susce-

1388 3072 1515 3112 ptivum
1539 3081 1618 3108 esse,
1650 3081 1718 3102 non
1749 3077 1797 3102 est
1826 3071 2009 3104 secundum
2035 3081 2070 3103 se
2099 3073 2135 3103 in
2157 3073 2304 3114 potentia
2333 3071 2374 3104 ad
2396 3081 2467 3104 non

1388 3126 1467 3147 esse.
1493 3116 1557 3148 Sed
1579 3118 1605 3147 si
1629 3117 1737 3158 aliqua
1760 3122 1807 3148 est
1830 3118 1864 3148 in
1883 3117 2031 3158 potentia
2053 3116 2094 3148 ad
2116 3126 2186 3148 non
2202 3127 2281 3155 esse,
2297 3118 2363 3148 hoc
2385 3125 2465 3148 eon-

1387 3162 1475 3192 venit
1506 3162 1565 3192 sibi
1589 3171 1647 3202 per
1670 3161 1768 3199 aliud,
1797 3162 1920 3193 scilicet
1942 3162 2067 3194 ratione
2096 3163 2259 3200 materiae,
2283 3170 2367 3203 quae
2389 3165 2465 3192 nata

1387 3212 1434 3238 est
1458 3207 1552 3238 aliam
1576 3205 1715 3238 formam
1738 3207 1892 3247 recipere.

1443 3251 1496 3282 XI.
1522 3251 1646 3288 Quinto
1661 3253 1687 3283 ³.
1713 3252 1749 3283 ln
1772 3252 1958 3283 substantiis
1980 3251 2252 3283 intellectualibus
2265 3251 2335 3291 ipsa
2351 3259 2463 3281 earum

1386 3297 1563 3328 substantia
1586 3297 1750 3337 completa
1773 3302 1822 3327 est
1844 3297 1877 3328 id
1901 3297 1992 3338 quod
2010 3302 2100 3328 tenet
2121 3296 2233 3327 locum
2255 3295 2378 3336 primae
2401 3304 2462 3336 po-

1386 3343 1504 3373 tentiae
1529 3347 1560 3372 et
1583 3342 1679 3382 primi
1703 3342 1850 3373 subiecti.
1867 3342 1954 3383 Ergo
1977 3340 2153 3373 substantia
2167 3340 2237 3380 ipsa
2253 3345 2300 3370 est
2316 3340 2462 3370 incorru-

1386 3387 1515 3428 ptibilis.
1541 3387 1627 3427 Ergo
1652 3393 1713 3418 etc.
1729 3404 1753 3410 -
1767 3387 1927 3418 Probatur
1945 3387 2049 3428 prima
2063 3385 2307 3425 consequentia.
2325 3384 2412 3422 Quia
2426 3385 2462 3416 in

1386 3432 1650 3473 quibuscumque
1667 3437 1715 3462 est
1733 3432 1932 3472 compositio
1950 3429 2116 3472 potentiae
2141 3434 2173 3460 et
2195 3434 2296 3465 actus,
2320 3429 2354 3460 id
2369 3428 2462 3470 quod

1386 3483 1474 3508 tenet
1498 3477 1610 3508 locum
1629 3477 1753 3517 primae
1775 3477 1941 3517 potentiae
1962 3480 1996 3506 et
2011 3474 2107 3514 primi
2123 3474 2269 3510 subiecti,
2287 3478 2334 3504 est
2353 3474 2460 3505 incor-

1385 3522 1551 3562 ruptibile:
1573 3527 1609 3552 ut
1632 3527 1720 3562 patet
1743 3521 1783 3552 de
1807 3521 1939 3552 materia
1958 3519 2062 3560 prima
2078 3518 2348 3559 corruptibilium.
2365 3535 2388 3540 -
2403 3517 2460 3550 Se-

1385 3566 1492 3597 cunda
1508 3567 1604 3597 etiam
1629 3567 1793 3607 probatur.
1814 3564 1900 3603 Quia
1914 3563 1995 3595 nihil
2011 3568 2059 3594 est
2075 3563 2284 3604 corruptibile
2305 3563 2367 3594 nisi
2383 3563 2460 3604 quia

1385 3613 1454 3642 eius
1478 3612 1655 3642 substantia
1678 3609 1906 3650 corrumpitur.
2263 3631 2265 3635 .

1440 3656 1540 3687 Sexto
1553 3657 1579 3686 *.
1596 3656 1673 3686 Non
1689 3660 1765 3686 sunt
1780 3653 2005 3694 corruptibiles
2020 3661 2129 3693 neque
2144 3662 2202 3693 per
2217 3661 2261 3690 se,
2277 3661 2386 3693 neque
2401 3661 2460 3693 per

1384 3701 1543 3732 accidens.
1571 3700 1658 3740 Ergo
1682 3705 1742 3730 etc.
1770 3715 1793 3721 —
1815 3697 1915 3736 Quod
1939 3707 2007 3728 non
2030 3706 2088 3738 per
2115 3707 2159 3734 se,
2183 3698 2349 3738 probatur.
2373 3696 2460 3735 Quia

2504 524 2512 533 ·
2528 523 2563 546 Ct’.
2580 529 2602 546 n.
2618 529 2645 546 n.

2504 791 2514 800 ‘
2528 789 2565 813 ef.
2580 796 2605 812 a.
2617 795 2653 813 xi.

2490 3254 2499 3264 ‘
2508 3252 2544 3276 ef.
2553 3259 2577 3276 a.
2587 3259 2621 3282 rx,
2629 3253 2708 3283 Quar-

2488 3651 2496 3660 ·
2511 3650 2548 3673 Cf.
2563 3655 2588 3673 a.
2597 3655 2650 3674 xut-
