2716 4302
32 375 153 399 '4V³9·

28 790 174 812 4vai7—p
195 790 240 809 ¹14.

280 239 344 276 ιοῇι

302 266 322 275 ,α

273 326 338 350 tem
363 329 430 350 esse
455 318 531 348 nihil
557 319 628 352 quod
646 318 714 344 enim
733 317 809 350 parti
830 317 974 342 secundum
998 314 1114 339 boetium
1133 314 1159 338 in
1178 313 1203 338 li.
1224 312 1256 336 de
1278 312 1339 344 epd-

273 369 371 408 Quod
399 369 485 399 enim
509 368 677 408 participat
693 390 699 396 .
715 390 722 396 .
737 389 743 396 .
759 362 1010 404 essentialiter.)*
1023 364 1039 402 §
1053 361 1212 402 Amplius.
1232 359 1340 390 Omne

272 422 406 461 simplex
424 429 518 450 suum
545 429 612 449 esse
638 425 668 448 et
686 418 718 448 id
735 417 824 457 quod
842 423 887 446 est
912 425 1014 445 unum
1039 415 1136 444 habet
1160 422 1186 441 ui
1207 420 1276 447 patet
1296 421 1342 446 per

272 475 387 500 boetium
407 474 431 498 in
451 474 517 498 libro
537 473 568 498 de
587 473 646 505 epd.
666 469 748 499 Nam
774 469 798 497 si
824 468 862 496 sit
880 490 885 496 .
903 490 908 496 .
925 490 931 496 .
950 466 1038 495 solus
1063 465 1161 494 Deus.

1367 528 1374 547 5

316 610 396 649 Cap.
421 608 564 638 xxxlx.
583 608 679 644 Quot>
704 616 734 635 is
761 606 830 635 1)Εο
856 614 919 634 Nox
945 612 1060 632 porasr
1085 611 1155 631 assa
1180 610 1297 630 MALUM.

575 672 627 702 Ex
651 677 810 712 quaterno
837 669 1030 700 auxiliario.

325 780 342 817 §
359 779 404 808 Ex
430 779 492 808 hoc
507 783 614 807 autem
632 775 800 805 manifeste
818 780 949 814 apparet
967 797 973 803 .
990 796 995 802 .
1012 797 1017 802 .
1036 773 1110 803 licet
1135 772 1166 802 id
1187 770 1277 811 quod
1298 775 1344 800 est
1360 781 1386 795 10

269 831 318 860 vel
336 831 473 868 bonum,
490 828 591 869 possit
608 826 729 867 aliquid
746 831 870 866 praeter
893 834 960 855 esse
979 831 1009 854 et
1026 824 1204 853 bonitatem
1226 822 1343 852 habere

270 893 309 919 tut
327 892 398 918 patet
415 892 462 918 per
476 885 592 909 boetium
612 883 636 907 in
658 882 723 907 libro
738 882 770 906 de
789 882 860 914 epd.)
880 876 965 906 Nihil
982 899 988 906 .
1004 899 1010 905 .
1027 899 1032 904 .
1048 875 1152 905 dulce.
1172 874 1343 913 Unaquae-

270 944 333 975 que
357 938 465 963 autem
490 936 604 962 natura
628 935 668 958 sui
692 929 795 969 (suae)
813 929 945 959 rationis
970 927 1109 957 termino
1128 925 1343 961 concluditur,

269 992 304 1016 ut
320 985 398 1015 nihil
415 990 602 1014 extraneum
618 983 699 1012 intra
720 991 752 1011 se
778 990 891 1021 capere
915 979 1025 1019 possit.
1052 978 1139 1007 Deus
1164 982 1272 1007 autem

269 1045 337 1067 esse
353 1045 419 1065 non
438 1040 552 1075 potest.
578 1035 595 1071 §
612 1032 772 1072 Amplius.
792 1030 824 1061 ld
843 1029 932 1070 quod
955 1034 1002 1059 est
1021 1028 1210 1068 oppositum
1236 1036 1343 1057 essen·
1361 1039 1381 1059 ις

268 1088 329 1117 tiae
361 1086 495 1116 alicuius
526 1085 570 1114 rei
601 1084 659 1113 sibi
684 1083 820 1113 omnino
853 1081 1028 1111 convenire
1052 1088 1119 1109 non
1140 1084 1247 1118 potest
1264 1078 1343 1108 dum

267 1142 386 1172 manet,
402 1140 456 1164 Sed
473 1138 610 1166 essentiae,
630 1134 712 1164 sicut
725 1133 849 1163 homini
866 1141 934 1161 non
951 1136 1059 1171 potest
1076 1130 1251 1160 convenire
1268 1130 1343 1159 irra—

268 1187 428 1218 tionalitas
455 1186 505 1216 vel
533 1185 758 1216 insensibilitas
791 1184 851 1213 nisi
881 1184 984 1212 homo
1012 1191 1081 1212 esse
1113 1181 1254 1211 desistat.
1280 1180 1342 1210 Sed

268 1240 373 1270 divina
391 1239 526 1269 essentia
543 1244 589 1268 est
607 1238 674 1278 ipsa
692 1237 829 1272 bonitas,
846 1239 929 1272 Ergo.
944 1241 978 1265 ut
996 1240 1163 1264 ostensum
1181 1239 1237 1265 est.
1257 1233 1342 1273 Ergo

266 1292 398 1327 malum,
417 1290 507 1331 quod
531 1296 578 1320 est
594 1290 683 1319 bono
708 1289 909 1329 oppositum,
938 1288 970 1317 in
996 1296 1036 1317 eo
1061 1286 1172 1316 locum
1192 1296 1244 1315 non
1265 1289 1343 1313 habet

267 1343 382 1373 habere
407 1351 474 1371 non
500 1346 606 1381 potest
630 1341 691 1370 nisi
708 1349 775 1369 esse
798 1339 973 1369 desisteret.
999 1337 1099 1375 Quod
1118 1360 1123 1367 .
1140 1360 1168 1366 ..
1188 1342 1222 1366 ut
1247 1346 1343 1376 supra

267 1399 434 1423 ostensum
459 1397 515 1422 est.
541 1390 701 1429 §Adhuc
729 1390 814 1420 Cum
841 1390 930 1420 Deus
955 1389 993 1418 sit
1024 1397 1120 1418 suum
1149 1397 1288 1417 esse...
1309 1393 1343 1417 ut

267 1451 433 1475 ostensum
451 1450 507 1473 est.
533 1446 598 1471 Nam
618 1443 650 1472 in
675 1442 796 1471 malitia
825 1442 962 1480 (autem)
1040 1440 1101 1470 dici
1131 1449 1198 1470 non
1224 1445 1342 1481 potest.

266 1498 283 1535 §
305 1496 396 1526 Item.
423 1495 546 1525 Malum
564 1495 652 1524 bono
671 1494 861 1534 oppositum
878 1499 934 1522 est.
960 1492 1055 1522 Ratio
1080 1498 1188 1522 autem
1214 1491 1292 1522 boni
1308 1492 1341 1521 in

266 1546 466 1588 perfectione
484 1546 639 1576 consistit.
657 1545 743 1585 Ergo
760 1545 840 1574 ratio
866 1544 942 1574 mali
964 1567 970 1574 .
986 1567 992 1573 .
1009 1568 1015 1574 .
1034 1544 1065 1574 in
1083 1542 1341 1584 imperfectione.

267 1599 377 1641 (Nullus
395 1607 484 1627 aurem
510 1597 663 1628 Defectus
685 1595 822 1638 [autern]
840 1596 890 1627 vel
906 1595 1111 1636 imperfectio
1135 1595 1167 1625 in
1185 1595 1269 1631 Deo,
1287 1595 1342 1634 qui

1358 1298 1384 1312 20

1359 1558 1381 1577 ²5

216 1641 218 1643 v
267 1657 313 1682 est
338 1650 558 1681 universaliter
571 1648 743 1689 perfectus,
761 1657 829 1678 esse
846 1657 913 1678 non
931 1654 1047 1688 potest,
1065 1653 1099 1677 ut
1122 1656 1216 1686 supra
1234 1651 1344 1676 osten-

24 1870 63 1888 ,ἢν
79 1864 123 1885 b2.

19 2378 27 2386 ·
44 2375 96 2397 Vid.
113 2376 140 2397 ad
161 2377 206 2397 loc.

21 2739 57 2758 qv
75 2732 234 2759 δεῖ-μυί».

25 3813 114 3835 grai.

267 1712 339 1733 sum
364 1709 420 1732 est.
446 1701 480 1732 In
507 1702 578 1731 Deo
608 1701 703 1740 igitur
735 1699 857 1729 malum
883 1708 950 1729 esse
975 1708 1043 1728 non
1068 1704 1186 1738 potest.
1211 1699 1229 1736 ἓ
1250 1697 1343 1727 Prae-

267 1754 365 1794 terea)
384 1752 567 1784 Perfectum
584 1761 670 1780 autem
689 1757 735 1781 est
753 1750 873 1791 aliquid
890 1750 1069 1781 secundum
1088 1749 1179 1790 quod
1196 1754 1243 1779 est
1259 1754 1342 1779 actu.

268 1806 353 1846 Ergo
368 1830 375 1835 .
390 1829 396 1836 .
413 1829 418 1835 .
438 1805 618 1835 subiectum
637 1809 683 1833 est
707 1803 862 1843 potentia.
888 1802 978 1832 Haec
999 1807 1108 1832 autem
1129 1801 1161 1831 in
1187 1801 1258 1830 Deo
1275 1809 1344 1830 esse
1360 1811 1385 1830 ιο

266 1867 333 1887 non
351 1864 466 1896 potest.
486 1856 584 1895 Igitur
600 1865 660 1885 nec
678 1859 799 1890 privatio
816 1854 948 1884 malum.
974 1855 991 1869 ἦ
1007 1854 1024 1892 §
1042 1853 1217 1882 Praeterea.
1236 1851 1268 1882 Si
1284 1852 1343 1881 bo-

265 1918 344 1938 num
370 1906 694 1937 est...huiusmodi.
725 1905 825 1942 Quod
854 1911 962 1936 autem
992 1906 1075 1934 inest
1103 1904 1197 1933 alicui
1231 1908 1343 1933 contra

264 1968 385 1987 conatum
408 1958 563 1996 (motum)
581 1957 733 1987 naturalis
751 1952 924 1996 appetitus,
942 1961 988 1985 est
1006 1955 1186 1985 violentum
1204 1960 1234 1984 et
1251 1963 1342 1994 prae-

263 2016 310 2039 ter
335 2016 492 2039 naturam.
519 2007 642 2037 Malum
667 2007 763 2046 igitur
787 2007 817 2036 in
850 2015 1054 2046 unoquoque
1084 2010 1131 2036 est
1160 2005 1341 2035 violentum

263 2068 293 2091 et
309 2066 435 2100 praeter
451 2065 599 2089 naturam
618 2062 691 2087 inam
710 2061 750 2086 cui
771 2057 965 2096 (secundum
985 2056 1073 2097 quod
1087 2062 1134 2086 est
1148 2056 1190 2095 ei)
1208 2055 1341 2091 malum,

263 2112 319 2141 etsi
346 2111 446 2151 possit
471 2111 528 2150 (ei)
557 2118 626 2140 esse
646 2112 793 2138 secundum
814 2117 933 2136 naturam
958 2111 1072 2144 aliquam
1092 2110 1161 2136 itlius
1182 2106 1342 2147 (naturale

262 2162 442 2193 secundum
456 2161 577 2201 aliquid
592 2160 674 2200 eius)
691 2160 724 2190 in
742 2159 836 2189 rebus
850 2159 1052 2199 compositis.
1067 2158 1156 2189 Deus
1173 2164 1281 2189 autem
1295 2182 1301 2188 .
1315 2182 1339 2189 ..

261 2225 327 2245 non
353 2221 468 2254 potest.
486 2215 503 2253 §
520 2218 586 2242 Hinc
606 2222 646 2242 est
666 2217 737 2249 quod
757 2215 933 2249 philosophus
959 2214 1019 2240 dicit
1043 2215 1067 2240 in
1090 2222 1115 2240 tx
1135 2214 1250 2248 metaph.
1270 2216 1341 2248 quod

261 2271 286 2296 in
309 2270 350 2296 his
374 2278 441 2304 quae
466 2275 527 2295 sunt
552 2277 566 2294 a
590 2269 715 2302 principio
735 2267 904 2300 sempiterna,
924 2267 986 2292 nihil
1006 2267 1074 2292 inest
1098 2274 1145 2292 nec
1170 2267 1270 2291 malum
1293 2274 1342 2292 nec

261 2327 397 2355 peccatum
411 2329 459 2347 nec
477 2325 638 2354 corruptum.
654 2315 728 2346 Hoc
749 2322 787 2344 est
808 2315 903 2346 etiam
930 2324 1016 2345 sacra
1041 2314 1197 2355 scriptura
1222 2313 1340 2345 confir-

262 2376 338 2401 mat.
356 2370 481 2400 Dicitur
499 2394 505 2399 .
522 2393 528 2399 .
544 2392 550 2399 .
569 2368 663 2399 ullae.
681 2368 721 2398 Et
738 2368 771 2398 in
789 2367 843 2397 iob
857 2367 872 2382 '²‘
965 2367 1045 2396 absit
1062 2376 1078 2396 a
1096 2366 1168 2396 Deo
1193 2366 1342 2406 impietas

263 2429 293 2452 et
317 2423 355 2452 ab
381 2423 607 2462 omnipotente
632 2420 793 2460 iniquitas„

1359 2069 1379 2088 ἲς

381 2562 460 2603 Cap.
486 2562 553 2592 XL.
579 2561 676 2599 Quon
703 2561 788 2591 Dans
814 2570 868 2590 nsi*
892 2569 986 2590 omns
1012 2569 1084 2588 noxi
1110 2568 1228 2588 noxum.
1357 2587 1380 2607 ὕ

574 2627 623 2657 En
649 2631 808 2667 quater-m)
834 2625 1026 2656 auxiliario.

309 2732 325 2769 ἓ
343 2729 531 2760 Ostenditur
557 2729 653 2759 etiam
672 2751 697 2758 ..
713 2751 720 2758 .
739 2734 772 2758 ut
790 2734 957 2757 ostensum
980 2733 1036 2757 est.
1062 2727 1127 2756 Sua
1151 2726 1248 2766 igitur
1267 2730 1340 2754 boni—

262 2789 330 2811 tates
361 2782 487 2811 bonitas
523 2789 637 2810 omnes
669 2780 828 2810 bonitates
859 2777 1116 2819 comprehendit.
1148 2777 1187 2808 Et
1215 2778 1257 2808 ita
1294 2784 1339 2808 est

263 2833 370 2862 omnis
394 2832 471 2862 boni
489 2832 624 2861 bonum.
643 2832 660 2869 §
678 2830 767 2860 item.
786 2830 885 2867 Quod
912 2839 968 2870 per
993 2829 1273 2869 participationem
1293 2828 1341 2859 di-

263 2884 344 2914 citur
367 2890 405 2911 est
430 2887 528 2911 habens
548 2887 594 2918 qm·
617 2882 766 2922 aliquale,
791 2891 857 2911 non
887 2881 1004 2911 dicitur
1030 2881 1092 2910 tale
1117 2881 1177 2910 nisi
1202 2881 1341 2920 inquan-

261 2941 331 2966 tum
348 2935 443 2966 habet
461 2934 622 2974 quandam
641 2932 884 2963 similitudinem
903 2933 972 2963 eius
989 2932 1078 2972 quod
1096 2941 1152 2972 per
1169 2933 1338 2963 essentiam

263 2980 388 3016 dicitur.
407 2985 496 3016 Sicut
513 2984 633 3014 ferrum
648 3007 654 3014 .
671 3006 695 3014 ..
715 2984 893 3023 participat.
911 2982 974 3013 Sed
992 2982 1079 3013 Deus
1096 2988 1143 3013 est
1159 2983 1266 3013 bonus
1284 2992 1340 3022 per

263 3037 445 3073 essentiam,
471 3036 580 3066 omnia
605 3045 678 3065 vera
702 3035 762 3064 alia
787 3043 843 3074 per
868 3034 1160 3074 participationem,
1189 3038 1284 3070 Igitur,
1305 3040 1338 3064 ut

263 3096 428 3119 ostensum
446 3095 502 3119 est.
522 3088 639 3128 igitur.
656 3109 663 3117 .
679 3109 686 3116 .
701 3086 807 3116 omnis
824 3086 912 3116 boni.
938 3087 955 3123 ἓ
972 3085 1098 3116 Adhuc.
1117 3085 1203 3116 Cum
1221 3095 1339 3117 unum-

263 3140 419 3180 quodque
435 3139 609 3180 appetibile
626 3139 664 3168 sit
682 3143 814 3178 propter
831 3136 941 3174 finem,
957 3141 1052 3166 bonum
1068 3144 1158 3166 autem
1174 3141 1247 3167 dicat
1262 3138 1339 3168 boni

263 3196 370 3220 autem
387 3190 467 3220 ratio
493 3189 646 3220 consistat
669 3189 702 3219 in
727 3189 789 3218 hoc
813 3187 902 3228 quod
927 3193 973 3218 est
997 3187 1182 3228 appetibile,
1208 3195 1338 3229 oportet

263 3240 352 3281 quod
377 3239 641 3281 unumquodque
659 3239 781 3270 dicatur
798 3240 923 3270 bonum
944 3239 992 3269 vel
1019 3240 1094 3279 quia
1119 3246 1166 3269 est
1190 3239 1263 3270 finis
1288 3240 1336 3271 vel

264 3293 338 3331 quia
368 3291 533 3322 ordinatur
564 3291 603 3321 ad
634 3290 744 3321 finem.
763 3290 850 3321 Finis
874 3291 970 3331 igitur
986 3290 1130 3327 ultimus,
1156 3296 1203 3321 est
1227 3301 1244 3321 a
1269 3301 1336 3332 quo

1356 3099 1378 3119 55

264 3345 372 3373 omnia
393 3344 550 3374 rationem
575 3344 653 3373 boni
678 3343 840 3383 accipiunt
866 3342 939 3372 Hoc
957 3349 1064 3373 autem
1090 3342 1179 3373 Deus
1197 3349 1253 3382 est,
1274 3347 1336 3372 alias
1351 3352 1379 3372 ⁶0

264 3398 294 3422 ab
315 3399 400 3431 aliqua
419 3406 497 3423 causa
523 3399 680 3431 dependeret
705 3406 753 3423 sun
777 3399 879 3423 bonitas
902 3403 927 3422 et
953 3406 1005 3423 non
1031 3403 1101 3422 esset
1123 3405 1170 3430 per
1194 3399 1335 3424 essentiam

264 3450 349 3475 bonus
363 3450 435 3483 quod
450 3450 629 3482 improbatum
643 3452 682 3474 est
701 3450 775 3475 cuius
791 3450 949 3475 contrarium
969 3442 1108 3484 probatum
1129 3455 1167 3475 est
1190 3445 1238 3486 (ut
1255 3445 1335 3477 infra

265 3498 475 3537 probabitur.)
500 3498 555 3528 Est
579 3498 674 3537 igitur
692 3497 779 3528 Deus
801 3499 907 3528 omnis
931 3498 1008 3528 boni
1027 3499 1162 3528 bonurn.
1180 3501 1336 3534 §Amplius

266 3551 478 3585 Unumquodque
497 3553 555 3586 agit
574 3553 719 3578 secundum
739 3560 818 3586 agens
838 3553 889 3585 agit
912 3555 1057 3578 secundum
1077 3554 1205 3578 rationem
1219 3554 1291 3584 boni,
1309 3561 1335 3579 ut

265 3606 399 3626 ostensum
420 3607 460 3627 est
478 3610 565 3635 supra.
584 3603 635 3628 Sed
654 3603 726 3628 Deus
745 3608 785 3628 est
805 3603 918 3635 primum
939 3611 1049 3628 movens
1063 3609 1089 3628 et
1107 3611 1196 3637 agens,
1212 3610 1240 3629 ut
1258 3612 1336 3637 supra
1351 3610 1375 3635 65

265 3657 401 3677 ostensum
421 3658 470 3683 est,
489 3654 520 3678 ad
540 3655 611 3687 quod
633 3655 721 3679 omnia
747 3655 847 3688 agentia
873 3660 898 3679 et
922 3655 1053 3680 moventia
1071 3656 1239 3683 reducuntur.
1259 3657 1337 3690 igitur

266 3702 321 3734 ipse
347 3707 387 3726 est
406 3702 519 3735 primum
543 3703 650 3734 bonum,
670 3705 700 3729 ad
726 3705 796 3738 quod
816 3706 904 3730 omnia
922 3705 991 3731 bona
1010 3707 1176 3732 reducuntur.
1197 3707 1243 3732 Est
1261 3708 1337 3740 igitur

265 3753 351 3778 omnis
369 3752 430 3777 boni
449 3753 554 3778 bonum.
575 3751 592 3788 §
612 3751 696 3781 Hinc
714 3758 759 3782 est
781 3751 870 3792 quod
888 3752 1050 3783 Dominus
1069 3763 1158 3784 suam
1178 3755 1335 3786 visionem

267 3801 370 3842 Moysi
395 3796 536 3829 ostendeins
560 3803 575 3817 ⁴*
593 3803 794 3841 promittens,
819 3803 895 3833 dicit
915 3813 985 3836 exo.
1011 3814 1117 3841 xxxin,
1142 3805 1211 3845 Ego
1229 3812 1336 3837 osten-

267 3851 339 3882 dam
363 3852 418 3882 tibi
445 3861 542 3882 omne
567 3853 702 3883 bonum.
728 3853 767 3883 Et
792 3854 865 3893 Sap.
888 3865 940 3884 vin
961 3879 988 3884 ..

1356 2328 1382 2347 4⁰

1357 2846 1382 2866 50

1234 227 1501 266 APPENDIX

1543 358 1623 399 Cap.
1647 358 1731 388 XLI.
1757 357 1855 396 Quon
1880 357 1967 388 Deus
1992 367 2038 388 sn·
2063 364 2191 388 smmum
2215 368 2333 390 noxum.

1706 421 1761 452 Ex
1784 426 1946 462 quaterno
1971 421 2167 455 auxiliario.

1444 512 1462 548 ξ
1487 510 1533 540 Ex
1559 510 1622 539 hoc
1647 514 1757 539 autem
1791 508 1974 539 ostenditur
2002 509 2094 550 quod
2125 509 2215 541 Deus
2245 510 2286 541 sit
2313 519 2480 543 summum
2507 525 2615 547 5124-
2634 526 2658 547 ρ.
2675 525 2713 547 ιη

1400 563 1536 591 bonum.
1563 560 1676 602 (Nam)
1694 561 1820 591 bonum
1839 561 2020 592 universale
2037 562 2219 603 praeminet
2235 562 2368 593 cuilibet
2391 562 2482 594 bono

1400 612 1595 653 particulari,
1620 612 1703 642 sicut
1727 612 1854 643 bonum
1878 613 1984 653 gentis
2009 619 2057 644 est
2088 613 2206 644 melius
2230 623 2329 654 quam
2353 614 2481 646 bonum

1401 664 1508 700 unius,
1533 673 1561 692 ut
1579 675 1627 700 per
1646 667 1835 701 philosophum
1855 673 1926 701 patet
1949 669 1975 694 in
1995 668 2123 703 principio
2147 668 2200 696 eth.
2224 664 2366 707 (bonitas
2394 666 2482 696 enim

1400 717 1500 746 totius
1517 721 1548 746 et
1565 714 1724 755 perfectio
1742 715 1924 756 praeminet
1939 717 2075 748 bonitati
2094 723 2126 753 et
2141 717 2335 758 perfectioni
2361 716 2482 760 partis.)

1400 767 1463 797 Sed
1488 766 1597 796 divina
1621 766 1749 796 bonitas
1774 773 1984 808 comparatur
2005 767 2046 810 ad
2078 769 2190 799 omnia
2217 769 2278 800 alia
2302 769 2387 799 sicut
2410 768 2483 799 uni-

1401 818 1522 848 versale
1540 821 1612 854 adp
1633 818 1760 848 bonum
1784 818 1824 848 ad
1854 819 2058 859 particulare,
2091 829 2167 850 cum
2195 819 2235 850 sit
2264 821 2373 851 omnis
2402 819 2482 850 boni

1400 870 1536 908 bonum,
1562 875 1596 899 ut
1621 874 1789 899 ostensum
1807 875 1865 900 est.
1882 869 1940 900 Est
1955 870 2053 911 igitur
2068 871 2138 911 ipse
2160 880 2327 902 summum
2343 871 2481 902 bonum.

1400 922 1417 958 ξ
1435 920 1612 951 Praeterea.
1647 920 1682 950 ld
1707 920 1799 961 quod
1829 930 1888 961 per
1911 921 2085 952 essentiam
2109 922 2228 953 dicitur
2244 945 2252 952 .
2267 945 2274 954 .
2289 945 2296 952 .
2314 931 2483 954 summum

1400 973 1534 1002 bonum.
1553 973 1570 1010 ἓ
1587 972 1678 1002 Item.
1697 972 1798 1010 Quod
1815 978 1863 1002 est
1878 973 2058 1004 maximum
2075 974 2109 1004 in
2132 983 2340 1015 unoquoque
2363 983 2484 1014 genere

1400 1030 1444 1053 est
1464 1033 1559 1053 causa
1580 1023 1718 1054 aliorum
1737 1033 1821 1064 quae
1843 1030 1919 1055 sunt
1936 1025 1968 1055 in
1985 1025 2043 1055 illo
2059 1034 2190 1066 genere,
2214 1034 2243 1055 ut
2261 1034 2332 1063 patet
2350 1030 2375 1054 in
2391 1029 2484 1062 primo

1399 1079 1516 1103 secundo
1535 1078 1650 1112 metaph.
1671 1073 1781 1116 (causa
1804 1075 1892 1106 enim
1916 1076 2027 1116 potior
2050 1081 2098 1107 est
2122 1075 2264 1119 effectu.)
2286 1081 2318 1106 Id
2335 1086 2426 1107 autem
2446 1089 2485 1131 ef

1399 1127 1446 1158 Ex
1471 1127 1543 1158 Deo
1563 1133 1672 1158 autem
1698 1128 1809 1158 omnia
1832 1128 1954 1159 habent
1977 1129 2137 1160 rationem
2154 1130 2245 1167 boni,
2263 1136 2299 1161 ut
2314 1136 2483 1162 ostensum

1399 1185 1456 1208 est.
1483 1179 1539 1208 Est
1555 1179 1652 1219 igitur
1668 1179 1736 1219 ipse
1762 1188 1929 1210 summum
1947 1180 2084 1211 bonum.
2102 1181 2120 1219 §
2136 1180 2305 1222 Amplius.
2324 1181 2415 1213 Sicut
2438 1181 2483 1213 al-

1399 1230 1470 1260 bius
1489 1253 1495 1260 .
1511 1254 1517 1260 .
1533 1254 1540 1260 .
1558 1230 1646 1261 malo
1671 1231 1919 1271 impermixtius.
1944 1231 2009 1262 Sed
2039 1231 2130 1263 Deus
2155 1237 2203 1263 est
2226 1234 2367 1264 maxime
2394 1233 2483 1265 malo

1398 1282 1634 1322 impermixtuS,
1652 1282 1728 1322 quia
1746 1282 1778 1312 in
1796 1291 1837 1312 eo
1854 1291 1915 1313 nec
1931 1288 2005 1313 actu
2022 1292 2084 1314 nec
2101 1284 2248 1324 potentia
2262 1295 2301 1314 ex
2313 1295 2363 1313 sua
2382 1290 2484 1314 natura

1399 1333 1522 1364 malum
1547 1343 1616 1364 esse
1640 1339 1759 1374 potest,
1785 1339 1817 1364 et
1839 1333 1904 1365 hoc
1921 1334 1952 1365 ei
1969 1344 2008 1365 ex
2032 1344 2090 1366 sua
2114 1340 2228 1366 natura
2253 1336 2422 1378 competit,
2447 1342 2485 1369 ut

1400 1391 1567 1415 ostensum
1586 1391 1643 1415 est.
1661 1385 1718 1415 Est
1734 1385 1832 1426 igitur
1847 1386 1916 1426 ipse
1934 1395 2102 1417 summum
2119 1389 2191 1415 ma1u
2208 1387 2344 1418 bonum.
2361 1389 2380 1428 §
2396 1384 2484 1419 Hinc

1399 1442 1446 1466 est
1464 1459 1491 1466 ..
1507 1460 1514 1466 .
1533 1436 1706 1467 Dominus.

1626 1549 1706 1589 Cap.
1733 1530 1830 1579 XLll.
1851 1548 1949 1588 Quot>
1974 1549 2062 1581 Dans
2087 1560 2142 1581 asr
2166 1537 2256 1582 uuus.

1453 1645 1490 1670 Ex
1509 1644 1550 1669 his
1574 1649 1661 1669 autem
1681 1651 1750 1677 quae
1769 1651 1850 1678 supra
1873 1650 1979 1670 ostensa
1999 1650 2062 1671 sunt
2086 1651 2167 1672 restat
2187 1648 2330 1674 ostendere
2348 1655 2402 1674 non
2423 1644 2485 1676 eae

1399 1697 1484 1722 Deum
1499 1697 1547 1721 nisi
1560 1704 1652 1722 unum.
1665 1693 1681 1709 ⁴*
1698 1691 1785 1734 (Hoc
1803 1698 1912 1723 autem
1926 1699 2070 1734 osten80‚
2083 1695 2293 1728 manifestum
2311 1702 2360 1728 est
2374 1696 2485 1737 Deum

1399 1754 1466 1775 non
1493 1754 1562 1775 esse
1593 1745 1654 1775 nisi
1685 1753 1800 1775 unum.
1832 1743 1908 1775 Non
1941 1745 2028 1775 enim
2061 1746 2217 1786 possibile
2249 1753 2297 1778 est
2321 1757 2391 1779 esse
2415 1747 2484 1780 duo

1399 1805 1527 1826 summe
1552 1797 1652 1826 bona:
1679 1795 1770 1836 quod
1800 1795 1887 1826 enim
1920 1805 1979 1836 per
2006 1798 2337 1837 superabundantiam
2367 1799 2485 1831 dicitur

1399 1848 1430 1878 in
1457 1857 1524 1878 uno
1549 1853 1676 1877 tantum
1701 1847 1874 1878 invenitur.
1900 1847 1990 1878 Deus
2014 1854 2124 1879 autern
2154 1855 2202 1880 est
2232 1859 2399 1882 summum
2423 1851 2485 1883 bo-

1399 1907 1490 1934 num,
1514 1903 1550 1928 ut
1567 1903 1736 1928 ostensum
1754 1903 1811 1928 est.
1829 1897 1919 1928 Deus
1936 1898 2033 1938 igitur
2049 1905 2098 1930 est
2119 1909 2221 1930 mamm
2242 1910 2338 1940 unus,
2354 1902 2373 1942 δ
2389 1901 2502 1934 Pria

1399 1947 1497 1989 terea)
1519 1950 1536 1966 ⁴*
1549 1948 1726 1979 ostensum
1745 1955 1793 1979 est
1809 1949 1896 1980 enim
1914 1950 2023 1982 Deum
2048 1960 2116 1982 esse
2133 1952 2272 1984 omnino
2289 1951 2484 1993 perfeetum,

1399 2001 1451 2031 cui
1475 2001 1564 2031 nulla
1591 1999 1748 2041 perfectio
1774 2001 1865 2032 desit.
1883 2001 1917 2033 Si
1940 2002 2038 2043 igitur
2054 2009 2131 2034 sunt
2145 2003 2256 2045 plures
2279 2003 2334 2042 dii,
2353 2005 2486 2046 oporiet

1398 2062 1467 2082 esse
1484 2052 1577 2093 plura
1594 2052 1784 2083 huiusmodi
1801 2053 1955 2094 perfecta.
1980 2054 2055 2086 Hoc
2071 2060 2181 2086 autem
2199 2061 2247 2087 est
2269 2056 2483 2097 impossibiie.

1398 2104 1482 2134 Nam
1506 2103 1530 2134 si
1556 2109 1658 2133 nemim·
1676 2104 1757 2135 nulli
1783 2114 1897 2136 eorum
1927 2105 2018 2137 deest
2040 2106 2148 2148 aliqua
2169 2106 2328 2148 perfectio
2346 2131 2354 2139 .
2367 2131 2375 2139 .
2389 2131 2398 2139 .
2412 2105 2484 2141 ndu

1398 2156 1456 2185 erit
1472 2155 1504 2185 in
1523 2164 1590 2196 quo
1608 2155 1647 2186 ad
1664 2156 1805 2186 invicem
1829 2155 2078 2198 distinguantur.
2098 2157 2302 2199 Impossibile
2319 2164 2368 2190 est
2385 2159 2485 2201 igitur

1398 2207 1506 2247 plures
1534 2207 1623 2238 Deos
1655 2217 1790 2248 ponere.
1821 2209 1840 2247 §
1863 2208 1954 2239 Item.
1986 2208 2089 2247 Quod
2116 2208 2314 2242 sufficienter
2347 2209 2384 2242 fit
2412 2217 2483 2244 uno

1397 2258 1518 2298 posito,
1542 2257 1660 2289 melius
1684 2263 1814 2300 estper
1836 2268 1941 2290 unum
1969 2258 2038 2291 fieri
2067 2269 2167 2301 quam
2197 2270 2256 2302 per
2279 2261 2392 2293 multa.
2417 2260 2483 2294 Sed

1397 2318 1506 2340 rerum
1531 2309 1612 2340 ordo
1630 2315 1678 2340 est
1694 2310 1777 2342 sicut
1793 2311 1911 2343 melius
1935 2317 2044 2352 potest
2064 2321 2148 2344 esse:
2173 2315 2215 2348 <ot
2233 2316 2304 2342 enim
2329 2321 2403 2344 met
2419 2323 2482 2351 μοι·

1397 2364 1474 2390 sibile
1493 2366 1587 2390 metius
1603 2372 1672 2393 ense.
1691 2365 1766 2397 foret,
1781 2366 1843 2399 quie
1862 2366 1888 2392 in
1907 2367 2075 2400 empitemis
2088 2374 2141 2393 non
2156 2366 2244 2394 differt
2260 2375 2322 2394 enee
2340 2372 2367 2394 et
2383 2368 2481 2402 poene)

1399 2414 1484 2449 (nulla
1511 2416 1582 2442 enim
1611 2417 1747 2450 possibilis
1772 2417 1876 2444 bot-tien
1900 2417 2083 2444 universaliter
2110 2418 2190 2444 rebus
2216 2418 2342 2446 munibus
2367 2419 2483 2452 dunen,

1397 2469 1527 2495 invenitur
1546 2470 1615 2496 enim
1638 2471 1670 2496 ad
1690 2471 1779 2496 minus
1801 2470 1827 2496 in
1852 2472 1939 2505 primo
1957 2470 2096 2506 principio,
2114 2472 2189 2498 cuiue
2208 2478 2275 2509 eue-
2288 2477 2330 2498 αἱ
2346 2473 2483 2500 πῶϋ-ιο-

1398 2523 1456 2548 liter
1479 2522 1633 2556 perfectum,
1657 2527 1686 2548 ut
1709 2528 1848 2548 ostemum
1873 2523 1925 2559 est)
1950 2522 1986 2555 (ai
2009 2524 2080 2550 enim
2107 2526 2176 2550 esset
2204 2524 2232 2550 t'n
2256 2524 2336 2550 rebus
2355 2523 2482 2558 potatu

1396 2574 1435 2599 aa
1452 2573 1572 2607 aliquam
1593 2574 1739 2600 bonitatem
1758 2580 1827 2602 non
1848 2572 1937 2603 enim
1961 2573 2109 2613 potentia
2125 2573 2250 2614 agentis
2273 2574 2371 2615 primi
2390 2566 2482 2606 deest

1397 2622 1564 2663 potentiae
1589 2631 1674 2663 quae
1698 2628 1746 2653 est
1769 2623 1801 2653 in
1827 2623 1924 2654 rebus
1947 2623 1987 2654 ad
2013 2623 2276 2666 perfectionem.)
2306 2629 2358 2655 Sed
2389 2624 2481 2658 suffl-

1398 2674 1520 2705 cienter
1552 2675 1690 2715 (autem)
1719 2675 1832 2705 omnia
1855 2675 2065 2716 complentur
2092 2676 2283 2708 reducendo
2309 2677 2343 2708 in
2373 2684 2480 2710 unum

2511 1655 2626 1684 Srbu.
2671 1684 2677 1687 .

2510 1709 2716 1739 stan-pun!

2511 1962 2648 1993 8:⁹¹5.-
2666 1965 2716 1987 m

2539 1989 2716 2040 aefflu‘

1397 2725 1539 2766 primum
1568 2725 1777 2767 principium.
1806 2725 1883 2757 Non
1913 2731 1960 2757 est
1990 2727 2088 2767 igitur
2123 2736 2248 2768 ponere
2276 2727 2369 2769 plura
2392 2727 2481 2770 prin·
2517 2746 2524 2755 =

1397 2777 1491 2817 cipia.
1527 2778 1545 2816 §
1570 2778 1731 2818 Amplius.
1764 2777 1968 2819 Impossibile
1999 2785 2047 2810 est
2078 2788 2183 2810 unum
2213 2785 2342 2811 motum
2374 2780 2480 2812 eonti-

1396 2837 1500 2859 nuum
1529 2827 1574 2870 (et
1606 2827 1802 2870 regularem)
1829 2839 1847 2860 a
1877 2829 2026 2870 pluribus
2053 2830 2238 2873 motor-ibus
2272 2840 2352 2863 esse.
2386 2834 2480 2862 meu

1395 2887 1486 2909 autem
1519 2884 1584 2909 Num
1611 2885 1633 2910 si
1664 2885 1815 2911 successive
1842 2891 1988 2916 moverent,
2008 2892 2070 2912 ‘non
2101 2892 2195 2920 posset
2222 2894 2284 2913 esee
2309 2886 2479 2919 cononum.

1395 2936 1568 2962 intercederet
1595 2937 1665 2962 enim
1695 2938 1772 2971 quies
1798 2938 1884 2964 media
1911 2941 1961 2964 aut
1986 2946 2040 2965 uno
2066 2939 2148 2974 signo
2176 2942 2290 2966 utentur·
2317 2942 2349 2966 ut
2375 2938 2480 2967 duobus

1395 2988 1496 3014 scilicet
1523 2988 1640 3014 instanti
1663 2989 1718 3022 (in)
1744 2996 1797 3023 quo
1823 2997 1884 3015 nam
1909 2990 1976 3016 inter
2000 2991 2100 3017 instans
2124 2991 2150 3017 in
2175 2998 2230 3025 quo
2248 2990 2343 3017 ultimo
2361 2995 2480 3018 movent

1395 3048 1464 3065 unus
1483 3047 1509 3066 et
1529 3041 1554 3067 in
1572 3042 1665 3075 primo
1678 3042 1745 3075 prin
1765 3042 1833 3068 inter
1851 3043 1952 3068 instant
1971 3042 1997 3068 in
2017 3050 2072 3077 quo
2095 3043 2183 3077 primo
2202 3048 2322 3069 moveret
2339 3042 2415 3076 niun,
2433 3047 2479 3070 no-

1395 3100 1469 3118 cesse
1489 3099 1560 3119 esset
1579 3094 1673 3119 cadere
1686 3099 1793 3128 tempu·
1812 3094 1939 3125 medium,
1958 3095 2030 3129 quod
2049 3099 2122 3121 euet
2139 3100 2246 3129 tempu}
2265 3094 2361 3128 quieti·
2384 3094 2407 3122 d
2425 3100 2479 3123 n-

1394 3150 1467 3170 esset
1485 3145 1564 3170 idem.
1589 3145 1616 3171 Si
1636 3151 1723 3171 autem
1742 3151 1815 3171 esset
1833 3145 1911 3176 idem.
1931 3146 1958 3172 in
1978 3146 2025 3172 illo
2044 3146 2150 3172 instanti
2168 3150 2238 3174 essee
2260 3151 2399 3174 utet-entm-
2419 3147 2479 3174 flo-

1394 3195 1481 3220 vendo
1506 3201 1534 3220 ut
1554 3195 1667 3227 duobus,
1687 3196 1787 3222 scilieet
1807 3202 1836 3222 ut
1854 3196 1982 3231 principio
2002 3196 2082 3222 uniue
2101 3201 2128 3222 et
2145 3195 2199 3223 fine
2217 3197 2326 3223 alteriue
2343 3192 2478 3229 ω,

1394 3252 1420 3272 et
1442 3247 1480 3273 sic
1506 3247 1589 3272 motio
1608 3255 1661 3273 non
1681 3253 1753 3274 esset
1772 3248 1903 3279 continua,
1922 3248 1993 3274 unde
2011 3255 2062 3274 nee
2079 3253 2179 3275 motus.
2194 3245 2211 3263 ¹*
2224 3243 2320 3288 (Nam
2336 3244 2364 3276 οἱ
2377 3242 2477 3276 timul

1393 3301 1539 3332 movent,
1564 3295 1674 3327 nullus
1698 3305 1813 3327 eorum
1839 3302 1886 3328 est
1910 3295 2073 3338 perfectus
2089 3302 2210 3336 motor,
2226 3295 2284 3328 sed
2307 3304 2423 3327 omnes
2442 3305 2477 3327 se

1393 3346 1514 3377 habent
1537 3345 1614 3377 loco
1631 3347 1729 3378 unius
1746 3345 1880 3387 perfecti
1905 3348 2053 3384 motoris,
2070 3345 2162 3389 quod
2177 3354 2244 3378 non
2266 3346 2426 3387 competit
2442 3346 2477 3378 in

1394 3397 1500 3437 primo
1524 3403 1665 3434 metere,
1685 3409 1746 3427 mm
1766 3401 1803 3428 sic
1822 3401 2007 3436 imperfectum
2033 3405 2106 3428 ωσι
2123 3401 2196 3435 prta·
2219 3400 2336 3435 perfecto
2355 3396 2476 3438 [perfe-

1393 3454 1482 3479 ctum
1512 3450 1599 3480 enim
1632 3455 1679 3480 est
1710 3450 1799 3491 prius
1826 3449 2046 3491 imperfecto].·
2074 3448 2109 3480 Si
2139 3453 2249 3479 autem
2278 3458 2347 3480 non
2378 3449 2476 3481 simul

1393 3507 1557 3538 moveant,
1582 3501 1719 3542 quilibet
1736 3510 1851 3532 eorum
1869 3506 1917 3533 est
1932 3499 2134 3542 quandoque
2154 3509 2291 3530 movens
2316 3506 2348 3531 et
2371 3509 2477 3542 quan-

1393 3552 1503 3593 doque
1527 3562 1606 3592 non,
1636 3562 1674 3583 ex
1700 3561 1768 3594 quo
1793 3553 1940 3593 sequitur
1962 3549 2055 3592 quod
2078 3556 2189 3582 motus
2212 3560 2280 3582 non
2305 3551 2346 3582 sit
2369 3551 2476 3583 conti—

1393 3612 1478 3634 nuus
1502 3607 1551 3633 nini
1571 3607 1605 3633 sit
1623 3607 1712 3642 aliqua
1735 3614 1814 3633 cauea
1831 3606 1952 3640 superior
1970 3612 2039 3639 quae
2058 3605 2135 3631 facin
2151 3610 2180 3631 ut
2203 3606 2229 3631 in
2249 3606 2344 3632 eodem
2369 3605 2476 3632 {nemu

1392 3657 1417 3681 in
1437 3663 1492 3689 quo
1510 3663 1593 3681 unum
1613 3654 1709 3681 decinit
1727 3661 1835 3680 movere
1861 3653 1972 3680 alterum
1993 3653 2104 3687 incipiat,
2124 3654 2194 3680 unde
2213 3659 2302 3680 motu·
2321 3654 2371 3688 Ιριὶ
2389 3654 2476 3688 primo

1393 3708 1489 3733 moturi
1508 3707 1557 3733 erit
1574 3707 1764 3733 attribuendus.
1785 3706 1910 3740 sequimi·
1933 3706 2011 3731 etiam
2035 3706 2108 3739 quod
2130 3714 2183 3732 non
2201 3705 2236 3732 eit
2252 3706 2391 3739 regulet-le,
2413 3705 2476 3740 quta

1394 3766 1446 3785 mm
1467 3759 1492 3793 4ειί
1516 3766 1568 3784 non
1595 3763 1686 3784 movet
1709 3763 1824 3790 semper,
1849 3761 1891 3782 ent
1913 3763 1978 3790 ergo
2003 3764 2114 3782 movens
2139 3763 2242 3783 motum
2265 3757 2356 3791 aliquo
2383 3756 2475 3789 modo,

1394 3810 1507 3836 maxime
1525 3810 1546 3835 εἰ
1566 3814 1672 3835 moveat
1690 3815 1739 3843 per
1755 3813 1884 3837 naturam.
1903 3812 1929 3833 et
1950 3807 1988 3833 sic
2007 3808 2168 3842 quandoque
2191 3807 2295 3835 deficiet
2314 3808 2440 3842 paulatim
2459 3816 2475 3835 ι

1007 3879 1013 3884 .
1032 3856 1149 3895 pariter
1173 3866 1247 3886 cum
1274 3857 1335 3887 illa.
1352 3870 1379 3891 70
1393 3860 1565 3894 dispositione
1589 3859 1723 3890 movendi,
1741 3858 1812 3884 unde
1836 3854 1926 3884 m'otus
1951 3858 2000 3884 erit
2017 3858 2115 3885 tardior
2139 3856 2156 3873 θ
2175 3864 2284 3896 neque
2308 3854 2472 3896 regularis.

337 3981 353 4005 b
375 3980 459 4013 27-32
481 3980 517 4005 Ex
535 3979 576 4005 his
589 3998 595 4005 .
608 3997 631 4006 ..
644 3981 787 4014 Praeterea]
807 3981 959 4006 Terminato
977 3988 1084 4008 tractatu
1104 3984 1136 4008 de
1155 3984 1272 4010 Bonitate
1297 3985 1398 4016 Divina,
1421 3985 1486 4011 redit
1509 3988 1595 4010 textus
1609 3984 1643 4009 ad
1661 3982 1722 4008 folia
1747 3982 1906 4016 principalia.
1925 3982 1968 4008 ubi
1986 3983 2039 4008 inm
2058 3987 2114 4009 erat
2133 3983 2258 4017 ncriptum
2278 3982 2421 4017 capimlum
2441 3982 2473 4008 de

266 4024 368 4049 Unitate
388 4025 449 4056 Dei;
468 4024 587 4051 scribitur
606 4030 692 4050 tamen
712 4026 737 4049 in
757 4031 884 4058 quaterno
903 4026 1034 4051 auxiliario
1053 4035 1150 4052 novum
1174 4028 1274 4054 initium
1294 4029 1406 4062 capituli,
1424 4033 1450 4054 et
1468 4035 1567 4054 novum
1592 4031 1775 4060 argumentum
1798 4026 1902 4052 initiale.
1920 4040 1939 4046 —
1962 4027 2004 4054 Cf.
2028 4035 2109 4062 supr·
2131 4027 2164 4054 ed
2187 4034 2246 4061 cup.
2264 4034 2359 4055 mm.
2378 4040 2399 4047 -
2415 4026 2473 4052 Vox

266 4069 335 4094 enim
355 4070 452 4101 primae
470 4070 624 4094 reductionis
643 4070 699 4101 (lin.
720 4069 764 4104 33)
784 4078 845 4095 casu
866 4070 949 4096 deleta
969 4079 1020 4096 non
1040 4072 1095 4098 fuit.

1171 4080 1205 4105 70
1224 4081 1310 4106 neque
1329 4074 1456 4107 regularis
1521 4072 1571 4099 13‘
1591 4080 1606 4097 a
1618 4071 1635 4097 6
1654 4079 1670 4097 e
1687 4070 1825 4104 conversol
1846 4072 1916 4097 Haec
1935 4077 1996 4098 aunt
2015 4073 2040 4098 in
2059 4077 2187 4116 quaterno
2199 4071 2340 4104 auxiliario,
2353 4071 2386 4098 ud
2400 4071 2472 4106 quod

266 4114 372 4138 recurrit
392 4114 418 4138 S.
436 4113 553 4139 Thomas
573 4120 677 4147 propter
696 4114 825 4140 desectum
845 4115 918 4148 spatii
937 4116 961 4140 in
981 4117 1107 4147 margine.
1125 4117 1350 4150 Transcriptorem
1370 4118 1455 4150 dirigit
1473 4125 1520 4150 per
1538 4116 1627 4146 verba,
1648 4115 1754 4147 Quaere
1773 4115 1799 4141 in
1816 4123 1912 4148 parvo.

2505 3246 2569 3270 ΒΗ»
2585 3246 2680 3276 ungut-

2501 3861 2607 3885 §rtu-
