2664 4120
232 321 322 358 dicit,
338 321 487 352 continet
499 321 626 352 scholia
649 319 821 352 Godefridi
837 321 878 352 de
894 323 1064 356 Fontibus,
1090 325 1320 359 correctiones

232 371 310 397 sunt
332 366 367 397 in
389 365 575 397 charactere
597 365 764 406 scriptoris
791 365 1004 404 scholiorum,
1030 378 1114 408 quae
1137 371 1216 402 Ucc.
1242 372 1320 404 dicit

232 418 304 442 esse
326 411 543 452 autographa;
568 410 650 442 nihil
671 410 782 441 inveni
798 411 832 441 in
850 413 1060 443 contrarium.
1085 413 1200 446 Codex
1222 416 1320 447 habet

232 453 312 487 folia
340 455 422 492 3¹23
453 465 472 486 a
503 454 561 486 fol.
593 456 656 486 225
685 455 801 496 incipit
827 461 934 486 textus
961 457 1164 490 abbreviatus
1192 460 1319 492 Primae

231 500 344 531 Partis.
368 499 525 532 Summae
543 505 658 531 contra
680 499 829 531 Gentiles
852 500 1000 532 Tabulae
1023 502 1119 533 simul
1139 512 1319 544 ponuntur,

231 545 357 576 nescio-
369 553 480 586 quare,
503 545 589 576 inter
611 545 649 576 L.
675 544 703 575 11
723 549 763 576 et·
775 544 828 581 111,
844 543 914 576 fon.
932 555 1042 587 90—92
1057 557 1076 576 v
1093 548 1114 578 b
1132 557 1188 585 10;
1214 548 1258 580 L.v
1276 549 1318 580 111

231 588 348 631 incipit
370 589 428 620 fol.
453 589 508 630 93.
533 589 606 620 Fol.
632 598 699 630 224
713 599 730 620 1·
744 590 766 620 b
789 589 932 630 Explicit
955 596 992 622 ut
1024 591 1141 631 15815,
1169 593 1263 633 nigro
1287 599 1320 625 et

231 635 350 671 rubro;
373 635 407 665 in
431 635 526 674 nigro
553 647 568 661 ι
587 634 725 675 gentiles
743 647 758 662 »
778 635 977 675 expungitur
1000 641 1032 666 et
1054 645 1151 676 supra
1171 638 1319 668 scribitur

235 693 249 706 «
265 678 414 711 infideles
429 693 457 710 ι.
475 678 544 721 (D).

288 768 368 801 ibid.
392 769 470 800 bibl.
496 769 680 800 Mazarinea
703 769 768 810 807
793 769 903 810 (antea
925 769 1018 810 403),
1045 769 1132 801 med.
1165 784 1178 798 ε
1199 771 1246 801 Ex
1271 772 1318 802 bi-

230 814 395 846 bliotheca
423 813 488 845 FF.
516 813 782 846 praedicatorum
809 812 857 845 501
879 814 991 846 lacobi
1009 826 1037 845 ».
1063 814 1202 846 Schema
1225 825 1317 847 com-

230 867 342 896 mune,
365 858 424 891 sed
451 871 467 886 ‹
481 864 596 891 sancto
615 867 631 886 ι’·
657 865 800 900 utroque
819 859 907 890 loco.
932 858 1080 900 Scriptor
1101 860 1213 891 multis
1237 861 1318 892 locis

229 905 372 946 spatium
394 904 527 945 reliquit
542 913 603 946 pro
619 904 725 935 verbis
748 904 942 945 exemplaris
966 904 996 935 ei
1018 904 1244 945 illegibilibus;
1268 907 1318 938 in-

229 949 322 991 spice
344 948 464 981 folium
491 949 554 980 106
577 958 689 980 verso.
708 947 858 980 Omnino
883 957 917 979 οι.

286 993 332 1026 id.
350 994 395 1025 id.
420 993 486 1025 808
510 992 620 1036 (011100
647 991 758 1036 1020),
782 998 849 1025 ant.
871 993 1009 1025 Mutilus
1024 999 1102 1035 post
1117 994 1160 1025 lv
1185 1004 1255 1036 cap.
1274 995 1318 1035 84

230 1041 316 1071 inter
337 1038 425 1071 med.
450 1044 484 1070 et
505 1038 607 1070 finem
629 1050 646 1067 ι
660 1037 718 1070 sed
732 1039 851 1070 solum
874 1039 1016 1070 termino
1031 1039 1140 1070 alieno
1164 1040 1318 1071 termina-

230 1091 299 1121 tur3
322 1093 392 1116 non
411 1095 440 1114 ι.
466 1093 500 1114 α.
1066 1107 1070 1110 .

287 1128 368 1160 lbid.
393 1128 471 1160 bibl.
495 1127 667 1160 Sorbonae
684 1129 760 1166 206,
776 1133 842 1160 0111.
868 1127 1037 1160 Deficiunt
1059 1128 1138 1160 folia
1160 1137 1172 1160 ι
1202 1135 1234 1160 01
1255 1138 1318 1160 12-

232 1183 287 1205 22.
311 1173 461 1206 Omnino
486 1182 520 1204 a..

233 1234 238 1244 =
286 1217 367 1251 ibid.
392 1218 470 1250 bibl.
494 1218 661 1250 Arsenalis
683 1226 762 1258 441,
786 1227 912 1250 recens.
930 1218 1075 1251 Grossus
1090 1219 1172 1250 liber
1195 1220 1235 1250 ab
1252 1229 1318 1251 una

228 1272 331 1296 nanu
347 1264 498 1296 continet
509 1264 672 1304 integram
687 1263 861 1296 Summam
875 1263 907 1294 T
908 1264 1117 1305 heologicam
1136 1273 1214 1296 cum
1233 1264 1318 1306 Sup-

229 1308 400 1351 plemento
423 1307 549 1340 etsfou.
575 1308 728 1350 399-471
756 1309 930 1341 Summam
952 1315 1109 1341 nostram.
1127 1308 1252 1341 Textus
1268 1320 1318 1342 re-

183 1354 374 1386 -oensinis
398 1363 423 1385 α
445 1353 590 1385 multum
613 1353 832 1395 praevalente.
1079 1353 1081 1355 ’

285 1398 330 1431 id.
353 1397 398 1431 id.
422 1407 502 1439 442,
526 1404 593 1430 ant.
618 1408 653 1431 αι.

234 1463 236 1466 >
284 1443 329 1476 id.
354 1443 399 1476 id.
422 1443 488 1485 443
552 1457 567 1472 ⁸
618 1453 653 1475 G.

232 1511 236 1514 -
283 1489 328 1521 id.
351 1488 396 1521 id.
420 1497 490 1529 444
550 1501 565 1517 ι
616 1497 650 1520 α.

284 1534 414 1577 Troyes
437 1533 516 1576 963,
539 1543 664 1566 recens.
691 1543 725 1565 α.

283 1578 363 1612 ibid.
387 1579 466 1621 982,
489 1584 556 1611 ant.
580 1578 786 1611 Praecedunt
799 1579 841 1611 ab
859 1579 923 1611 alia
938 1589 1041 1612 manu
1057 1579 1166 1611 Prima
1185 1579 1262 1611 Pars
1286 1585 1319 1611 et

225 1623 337 1656 Prima
357 1623 541 1656 Secundae.
566 1633 600 1655 α.
694 1657 699 1661 ,

247 1690 250 1694 ›
282 1668 460 1701 Vendome
474 1669 530 1707 65,
546 1674 612 1701 0111.
630 1677 654 1700 α
670 1670 822 1701 0111111110.
839 1669 1053 1712 comparavit
1063 1669 1169 1701 mnus
1180 1669 1216 1702 P.
1229 1669 1316 1711 Mag.

228 1713 423 1747 leonardus
445 1714 552 1754 Lehu‚
574 1714 687 1746 socius
709 1714 787 1746 Rmi
810 1714 980 1747 Generalis
1003 1714 1147 1746 Ordinis.

264 1766 266 1768 '
285 1760 408 1792 Matriti
429 1759 510 1791 bibl.
526 1759 667 1791 Nacion.
681 1768 750 1801 499
767 1759 878 1802 (antea
900 1760 928 1792 B
943 1758 1020 1803 44);
1040 1760 1075 1791 in
1090 1758 1174 1791 fine:
1197 1773 1212 1788 ε
1227 1768 1316 1791 anno

228 1803 287 1837 fi
298 1805 475 1837 millesimo
486 1804 716 1836 ducentesimo
727 1805 936 1846 octogesimo
951 1804 1100 1837 secundo
1111 1803 1192 1837 feria
1202 1805 1318 1846 quinta

228 1855 306 1892 poet
327 1849 449 1882 festum
464 1850 496 1881 b.
515 1849 648 1881 Andree
663 1850 818 1892 Apostoli
834 1850 896 1882 fuit
912 1850 1052 1892 scriptus
1074 1850 1156 1882 liber
1179 1851 1239 1882 iste
1254 1859 1317 1882 no·

228 1895 319 1927 1111110
345 1894 453 1927 fratris
475 1893 606 1936 gerardi
629 1895 806 1937 lotharingi
832 1895 874 1927 de
902 1895 1018 1927 ordine
1044 1894 1182 1927 flatrum
1201 1908 1230 1927 ι.
1259 1895 1317 1927 Se-

228 1939 377 1972 eundum
392 1940 606 1972 collationem
615 1939 780 1972 initialem
798 1945 906 1972 textus
929 1946 979 1972 est
994 1950 1019 1972 σι
1034 1949 1148 1982 purus.
1165 1939 1318 1972 Contulit

229 1985 271 2018 A.
294 1985 334 2017 R.
358 1985 395 2017 P.
420 1985 527 2017 iustus
555 1984 700 2022 Cuervo,
731 1985 839 2017 editor
870 1995 1012 2027 operum
1042 1985 1205 2017 Ludovici
1235 1984 1318 2017 Gra-

229 2030 383 2063 utensis.

287 2074 504 2116 Cantabrigae
527 2075 729 2107 Peterhouse
741 2075 783 2116 73
802 2074 912 2116 (011100
935 2074 1039 2117 ο.72),
1063 2075 1151 2107 med.
1176 2075 1213 2107 1n
1227 2077 1317 2118 prin-

229 2119 320 2163 cipio
339 2120 494 2157 mutilus;
514 2120 631 2161 incipit
647 2119 691 2152 L.
709 2120 732 2152 1.
755 2129 827 2162 cap.
851 2129 907 2160 42,
936 2129 998 2162 119
1014 2130 1034 2152 0
1051 2121 1091 2153 25
1113 2134 1128 2150 ε
1147 2120 1182 2153 Si
1205 2127 1315 2154 autem

229 2165 378 2198 0001111010
401 2165 506 2197 modo
529 2165 595 2197 1100
618 2166 738 2197 iterum
754 2179 782 2197 ».
808 2175 842 2196 α.

277 2209 367 2243 ibid.
391 2210 576 2242 Pembroke
601 2210 655 2251 37,
675 2210 763 2243 med.
787 2210 910 2242 Mixtus
933 2219 973 2242 ex
998 2220 1021 2242 οι
1046 2217 1079 2242 01
1102 2209 1134 2251 β.

271 2255 411 2288 ’0201111
433 2255 567 2288 Μο11011
589 2255 613 2287 1.
642 2263 670 2287 1.
695 2265 716 2297 7
741 2255 852 2298 (antea
869 2255 1012 2298 uxvm),
1037 2261 1102 2288 0111.
1131 2266 1155 2288 α
1171 2265 1315 2298 prorsus.

285 2300 329 2333 id.
353 2300 398 2332 id.
422 2300 464 2332 N.
490 2310 520 2332 2.
537 2309 558 2341 7
583 2299 694 2342 (antea
715 2300 836 2341 nxxrx),
860 2300 948 2332 med.
973 2310 1008 2332 οι.

231 2361 234 2363 -
286 2345 330 2379 id.
354 2345 435 2377 Ball.
462 2345 516 2387 59,
540 2351 606 2377 ant.
631 2345 667 2377 111
691 2355 832 2388 corpore
855 2345 980 2378 codicis
1000 2346 1143 2388 capitula
1166 2356 1235 2378 non
1259 2348 1316 2379 ha-

228 2392 308 2423 bent
329 2391 454 2423 titulos.
478 2390 623 2422 Tabulas
646 2391 681 2422 in
705 2390 782 2423 fine.
807 2400 843 2423 οι.

285 2435 330 2468 id.
354 2435 541 2478 University
564 2435 613 2478 (in
637 2434 748 2478 Bodl.)
772 2435 828 2474 68,
851 2442 917 2468 ant.
942 2445 977 2469 οι.

284 2481 329 2513 id.
354 2480 484 2513 Canon.
507 2480 592 2512 Patr.
617 2481 688 2512 Lat.
705 2481 754 2522 (in
777 2479 888 2523 Bodl.)
909 2480 972 2522 137
996 2481 1114 2519 011011.;
1135 2488 1243 2515 textus
1265 2492 1315 2513 ar-

228 2526 388 2558 bltrarius.

284 2570 329 2604 id.
353 2569 449 2602 Bodl.
475 2570 541 2611 372
557 2569 662 2613 (2750
677 2571 713 2602 111
736 2570 899 2612 Catalogo
923 2572 1001 2603 anni
1029 2570 1140 2614 1697),
1171 2578 1237 2604 ant.
1261 2572 1315 2604 vel

227 2615 316 2648 med.
333 2616 442 2647 Prima
464 2615 614 2657 quinque
637 2615 717 2647 folia
739 2616 913 2648 continent
927 2616 1091 2648 Tabulam
1108 2617 1132 2649 1.
1155 2617 1194 2650 L.
1212 2623 1245 2649 et
1260 2627 1314 2649 ca-

227 2661 332 2703 pitula
353 2660 436 2692 1-13
461 2669 570 2702 usque
591 2660 633 2692 ad
657 2661 698 2692 33
713 2661 734 2692 b
758 2662 798 2693 55
828 2674 844 2689 ‹
862 2661 966 2693 altero
982 2662 1090 2693 verius
1114 2663 1179 2694 hoc
1202 2669 1314 2694 autem

227 2711 278 2739 ent
295 2716 331 2744 »ς
348 2705 468 2737 folium
481 2705 513 2737 6.
535 2705 665 2743 album;
683 2705 741 2738 fol.
758 2716 790 2747 7.
816 2706 877 2738 alia
900 2715 1020 2739 manus
1042 2707 1194 2748 reincipit
1216 2708 1314 2740 Sum-

226 2759 318 2783 mam
346 2761 366 2782 a
393 2750 573 2792 principio;
597 2756 675 2793 post
701 2759 752 2782 10.
781 2761 887 2782 unum
913 2753 1093 2783 abscissum
1120 2752 1192 2784 fuit.
1221 2753 1315 2784 Duae

226 2802 334 2838 partes
356 2795 530 2838 parallelae
554 2805 594 2827 ex
624 2805 694 2828 uno
717 2797 896 2838 exemplari
918 2798 1129 2838 transcriptae
1152 2797 1314 2835 videntur,

226 2850 306 2873 cum
321 2840 445 2873 eisdem
459 2841 661 2872 variantibus
675 2851 694 2871 a
712 2847 825 2873 001010
842 2841 1016 2873 traditione
1033 2842 1191 2880 differant,
1207 2849 1315 2875 textus

225 2891 337 2918 nmen
354 2895 379 2917 α.
402 2886 577 2927 praevalet.
593 2903 618 2910 -
631 2886 720 2924 Quia
735 2892 810 2917 ante
826 2887 954 2927 aliquot
968 2896 1074 2918 annos
1089 2888 1205 2918 acriter
1220 2887 1316 2920 dimi-

226 2937 338 2963 catum
361 2936 410 2962 est
432 2937 545 2962 utrum
568 2931 606 2962 L.
623 2931 647 2968 l,
664 2939 736 2972 cap.
759 2931 808 2968 13,
833 2931 871 2963 31
892 2941 911 2962 0
926 2941 949 2971 4
971 2931 1149 2973 legendum
1172 2934 1215 2964 sit
1239 2946 1255 2961 α
1273 2933 1315 2964 ad

226 2976 373 3017 quietem
385 2976 484 3017 partis
498 2976 571 3007 eius
587 2976 648 3018 (rei
662 2980 774 3007 motae
789 2985 849 3017 per
863 2986 899 3007 se
919 2976 1041 3019 primo)
1057 2978 1207 3019 sequitur
1221 2979 1316 3019 quies

225 3021 328 3052 totius
347 3034 363 3048 ι
387 3027 430 3052 an
449 3033 465 3048 ‹
481 3028 550 3051 non
571 3021 724 3062 sequitur
737 3033 766 3058 ι,
783 3026 826 3057 01,
849 3022 984 3053 1101111110
999 3021 1092 3063 quod
1110 3023 1212 3054 sciam
1235 3032 1316 3055 con-

224 3065 415 3106 tradicente,
430 3064 628 3096 affirmatum
643 3071 693 3097 051
711 3066 866 3107 antiquos
888 3066 1021 3098 codices
1043 3067 1108 3098 hoc
1131 3067 1209 3099 loco
1232 3069 1316 3099 invi-

225 3121 299 3143 cem
315 3110 494 3147 dissentire,
511 3120 631 3151 operae
646 3111 790 3152 pretium
805 3116 854 3142 est
875 3117 1001 3150 notare,
1021 3113 1056 3143 in
1070 3113 1165 3144 nullo
1189 3113 1315 3151 codice,

225 3157 363 3197 antiquo
378 3156 430 3187 vel
452 3156 594 3193 iuniore,
609 3156 766 3187 obvenire
781 3156 975 3197 particulam
989 3158 1174 3198 negativam
1196 3159 1259 3190 nisi
1281 3160 1316 3190 in

226 3201 291 3233 hoc
312 3200 506 3238 Bodleiano,
523 3200 624 3242 idque
639 3210 709 3232 non
726 3206 870 3242 utroque
884 3202 972 3239 loco,
987 3202 1046 3234 sed
1069 3202 1182 3240 altero,
1205 3212 1316 3244 neque

226 3246 280 3278 1110
302 3246 366 3277 nisi
389 3255 488 3287 supra
510 3247 710 3287 marginem!
737 3246 812 3277 Alia
840 3248 1017 3278 auctoritas
1048 3257 1109 3288 pro
1139 3249 1316 3288 negatione

226 3297 275 3323 est
297 3290 400 3323 editio
424 3291 660 3332 chronologice
676 3296 801 3332 quarta,
817 3291 944 3323 Veneta
966 3293 1044 3323 anni
1072 3292 1167 3333 1480.
1185 3292 1226 3324 de
1249 3303 1316 3334 qua

223 3336 319 3368 infra.
335 3335 470 3368 Ciantes
485 3337 518 3367 in
534 3342 626 3367 textu
642 3337 796 3367 hebraico
813 3342 846 3367 et
860 3336 964 3368 latino
979 3337 1058 3378 legit
1079 3338 1238 3379 sequitur,
1258 3338 1316 3370 sed

225 3383 261 3412 in
276 3381 388 3412 Errata
404 3381 542 3422 Corrige
557 3382 628 3412 vult
647 3391 713 3412 non
736 3382 896 3423 sequitur,
920 3382 1007 3413 male
1029 3383 1229 3415 consiliatus.
1254 3383 1316 3414 His

224 3427 328 3457 tribus
350 3427 611 3458 correctionibus
634 3426 814 3458 absolvitur
835 3426 967 3458 traditio
990 3434 1023 3458 et
1046 3433 1178 3459 externa
1201 3434 1315 3459 aucto-

226 3471 302 3502 ritas
324 3471 475 3502 lectionis
498 3472 710 3513 impossibilis
737 3485 751 3499 «
766 3481 836 3503 non
860 3473 1008 3513 sequitur
1023 3485 1052 3503 ›.

276 3560 427 3605 ‘Codices
449 3561 600 3592 nondum
624 3539 751 3593 collatii

231 3613 234 3615 ’
283 3606 381 3636 Βο1111
405 3606 483 3637 bibl.
501 3607 725 3638 Universitatis
747 3607 848 3638 chart.
875 3616 949 3648 299.

229 3664 234 3670 ·
283 3650 382 3682 Siena
404 3650 482 3682 bibl.
506 3650 694 3682 Comunale
717 3652 755 3683 F.
779 3652 819 3690 11,
844 3661 898 3689 22,
922 3661 1046 3683 recens.

2406 272 2452 295 XV

1431 330 1559 360 Padova
1583 332 1612 362 al
1636 332 1736 363 Santo
1760 334 1846 365 scaff.
1871 335 1940 372 XII,
1965 336 2005 367 N.
2032 337 2106 374 261,
2130 346 2213 369 5000.
2238 346 2303 369 11111.

1431 374 1479 404 lbi
1502 374 1596 406 Scaff.
1622 376 1706 413 XIV,
1730 378 1770 408 N.
1796 379 1871 419 307,
1895 381 1993 411 chart.

1430 418 1609 450 Barcelona
1633 422 1728 451 Arch.
1754 422 1828 453 Rmi
1852 423 1996 464 Capituli
2020 426 2093 457 cod.
2122 434 2171 467 17,
2195 436 2278 459 saec.
2302 438 2367 459 xm.

1490 462 1537 493 lbi
1629 465 1724 495 Arch.
1750 466 1832 497 della
1855 468 1989 500 Corona
2012 470 2044 500 di
2067 471 2241 511 Aragonia,
2265 473 2366 504 sectio
2389 474 2449 504 Ar·-

1373 506 1508 537 chivum
1532 507 1563 538 S.
1589 508 1633 539 M.
1659 509 1698 539 de
1722 510 1842 550 Ripoll,
1867 512 1906 542 N.
1931 513 1984 552 64,
2008 523 2090 546 saec.
2114 525 2178 546 xm.

1430 549 1618 591 Tarragona
1641 553 1718 583 bibl.
1744 557 1923 594 provincial
1945 558 1975 588 N
2012 560 2086 596 251,
2110 570 2191 591 5000.
2215 571 2278 592 xrv.

1431 594 1572 626 Tortosa
1595 597 1693 628 Arch.
1718 599 1793 629 ani
1820 599 1974 640 Capituli,
1999 604 2067 633 sine
2087 604 2258 643 signatura,
2275 616 2357 638 saec.
2382 616 2446 639 xm.

1430 639 1585 671 Valencia
1597 642 1695 672 Arch.
1711 643 1787 673 Rffii
1800 643 1954 684 Capituli,
1967 647 2035 677 sine
2049 648 2219 688 signatura,
2237 660 2318 682 saec.
2335 649 2446 696 xmlrv.

1430 684 1549 715 Matriti
1573 685 1700 717 Nacion
1727 688 1790 718 208
1815 687 1923 730 (antea
1947 690 1982 720 B.
2007 691 2076 732 43),
2100 702 2182 723 saec.
2206 703 2268 725 xxv.

1464 729 1510 759 lbi
1568 729 1644 761 bibl.
1669 731 1721 762 del
1744 732 1814 773 Rey
1838 733 1878 763 N.
1903 734 2006 765 Senor
2031 745 2048 766 2
2074 745 2092 766 e
2117 746 2134 766 2
2162 736 2336 778 (signatura
2351 741 2447 781 quin-

1373 781 1438 813 que
1462 773 1592 805 codices
1615 776 1852 816 complectitur,
1869 778 2067 810 intendimus
2090 781 2207 812 librum
2231 792 2327 824 super
2350 785 2446 816 dorso

1373 816 1498 849 Contra
1522 818 1669 851 Gentiles
1694 820 1869 863 signatum)
1896 832 1978 854 saec.
2003 834 2066 854 xm.

1429 863 1573 894 Escorial
1597 863 1618 895 f.
1645 874 1675 902 2,
1699 875 1730 905 7,
1755 875 1837 897 saec.
1862 877 1926 898 xm.

1485 908 1532 938 Ibi
1593 909 1633 940 T.
1659 910 1681 946 1,
1711 918 1761 950 19,
1789 911 1888 942 chart.

1428 952 1558 983 Toledo
1582 954 1657 985 Rmi
1681 954 1825 995 Capituli
1853 957 1971 996 19-16,
1995 966 2078 988 5000.
2102 968 2164 989 xrv.

1430 996 1583 1029 Cordova
1607 999 1682 1030 Rxni
1706 999 1850 1041 Capituli
1875 1000 1951 1040 304,
1977 1011 2060 1033 saec.
2084 1013 2149 1033 xm.

1429 1041 1547 1074 Sevilla
1570 1043 1770 1075 Colombina
1792 1046 1832 1076 Y.
1862 1045 1991 1083 131.21,
2020 1056 2102 1078 saec.
2127 1058 2267 1079 xm-xiv.

1429 1086 1572 1118 Lisbona
1595 1089 1732 1120 Nacion.
1758 1100 1789 1121 n.
1817 1100 1892 1131 227,
1917 1100 2000 1122 saec.
2025 1101 2089 1122 xm.

1418 1175 1572 1209 Summae
1595 1184 1724 1209 nostrae
1749 1180 1798 1210 bis
1821 1181 1946 1211 mentio
1969 1180 2006 1211 fit
2038 1181 2072 1212 in
2100 1182 2316 1214 taxationibus
2339 1193 2445 1216 exem·

1372 1221 1511 1261 plariurn
1539 1223 1761 1255 Universitatis
1800 1225 1998 1256 Parisiensis:
2028 1225 2268 1258 chartularium
2297 1228 2447 1260 Denifle-

1372 1264 1543 1298 Chatelain
1567 1267 1590 1304 1,
1614 1272 1653 1298 n⁰
1674 1269 1738 1299 530
1759 1282 1772 1296 ‹
1792 1269 1927 1301 Summa
1943 1269 2046 1302 fratris
2069 1271 2200 1302 Thome
2224 1278 2336 1303 contra
2359 1273 2446 1305 Gen-

1371 1310 1443 1342 tiles
1471 1312 1617 1344 continet
1646 1313 1701 1343 lvii
1731 1315 1848 1354 pecias.
1879 1315 1912 1345 iii
1942 1315 1992 1345 sol
2011 1325 2045 1352 »;
2071 1315 2098 1346 11
2121 1320 2160 1346 n⁰
2179 1316 2244 1356 642
2275 1330 2290 1344 ι
2309 1318 2389 1349 Item
2412 1319 2446 1350 in

1372 1355 1508 1387 Summa
1521 1363 1634 1388 contra
1649 1358 1786 1398 gentiles
1801 1359 1856 1389 lvii
1869 1360 1986 1399 pecias.
1999 1360 2078 1391 xliiii
2093 1360 2167 1392 den.
2184 1375 2211 1392 ι.
2229 1361 2331 1393 Notas
2346 1364 2447 1403 petia·

1372 1410 1446 1431 rum
1458 1402 1660 1442 Exemplaris
1671 1402 1857 1434 Parisiensis
1869 1404 1902 1434 in
1915 1405 2062 1444 quinque
2074 1404 2241 1437 codicibus
2252 1407 2445 1445 invenimus,

1371 1455 1494 1487 nempe
1515 1447 1548 1478 in
1573 1447 1609 1484 B,
1634 1447 1671 1483 F,
1695 1447 1738 1484 H,
1762 1448 1932 1479 Parisiensi
1955 1449 2028 1480 Nat.
2057 1450 2163 1480 15816
2180 1456 2212 1481 01
2235 1451 2353 1483 Mazar.
2370 1452 2445 1493 807.

1372 1491 1450 1522 Duo
1473 1492 1527 1522 alii
1543 1492 1750 1532 posteriores,
1770 1502 1890 1534 nempe
1906 1492 1958 1523 Ch
1975 1499 2007 1524 et
2022 1493 2104 1531 Can,
2120 1500 2235 1525 notant
2250 1497 2351 1535 petias
2366 1506 2446 1537 pau-

1373 1537 1478 1567 ciores
1501 1536 1558 1567 sed
1581 1537 1712 1567 maioris
1740 1538 1936 1578 capacitatis,
1961 1538 2083 1569 scilicet
2113 1538 2184 1570 Can
2207 1540 2336 1580 triginta
2359 1548 2446 1578 octo,

1372 1580 1425 1612 Ch
1448 1582 1579 1622 triginta
1602 1591 1734 1612 novem.
1759 1582 1808 1612 De
1832 1583 1928 1623 petiis
1950 1583 2098 1623 specialis
2121 1593 2229 1615 sermo
2252 1585 2446 1624 instituetur,

1371 1625 1430 1657 sed
1453 1625 1494 1657 de
1517 1625 1630 1657 solidis
1653 1631 1686 1657 et
1709 1626 1848 1658 denariis
1871 1627 1951 1658 nihil
1967 1627 2007 1658 ad
2031 1637 2102 1658 nos.
2127 1629 2190 1659 Hic
2206 1635 2303 1660 restat
2324 1630 2443 1668 videre,

1371 1677 1404 1702 et
1428 1671 1526 1702 simul
1549 1671 1728 1707 absolvere,
1753 1671 1792 1703 de
1817 1671 2034 1703 Editionibus.

1426 1760 1475 1792 Ex
1487 1761 1629 1802 antiquis
1641 1761 1838 1792 editionibus
1851 1767 1992 1802 quatuor
2008 1762 2127 1802 primas
2139 1763 2283 1803 (exclusa
2295 1772 2332 1794 ea
2349 1773 2446 1804 quam

1371 1805 1459 1837 Hain
1481 1806 1543 1837 sub
1566 1809 1606 1837 n⁰
1626 1806 1709 1837 1388
1726 1813 1873 1837 recenset
1895 1806 1952 1838 sed
1971 1807 2080 1838 nullus
2103 1807 2220 1838 vidisse
2243 1807 2383 1848 videtur)
2399 1809 2447 1840 di-

1371 1851 1568 1892 stinguimus
1598 1851 1686 1892 siglis
1709 1860 1745 1887 a,
1769 1851 1803 1887 b,
1828 1861 1859 1887 c,
1884 1851 1926 1888 d,-
1956 1851 2044 1892 apud
2073 1852 2159 1883 Hain
2190 1856 2241 1883 11οἳό
2270 1854 2446 1893 respective

1376 1895 1473 1932 1385,
1502 1895 1598 1936 1387,
1627 1896 1722 1932 1386,
1752 1895 1846 1936 1389.

1429 1940 1540 1972 Editio
1555 1950 1578 1972 a
1593 1941 1828 1981 chronologice
1851 1942 1954 1982 prima
1971 1946 2033 1977 est;
2053 1941 2180 1982 prolem
2195 1951 2263 1972 non
2279 1943 2400 1974 habuit.

1427 1986 1478 2017 De
1500 1986 1520 2018 b
1543 1991 1576 2017 et
1599 1995 1618 2017 c
1648 1992 1718 2017 utra
1746 1986 1834 2027 prior
1860 1987 1901 2017 sit
1927 1986 2056 2022 nescim
2085 1987 2105 2016 b
2128 1986 2212 2018 edita
2243 1992 2291 2018 est
2320 1987 2445 2019 Romae

1373 2040 1415 2062 20
1432 2030 1522 2073 Sept.
1544 2031 1626 2072 1475
1645 2031 1732 2072 typis
1747 2030 1884 2062 Arnoldi
1901 2031 2068 2068 Pannartz,
2085 2041 2103 2062 c
2118 2031 2262 2062 Venetiis
2275 2041 2332 2072 per
2347 2032 2446 2063 Fran·

1372 2077 1497 2108 ciscum
1521 2075 1562 2108 de
1586 2076 1746 2107 Hailbrun
1770 2082 1802 2107 et
1825 2075 1998 2107 Nicolaum
2022 2076 2062 2107 de
2089 2075 2298 2107 Francfordia
2321 2078 2444 2114 socios;

1371 2128 1463 2153 erant
1477 2126 1589 2153 autem
1603 2122 1685 2152 socii
1701 2131 1788 2152 anno
1810 2120 1891 2161 1473
1910 2127 1942 2152 et
1957 2120 2063 2152 adhuc
2080 2121 2174 2161 1476,
2192 2131 2260 2162 quo
2276 2131 2362 2152 anno
2379 2121 2445 2153 edi-

1371 2166 1491 2198 derunt
1505 2166 1680 2207 vulgatam
1702 2167 1898 2207 Hieronymi
1915 2165 2292 2208 (Wordsworth-White
2314 2166 2446 2198 Novum

1371 2211 1622 2244 Testamentum
1643 2212 1713 2242 Lat.
1731 2221 1803 2252 pag.
1819 2213 1918 2245 xxxx).
1934 2211 2051 2242 Nostra
2074 2220 2142 2242 non
2165 2211 2297 2242 interest
2315 2217 2385 2242 utra
2407 2213 2447 2243 sit

1371 2258 1547 2298 antiquior,
1571 2257 1650 2298 quia
1664 2257 1805 2288 invicem
1827 2266 1894 2287 non
1911 2255 2107 2297 dependent.
2127 2255 2214 2294 Quia
2236 2266 2313 2287 vero
2336 2257 2355 2287 b
2377 2257 2446 2288 sine

1370 2302 1464 2344 prole
1487 2302 1617 2339 mansit,
1642 2302 1738 2333 habet
1762 2302 1850 2342 prius
1874 2301 2002 2342 siglum.

1425 2348 1457 2378 A
1479 2356 1498 2379 c
1520 2347 1668 2387 incoepit
1689 2352 1722 2378 et
1745 2346 1785 2377 ad
1801 2351 1950 2377 nostrum
1965 2352 2095 2385 tempus
2111 2351 2216 2376 cetera
2237 2345 2366 2377 traditio
2386 2347 2447 2377 im-

1370 2402 1480 2434 pressa
1496 2397 1675 2434 propagata
1687 2391 1758 2423 fuit.
1775 2392 1883 2423 Huius
1899 2390 1965 2422 filia
1981 2397 2028 2422 est
2043 2390 2074 2427 d,
2088 2391 2232 2421 Venetiis
2247 2400 2334 2421 anno
2352 2390 2446 2430 1480,

1369 2437 1470 2479 Apud
1488 2437 1511 2469 d
1525 2438 1669 2469 sistimus
1692 2437 1905 2468 collationem
1928 2436 2093 2469 librorum
2110 2436 2351 2476 impressorum.
2376 2436 2445 2467 Pia-

1368 2493 1446 2515 nam
1469 2482 1649 2514 editionem
1665 2491 1795 2522 semper
1817 2482 1965 2518 citamus,
1984 2481 2041 2512 sed
2064 2481 2221 2512 lectiones
2245 2482 2314 2511 eius
2337 2486 2411 2522 post
2425 2480 2448 2512 d

1367 2529 1437 2560 sive
1460 2534 1536 2569 post
1558 2537 1683 2559 annum
1715 2527 1799 2567 1480
1831 2533 1917 2558 ortas
1946 2532 2094 2567 separato
2122 2525 2258 2557 elencho
2287 2525 2445 2557 continuo

1369 2579 1524 2605 notamus
1549 2571 1645 2615 (infra
1668 2582 1700 2613 p.
1724 2570 1844 2612 xxxix).

1425 2617 1523 2650 Circa
1537 2623 1664 2649 textum
1679 2617 1861 2648 editionum
1878 2615 2014 2647 dicenda
2029 2621 2103 2647 sunt
2118 2616 2208 2646 haec.
2225 2614 2333 2645 Editio
2345 2624 2366 2645 a
2378 2623 2444 2645 non

1368 2663 1466 2695 habet
1489 2672 1558 2704 quo
1581 2672 1617 2694 se
1632 2672 1651 2693 a
1666 2662 1813 2703 gregario
1829 2661 1943 2692 codice
1958 2660 2118 2692 moderno
2139 2660 2364 2699 distingueret;
2389 2660 2445 2700 qui

1369 2717 1442 2740 eam
1458 2708 1593 2745 curavit,
1613 2707 1756 2739 mediam
1775 2707 1970 2747 scriptorum
1992 2705 2191 2746 diligentiam
2215 2714 2283 2735 non
2306 2709 2444 2745 superat.

1369 2754 1478 2785 Habet
1500 2758 1627 2784 textum
1651 2762 1675 2783 α
1703 2752 1932 2784 deterioratum
1963 2751 2105 2781 erroneis
2135 2749 2391 2780 correctionibus
2413 2754 2445 2779 et

1369 2807 1546 2840 operarum
1569 2797 1707 2829 mendis.
1732 2797 1820 2828 Cum
1843 2805 1904 2827 nec
1927 2805 1984 2836 per
2006 2805 2040 2826 50
2055 2804 2115 2826 1100
2132 2804 2227 2825 causa
2242 2794 2443 2834 posteritatis,

1369 2844 1495 2885 quippe
1519 2852 1619 2884 quam
1648 2852 1718 2874 non
1747 2842 1853 2878 habet,
1885 2840 2064 2881 quidquam
2092 2839 2236 2870 utilitatis
2268 2837 2386 2874 afferat,
2409 2838 2443 2868 in

1369 2894 1528 2931 apparatu
1551 2897 1620 2919 non
1643 2887 1823 2928 respicitur.

1426 2933 1537 2965 Editio
1556 2933 1576 2964 b
1592 2931 1633 2963 ad
1657 2937 1790 2963 coetum
1807 2929 1827 2970 β
1847 2930 1995 2972 pertinet,
2011 2928 2068 2960 sed
2091 2938 2158 2959 non
2181 2938 2252 2959 raro
2276 2927 2443 2968 proprium

1369 2984 1495 3010 textum
1511 2977 1654 3009 fabricat.
1667 2977 1831 3007 'Monstrat
1846 2974 2005 3016 quaedam
2021 2974 2152 3014 vestigia
2175 2973 2237 3013 pA,
2257 2973 2359 3003 immo
2376 2980 2442 3002 uno

1369 3023 1447 3055 loco
1470 3029 1585 3064 postea
1608 3021 1739 3053 citando
1763 3021 1796 3052 in
1819 3022 1889 3061 ipsa
1908 3020 1977 3050 sola
1999 3019 2182 3049 invenimus
2204 3023 2328 3048 textum
2346 3017 2442 3047 trium

1370 3069 1531 3100 linearum
1554 3069 1588 3098 in
1611 3067 1643 3098 A
1665 3066 1818 3098 deletum.

1427 3113 1551 3144 Textus
1577 3121 1608 3148 c,
1633 3117 1665 3142 et
1687 3111 1787 3142 totius
1814 3109 2001 3151 posterioris
2028 3106 2217 3143 traditionis,
2248 3115 2306 3146 per
2331 3106 2443 3145 viginti

1371 3159 1476 3200 prima
1499 3157 1641 3198 capitula
1663 3156 1795 3197 speciali
1819 3154 1920 3185 modo
1937 3163 2013 3183 cum
2040 3157 2152 3182 nostro
2176 3150 2207 3181 G
2230 3150 2392 3186 convenit,
2412 3154 2444 3180 et

1371 3202 1490 3235 deinde
1520 3202 1660 3242 pertinet
1689 3200 1729 3231 ad
1761 3209 1795 3236 α,
1823 3208 1891 3230 11011
1921 3199 1990 3228 51110
2019 3195 2214 3227 occasionali
2241 3203 2373 3225 recursu
2402 3193 2443 3224 ad

1370 3254 1495 3279 textum
1518 3246 1559 3279 G.
1585 3245 1680 3277 Unde
1703 3245 1826 3275 eruitur
1848 3243 1985 3274 mutatio
2001 3241 2122 3272 codicis
2138 3240 2221 3280 typis
2237 3238 2442 3269 rescribendi.

1370 3294 1461 3324 Bene
1478 3297 1588 3323 curata
1612 3296 1669 3327 est,
1685 3291 1788 3321 immo
1805 3289 1939 3329 optime,
1956 3288 1981 3317 si
1998 3292 2184 3325 temporum
2199 3284 2280 3315 ratio
2296 3284 2442 3314 habetur.

1427 3337 1537 3368 Editio
1553 3336 1576 3367 d
1591 3336 1670 3366 boni
1695 3333 1786 3375 quod
1809 3334 1937 3364 exhibet
1961 3331 2027 3361 fere
2044 3338 2142 3360 omne
2166 3327 2282 3359 editori
2299 3337 2319 3358 c
2336 3327 2441 3358 debet.

1369 3382 1546 3413 Nonnullis
1569 3381 1651 3411 locis
1675 3389 1747 3410 eam
1772 3377 1965 3411 emendavit,
1981 3374 2038 3405 sed
2060 3372 2250 3414 generaliter
2273 3373 2366 3412 peior
2384 3378 2442 3403 est.

1370 3426 1541 3465 Quaedam
1565 3425 1762 3456 mutationes
1785 3421 1927 3453 sermoni
1951 3420 1982 3450 S.
2008 3419 2158 3449 Thomae
2178 3417 2351 3448 calamitati
2374 3416 2444 3447 fue-

1369 3478 1455 3507 runt,
1473 3481 1513 3502 eo
1529 3469 1691 3501 infelicius
1707 3467 1798 3509 quod
1810 3467 1898 3507 prela
1913 3464 2085 3505 proletaria
2100 3462 2278 3493 Venetiana
2295 3467 2326 3492 et
2342 3461 2443 3492 Colo-

1369 3517 1493 3548 niensia
1509 3525 1561 3546 eas
1584 3516 1617 3545 in
1642 3523 1757 3544 omnes
1779 3518 1878 3542 terras
1901 3508 2106 3540 diffuderunt.
2129 3507 2252 3547 Accipe
2276 3506 2443 3537 11111111ιί0-

1370 3571 1456 3597 cum,
1481 3561 1518 3591 L.
1544 3559 1596 3596 111,
1619 3568 1690 3598 cap.
1720 3556 1792 3592 136,
1823 3556 1872 3586 De
1895 3562 2002 3584 errore
2030 3561 2146 3583 eorum
2169 3552 2227 3592 qui
2253 3557 2444 3592 perpetuam

1369 3605 1603 3637 continentiam
1627 3603 1829 3643 impugnant.
1846 3600 1971 3630 Auctor
1993 3597 2160 3638 epilogans
2183 3597 2322 3637 explicat
2344 3605 2444 3636 quare

1368 3656 1517 3690 tempore
1543 3648 1668 3679 Veteris
1695 3644 1895 3676 Testamenti
1922 3648 2098 3683 perpetuae
2130 3641 2350 3672 continentiae
2375 3650 2444 3671 non
