2768 4134
305 267 377 304 118
888 261 1077 299 SUMMA
1106 259 1330 298 CONTRA
1358 258 1636 309 GENTILES,
1667 260 1783 298 CAP.
1800 261 1913 299 XLII.

539 409 1024 479 CAPITULUM
1061 391 1784 497 QUADRAeEsmtm
1818 419 2273 477 SECUNDUM

1019 537 1049 567 Α
1073 536 1200 566 81...
1432 536 1474 566 ⁵.
1498 543 1564 575 ..7
1589 535 1659 566 m.
1682 535 1788 567 fini..

957 623 1185 678 QUOD
1213 624 1408 666 DEUS
1460 624 1596 666 EST
1646 624 1844 667 UNUS

316 790 322 797 =
360 792 387 815 4,
404 788 443 815 -.,,
476 791 491 819 ¹:
508 781 558 806 oc
571 775 703 806 autem
718 774 886 813 ostenso,
901 763 1148 802 manifestum
1166 771 1223 801 est
1237 764 1369 801 Deum
1425 764 1533 801 nullo
1553 763 1676 801 modo
1704 763 1913 801 reducatur
1939 763 1981 802 in
2008 764 2140 815 ipsum
2159 766 2191 804 *.
2221 767 2326 815 Ergo
2334 775 2507 828 praeter
2535 768 2752 822 {negossfgegiffi

321 812 326 823 ¹
357 817 386 867 ’,
405 824 433 858 ,·³
468 820 496 858 ἓ.
521 834 603 859 ιιοιι
631 832 714 858 esse
743 820 816 857 nisi
843 830 982 856 unum.
1425 817 1683 855 substantiam
1711 817 1951 867 spiritualem
1970 830 2073 867 quae
2091 827 2150 857 est
2165 819 2258 861 finis
2284 820 2402 870 primi
2419 833 2506 859 mo·
2535 828 2557 844 ⁰·
2574 829 2596 844 *-

320 867 327 875 ⁸
473 880 488 922 :⁴
575 876 668 912 Non
706 873 812 911 enim
847 871 1030 922 possibile
1067 878 1123 908 est
1160 882 1244 908 esse
1288 871 1369 929 duo
1425 878 1500 917 tus,
1529 883 1611 908 non
1631 878 1688 908 est
1706 870 1836 932 aliqua
1854 883 1957 921 quae
1977 884 2057 909 non
2075 873 2314 916 reducatur
2304 886 2345 912 m
2354 873 2503 936 ipsam.

522 939 677 965 summe
705 928 821 964 bona.
852 926 971 974 Quod
1001 925 1108 962 enim
1133 937 1205 974 per
1236 937 1370 975 super-
1426 925 1514 962 Hoc
1529 932 1662 962 autern
1676 925 1839 962 nomine
1853 924 1927 963 Dei
1941 925 2199 975 intelligimus.
2214 927 2311 965 Non
2323 927 2388 966 es't
2393 927 2507 978 igitur

298 955 579 1021 abundantiam
616 980 765 1027 dicitur,
794 980 834 1017 in
862 991 944 1017 uno
972 986 1125 1016 tantum
1161 978 1368 1016 invenitur.
1394 994 1403 1015 s
1426 977 1499 1015 nisi
1528 989 1633 1016 unus
1661 979 1781 1016 Deus.

297 1035 405 1074 Deus
434 1044 564 1073 autem
593 1042 649 1071 est
669 1045 872 1071 summum
901 1034 1066 1080 bonum,
1096 1040 1140 1070 ut
1168 1040 1371 1070 ostensum
1482 1031 1672 1092 Amplius.
1713 1031 1909 1070 Omnium
1946 1032 2195 1071 diversorum
2236 1033 2506 1074 ordinatorum

57 1093 65 1101 ·
81 1091 194 1118 ΕόΡ-*Η-
297 1098 354 1127 est
366 1089 397 1126 ²¹⁶.
428 1090 536 1126 Deus
565 1088 678 1136 igitur
706 1096 762 1124 est
790 1099 905 1124 unus,
1427 1085 1478 1123 ad
1506 1085 1688 1134 invicem,
1718 1086 1818 1124 ordo
1837 1097 1978 1124 eorum
1997 1087 2047 1125 ad
2066 1086 2237 1125 invicem
2264 1092 2322 1126 est
2348 1096 2508 1139 propter

350 1140 563 1180 Praeterea.
595 1142 808 1179 Ostensum
837 1148 893 1178 est
921 1140 1052 1177 Deum
1087 1152 1172 1178 esse
1207 1140 1371 1178 omnino
1427 1139 1610 1177 ordinem
1629 1151 1767 1177 eorum
1784 1139 1835 1177 ad
1854 1139 2000 1189 aliquid
2019 1143 2164 1179 unum:
2185 1140 2284 1179 sicut
2302 1141 2401 1180 ordo
2420 1153 2506 1192 par—

56 1204 65 1212 ·
80 1202 230 1230 cap-xxwu-
296 1197 521 1246 perfectum,
538 1195 600 1232 cui
615 1196 720 1232 nulla
734 1194 916 1244 perfectio
932 1193 1068 1231 desit*.
1090 1193 1132 1232 Si
1151 1193 1266 1243 igitur
1283 1193 1373 1232 sunt
1428 1193 1527 1230 tium
1555 1193 1745 1231 exercitus
1772 1194 1823 1230 ad
1851 1193 2021 1231 invicem
2054 1202 2111 1232 est
2138 1203 2300 1245 propter
2325 1195 2507 1235 ordinem

296 1252 426 1300 plures
444 1249 509 1297 dii,
530 1257 682 1299 oportet
701 1260 784 1285 esse
805 1250 916 1298 plura
945 1247 1173 1286 huiusmodi
1191 1248 1371 1298 perfecta.
1388 1262 1414 1277 ιο
1428 1247 1546 1284 totius
1565 1246 1755 1284 exercitus
1773 1247 1823 1285 ad
1843 1247 1998 1285 duoem.
2030 1248 2135 1286 Nam
2163 1249 2272 1298 quod
2301 1248 2432 1299 aliqua
2451 1249 2507 1288 di·

296 1304 384 1340 Hoc
411 1310 544 1340 autem
563 1310 619 1340 est
647 1301 905 1352 impossibile:
926 1313 1020 1339 nam
1049 1302 1080 1339 si
1108 1302 1204 1339 nulli
1233 1314 1372 1340 eorum
1428 1313 1541 1338 versa
1568 1300 1609 1338 in
1626 1300 1865 1338 'habitudine
1885 1300 2016 1351 aliqua
2044 1301 2246 1350 uniuntur,
2275 1314 2358 1341 non
2381 1310 2508 1353 potest

296 1358 404 1395 deest
432 1356 561 1406 aliqua
580 1356 775 1406 perfectio,
796 1368 869 1394 nec
889 1355 1018 1407 aliqua
1045 1355 1285 1406 imperfectio
1305 1356 1372 1394 ad·
1428 1367 1512 1392 esse
1532 1366 1580 1392 ex
1606 1354 1774 1405 propriis
1793 1354 1940 1392 naturis
1959 1356 2180 1403 secundum
2204 1357 2314 1407 quod
2341 1364 2433 1395 sunt
2449 1356 2507 1395 di·

295 1412 492 1458 miscetur,
521 1411 630 1459 quod
659 1410 868 1460 requiritur
894 1407 944 1447 a'd
977 1411 1056 1447 hoc
1083 1410 1193 1460 quod
1224 1408 1372 1460 aliquid
1427 1420 1555 1446 versa:
1585 1407 1679 1458 quia
1706 1420 1754 1446 ex
1789 1409 1867 1446 hoc
1893 1408 2017 1458 magis
2053 1409 2392 1458 distinguerentur.
2421 1411 2508 1450 Nec

296 1465 342 1502 sit
369 1463 592 1515 simpliciter
614 1464 840 1514 perfectum,
862 1476 943 1501 non
972 1463 1042 1501 erit
1070 1463 1109 1501 in
1138 1464 1219 1514 quo
1239 1464 1289 1501 ad
1315 1463 1371 1501 in·
1427 1470 1555 1512 potest
1580 1474 1666 1500 esse
1702 1474 1750 1500 ex
1787 1461 1949 1500 diversis
1977 1462 2268 1503 ordinantibus:
2305 1464 2398 1514 quia
2425 1473 2507 1503 non

296 1519 423 1557 vicem
443 1518 736 1567 distinguantur.
759 1517 1000 1568 Impossibile
1021 1525 1077 1555 est
1104 1517 1218 1566 igitur
1241 1519 1372 1567 plures
1388 1536 1411 1557 ις
1427 1523 1558 1566 posset
1586 1527 1670 1553 esse
1698 1516 1808 1566 quod
1831 1528 1959 1554 unum
1979 1516 2158 1555 ordinem
2186 1516 2432 1556 intenderent
2457 1526 2506 1557 ex

297 1574 391 1610 deos
419 1584 578 1623 ponere.
1427 1569 1563 1620 seipsis
1591 1569 1812 1608 secundum
1841 1570 1950 1620 quod
1979 1578 2069 1608 sunt
2101 1570 2255 1610 diversi.
2285 1572 2334 1609 Et
2362 1571 2416 1610 sic
2442 1573 2507 1610 vel

350 1628 456 1664 Item.
491 1626 611 1673 Quod
632 1625 868 1662 sufficienter
886 1625 930 1662 fit
952 1637 1035 1662 uno
1064 1625 1202 1674 posito,
1233 1625 1372 1662 melius
1428 1624 1527 1661 ordo
1555 1625 1772 1662 multorum
1791 1623 1841 1661 ad
1860 1623 2030 1662 invicem
2049 1632 2108 1662 est
2124 1636 2196 1675 per
2223 1625 2418 1664 accidens:
2443 1627 2507 1663 vel

55 1684 119 1739 2702,
123 1684 268 1734 νᾞβςινιϊ
297 1687 353 1717 est
371 1693 442 1730 per
468 1692 596 1717 unum
616 1679 699 1717 fieri
719 1691 840 1729 quam
859 1691 930 1729 per
948 1679 1070 1716 multa
1078 1677 1110 1715 ²¹⁶.
1142 1677 1219 1716 Sed
1239 1691 1370 1716 rerum
1428 1684 1581 1727 oportet
1599 1677 1785 1715 reducere
1805 1677 1855 1715 ad
1874 1677 2034 1728 aliquod
2053 1689 2181 1716 unum
2199 1679 2375 1730 primum
2404 1678 2506 1718 ordi-

297 1733 396 1772 ordo
425 1741 481 1771 est
499 1733 596 1771 sicut
625 1733 764 1771 melius
783 1740 908 1782 potest
936 1745 1035 1770 esse:
1066 1745 1147 1770 non
1175 1733 1280 1770 enim
1301 1745 1371 1783 po·
1427 1744 1536 1778 nans,
1566 1731 1635 1781 qui
1672 1731 1722 1769 ad
1758 1731 1882 1769 finem
1919 1744 2041 1782 quem
2077 1731 2242 1771 intendit
2269 1731 2405 1771 omnia
2431 1731 2506 1772 alia

297 1787 414 1825 tentia
441 1787 586 1836 agentis
614 1786 730 1837 primi
758 1787 865 1824 deest
893 1785 1088 1836 potentiae
1116 1798 1218 1836 quae
1246 1795 1303 1824 est
1331 1786 1371 1824 in
1387 1785 1592 1823 ²⁴>ordinat
1623 1785 1776 1824 Omnes
1794 1793 1926 1823 autem
1946 1793 2074 1836 partes
2093 1786 2212 1824 huius
2239 1786 2381 1825 mundi
2399 1785 2505 1825 inve-

297 1841 414 1879 rebus
441 1841 491 1879 ad
511 1840 798 1891 perfectionem.
821 1840 1066 1878 Sufficienter
1084 1848 1216 1878 autem
1236 1840 1371 1878 omnia
1427 1839 1589 1877 niuntur
1615 1839 1815 1877 ordinatae
1851 1839 1902 1876 ad
1937 1838 2117 1887 invicem,
2147 1841 2367 1878 secundum
2396 1840 2505 1890 quod

295 1895 542 1944 complentur
568 1894 793 1932 reducendo
827 1894 866 1931 in
901 1905 1028 1931 unum
1063 1892 1239 1943 primum
1266 1894 1371 1944 prin·
1426 1893 1623 1942 quaedam
1651 1905 1674 1930 a
1702 1891 1940 1942 quibusdam
1972 1892 2174 1931 iuvantur:
2207 1893 2307 1932 sicut

295 1948 454 1998 cipium.
484 1949 578 1986 Non
607 1955 663 1985 est
697 1947 810 1996 igitur
841 1958 989 1998 ponere
1024 1948 1137 1996 plura
1167 1946 1369 1998 principia.
1426 1945 1607 1984 inferiora
1644 1953 1857 1984 moventur
1890 1954 1963 1997 per
1998 1946 2212 1997 superiora,
2241 1954 2280 1987 et
2310 1948 2409 1986 haec
2487 1959 2508 1987 r

323 2046 327 2049 2
348 2001 539 2052 Amplius.
583 2001 824 2051 Impossibile
853 2008 910 2038 est
937 2012 1066 2038 unum
1093 2008 1250 2038 motum
1278 2013 1370 2039 con·
1426 1999 1660 2039 substantias
1678 1999 1943 2051 incorporeas,
1963 2007 2006 2038 ut
2025 2012 2072 2039 ex
2092 2000 2241 2053 supra*
2259 2000 2370 2041 dictis
2386 2007 2504 2053 patet.
2532 1997 2543 2008 '
2557 1996 2726 2027 ‘³⁸⁹‘⁸¹¹¹’”·

294 2055 450 2093 tinuum
478 2063 515 2093 et
543 2056 760 2104 regularem
778 2067 801 2092 a
819 2053 997 2104 pluribus
1025 2053 1244 2093 motoribus
1273 2067 1368 2093 esse.
1385 2072 1410 2093 :s
1426 2054 1513 2092 Nec
1539 2055 1618 2092 hoc
1645 2061 1702 2092 est
1729 2066 1800 2104 per
1826 2053 2023 2093 accidens:
2057 2067 2152 2094 cum
2183 2054 2233 2094 sit
2258 2067 2416 2106 semper
2442 2056 2505 2096 vel

295 2109 412 2156 Nam,
428 2109 459 2147 si
474 2110 591 2147 simul
605 2117 779 2155 movent,
795 2110 926 2146 nullus
944 2120 1085 2146 eorum
1104 2116 1161 2145 est
1179 2104 1387 2158 perfectus
1426 2108 1466 2146 in
1493 2107 1634 2146 maiori
1671 2116 1790 2159 parte.
1828 2107 1947 2158 Igitur
1981 2115 2086 2148 totus
2122 2108 2189 2148 hic
2219 2109 2396 2148 mundus
2422 2121 2506 2150 non

295 2171 435 2210 motor,
456 2163 525 2201 sed
544 2175 683 2200 omnes
711 2175 751 2200 se
780 2162 926 2200 habent
953 2163 1040 2200 loco
1068 2161 1186 2200 unius
1213 2163 1370 2212 perfecti
1426 2162 1544 2200 habet
1570 2161 1644 2200 nisi
1664 2163 1800 2200 'unum
1828 2161 2094 2201 ordinatorem
2126 2170 2166 2201 et
2190 2163 2504 2213 gubernatorem.

294 2216 476 2254 motoris:
506 2217 615 2277 quod
649 2227 731 2254 non
763 2214 948 2276 competit
977 2215 1018 2253 in
1045 2215 1174 2266 primo
1203 2223 1368 2263 motore‚
1427 2215 1505 2253 Sed
1533 2222 1690 2277 praeter
1714 2217 1829 2254 hunc
1849 2216 2048 2254 mundum
2075 2227 2160 2256 non
2187 2225 2245 2255 est
2271 2217 2380 2256 alius.
2409 2218 2505 2256 Non

294 2269 510 2320 perfectum
541 2269 648 2308 enim
681 2277 738 2307 est
763 2269 872 2320 prius
900 2268 1137 2320 imperfecto.
1169 2269 1209 2308 Si
1238 2277 1370 2308 autem
1426 2276 1482 2307 est
1510 2268 1625 2318 igitur
1651 2268 1724 2308 nisi
1753 2282 1858 2308 unus
1886 2269 2070 2309 omnium
2098 2282 2231 2310 rerum
2254 2271 2503 2327 gubernator,

294 2335 378 2362 non
405 2324 521 2362 simul
549 2330 746 2370 moveant,
774 2322 935 2372 quilibet
954 2335 1094 2361 eorum
1113 2331 1170 2360 est
1192 2324 1413 2373 quando-³0
1426 2335 1548 2373 quem
1575 2324 1708 2362 Deum
1736 2323 1916 2371 dicimuS.

295 2389 373 2427 que
392 2389 559 2415 movens
578 2385 616 2415 et
643 2377 883 2437 quandoque
902 2389 996 2414 non.
1017 2377 1076 2414 Ex
1095 2389 1177 2426 quo
1196 2377 1372 2427 sequitur
1480 2377 1634 2414 Adhuc.
1673 2377 1715 2416 Si
1744 2386 1835 2416 sunt
1870 2378 1954 2417 duo
1990 2389 2164 2429 quorum
2205 2386 2420 2429 utrumque
2447 2386 2504 2419 est

295 2432 403 2482 quod
432 2439 564 2470 motus
593 2443 674 2469 non
703 2430 750 2468 sit
777 2430 987 2468 continuus
1015 2441 1145 2480 neque
1173 2431 1368 2480 regularis.
1425 2442 1584 2468 necesse
1613 2442 1708 2478 esse,
1735 2439 1888 2493 oportet
1914 2432 2024 2482 quod
2047 2432 2285 2471 conveniant
2312 2431 2352 2470 in
2380 2431 2504 2471 inten-

294 2484 428 2522 Motus
457 2484 560 2523 enim
589 2484 798 2523 continuus
817 2491 855 2523 et
882 2496 986 2522 unus
1014 2490 1070 2522 est
1097 2484 1147 2522 ab
1174 2496 1257 2522 uno
1285 2497 1370 2524 mo·
1425 2483 1531 2523 tione
1567 2485 1802 2524 necessitatis
1839 2485 2002 2525 essendi.
2042 2485 2208 2536 Oportet
2243 2484 2359 2536 igitur
2393 2485 2504 2539 quod

294 2546 389 2576 tore.
418 2538 550 2577 Motor
578 2538 694 2576 etiam
723 2537 790 2588 qui
819 2550 901 2589 non
929 2550 1086 2599 semper
1113 2545 1258 2586 movet,
1279 2537 1370 2577 irre-
1425 2537 1711 2588 distinguantur
1736 2551 1808 2590 per
1835 2539 1981 2591 aliquid
2010 2539 2119 2590 quod
2151 2539 2308 2579 additur
2334 2540 2398 2578 vel
2433 2537 2504 2589 uni

283 2592 474 2641 ,gulariter
500 2593 698 2630 invenitur
720 2604 900 2631 movere:
930 2592 1029 2631 sicut
1047 2600 1151 2642 patet
1174 2590 1215 2630 in
1242 2601 1370 2631 moto·
1385 2610 1409 2631 n
1425 2600 1591 2639 tantum,
1619 2594 1682 2631 vel
1711 2593 1878 2643 utrique.
1908 2593 1958 2632 Et
1985 2592 2041 2632 sic
2068 2602 2222 2644 oportet
2248 2595 2311 2632 vel
2339 2594 2503 2638 alterurn

282 2646 402 2684 ribus
430 2645 715 2707 inferioribus,
706 2658 745 2684 ιιι
774 2646 919 2696 quibus
947 2653 1080 2683 motus
1106 2646 1301 2684 violentus
1329 2647 1369 2685 in
1424 2647 1487 2684 vel
1515 2654 1729 2697 utrumque
1758 2659 1841 2685 esse
1870 2646 2147 2698 compositum.
2176 2648 2344 2687 Nullum
2371 2654 2504 2689 autem

294 2699 484 2750 principio
514 2700 724 2738 intenditur
751 2707 789 2737 et
817 2700 856 2737 in
884 2699 964 2737 fine
994 2699 1208 2748 remittitur,
1238 2708 1370 2739 motus
1424 2699 1691 2751 compositum
1719 2708 1776 2738 est
1803 2712 1962 2739 necesse
1981 2713 2065 2740 esse
2093 2711 2166 2751 per
2190 2701 2377 2753 seipsum,
2405 2701 2505 2740 sicut

294 2762 426 2792 autem
454 2754 638 2792 naturalis
667 2765 687 2792 e
716 2765 920 2792 converso.
950 2753 1029 2792 Sed
1058 2752 1209 2804 primus
1237 2762 1369 2792 motus
1425 2753 1578 2804 supra*
1606 2761 1807 2793 ostensum
1836 2762 1903 2793 est.
1923 2754 2166 2816 Impossibile
2193 2762 2251 2794 est
2278 2754 2393 2806 igitur
2419 2763 2503 2794 esse
2531 2752 2692 2782 ὈΨ-ΜΨ

294 2815 351 2845 est
369 2820 472 2846 unus
492 2816 528 2846 et
547 2807 774 2869 continuus,
789 2815 832 2846 ut
850 2820 873 2846 a
891 2807 1135 2859 philosophis
1159 2808 1369 2858 probatum
1424 2808 1538 2858 plura
1565 2820 1738 2859 quorum
1762 2816 1975 2860 utrumque
1998 2808 2045 2847 sit
2073 2819 2231 2848 necesse
2259 2819 2355 2848 esse.
2381 2807 2431 2848 Et
2449 2807 2504 2847 sic

54 2866 112 2890 'Cf
109 2867 266 2922 vmfff'i‘ri
294 2869 350 2899 est
368 2861 399 2899 *.
430 2862 534 2911 Ergo
562 2869 715 2912 oportet
743 2862 826 2899 eius
854 2869 1050 2900 motorem
1078 2861 1253 2911 primum
1286 2875 1369 2901 esse
1384 2879 1412 2900 ⁴0
1425 2873 1499 2900 nec
1525 2862 1658 2912 plures
1685 2862 1794 2901 deos.

54 2900 75 2942 ῗ”
81 2900 115 2948 3¹
117 2901 206 2950 ⁵33³
293 2927 433 2952 unum.
1478 2915 1671 2973 Amplius.
1715 2916 1812 2954 lllud
1840 2915 1881 2954 in
1908 2928 1992 2966 quo
2020 2915 2218 2964 differunt,
2246 2928 2295 2955 ex
2320 2928 2405 2967 quo
2431 2928 2503 2968 po-

348 2969 500 3006 Adhuc.
529 2968 746 3007 Substantia
772 2968 983 3019 corporalis
1001 2968 1202 3007 ordinatur
1220 2970 1269 3007 ad
1293 2969 1369 3020 spi·
1424 2970 1574 3007 nuntur
1599 2970 1811 3008 convenire
1838 2969 1877 3007 in
1902 2970 2127 3008 necessitate
2154 2969 2321 3017 essendi,
2350 2977 2419 3008 aut
2443 2982 2503 3009 re*

295 3022 471 3060 ritualem
500 3022 598 3061 sicut
617 3022 666 3060 ad
686 3034 804 3061 suum
833 3023 1002 3060 bonum:
1033 3033 1127 3060 nam
1156 3030 1212 3060 est
1240 3022 1279 3060 in
1299 3023 1369 3061 ista
1424 3022 1591 3074 quiritur
1627 3024 1677 3062 ad
1714 3025 2051 3074 complementum
2088 3023 2322 3062 necessitatis
2350 3023 2503 3062 essmdi

294 3073 445 3114 bonitas
473 3076 633 3127 plenior,
654 3077 718 3115 cui
737 3075 948 3127 corporalis
970 3075 1182 3115 substantia
1210 3075 1369 3116 intendit
1424 3076 1556 3138 aliquo
1585 3076 1721 3126 modo,
1750 3085 1817 3116 aut
1849 3089 1942 3116 non.
1983 3077 2024 3116 Si
2053 3086 2134 3116 non
2162 3075 2381 3128 requiritur,
2410 3087 2502 3128 ergo

295 3123 506 3177 assimilari,
521 3143 614 3168 cum
629 3142 749 3169 omne
768 3129 877 3181 quod
897 3138 953 3168 est
967 3129 1158 3168 desideret
1173 3130 1367 3180 optimum
1383 3149 1408 3170 ις
1425 3138 1481 3169 est
1508 3129 1655 3182 aliquid
1683 3129 1936 3170 accidentale:
1957 3131 2050 3193 quia
2069 3143 2188 3170 omne
2207 3129 2318 3183 quod
2345 3128 2503 3170 advenit

295 3191 487 3232 quantum
515 3177 697 3235 possibile
717 3192 784 3222 est.
805 3184 884 3222 Sed
903 3194 1043 3223 omnes
1070 3192 1203 3222 motus
1230 3196 1368 3245 corpo-
1425 3184 1480 3222 rei
1507 3184 1604 3223 nihil
1621 3184 1766 3223 faciens
1783 3185 1848 3224 ad
1853 3197 1938 3224 esse
1955 3185 2090 3235 ipsius,
2108 3192 2168 3224 est
2184 3183 2376 3224 accidens.
2398 3178 2501 3233 Ergo

295 3236 382 3274 ralis
410 3245 607 3275 creaturae
626 3237 880 3276 inveniuntur
905 3236 1039 3275 reduci
1067 3238 1116 3275 ad
1145 3248 1272 3275 unum
1292 3238 1367 3288 pri-
1425 3239 1502 3276 hoc
1521 3238 1702 3276 accidens
1729 3239 1848 3276 habet
1865 3251 2038 3277 causam.
2067 3239 2147 3276 Aut
2173 3249 2266 3287 ergo
2293 3236 2501 3276 essentiam

296 3302 420 3336 mum,
450 3299 602 3341 praeter
637 3302 758 3342 quem
796 3300 875 3329 non
911 3298 968 3329 est
995 3290 1093 3328 alius
1119 3291 1272 3342 primus
1300 3292 1367 3342 qui
1425 3291 1508 3330 eius
1537 3292 1645 3343 quod
1666 3298 1721 3330 est
1749 3302 1907 3331 necesse
1926 3303 2022 3339 esse,
2051 3298 2120 3330 aut
2146 3289 2291 3341 aliquid
2320 3290 2437 3329 aliud.
2458 3290 2501 3329 Si

351 3404 365 3430 3
385 3411 425 3430 est
443 3413 485 3431 om
505 3414 532 3431 α.
622 3405 639 3432 8
658 3414 718 3432 esse
727 3410 793 3439 post
806 3406 951 3440 perfectum
964 3406 1028 3433 ePc.
1120 3414 1151 3433 η
1171 3406 1338 3442 admiscetur]
1358 3408 1380 3433 ei
1394 3408 1552 3434 admiscetur
1566 3409 1736 3441 Pc.14
1753 3405 1914 3442 simpliciter]
1933 3406 2047 3440 nimplex
2059 3413 2102 3432 «e.
2193 3412 2226 3431 υ
2246 3405 2272 3431 in
2284 3413 2367 3432 unum
2379 3406 2404 3431 Α
2415 3406 2502 3438 ιοὶιιες

298 3440 329 3465 ad
348 3448 437 3466 unum.
530 3441 561 3467 25
582 3448 607 3467 et
625 3442 782 3476 regularem]
803 3447 829 3468 et
847 3443 1006 3475 singularem
1025 3442 1077 3474 CF,
1096 3443 1242 3475 regularem
1263 3444 1292 3474 B,
1311 3449 1337 3468 et
1361 3444 1462 3478 singula
1485 3445 1649 3477 regulantem
1669 3444 1716 3475 Ρσς
1735 3443 1768 3469 nl'
1779 3443 1940 3477 singul-rem
1964 3445 2044 3468 notae
2065 3441 2138 3475 scrip
2139 3445 2184 3468 tor
2202 3441 2235 3466 Η.
2327 3441 2361 3467 3ο
2379 3447 2503 3468 moveant

298 3476 319 3499 A
338 3476 422 3506 solus:
442 3483 556 3503 movent.
649 3477 680 3503 32
701 3477 743 3512 sit]
763 3484 804 3504 εει
822 3478 884 3504 αΡσ.
975 3479 1101 3510 regularia
1126 3478 1250 3510 zqu
1270 3479 1409 3505 circularis.
1501 3487 1536 3512 40
1555 3480 1670 3513 primum
1696 3480 1793 3513 (nupt-a
1811 3479 1913 3512 κιαι-ς.)
1938 3478 1962 3503 Α
1980 3478 2067 3509 colun
2085 3485 2139 3503 οισι.
2230 3476 2264 3509 43
2285 3482 2326 3502 eet
2343 3478 2368 3503 in
2387 3477 2436 3503 ist·
2455 3477 2502 3503 bo-

298 3511 372 3544 nitas]
393 3517 434 3536 est
451 3513 476 3537 in
495 3514 538 3538 illu
557 3513 659 3538 bonitas
678 3514 730 3545 NZ,
750 3514 793 3539 illa
812 3514 914 3540 bonitas
934 3519 974 3540 ent
993 3514 1042 3540 Pa.
1136 3522 1173 3547 4⁴
1190 3514 1309 3549 intendit]
1328 3515 1439 3541 attendit
1454 3522 1483 3541 ι.
1573 3514 1609 3548 46
1628 3514 1765 3549 quantum]
1785 3514 1939 3548 inqu-ntum
1952 3513 2023 3539 sz.
2113 3512 2240 3547 ponibsse
2254 3518 2303 3539 αι.
2322 3512 2383 3547 Sed]
2403 3513 2470 3547 quid
2481 3513 2501 3538 Z

299 3546 359 3571 vide
377 3548 426 3579 pA.
516 3549 618 3583 omnes]
638 3550 724 3575 omnis
743 3550 884 3582 BGWYZ;
933 3550 1081 3576 ‚invenitur
1099 3550 1152 3581 ΟΖ,
1171 3558 1214 3576 om
1235 3551 1264 3576 B.

331 3616 337 3622 .
355 3589 386 3606 ιο
406 3583 445 3606 div
432 3590 505 3607 versa
523 3584 660 3617 XpGWZ;
681 3586 717 3610 di
707 3593 782 3611 versa
801 3586 833 3611 ad
852 3586 972 3612 invicem.
1066 3585 1098 3612 18
1117 3586 1223 3619 nliquod
1243 3594 1324 3612 unum
1345 3587 1458 3621 primum
1479 3587 1571 3618 Dwz;
1591 3586 1689 3620 aliquid
1709 3583 1748 3647 gal
1749 3585 1829 3620 iquod
1848 3584 1882 3619 N)
1873 3584 2016 3619 )primum
2036 3592 2119 3610 unum
2144 3583 2253 3616 ιΕΝΡε,
2277 3585 2392 3618 aliquem
2418 3592 2500 3611 unum

299 3623 411 3648 primum
431 3617 504 3643 ΟΥΕ».
594 3621 716 3646 ordinans
735 3621 790 3655 qui}
810 3622 933 3648 ordinans
953 3622 1024 3655 quod
1044 3622 1074 3653 Ε,
1094 3621 1191 3648 scilicet
1209 3622 1332 3648 ordinans
1353 3623 1397 3656 qui
1417 3622 1466 3649 Pd.
1564 3630 1598 3655 24
1616 3629 1697 3656 supra
1727 3621 1783 3647 lctis
1796 3622 1819 3646 A
1831 3620 1915 3652 solun
1936 3620 2083 3654 praedictis.
2177 3618 2209 3645 25
2230 3603 2283 3646 N'ec
2301 3620 2361 3655 hoc]
2381 3621 2433 3646 Sed
2451 3620 2501 3646 hoc

300 3659 352 3676 non
371 3652 419 3677 Pa.
510 3654 538 3679 31
561 3654 630 3688 sunt}
652 3656 701 3681 sint
721 3657 782 3683 αΡε.
