2768 4134
42 1663 51 1672 ·
65 1662 122 1690 Cap.
138 1667 214 1690 praec.

279 1926 332 1951 pro
351 1918 499 1951 compositi,
518 1918 663 1951 composita
682 1917 791 1942 aDWY.

286 291 361 328 386

800 285 989 322 SUMMA
1018 283 1240 320 CONTRA
1269 281 1544 327 GENTILES,
1573 281 1668 317 LIB.
1694 281 1735 327 11,
1766 281 1878 318 CAP.
1906 283 1965 318 LI.

569 438 1053 496 CAPITULUM
1091 437 1843 514 QUINQUAGESIMUM
1879 437 2205 494 PRIMUM

1142 564 1263 604 Autog.
1287 564 1438 594 Ambros.
1465 573 1482 594 2
1497 573 1517 593 v
1540 573 1558 594 a
1575 571 1625 603 17.

323 665 498 719 QUOD
533 664 923 706 SUBSTANTIA
957 663 1489 705 INTELLECTUALIS
1523 663 1654 704 NON
1689 662 1783 704 SIT
1817 663 2035 704 FORMA
2069 663 2447 704 MATERIALIS

398 819 413 827 ,r
493 801 541 826 ER
569 788 707 825 eadem
727 795 859 825 autern
880 786 1096 824 ostenditur
1114 787 1223 836 quod
1247 794 1357 824 natu-

316 838 320 850 *
360 850 379 878 ζ’
401 838 405 842 ἃ
448 843 471 887 ‘J
507 854 572 879 rae
592 841 864 879 intellectuales
880 848 970 877 sunt
984 840 1133 877 formae
1148 840 1357 877 subsisten-

378 939 383 946 .
506 903 580 941 tes,
614 907 695 932 non
728 902 860 931 autem
893 893 1095 931 existentes
1128 893 1169 931 in
1196 894 1358 931 materia

380 979 383 982 .
508 948 619 999 quasi
639 960 722 985 esse
747 959 883 985 earum
903 959 926 984 a
945 947 1107 984 materia
1126 947 1355 1007 dependeat.

335 986 502 1040 Formae
522 1001 628 1039 enim
648 1002 867 1039 secundum
887 1013 970 1037 esse
990 1013 1013 1037 a
1032 1000 1193 1038 materia
1213 1001 1357 1050 depen-
1380 1020 1389 1040 ς

282 1057 416 1094 dentes
444 1068 525 1093 non
554 1055 659 1105 ipsae
688 1054 844 1114 proprie
874 1054 1019 1091 habent
1047 1066 1142 1101 esse,
1163 1054 1231 1091 sed
1250 1066 1357 1092 com-

281 1110 405 1160 posita
433 1122 504 1159 per
531 1108 645 1158 ipsas.
682 1108 723 1146 Si
754 1107 868 1157 igitur
896 1115 1056 1145 naturae
1084 1108 1358 1145 intellectuales

281 1171 408 1200 essent
442 1161 672 1199 huiusmodi
705 1161 866 1207 formae,
896 1169 1124 1211 sequeretur
1152 1162 1262 1211 quod
1289 1162 1357 1198 ha-

280 1217 415 1254 berent
435 1228 517 1253 esse
537 1214 744 1261 materiale,
761 1215 860 1252 sicut
878 1222 915 1251 et
934 1214 965 1251 si
985 1223 1112 1252 essent
1132 1227 1179 1252 ex
1198 1214 1359 1252 materia

281 1277 318 1307 et
344 1270 470 1307 forma
499 1268 752 1319 compositae.

334 1323 487 1360 Adhuc.
517 1323 685 1360 Formae
715 1334 815 1372 quae
845 1334 915 1371 per
943 1334 983 1358 se
1019 1334 1100 1359 non
1134 1321 1357 1367 subsistunt,

281 1389 363 1414 non
390 1384 555 1426 possunt
582 1388 653 1426 per
680 1389 721 1414 se
749 1387 874 1424 agere,
895 1383 1013 1424 agunt
1041 1383 1175 1413 autem
1196 1387 1358 1425 compo-

281 1431 352 1468 sita
379 1443 450 1480 per
475 1443 552 1467 eas.
584 1429 624 1467 Si
653 1429 767 1478 igitur
795 1437 955 1467 naturae
984 1429 1258 1466 intellectuales
1287 1430 1359 1466 hu-

280 1483 451 1522 iusmodi
485 1484 633 1521 formae
670 1491 813 1529 essent,
848 1490 1076 1533 sequeretur
1109 1483 1219 1533 quod
1253 1482 1359 1532 ipsae

1414 794 1449 823 et
1466 798 1547 824 non
1566 798 1637 836 per
1655 798 1696 822 se
1716 785 1940 831 subsistens,
1955 793 2183 835 sequeretur
2196 786 2305 836 quod
2321 785 2360 823 id
2380 786 2490 836 quod

1413 839 1596 890 recipitur
1614 839 1654 876 in
1674 839 1867 876 intellectu
1896 838 2132 888 reciperetur
2151 839 2192 876 in
2210 839 2387 877 materia:
2418 841 2489 878 hu-

1413 893 1586 931 iusmodi
1614 892 1719 930 enim
1748 893 1897 930 formae
1919 904 2021 942 quae
2040 893 2186 930 habent
2204 905 2288 930 esse
2306 893 2489 931 materiae

1414 947 1638 996 obligatum,
1658 959 1740 984 non
1760 945 1952 996 recipiunt
1971 945 2118 996 aliquid
2136 946 2246 995 quod
2264 945 2305 983 in
2329 946 2490 984 materia

1414 1013 1496 1038 non
1524 1000 1742 1050 recipiatur.
1771 1000 1875 1038 Cum
1894 999 2009 1048 igitur
2026 999 2196 1049 receptio
2215 999 2431 1037 formarum
2450 1000 2490 1038 in

1413 1054 1607 1091 intellectu
1635 1066 1717 1091 non
1745 1053 1792 1091 sit
1820 1053 1990 1103 receptio
2019 1054 2236 1091 formarum
2258 1051 2298 1090 in
2317 1053 2489 1099 materia,

1413 1107 1652 1158 impossibile
1682 1115 1738 1144 est
1773 1108 1882 1157 quod
1917 1107 2132 1144 intellectus
2166 1106 2213 1144 sit
2247 1106 2374 1144 forma
2409 1119 2491 1144 ma-

1412 1161 1564 1199 terialis.
1606 1208 1610 1211 ι

1467 1211 1681 1252 Praeterea.
1721 1213 1859 1251 Dicere
1895 1214 2003 1263 quod
2041 1213 2255 1251 intellectus
2287 1213 2335 1250 sit
2365 1213 2493 1251 forma

1374 1292 1399 1307 ω
1413 1280 1495 1306 non
1524 1267 1736 1305 subsistens
1765 1268 1834 1305 sed
1862 1267 2045 1305 materiae
2078 1267 2273 1314 immersa,
2302 1266 2408 1305 idem
2436 1275 2494 1304 est

1413 1321 1633 1359 secundum
1662 1333 1745 1358 rem
1775 1328 1812 1358 et
1839 1320 1870 1358 si
1898 1320 2049 1358 dicatur
2076 1321 2185 1370 quod
2205 1320 2418 1358 intellectus
2446 1320 2493 1358 sit

1413 1375 1656 1425 compositus
1684 1387 1731 1412 ex
1759 1374 1923 1412 materia
1957 1382 1994 1412 et
2027 1374 2171 1421 forma,
2200 1374 2327 1412 differt
2359 1381 2493 1412 autern

1414 1430 1544 1466 solum
1573 1429 1793 1466 secundum
1822 1439 1989 1465 nomen:
2019 1440 2113 1465 nam
2132 1427 2262 1478 primo
2281 1428 2415 1474 modo,
2435 1427 2492 1465 di-

1414 1490 1524 1520 cetur
1551 1482 1764 1520 intellectus
1793 1481 1877 1532 ipsa
1907 1481 2034 1519 forma
2061 1481 2287 1532 compositi3
2317 1481 2492 1519 secundo

281 1550 363 1575 non
383 1537 644 1586 intelligerent,
664 1537 732 1574 sed
751 1537 970 1587 composita
989 1549 1034 1574 ex
1055 1535 1110 1574 eis
1129 1544 1166 1574 et
1185 1536 1357 1574 materia.
1376 1558 1399 1578 ις
1414 1548 1509 1574 vero
1525 1536 1659 1583 modo,
1675 1535 1825 1574 dicetur
1838 1535 2052 1573 intellectus
2069 1535 2201 1586 ipsum
2215 1534 2492 1586 compositum.

281 1592 331 1629 Et
350 1591 404 1629 sic
422 1591 635 1640 intelligens
664 1598 763 1628 esset
791 1590 1057 1640 compositum
1077 1602 1124 1627 ex
1143 1590 1305 1628 materia
1324 1598 1361 1628 et

281 1645 418 1682 forma.
450 1645 571 1692 Quod
600 1652 656 1682 est
683 1643 935 1694 impossibile,
965 1651 1008 1681 ut
1036 1651 1237 1681 ostensum
1257 1651 1313 1681 est
1327 1643 1358 1681 *.

336 1698 528 1748 Amplius.
560 1698 600 1736 Si
629 1698 842 1735 intellectus
863 1705 962 1734 esset
981 1698 1107 1735 forma
1131 1697 1171 1734 in
1199 1696 1362 1734 materia

1416 1589 1458 1628 Si
1486 1589 1599 1639 igitur
1617 1589 1758 1627 falsum
1783 1597 1840 1626 est
1868 1588 2106 1626 intellectum
2124 1601 2208 1627 esse
2227 1587 2494 1639 compositum

1415 1655 1463 1680 ex
1491 1642 1652 1680 materia
1671 1650 1708 1680 et
1728 1642 1855 1680 forma
1868 1642 1899 1688 ²⁸,
1920 1643 2060 1680 falsum
2080 1642 2150 1680 erit
2169 1642 2278 1692 quod
2302 1642 2349 1680 sit
2367 1642 2494 1680 forma
2521 1651 2531 1660 ·

1416 1709 1498 1734 non
1526 1696 1739 1734 subsistens
1767 1696 1836 1733 sed
1864 1695 2082 1733 materialis.

338 1818 349 1837 1
372 1816 459 1836 autem
479 1819 522 1836 om
542 1811 705 1836 aDWXch.

282 1847 385 1880 positus
404 1847 474 1873 DbP.

338 1883 352 1908 3
372 1882 503 1916 materiae]
525 1883 551 1907 in
570 1882 678 1907 materia
699 1882 813 1907 oeWch.

798 1810 811 1836 5
832 1810 900 1844 esse]
921 1818 950 1836 se
969 1810 1132 1836 aDWXch.

1225 1817 1259 1843 ¹4
1277 1812 1349 1843 ipsae
1368 1818 1410 1836 om
1430 1810 1479 1836 Pa.

907 1889 936 1907 ιι
959 1887 985 1907 et
1004 1881 1035 1915 si]
1057 1889 1088 1907 ac
1107 1881 1130 1906 si
1152 1881 1270 1913 DNZPd,
1288 1886 1318 1906 ut
1335 1881 1357 1906 si
1376 1881 1410 1906 Y.

886 1917 916 1942 15
937 1917 1045 1950 dicetur]
1066 1917 1195 1942 diceretur
1214 1917 1299 1947 sGPc,
1318 1917 1404 1942 dicere
1421 1916 1454 1948 G,
1473 1924 1516 1942 om
1537 1917 1566 1947 E,
1587 1917 1688 1941 dicatur
1705 1916 1735 1948 Z,
1754 1916 1846 1941 dicitur
1860 1917 1885 1941 b.

1571 1809 1604 1835 16
1623 1809 1781 1843 intelligens]
1807 1809 1954 1835 intellectus
1973 1809 2116 1841 aDWch;
2139 1817 2195 1843 pro
2218 1810 2404 1843 compositum,
2422 1817 2495 1836 eom-

1502 1880 1535 1906 13
1555 1880 1664 1913 dicetur]
1687 1881 1816 1906 diceretur
1837 1880 1953 1906 EGNPc.
2046 1887 2080 1912 ¹4
2098 1881 2155 1913 ipae
2171 1884 2237 1913 post
2261 1881 2346 1907 forma
2367 1881 2496 1913 onwan

1967 1917 2054 1949 ipsum
2074 1916 2251 1949 compositum
2269 1923 2314 1942 om
2333 1917 2459 1944 aDWXc.

1046 2018 1385 2052 Commentarius
1415 2018 1728 2052 Ferrariensis

340 2127 486 2149 osmunt
515 2117 650 2148 exclusit
673 2117 811 2148 Sanctus
839 2117 986 2148 Thomas
1015 2127 1034 2147 a
1061 2117 1246 2148 substantiis
1269 2117 1364 2148 intel-

288 2129 530 2194 plectualibus
561 2163 728 2193 materiam
764 2167 925 2203 quantum
959 2160 1000 2192 ad
1032 2171 1144 2193 earum
1178 2163 1362 2199 essentiam,

284 2217 373 2239 nunc
397 2206 538 2238 excludit
554 2207 593 2237 ab
613 2207 658 2237 eis
681 2207 848 2238 materiam
868 2212 1029 2248 quantum
1048 2206 1088 2237 ad
1112 2206 1364 2248 dependentiam

44 2265 54 2275 ·
70 2265 106 2287 ef.
124 2264 258 2287 comment.
286 2252 467 2283 secundum
491 2261 559 2282 esse
583 2261 601 2281 a
624 2252 758 2282 materia
773 2253 800 2282 ⁵.

44 2298 96 2320 cap.
106 2298 170 2318 xux,
180 2291 231 2313 init.

342 2297 365 2327 1.
382 2297 424 2327 Et
447 2297 541 2337 ponit
563 2296 647 2328 hanc
671 2295 937 2327 conclusionem:
963 2296 1114 2327 Naturae
1130 2296 1365 2327 intellectuales

286 2346 363 2373 sunt
375 2342 514 2383 formae
537 2340 753 2378 subsistentes,
772 2350 837 2371 non
862 2347 970 2372 autem
987 2341 1160 2372 existentes
1177 2341 1209 2371 in
1227 2341 1365 2372 materia

287 2386 381 2428 quasi
404 2395 473 2417 esse
496 2395 609 2416 earum
633 2395 654 2416 a
677 2386 816 2416 materia
840 2385 1027 2426 dependeat.

343 2431 507 2461 Probatur
523 2430 646 2471 primo.
675 2429 709 2461 Si
735 2430 800 2461 hoc
831 2436 923 2467 esset,
954 2431 1042 2471 ipsae
1071 2435 1204 2461 naturae
1235 2431 1366 2471 proprie

228 2501 234 2507 ,
287 2485 357 2507 non
379 2475 534 2507 haberent
550 2484 628 2512 esse,
646 2474 702 2505 sed
725 2476 918 2516 composita.
939 2475 1026 2516 Ergo
1042 2475 1197 2506 haberent
1213 2484 1281 2506 esse
1298 2484 1366 2506 ma-

288 2521 407 2557 teriale,
431 2520 514 2551 sicut
538 2525 570 2550 et
590 2520 616 2550 si
632 2524 738 2550 essent
754 2529 793 2550 ex
816 2520 950 2550 materia
966 2525 997 2550 et
1018 2519 1122 2550 forma
1146 2520 1365 2560 compositae:

289 2566 366 2606 quia
388 2565 509 2596 scilicet
532 2573 601 2595 esse
625 2573 737 2595 earum
756 2570 839 2595 esset
862 2565 993 2605 proprie
1010 2573 1079 2595 esse
1095 2564 1142 2595 rei
1165 2565 1366 2606 compositae

289 2619 328 2640 ex
351 2610 484 2640 materia
507 2614 539 2639 et
563 2608 676 2646 forma,
693 2609 777 2640 sicut
793 2614 825 2640 et
848 2618 917 2640 esse
941 2609 1127 2650 compositi.
1158 2609 1233 2640 Hoc
1257 2615 1367 2640 autem

290 2659 337 2685 est
360 2654 487 2685 falsum.
512 2653 598 2694 Ergo
623 2659 683 2684 etc.

345 2698 504 2730 Secundo.
529 2698 606 2729 Non
630 2707 688 2739 per
715 2707 749 2729 se
774 2704 915 2739 agerent,
940 2698 996 2729 sed
1020 2699 1203 2739 composita
1222 2708 1280 2740 per
1303 2707 1367 2729 eas.

289 2743 376 2784 Ergo
400 2753 469 2774 non
492 2743 716 2784 intelligerent,
741 2743 798 2774 sed
821 2743 1005 2784 composita
1029 2753 1068 2774 ex
1092 2743 1138 2774 eis
1166 2749 1198 2774 et
1224 2744 1367 2774 materia.

289 2789 376 2829 Ergo
400 2788 584 2820 intellectus
604 2793 686 2819 esset
711 2789 914 2829 compositus
934 2798 973 2819 ex
996 2789 1129 2819 materia
1152 2793 1184 2819 et
1207 2787 1323 2819 forma.

346 2832 487 2864 Adverte
511 2832 602 2874 quod
625 2833 771 2873 loquitur
795 2832 932 2864 Sanctus
948 2833 1094 2864 Thomas
1118 2832 1159 2864 de
1182 2838 1296 2864 natura
1319 2833 1368 2864 in-

290 2878 464 2909 tellectuali
490 2878 687 2918 inquantum
713 2877 940 2908 intellectualis
971 2884 1028 2914 est,
1054 2883 1085 2908 et
1109 2887 1192 2919 quae
1223 2883 1291 2909 tota
1322 2883 1369 2908 est

290 2922 525 2954 intellectualis.
544 2923 593 2953 De
617 2923 677 2953 hac
702 2923 789 2953 enim
806 2932 920 2953 verum
944 2928 991 2953 est
1015 2922 1116 2963 quod,
1133 2923 1160 2953 si
1183 2932 1251 2954 non
1275 2923 1369 2954 intel-

290 2967 403 3008 ligeret
426 2977 484 3008 per
507 2977 541 2998 se
565 2966 622 2998 sed
650 2967 884 3008 compositum,
909 2966 1000 3008 quod
1028 2972 1194 3008 oporteret
1221 2972 1370 2998 naturam

291 3012 554 3048 intellectualem,
583 3012 780 3052 inquantum
807 3011 1034 3042 intellectualis
1060 3016 1117 3048 est,
1142 3021 1211 3043 esse
1239 3022 1278 3043 ex
1301 3022 1370 3043 ma-

291 3058 371 3088 teria
394 3063 425 3088 et
448 3057 554 3088 forma
569 3057 770 3097 composita:
789 3057 865 3097 quia
881 3062 994 3087 natura
1010 3057 1234 3087 intellectualis
1253 3062 1301 3087 est
1317 3058 1370 3088 cui

292 3103 399 3142 primo
423 3101 577 3132 convenit
604 3101 782 3142 intelligere
813 3101 996 3132 secundum
1025 3111 1059 3131 se
1090 3107 1207 3138 totum,
1232 3102 1314 3132 sicut
1338 3101 1371 3132 id

293 3146 383 3186 quod
406 3147 565 3187 intelligit.
590 3146 632 3176 Et
655 3146 719 3176 hoc
743 3145 935 3186 significavit
958 3145 1094 3176 Sanctus
1119 3146 1265 3177 Thomas
1289 3146 1371 3177 infe-

52 3203 62 3211 ·
77 3201 265 3224 ettennetvar.
292 3191 394 3222 tendo
426 3191 518 3232 quod
549 3191 755 3221 intellectus*
780 3196 863 3221 esset
890 3191 1093 3231 compositus
1118 3200 1155 3221 ex
1183 3191 1316 3222 materia
1339 3197 1371 3222 et

293 3235 414 3266 forma:
440 3245 498 3276 per
526 3236 722 3266 intellectum
751 3235 838 3266 enim
865 3234 1067 3276 significavit,
1095 3244 1163 3266 non
1191 3236 1371 3276 potentiam

293 3281 533 3317 intellectivam,
558 3280 615 3311 sed
638 3286 785 3311 naturam
809 3290 893 3320 quae
917 3285 985 3310 tota
1009 3279 1234 3310 intellectualis
1257 3286 1314 3311 est.

353 3326 474 3357 Tertio.
500 3325 535 3356 ld
559 3324 649 3366 quod
676 3325 831 3365 recipitur
856 3325 890 3355 in
918 3324 1094 3360 intellectu,
1120 3325 1315 3365 reciperetur
1338 3326 1371 3356 in

295 3371 436 3401 materia.
468 3370 543 3401 Hoc
574 3376 621 3400 est
653 3369 779 3400 falsum.
813 3370 900 3410 Ergo
933 3375 993 3400 etc.
1022 3386 1044 3392 -
1071 3369 1229 3400 Probatur
1258 3379 1372 3400 conse-

297 3416 437 3454 quentia.
471 3414 557 3453 Quia
581 3414 705 3445 formae
730 3423 814 3455 quae
838 3414 958 3445 habent
982 3423 1051 3445 esse
1072 3414 1104 3444 in
1130 3414 1269 3444 materia
1293 3415 1372 3445 obli-

57 3467 267 3490 ·Cf.text.etvar.
295 3464 409 3499 gazum
426 3461 452 3496 ὓ,
477 3459 559 3490 idest
583 3460 773 3490 immersum
802 3459 955 3490 materiae
987 3464 1018 3489 et
1042 3468 1059 3489 a
1089 3459 1222 3489 materia
1252 3458 1373 3499 depen-

298 3502 386 3540 dens,
402 3514 470 3535 non
486 3505 648 3544 recipiunt
663 3503 786 3544 aliquid
798 3503 889 3544 quod
906 3504 940 3534 in
952 3503 1085 3534 materia
1100 3513 1168 3534 non
1185 3504 1371 3543 recipiatur:

298 3553 334 3577 ut
357 3554 443 3588 patet
466 3550 499 3579 in
524 3549 676 3589 potentiis
702 3549 868 3589 corporeis
893 3549 1021 3589 organis
1045 3547 1155 3579 affixis.

1474 2116 1511 2147 11.
1539 2116 1679 2154 Quarto.
1704 2116 1889 2148 Intellectus
1913 2126 1981 2148 non
2005 2122 2054 2148 est
2077 2117 2279 2159 compositus
2303 2128 2342 2150 ex
2364 2118 2498 2150 materia

1419 2167 1451 2192 et
1467 2160 1582 2192 forma.
1599 2161 1686 2202 Ergo
1703 2171 1772 2192 non
1789 2167 1836 2192 est
1852 2160 1958 2193 forma
1972 2162 2155 2193 materialis.
2170 2180 2193 2186 -
2207 2162 2367 2195 Probatur
2382 2173 2497 2195 conse-

1419 2207 1562 2247 quentia.
1587 2206 1674 2245 Quia
1697 2206 1803 2238 dicere
1826 2206 2028 2238 intellectum
2052 2216 2122 2238 esse
2149 2206 2289 2239 formam
2312 2209 2498 2241 immersam

1419 2252 1582 2289 materiae,
1599 2250 1782 2282 secundum
1797 2261 1867 2282 rem
1883 2257 1931 2282 est
1953 2251 2041 2282 idem
2057 2261 2094 2282 ac
2117 2252 2145 2282 si
2161 2251 2285 2284 dicatur
2304 2253 2413 2294 ipsum
2429 2263 2498 2286 esse

1420 2297 1643 2337 compositum
1659 2306 1698 2327 ex
1713 2297 1847 2327 materia
1862 2302 1894 2327 et
1909 2295 2024 2334 forma,
2041 2295 2098 2328 sed
2113 2302 2162 2328 est
2177 2296 2355 2329 differentia
2370 2303 2499 2330 tantum

1420 2340 1602 2372 secundum
1625 2350 1759 2372 nomen.
1776 2340 1861 2372 Nam
1883 2342 1991 2382 primo
2012 2340 2126 2379 modo,
2142 2341 2226 2373 idest
2241 2341 2380 2374 dicendo
2403 2342 2498 2375 intel-

1420 2385 1542 2416 lectum
1566 2395 1635 2416 esse
1660 2385 1800 2416 formam
1826 2386 1979 2417 materiae
2001 2386 2198 2424 immersam,
2222 2385 2381 2419 diceretur
2404 2387 2498 2419 intel-

1420 2430 1524 2461 lectus
1547 2431 1616 2471 ipsa
1646 2429 1751 2461 forma
1780 2431 1972 2472 compositi;
2001 2430 2147 2462 secundo
2170 2440 2248 2463 vero
2275 2431 2390 2470 modo,
2417 2431 2500 2464 idest

1421 2474 1561 2506 dicendo
1584 2475 1787 2506 intellectum
1803 2484 1873 2506 esse
1889 2476 2112 2516 compositum
2128 2485 2167 2507 ex
2182 2477 2316 2508 materia
2331 2481 2364 2508 et
2382 2475 2498 2514 forma,

1421 2519 1581 2551 diceretur
1604 2520 1787 2551 intellectus
1814 2520 1923 2561 ipsum
1947 2521 2168 2561 compositum
2175 2531 2184 2558 ;
2209 2526 2242 2552 et
2263 2521 2310 2553 sic
2323 2521 2445 2564 forma
2467 2526 2501 2553 et

1422 2564 1635 2605 compositum
1658 2565 1731 2595 solo
1755 2565 1890 2596 nomine
1913 2564 2196 2616 distinguerentur.

1478 2608 1619 2640 Adverte
1644 2608 1736 2650 quod
1751 2608 1872 2640 idcirco
1892 2609 1998 2650 inquit
2014 2609 2150 2641 Sanctus
2167 2610 2313 2642 Thomas
2329 2620 2398 2642 esse
2413 2609 2501 2643 idem

1423 2652 1511 2684 dictu
1539 2653 1721 2685 secundum
1747 2663 1817 2684 rem
1847 2653 2049 2686 intellectum
2080 2664 2148 2686 esse
2179 2654 2319 2687 formam
2348 2655 2501 2687 materiae

1422 2699 1609 2730 immersam
1628 2704 1660 2730 et
1682 2699 1791 2740 ipsum
1808 2708 1877 2730 esse
1893 2708 1932 2730 ex
1948 2698 2053 2730 forma
2068 2705 2101 2730 et
2115 2700 2248 2731 materia
2269 2700 2502 2742 compositum,

1424 2743 1500 2784 quia
1524 2749 1668 2784 utroque
1691 2743 1794 2774 modo
1811 2743 1928 2775 dicitur
1942 2743 2196 2776 intellectualem
2211 2750 2370 2783 naturam,
2394 2750 2431 2776 ut
2445 2745 2502 2782 sie,

1424 2798 1443 2818 a
1465 2789 1598 2819 materia
1621 2787 1803 2820 secundum
1827 2797 1897 2819 esse
1919 2787 2104 2830 dependere
2127 2794 2160 2820 et
2182 2789 2365 2822 secundum
2388 2798 2503 2831 opera-

1423 2833 1559 2864 tionem.
1577 2832 1661 2864 Tam
1678 2833 1765 2864 enim
1781 2831 1887 2864 forma
1901 2833 2054 2865 immersa
2068 2834 2232 2872 materiae,
2249 2844 2349 2875 quam
2364 2843 2502 2876 compo-

1424 2878 1524 2909 situm
1547 2887 1587 2908 ex
1609 2879 1743 2909 materia
1758 2883 1791 2909 et
1807 2877 1911 2909 forma
1927 2878 2031 2910 taliter
2046 2879 2199 2910 immersa
2213 2879 2376 2917 materiae,
2393 2889 2412 2910 a
2434 2889 2503 2911 ma-

1424 2923 1504 2954 teria
1527 2922 1709 2954 secundum
1733 2932 1803 2954 esse
1827 2928 1859 2954 et
1882 2924 2009 2964 operari
2033 2922 2204 2964 dependet.

1481 2967 1634 2998 Secundo
1651 2968 1749 2999 etiarn
1764 2977 1941 3009 possumus
1961 2968 2026 2999 hoc
2041 2969 2258 3009 interpretari:
2275 2969 2397 3000 scilicet
2411 2966 2504 3010 quod

1424 3021 1493 3043 non
1521 3017 1649 3043 tantum
1678 3013 1748 3053 ipsa
1779 3011 1884 3043 forma
1915 3013 2091 3054 compositi
2120 3011 2280 3044 diceretur
2309 3013 2502 3049 intellectus,

1424 3056 1508 3087 idest
1529 3062 1644 3088 natura
1667 3066 1748 3098 pure
1771 3057 2007 3095 intellectualis,
2032 3057 2089 3088 sed
2112 3058 2210 3089 etiam
2232 3058 2341 3099 ipsum
2365 3065 2503 3098 compo-

1425 3102 1534 3132 situm.
1554 3101 1641 3140 Quia
1665 3111 1703 3132 ex
1719 3102 1843 3133 unione
1867 3101 1992 3133 formae
2007 3111 2097 3133 mere
2120 3107 2153 3133 et
2175 3111 2256 3143 pure
2278 3101 2502 3134 intellectualis

1426 3145 1467 3177 ad
1489 3147 1657 3177 materiam
1687 3146 1855 3178 resultaret
1882 3147 2104 3188 compositum
2134 3146 2227 3188 quod
2252 3155 2341 3178 mere
2368 3150 2401 3177 et
2420 3154 2502 3187 pure

1426 3196 1559 3222 naturae
1582 3191 1808 3222 intellectualis
1833 3197 1932 3222 esset:
1957 3192 2051 3229 sicut,
2075 3191 2153 3232 quia
2175 3191 2283 3222 anima
2309 3189 2503 3222 intellectiva

1427 3241 1474 3266 est
1491 3236 1588 3267 etiam
1605 3236 1755 3267 sensitiva
1772 3241 1804 3267 et
1819 3236 2007 3276 vegetativa,
2032 3241 2064 3267 et
2078 3245 2147 3267 non
2165 3235 2274 3267 solum
2297 3234 2502 3271 intellectiva,

1426 3280 1558 3311 resultat
1582 3290 1620 3311 ex
1644 3281 1768 3311 unione
1791 3281 1842 3311 sui
1865 3280 1905 3311 ad
1928 3281 2095 3312 materiam
2112 3285 2226 3311 natura
2249 3288 2317 3310 non
2340 3288 2430 3310 mere
2453 3279 2502 3310 in-

1427 3325 1627 3363 tellectualis,
1652 3324 1709 3356 sed
1733 3326 1830 3356 etiam
1860 3326 2011 3356 sensitiva
2037 3330 2070 3356 et
2097 3323 2286 3365 vegetativa.
2311 3323 2397 3362 Quia
2424 3332 2502 3364 ergo

1427 3368 1545 3400 falsum
1569 3376 1617 3401 est
1639 3376 1788 3401 naturam
1809 3379 1899 3402 mere
1922 3368 2172 3401 intellectualem
2193 3377 2262 3398 esse
2286 3369 2502 3409 compositam

1428 3424 1466 3445 ex
1499 3415 1632 3445 materia
1663 3419 1695 3445 et
1723 3414 1837 3452 forma,
1865 3419 1902 3445 ut
1931 3414 2079 3455 superius
2094 3413 2112 3430 ¹*
2142 3417 2190 3443 est
2220 3417 2398 3450 ostensum,
2426 3412 2502 3444 ideo

1428 3459 1553 3499 optime
1577 3460 1723 3500 sequitur
1749 3459 1950 3490 intellectum
1982 3467 2050 3489 non
2083 3466 2153 3487 esse
2180 3456 2320 3488 formam
2350 3458 2503 3488 materiae

1428 3504 1625 3535 immersam.
1641 3521 1663 3526 -
1679 3504 1721 3535 Et
1740 3504 1820 3535 haec
1836 3502 2057 3543 interpretatio
2077 3501 2204 3533 videtur
2222 3503 2324 3543 magis
2348 3501 2388 3533 ad
2411 3511 2502 3533 men-

1428 3554 1495 3579 tem
1519 3548 1628 3580 Sancti
1652 3548 1802 3580 Thomae
1825 3556 1904 3578 esse.

1357 3675 1362 3700 ÷
1374 3667 1428 3710 ψ.

2530 3412 2704 3442 'ew-W
