2768 4134
54 415 63 426 ·
73 414 149 442 Lth,
159 420 211 442 cap.
219 419 267 435 xm.

55 574 65 585 ²
79 574 135 601 Cap.
150 579 187 594 xv.

54 1103 186 1154 kcffwmd
200 1110 223 1126 n.
236 1110 267 1130 ης

51 2757 62 2768 “
75 2756 136 2784 Οιρ.
148 2762 207 2779 xvn.

793 278 980 315 SUMMA
1010 278 1231 316 CONTRA
1261 278 1534 324 GENTlLES,
1563 279 1657 315 LIB.
1679 280 1719 324 ΙΙ,
1750 279 1860 315 CAP.
1882 279 1981 315 XXI.
2411 280 2484 317 313

295 365 426 395 autem
441 357 536 394 aliae
556 366 877 407 praesupponunt
897 370 994 395 eam.
1012 359 1079 395 Est
1098 358 1209 407 igitur
1223 358 1363 396 creatio
1420 371 1547 408 neque
1577 359 1673 396 sicut
1700 358 1910 408 principale
1938 372 2054 408 agens
2073 372 2200 409 neque
2226 360 2322 398 sicut
2350 361 2486 399 instru-

295 410 451 460 propria
471 410 543 447 Dei
563 410 682 447 solius
701 410 811 456 actio,
832 411 899 460 qui
925 420 980 448 est
1000 424 1115 460 agens
1144 412 1316 461 primum
1331 412 1362 449 ²²⁶.
1420 419 1609 449 mentum.

349 465 455 501 Item.
487 465 545 501 Ex
574 465 650 501 hoc
679 472 878 501 ostensum
908 473 963 501 est
991 466 1097 514 quod
1128 466 1234 502 Deus
1263 474 1365 503 creat
1474 466 1685 502 Praeterea.
1699 465 1828 502 Omne
1844 477 1959 513 agens
1982 465 2268 504 instrumentale
2286 468 2488 517 exequitur

296 529 367 563 res,
397 517 488 566 quia
516 516 612 554 nihil
639 525 765 566 potest
793 530 875 554 esse
904 526 1053 567 praeter
1081 518 1210 568 ipsum
1239 519 1287 556 ab
1317 531 1364 556 eo
1420 518 1613 554 actionem
1632 517 1850 567 principalis
1865 518 2008 566 agentis
2022 531 2093 568 per
2111 520 2280 569 aliquam
2296 521 2485 559 actionem

296 583 377 607 non
405 578 607 613 causatum
622 570 652 606 ²⁸.
684 571 771 607 Hoc
799 579 929 608 autern
953 571 1047 609 nulli
1066 572 1128 608 alii
1157 572 1364 609 convenire
1389 594 1397 613 ς
1420 571 1619 620 propriam
1648 579 1684 608 et
1711 573 2002 608 connaturalem
2021 572 2106 609 sibi:
2138 573 2232 610 sicut
2252 576 2355 611 calor
2378 583 2487 612 natu-

295 632 436 673 potest:
466 635 558 660 cum
586 623 692 660 nihil·
709 624 811 661 aliud
842 624 887 661 sit
915 625 1140 662 universalis
1164 638 1280 662 causa
1308 637 1365 662 es·
1422 623 1508 660 ralis
1536 631 1691 672 generat
1710 636 1867 660 carnem
1887 624 2134 662 dissolvendo
2155 634 2190 663 et
2209 626 2430 674 digerendo,
2451 636 2488 665 et

296 677 416 714 sendi.
443 676 522 714 Soli
551 676 664 725 igitur
683 677 767 714 Deo
788 678 970 727 competit
989 678 1142 724 creatio,
1163 678 1259 715 sicut
1278 690 1365 727 pro·
1422 689 1525 714 serra
1549 685 1731 726 operatur
1753 677 1801 714 ad
1831 677 2105 726 perfectionem
2133 680 2278 716 scamni
2307 682 2485 718 secando.

295 730 379 779 pria
408 729 490 767 eius
518 730 629 767 actio.
1423 729 1462 767 Si
1491 729 1604 778 igitur
1640 730 1768 779 aliqua
1803 738 1975 768 creatura
2011 731 2056 767 sit
2092 744 2191 780 quae
2227 742 2407 782 operatur
2439 734 2487 771 ad

349 783 502 829 Adhuc.
524 783 694 821 Effectus
714 784 793 821 suis
812 784 936 821 causis
954 784 1290 834 proportionaliter
1309 796 1366 821 re·
1422 783 1656 820 creationem
1694 783 1790 820 sicut
1827 783 2126 821 instrumentum
2163 785 2277 834 primi
2314 787 2487 835 creantis,

297 837 504 885 spondent:
526 845 568 874 ut
588 837 727 874 scilicet
747 838 906 875 effectus
925 837 964 874 in
984 846 1071 875 actu
1090 837 1216 875 causis
1238 845 1365 875 actua-
1382 857 1407 871 ιο
1422 844 1573 885 oportet
1601 837 1708 886 quod
1728 838 1804 874 hoc
1822 845 2004 886 operetur
2022 849 2091 886 per
2109 837 2279 887 aliquam
2298 839 2487 877 actionem

296 889 396 926 libus
425 890 694 936 attribuamus,
724 899 760 928 et
788 891 947 928 effectus
975 891 1014 928 in
1042 890 1214 940 potentia
1241 891 1366 928 causis
1422 888 1591 926 debitam
1607 898 1643 926 et
1656 890 1856 939 propriam
1870 900 1963 927 suae
1978 898 2148 928 naturae.
2170 892 2339 929 Effectus
2358 901 2488 930 autem

297 955 397 992 quae
423 951 511 980 sunt
539 943 578 980 in
597 944 787 993 potentia;
812 952 849 981 et
877 943 1048 981 similiter
1066 944 1224 981 effectus
1253 943 1366 993 parti-
1423 943 1662 992 respondens
1681 943 1820 980 actioni
1840 943 2018 992 propriae
2047 944 2288 982 instrumenti
2312 953 2367 983 est
2385 946 2490 995 prior

296 998 444 1034 culares
472 996 597 1034 causis
625 997 928 1046 particularibus,
962 997 1244 1035 universalibus
1271 1010 1366 1034 vero
1423 996 1462 1032 in
1477 996 1539 1033 via
1553 996 1808 1044 generationis
1823 1008 1942 1046 quam
1958 997 2116 1034 effectus
2136 999 2373 1048 respondens
2387 999 2497 1048 prin-'

297 1049 549 1095 universales3
583 1058 624 1087 ut
652 1051 765 1088 docet
800 1051 1073 1100 Philosophus,
1102 1051 1141 1088 in
1177 1052 1207 1088 ΙΙ
1235 1052 1367 1100 Physi-
1423 1049 1535 1098 cipali
1563 1049 1698 1098 agenti,
1719 1062 1765 1086 ex
1786 1062 1865 1099 quo
1886 1050 2063 1099 provenit
2083 1052 2190 1100 quod
2217 1051 2345 1101 primo
2366 1052 2490 1100 agenti

296 1115 428 1139 corum
443 1103 474 1140 *.
496 1104 590 1140 Esse
605 1112 735 1141 autem
751 1112 807 1141 est
826 1112 1027 1142 causatum
1047 1104 1237 1153 primum:
1259 1105 1367 1154 quod
1383 1121 1407 1140 ις
1423 1102 1511 1139 finis
1527 1103 1685 1140 ultimus
1705 1103 1926 1152 respondet:
1948 1103 2054 1153 prius
2070 1104 2174 1142 enim
2190 1113 2245 1142 est
2264 1105 2380 1142 sectio
2400 1106 2489 1154 ligni

297 1168 343 1193 ex
359 1156 505 1194 ratione
521 1169 613 1194 suae
628 1157 917 1195 communitatis
932 1166 1101 1207 apparet.
1115 1158 1243 1195 Causa
1257 1157 1369 1207 igitur
1424 1168 1544 1205 quam
1571 1157 1696 1193 forma
1724 1156 1881 1202 scamni,
1902 1165 1938 1194 et
1966 1157 2124 1206 digestio
2145 1158 2218 1195 cibi
2238 1171 2358 1208 quam
2377 1171 2489 1207 gene-

296 1210 455 1259 propria
482 1210 635 1247 essendi
663 1219 719 1247 est
738 1223 854 1259 agens
873 1210 1045 1261 primum
1074 1219 1110 1248 et
1138 1212 1366 1257 universale,
1424 1209 1519 1246 ratio
1539 1210 1673 1247 carnis.
1696 1210 1898 1260 Oportebit
1917 1210 2029 1259 igitur
2047 1211 2191 1260 aliquid
2210 1224 2292 1249 esse
2308 1213 2489 1250 effectum

297 1264 404 1312 quod
424 1264 532 1301 Deus
560 1271 626 1305 est.
657 1263 742 1301 Alia
762 1276 856 1301 vero
876 1264 1026 1312 agentia
1044 1277 1123 1301 non
1144 1273 1233 1302 sunt
1252 1277 1368 1302 causa
1423 1274 1493 1312 per
1511 1263 1709 1312 propriam
1729 1263 1994 1313 operationem
2014 1265 2310 1302 instrumentalis
2329 1266 2489 1303 creantis

297 1316 450 1355 essendi
477 1317 710 1366 simpliciter,
731 1318 798 1354 sed
818 1330 935 1355 causa
963 1318 1108 1355 essendi
1133 1319 1214 1363 hoc,
1236 1327 1278 1355 ut
1297 1319 1367 1355 ho·
1425 1316 1533 1365 quod
1570 1317 1615 1353 sit
1649 1316 1756 1366 prius
1791 1317 1830 1353 in
1868 1317 1930 1354 via
1964 1318 2217 1366 generationis
2246 1331 2366 1368 quam
2395 1331 2488 1364 esse,

296 1369 445 1405 minem
478 1371 539 1406 vel
572 1370 717 1407 album.
753 1371 847 1407 Esse
882 1379 1014 1408 autem
1047 1371 1268 1420 simpliciter
1300 1383 1369 1420 per
1382 1391 1409 1406 ω
1424 1370 1531 1418 quod
1551 1378 1606 1406 est
1630 1370 1788 1407 effectus
1812 1371 2051 1419 respondens
2071 1371 2210 1408 actioni
2224 1372 2339 1421 primi
2359 1384 2489 1409 crean-

296 1421 532 1458 creationem
568 1431 758 1469 causatur,
787 1436 888 1473 quae
930 1424 1026 1460 nihil
1066 1425 1365 1473 praesupponit:
1423 1422 1480 1459 tis.
1494 1423 1581 1459 Hoc
1595 1431 1726 1460 autem
1741 1431 1796 1460 est
1811 1423 2063 1473 impossibile:
2081 1437 2173 1462 nam
2184 1433 2330 1474 quanto
2345 1425 2488 1474 aliquid

296 1474 389 1523 quia
426 1486 507 1511 non
543 1483 669 1524 potest
706 1477 851 1525 aliquid
887 1477 1142 1526 praeexistere
1177 1478 1285 1526 quod
1323 1478 1368 1515 sit
1423 1484 1479 1512 est
1507 1476 1768 1522 communius,
1788 1485 1893 1514 tanto
1923 1485 1978 1514 est
2006 1478 2113 1526 prius
2135 1477 2175 1514 in
2199 1478 2261 1515 via
2279 1478 2489 1526 generatio-

296 1535 402 1564 extra
430 1539 498 1567 ens
527 1527 759 1577 simpliciter.
790 1530 864 1566 Per
891 1529 982 1566 alias
1010 1530 1201 1567 factiones>
1221 1530 1264 1567 fit
1292 1532 1368 1568 hoc
1424 1528 1499 1573 nis;
1529 1529 1625 1566 sicut
1656 1529 1763 1578 prius
1796 1538 1851 1567 est
1878 1530 2021 1567 animal
2054 1543 2173 1580 quam
2206 1532 2327 1568 homo
2357 1531 2396 1568 in
2428 1543 2490 1580 ge-

297 1592 365 1617 ens
392 1582 456 1618 vel
483 1582 571 1618 tale:
602 1593 696 1618 nam
715 1593 762 1618 ex
796 1590 882 1619 ente
915 1582 1192 1631 praeexistente
1221 1583 1264 1620 fit
1292 1585 1368 1620 hoc
1424 1581 1620 1618 neratione
1650 1582 1830 1628 hominis,
1851 1591 1892 1619 ut
1920 1583 2181 1632 Philosophus
2209 1584 2308 1630 dicit,
2328 1585 2366 1621 in
2394 1584 2490 1621 libro

297 1645 365 1671 ens
393 1635 455 1671 vel
482 1635 567 1671 tale.
598 1635 700 1683 Ergo
729 1635 871 1672 creatio
895 1644 951 1672 est
978 1635 1135 1685 propria
1154 1636 1226 1673 Dei
1255 1636 1366 1673 actio.
1384 1655 1407 1675 ις
1424 1634 1469 1670 de
1496 1635 1745 1672 Generatione
1762 1637 1993 1673 Animalium
2014 1636 2044 1673 ²³.
2065 1637 2303 1686 Impossibile
2323 1646 2377 1674 est
2401 1650 2490 1686 ergo

350 1686 540 1736 AmpliuS.
579 1687 778 1737 Quicquid
816 1696 872 1725 est
906 1696 1108 1725 causatum
1150 1690 1368 1726 secundum
1424 1687 1531 1736 quod
1552 1687 1679 1737 aliqua
1699 1697 1870 1725 creatura
1891 1698 2001 1734 creet,
2022 1701 2149 1738 neque
2170 1690 2265 1726 sicut
2283 1690 2491 1739 principale

297 1739 468 1789 aliquam
497 1748 687 1787 naturam,
718 1753 798 1778 non
826 1749 952 1790 potest
980 1754 1064 1779 esse
1091 1741 1218 1791 prima
1252 1755 1369 1780 causa
1424 1752 1541 1788 agens
1569 1753 1698 1790 neque
1726 1741 2073 1779 instrumentaliter.

296 1792 395 1830 illius
410 1801 581 1840 naturae,
597 1795 664 1832 sed
680 1795 851 1831 secunda
866 1802 902 1831 et
916 1795 1225 1832 instrumentalis.
1239 1796 1369 1833 Sortes
1478 1795 1583 1831 Item.
1615 1794 1735 1841 Quod
1764 1803 1819 1832 est
1856 1796 2071 1832 secundum
2112 1795 2281 1844 aliquam
2314 1804 2491 1833 naturam

297 1846 415 1893 enim,
444 1847 535 1897 quia
563 1848 680 1885 habet
709 1860 801 1885 suae
828 1848 1078 1885 humanitatis
1097 1861 1267 1895 causam,
1287 1861 1368 1887 non
1425 1855 1637 1893 causatum,
1667 1860 1747 1885 non
1776 1856 1901 1898 potest
1929 1861 2011 1886 esse
2044 1849 2264 1898 simpliciter
2296 1849 2393 1886 illius
2426 1862 2491 1886 na-

296 1907 422 1949 potest
450 1912 532 1937 esse
560 1900 687 1950 prima
715 1900 964 1938 humanitatis
992 1914 1124 1939 causa:
1154 1902 1257 1951 quia,
1276 1915 1369 1940 cum
1386 1917 1411 1936 30
1424 1907 1532 1937 turae
1561 1913 1688 1947 causa,
1718 1910 1816 1939 esset
1844 1901 1949 1938 enim
1978 1902 2036 1939 sui
2066 1902 2185 1951 ipsius
2204 1914 2339 1939 causa:
2368 1910 2491 1952 potest

298 1952 520 1991 humanitas
549 1966 620 1991 sua
648 1954 694 1991 sit
722 1955 771 1992 ab
799 1954 930 2004 aliquo
958 1963 1123 2001 causata,
1144 1964 1370 2004 sequeretur
1425 1961 1556 1990 autem
1575 1966 1658 1991 esse
1673 1967 1790 1992 causa
1809 1954 1907 1992 illius
1927 1963 2086 1992 naturae
2102 1955 2140 1992 in
2155 1957 2247 2001 hoc;
2269 1956 2365 1992 sicut
2383 1957 2490 1993 Plato

297 2007 406 2056 quod
434 2015 533 2044 esset
561 2007 620 2044 sui
649 2007 770 2057 ipsius
789 2020 916 2054 causa,
937 2021 1028 2045 cum
1049 2008 1094 2045 sit
1122 2008 1161 2045 id
1185 2009 1293 2058 quod
1314 2017 1369 2046 est
1425 2014 1480 2043 est
1508 2018 1623 2044 causa
1644 2008 1840 2045 humanae
1860 2016 2019 2045 naturae
2049 2008 2087 2045 in
2108 2009 2229 2054 Sorte,
2251 2021 2330 2045 non
2360 2017 2490 2046 autem

297 2072 368 2110 per
394 2060 688 2098 humanitatem.
709 2062 758 2098 Et
777 2060 865 2098 ideo
885 2069 1036 2111 oportet
1055 2062 1163 2111 quod
1181 2074 1369 2110 generans
1425 2059 1656 2109 simpliciter,
1677 2073 1724 2097 eo
1745 2061 1850 2110 quod
1881 2061 1962 2111 ipse
1982 2070 2037 2098 est
2056 2069 2234 2099 causatus
2258 2062 2297 2098 in
2317 2063 2490 2099 humana

298 2113 515 2151 univocum
534 2113 580 2151 sit
607 2114 718 2164 quasi
738 2126 854 2163 agens
882 2114 1172 2152 instrumentale
1193 2123 1369 2165 respectu
1425 2121 1571 2150 natura.
1603 2114 1723 2161 Quod
1752 2122 1882 2151 autem
1911 2123 1966 2152 est
1993 2127 2108 2152 causa
2137 2114 2296 2152 alicuius
2330 2115 2368 2151 in
2404 2116 2489 2160 hoc,

298 2166 380 2204 eius
408 2167 516 2216 quod
545 2175 600 2204 est
628 2179 745 2205 causa
772 2167 955 2217 primaria
987 2168 1102 2205 totius
1135 2168 1286 2218 speciei.
1321 2170 1370 2206 Et
1386 2183 1407 2202 ις
1424 2174 1480 2203 est
1517 2166 1726 2204 attribuens
1764 2176 1941 2205 naturam
1979 2180 2231 2205 communem
2270 2168 2382 2205 alicui
2422 2180 2491 2217 per

297 2220 387 2258 inde
411 2229 471 2258 est
499 2221 607 2270 quod
635 2228 786 2271 oportet
823 2234 962 2258 omnes
998 2234 1134 2259 causas
1171 2221 1369 2259 inferiores
1424 2220 1532 2268 quod
1569 2220 1812 2269 specificatur
1845 2223 1907 2258 vel
1944 2221 2215 2258 individuatur.
2253 2222 2372 2268 Quod
2411 2233 2490 2258 non

297 2281 451 2321 agentes
479 2274 611 2311 reduci
639 2274 678 2311 in
707 2287 843 2312 causas
866 2274 1085 2324 superiores
1106 2275 1203 2312 sicut
1230 2275 1368 2313 instru-
1424 2281 1549 2322 potest
1577 2285 1659 2310 esse
1687 2285 1758 2323 per
1784 2274 2030 2320 creationem,
2056 2287 2155 2324 quae
2185 2274 2278 2311 nihil
2306 2286 2490 2324 praesup—

296 2329 483 2365 mentales
511 2327 550 2364 in
585 2328 798 2377 primarias.
836 2328 976 2365 Omnis
1014 2336 1144 2365 autem
1178 2328 1250 2366 alia
1279 2329 1368 2366 sub·
1423 2326 1533 2376 ponit
1560 2327 1623 2363 cui
1652 2327 1796 2376 aliquid
1826 2327 2052 2365 attribuatur
2078 2340 2149 2377 per
2184 2327 2387 2364 actionem.
2418 2329 2490 2364 Im-

296 2380 431 2418 stantia
458 2389 610 2430 praeter
646 2382 777 2418 Deum
813 2381 928 2418 habet
963 2393 1045 2418 esse
1083 2390 1285 2419 causatum
1319 2383 1367 2420 ab
1424 2379 1605 2429 possibile
1625 2388 1680 2417 est
1700 2380 1813 2429 igitur
1832 2381 1989 2430 aliquod
2010 2393 2077 2417 ens
2102 2388 2273 2418 creatum
2294 2393 2375 2418 esse
2402 2393 2489 2417 cau-

295 2433 381 2479 alio,
419 2442 462 2470 ut
496 2446 614 2483 supra
631 2434 652 2456 ’¹‘
679 2435 890 2484 probatum
928 2442 994 2471 est.
1034 2435 1275 2484 Impossibile
1313 2444 1369 2473 est
1382 2453 1410 2472 ⁴0
1424 2445 1508 2470 sam
1536 2433 1688 2470 alterius
1717 2446 1787 2483 per
1814 2434 2060 2471 creationem.

294 2486 408 2535 igitur
425 2488 533 2536 quod
554 2487 600 2524 sit
618 2500 735 2525 causa
755 2488 905 2525 essendi
925 2487 997 2525 nisi
1017 2487 1113 2525 sicut
1135 2488 1367 2526 instrumen-
1476 2486 1665 2535 Amplius.
1707 2488 1808 2524 Cum
1845 2499 1962 2524 omne
2000 2499 2115 2535 agens
2152 2496 2235 2536 agat
2273 2487 2489 2525 secundum

294 2540 378 2577 talis
406 2548 443 2577 et
470 2552 588 2589 agens
616 2541 655 2577 in
683 2541 823 2578 virtute
859 2541 1024 2578 alterius.
1063 2543 1366 2579 Instrumentum
1423 2539 1531 2588 quod
1559 2547 1646 2576 actu
1675 2548 1740 2585 est,
1770 2548 1921 2589 oportet
1948 2541 2114 2577 modum
2143 2540 2302 2577 actionis
2330 2552 2411 2576 esse
2432 2552 2488 2577 se-

294 2601 426 2630 autem
454 2606 658 2644 nunquam
692 2594 897 2632 adhibetur
931 2594 1003 2632 nisi
1038 2595 1086 2632 ad
1124 2596 1366 2632 causandum
1422 2593 1597 2629 cundum
1616 2593 1782 2630 modum
1808 2600 1914 2629 actus
1942 2593 2060 2642 ipsius
2089 2592 2157 2629 rei:
2187 2593 2292 2629 unde
2320 2592 2487 2629 calidum

294 2646 439 2696 aliquid
467 2659 537 2697 per
564 2647 669 2685 viam
699 2655 844 2685 motus:
875 2655 931 2684 est
959 2647 1063 2685 enim
1100 2648 1195 2685 ratio
1228 2648 1366 2686 instru—
1422 2645 1528 2694 quod
1557 2645 1678 2693 magis
1706 2653 1761 2682 est
1796 2645 1834 2681 in
1863 2653 1950 2682 actu
1978 2645 2123 2691 caloris,
2161 2645 2279 2693 magis
2308 2645 2484 2682 calefacit.

293 2700 414 2737 menti
442 2701 550 2749 quod
579 2700 625 2737 sit
652 2713 818 2738 movens
851 2708 1015 2738 motum.
1054 2700 1206 2738 Creatio
1235 2709 1366 2737 autem
1380 2722 1404 2741 45
1423 2697 1715 2746 Cuiuscumque
1735 2697 1847 2746 igitur
1874 2706 1981 2735 actus
2000 2698 2275 2735 determinatur
2298 2698 2346 2735 ad
2365 2710 2486 2746 genus

294 2765 375 2790 non
403 2761 459 2790 est
487 2761 629 2799 motus,
659 2761 702 2790 ut
730 2761 931 2790 ostensum
960 2762 1015 2790 est
1034 2753 1064 2789 ²¹⁶.
1102 2754 1218 2790 Nulla
1254 2753 1366 2800 igitur
1421 2759 1457 2787 et
1477 2750 1645 2799 speciem
1665 2759 1702 2787 et
1721 2751 1909 2797 accidens,
1930 2751 2012 2788 eius
2031 2751 2212 2788 virtutem
2232 2759 2382 2800 oportet
2402 2763 2484 2787 esse

294 2806 505 2843 substantia
531 2814 683 2855 praeter
710 2807 841 2842 Deum
860 2814 985 2855 potest
1003 2805 1148 2855 aliquid
1167 2818 1308 2843 creare.
1421 2803 1715 2840 determinatam
1743 2805 1791 2841 ad
1815 2805 1973 2841 effectus
2002 2804 2143 2841 similes
2171 2804 2294 2852 agenti
2322 2804 2484 2852 inquan-

347 2860 453 2895 Item.
483 2860 788 2895 Instrumentum
816 2859 1021 2896 adhibetur
1038 2866 1195 2908 propter
1223 2871 1364 2896 conve·
1419 2864 1504 2893 tum
1533 2857 1774 2894 huiusmodi:
1805 2870 1852 2894 eo
1881 2858 1988 2907 quod
2017 2870 2134 2894 omne
2163 2869 2278 2906 agens
2312 2857 2384 2905 agit
2413 2856 2483 2893 sibi

235 2914 238 2917 ⁴
293 2911 478 2948 nientiam
507 2911 590 2948 eius
618 2923 709 2948 cum
729 2919 898 2957 causato,
919 2919 960 2948 ut
989 2912 1035 2948 sit
1062 2910 1238 2948 medium
1267 2911 1365 2948 inter
1420 2909 1553 2946 simile.
1584 2909 1691 2946 Nihil
1719 2918 1849 2947 autern
1878 2911 1985 2960 quod
2014 2911 2129 2948 habet
2148 2922 2229 2947 esse
2256 2910 2482 2947 determina-

293 2977 453 3002 causam
467 2964 636 3014 primam
651 2972 687 3000 et
701 2972 903 3001 causarum
919 2972 955 3000 et
969 2965 1125 3012 attingat
1139 2972 1361 3014 utrumque,
1380 2985 1405 3004 50
1419 2971 1515 3008 tum,
1535 2970 1661 3012 potest
1680 2976 1762 3000 esse
1782 2963 1904 3001 simile
1929 2964 2033 3001 alteri
2062 2964 2237 3001 eiusdem
2255 2962 2402 3011 generis
2421 2964 2482 2999 vel

293 3026 329 3055 et
357 3017 410 3055 sic
433 3017 635 3054 influentia
654 3016 768 3066 primi
787 3017 987 3066 perveniat
1005 3018 1054 3054 ad
1074 3026 1275 3055 causatum
1294 3030 1364 3067 per
1419 3015 1559 3064 speciei
1587 3015 1659 3052 nisi
1688 3017 1905 3054 secundum
1934 3017 2121 3054 rationem
2149 3016 2297 3065 generis
2317 3017 2378 3052 vel
2398 3028 2481 3065 spe-

292 3071 605 3108 instrumentum.
627 3070 740 3108 Unde
760 3078 912 3119 oportet
931 3071 1038 3119 quod
1068 3070 1113 3107 sit
1141 3070 1285 3120 aliquid
1306 3083 1362 3108 re·
1418 3068 1504 3106 ciei:
1526 3081 1619 3106 nam
1639 3070 1856 3107 secundum
1876 3070 1984 3119 quod
2004 3078 2059 3107 est
2078 3071 2153 3107 hoc
2168 3069 2322 3118 aliquid,
2339 3081 2480 3105 unum-

292 3123 438 3173 cipiens
466 3123 580 3173 primi
608 3122 850 3160 influentiam
879 3123 918 3159 in
938 3135 985 3160 eo
1006 3124 1113 3172 quod
1132 3135 1202 3172 per
1225 3124 1362 3161 instru-
1418 3122 1605 3171 quodque
1625 3130 1681 3159 est
1699 3123 1749 3160 ab
1768 3122 1842 3160 alio
1863 3123 2094 3160 distinctum.
2116 3122 2222 3159 Nihil
2241 3122 2353 3170 igitur
2371 3121 2480 3158 cuius

292 3186 470 3214 mentum
490 3184 680 3214 causatur.
698 3176 817 3223 Quod
833 3184 889 3212 est
907 3184 1041 3213 contra
1055 3176 1243 3214 rationem
1259 3189 1362 3214 crea·
1418 3187 1500 3212 esse
1524 3175 1679 3212 finitum
1708 3184 1773 3222 est,
1793 3184 1918 3225 potest
1945 3188 2015 3226 per
2043 3188 2153 3212 suam
2182 3175 2373 3212 actionem
2398 3186 2480 3211 esse

292 3230 422 3268 tionis:
444 3243 536 3268 nam
557 3229 651 3267 nihil
667 3229 956 3279 praesupponit.
987 3229 1232 3279 Relinquitur
1251 3229 1363 3278 igitur
1378 3248 1400 3268 55
1417 3240 1534 3266 causa
1561 3228 1714 3266 alterius
1737 3229 1808 3266 nisi
1837 3237 2027 3278 quantum
2056 3229 2104 3265 ad
2133 3230 2207 3265 hoc
2231 3229 2337 3277 quod
2366 3228 2481 3265 habet

292 3285 399 3333 quod
434 3283 529 3321 nihil
567 3283 671 3321 aliud
709 3291 858 3332 praeter
895 3283 1025 3319 Deum
1062 3291 1186 3332 potest
1218 3295 1358 3329 creare,
1416 3293 1538 3329 genus
1557 3283 1619 3319 vel
1638 3282 1825 3331 speciem:
1856 3295 1935 3319 non
1955 3290 2084 3319 autem
2108 3289 2298 3330 quantum
2327 3281 2375 3317 ad
2404 3282 2480 3317 hoc

347 3416 359 3432 2
381 3407 434 3441 qui]
454 3408 527 3441 quod
546 3408 594 3432 αθ.
686 3407 699 3431 5
720 3412 854 3431 causarum
873 3406 945 3436 GW3
964 3411 1089 3431 creatum.
1178 3406 1194 3430 6
1214 3405 1327 3439 essendi]
1347 3405 1397 3431 nisi
1416 3406 1486 3431 Deus
1504 3406 1611 3431 addunt
1629 3405 1678 3430 Pd.
1772 3414 1788 3439 9
1806 3404 1972 3437 respondent]
1992 3405 2132 3437 respondet
2150 3405 2230 3430 ach.
2326 3412 2359 3437 14
2378 3405 2479 3431 univer-

291 3444 368 3476 sales]
389 3444 474 3468 causis
492 3443 652 3468 universales
673 3442 779 3468 effectus
799 3442 846 3466 Pd.
934 3449 965 3474 ¹7
985 3442 1087 3474 propria
1100 3441 1214 3474 essendi]
1234 3442 1337 3466 essendi
1352 3441 1407 3472 EG,
1420 3441 1524 3466 essendi
1538 3441 1620 3473 prima
1634 3441 1665 3471 N,
1677 3442 1760 3475 prima
1773 3441 1876 3466 essendi
1888 3440 1920 3471 Y,
1933 3440 2036 3472 propria
2050 3440 2153 3464 essendi
2165 3440 2249 3472 prima
2262 3440 2413 3473 simpliciter
2431 3442 2478 3467 Pd.

293 3479 325 3503 23
345 3480 395 3504 Per
414 3478 487 3511 alias]
505 3479 613 3504 addunt
631 3483 718 3503 autem
738 3478 813 3509 DNP,
832 3485 895 3502 vero
914 3478 937 3502 b.
1029 3477 1062 3501 30
1081 3484 1141 3502 cum
1166 3477 1314 3502 humanitas
1340 3476 1398 3509 sua]
1422 3477 1570 3502 humanitas
1594 3484 1641 3501 sua
1667 3478 1689 3502 si
1709 3478 1756 3502 Pd.
1846 3476 1880 3507 43
1899 3476 1948 3500 nisi
1967 3478 2032 3507 post
2056 3475 2151 3508 aliquid
2171 3476 2213 3506 Pe,
2233 3479 2345 3508 utroque
2369 3477 2426 3502 loco
2446 3477 2478 3502 Y.

290 3522 326 3547 49
344 3522 404 3539 cum
424 3514 538 3547 causato]
558 3514 584 3539 in
604 3519 690 3539 creato
710 3523 734 3538 α.
827 3513 858 3538 55
879 3513 941 3538 nibil
960 3512 1154 3545 praesupponit]
1173 3512 1196 3537 ei
1216 3512 1278 3537 nihil
1297 3512 1514 3545 praesupponitur
1533 3513 1564 3540 D.

346 3558 380 3581 24
397 3550 434 3583 ut]
454 3551 520 3575 sicut
540 3549 626 3575 aDPc.
718 3548 751 3574 26
769 3556 855 3581 neque
873 3556 915 3574 om
935 3549 977 3573 Pc.
1069 3555 1100 3580 27
1119 3555 1206 3581 neque
1224 3547 1461 3580 instrumentaliter]
1482 3553 1526 3573 aut
1544 3548 1774 3573 instrumentaliter
1792 3548 1815 3578 b,
1830 3553 1873 3572 aut
1892 3547 2088 3571 instrumentale
2102 3546 2129 3577 P,
2144 3545 2234 3579 (agens
2246 3547 2300 3579 om)
2314 3555 2400 3580 neque
2413 3549 2479 3573 sicut

291 3585 487 3610 instrumentale
506 3585 537 3610 N.
622 3591 656 3618 29
677 3590 811 3609 causatum
830 3585 858 3615 b;
877 3589 985 3609 tantum.
1073 3583 1106 3607 30
1126 3591 1202 3608 causa
1215 3585 1262 3608 alt.
1278 3583 1344 3615 loco]
1365 3591 1457 3608 causae
1471 3591 1495 3608 α.
1579 3592 1614 3615 40
1633 3583 1748 3616 alterius]
1768 3583 1873 3607 alicuius
1893 3582 1924 3606 D.
2008 3581 2041 3612 43
2060 3581 2152 3614 ipsius}
2171 3582 2239 3606 illius
2253 3581 2314 3607 aPc.
2398 3582 2432 3615 46
2453 3589 2478 3608 et

291 3620 415 3653 speciem]
435 3621 467 3645 ad
487 3620 601 3653 speciem
621 3628 646 3647 α.
666 3626 692 3645 et
709 3621 741 3645 ad
761 3620 875 3652 speciem
894 3619 960 3649 DPc,
981 3619 1093 3651 speciem
1113 3619 1143 3649 Y,
1164 3624 1189 3643 et
1207 3619 1238 3643 ad
1259 3619 1372 3651 speciem
1391 3617 1429 3652 (et
1447 3620 1479 3643 ad
1498 3618 1628 3653 accidens)
1646 3619 1689 3643 W.
1779 3617 1813 3649 48
1833 3625 1864 3642 eo
1883 3618 1905 3642 D
1912 3625 1919 3648 ;
1939 3625 1968 3642 ex
1987 3624 2018 3641 eo
2036 3624 2095 3642 cum
2115 3618 2155 3649 pA
2173 3618 2262 3643 ceteri.
2353 3617 2386 3642 50
2404 3619 2477 3644 alteri

291 3663 334 3680 om
354 3656 414 3683 aW,
433 3656 535 3681 effectui
555 3656 654 3680 stPd.
746 3656 863 3680 eiusdem
879 3659 943 3687 post
961 3655 1056 3687 speciei
1076 3654 1160 3679 aDPc.
1254 3653 1284 3678 55
1306 3653 1391 3687 causa]
1410 3653 1494 3679 finalis
1512 3655 1618 3679 addunt
1637 3654 1766 3679 aDXde.

433 3709 526 3734 Souna
546 3709 654 3734 Con-nu
675 3709 806 3733 Cam-uns
826 3709 857 3733 D.
872 3709 985 3733 Tuomst:
1004 3708 1072 3733 Toxi.
1088 3708 1105 3732 l.
2298 3714 2333 3738 40

2519 1637 2527 1645 ”
2543 1635 2594 1658 Did.
2605 1636 2645 1657 lib.
2654 1636 2682 1662 11,
2694 1642 2728 1657 111.
