2768 4134
45 374 54 384 ·
70 372 127 399 cap.
142 378 195 394 xcv.

45 587 54 595 “
68 584 128 606 ibid.

38 1438 94 1462 ‘Cf-
101 1444 174 1466 exn,
188 1444 252 1461 xxix.

35 1919 47 1930 ·
61 1917 120 1947 Cup.
133 1925 172 1943 ιν.

34 2613 46 2625 ‘
58 2613 70 2636 1
79 2612 158 2642 Hyr„
173 2619 198 2641 u,
214 2620 250 2639 to;

35 2646 55 2663 ι.
65 2639 111 2663 Th.
127 2640 141 2663 Ι.
151 2646 173 2669 3.

870 292 1058 329 SUMMA
1087 293 1309 332 CONTRA
1338 295 1612 344 GENTILES,
1644 296 1754 334 CAP.
1775 298 1911 334 LXIX.

289 376 345 406 est
381 368 566 417 infinitus,
596 378 641 407 ut
676 382 722 407 ex
756 370 1020 421 superioribus
1039 373 1059 394 ’²‘
1086 382 1200 422 patet.
1235 375 1365 412 Potest

289 433 379 471 ergo
407 434 479 472 per
506 435 644 471 unum,
675 424 783 473 quod
819 432 876 461 est
910 438 980 462 sua
1012 427 1186 474 essentia,
1216 427 1365 466 infinita

287 486 534 524 cognoscere.

340 529 555 567 Praeterea.
575 530 790 568 Intellectus
809 530 965 569 divinus
984 542 1040 570 est
1057 533 1248 583 perfectus
1273 534 1363 572 sim-

286 581 449 631 pliciter:
479 582 578 620 sicut
596 591 634 620 et
651 583 736 620 eius
755 585 919 622 essentia
933 586 963 623 ²⁸.
993 587 1110 624 Nulla
1138 587 1251 636 igitur
1277 600 1363 637 per-

286 635 397 672 fectio
426 635 667 685 intelligibilis
687 637 722 674 ei
747 637 864 675 deest.
896 640 973 676 Sed
993 639 1031 677 id
1051 641 1100 677 ad
1120 641 1228 690 quod
1249 649 1304 678 est
1323 641 1362 678 in

285 688 458 737 potentia
477 688 690 727 intellectus
716 699 847 728 noster
870 700 925 729 est
950 693 1033 730 eius
1052 693 1235 743 perfectio
1255 693 1362 732 intel-

285 740 445 790 ligibilis.
476 742 546 780 Est
573 750 704 780 autern
729 743 769 781 in
796 746 968 795 potentia
987 747 1037 784 ad
1057 759 1196 784 omnes
1215 747 1362 797 species

285 794 548 844 intelligibiles.
580 796 735 846 Species
764 807 896 836 autem
919 799 1149 837 huiusmodi
1168 808 1258 838 sunt
1275 800 1361 838 infi-

284 847 403 886 nitae:
433 861 528 887 nam
556 857 593 887 et
620 863 879 890 numerorum
907 853 1054 902 species
1080 853 1252 891 infinitae
1272 862 1362 892 sunt

285 909 322 938 et
334 901 562 950 figurarum.
581 904 827 954 Relinquitur
845 905 959 954 igitur
977 906 1085 956 quod
1101 907 1208 944 Deus
1227 907 1362 945 omnia

284 955 513 994 huiusmodi
541 956 692 995 infinita
720 966 938 1007 cognoscat.

340 1010 447 1047 Item.
480 1010 583 1048 Cum
611 1010 825 1049 intellectus
844 1020 975 1049 noster
1003 1012 1049 1049 sit
1076 1013 1361 1061 cognoscitivus

283 1061 527 1100 infinitorum
547 1063 587 1100 in
606 1064 788 1113 potentia,
809 1073 935 1114 potest
963 1065 1067 1102 enirn
1097 1065 1135 1102 in
1165 1066 1361 1104 infinitum

283 1116 430 1166 species
450 1129 710 1154 numerorum
728 1118 1000 1167 multiplicare;
1022 1118 1052 1155 si
1074 1119 1286 1158 intellectus
1305 1120 1360 1157 di—

282 1169 398 1207 vinus
416 1182 499 1207 non
517 1178 769 1219 cognosceret
796 1171 946 1209 infinita
966 1172 1083 1209 etiam
1103 1181 1202 1219 actu,
1223 1186 1361 1223 seque-

282 1230 388 1260 retur
401 1223 510 1273 quod
525 1225 587 1260 vel
605 1223 780 1273 plurium
799 1233 898 1262 esset
912 1226 1198 1274 cognoscitivus
1218 1226 1360 1264 intelle-

281 1283 364 1314 ctus
383 1277 586 1319 humanus¹
603 1289 724 1326 quam
743 1277 918 1325 divinus3
939 1280 1001 1316 vel
1021 1280 1129 1329 quod
1149 1279 1360 1318 intellectus

280 1329 438 1368 divinus
460 1328 543 1367 non
567 1339 818 1379 cognosceret
841 1332 975 1370 omnia
999 1341 1087 1370 actu
1113 1345 1286 1382 quorum
1305 1342 1361 1371 est

280 1382 567 1432 cognoscitivus
590 1383 630 1421 in
654 1385 837 1433 potentia.
868 1386 1053 1433 Quorum
1073 1394 1285 1435 utrumque
1305 1396 1361 1425 est

280 1436 531 1487 impossibile,
561 1444 604 1474 ut
632 1449 678 1475 ex
707 1450 826 1487 supra
844 1438 865 1460 '¹‘
892 1438 1002 1476 dictis
1028 1447 1146 1489 patet.

334 1490 487 1528 Adhuc.
518 1490 718 1528 Infinitum
747 1492 955 1540 cognitioni
980 1501 1169 1543 repugnat
1196 1493 1360 1543 inquan-

280 1551 366 1589 tum
400 1551 590 1594 repugnat
627 1544 904 1582 numerationi:
940 1558 1033 1583 nam
1066 1554 1194 1596 partes
1221 1546 1360 1583 infiniti

281 1596 480 1637 numerari
499 1597 719 1635 secundum
739 1611 780 1636 se
799 1598 1037 1648 impossibile
1057 1607 1125 1646 est,
1141 1599 1254 1649 quasi
1268 1612 1360 1637 con-

280 1650 549 1688 tradictionem
568 1650 783 1701 implicans.
802 1652 1048 1701 Cognoscere
1063 1660 1195 1690 autem
1214 1652 1359 1703 aliquid

278 1716 351 1755 per
366 1704 685 1742 numerationem
704 1717 867 1742 suarum
885 1706 1056 1755 partium
1073 1715 1129 1743 est
1148 1706 1359 1744 intellectus

280 1758 498 1796 successive
526 1758 795 1807 cognoscentis
813 1766 965 1809 partem
983 1768 1072 1809 post
1094 1767 1257 1809 partem,
1278 1771 1359 1797 non

279 1816 412 1852 autem
440 1811 654 1850 intellectus
683 1812 800 1850 simul
827 1812 999 1850 diversas
1027 1822 1154 1863 partes
1181 1825 1359 1863 compre-

279 1865 496 1903 hendentis.
528 1865 632 1903 Cum
661 1865 775 1914 igitur
802 1865 959 1904 divinus
979 1866 1191 1904 intellectus
1210 1867 1358 1917 absque

279 1917 526 1957 successione
549 1927 758 1967 cognoscat
782 1919 916 1957 omnia
939 1919 1055 1957 simul
1068 1920 1101 1968 ²⁸,
1131 1932 1212 1957 non
1236 1920 1358 1969 magis

279 1971 491 2022 impeditur
518 1983 754 2021 cognoscere
782 1972 932 2010 infinita
961 1985 1081 2023 quam
1110 1973 1230 2010 finita.

332 2025 523 2076 Amplius.
564 2025 706 2063 Omnis
738 2025 931 2076 quantitas
960 2026 999 2064 in
1029 2027 1201 2076 quadam
1229 2026 1356 2064 multi-

277 2077 484 2129 plicatione
512 2079 682 2129 partium
711 2079 897 2117 consistit:
928 2087 966 2117 et
992 2088 1152 2130 propter
1180 2081 1256 2117 hoc
1284 2092 1355 2117 nu-

278 2144 411 2170 merus
430 2141 487 2170 est
505 2132 633 2183 prima
652 2133 923 2182 quantitatum.
954 2133 1029 2185 Ubi
1048 2145 1139 2182 ergo
1159 2133 1356 2183 pluralitas

278 2186 426 2224 nullam
440 2185 698 2224 differentiam
714 2195 908 2236 operatur,
925 2186 977 2224 ibi
992 2199 1064 2224 nec
1083 2186 1227 2236 aliquid
1247 2187 1356 2236 quod

277 2239 533 2289 quantitatem
555 2240 808 2290 consequitur
831 2240 1002 2290 aliquam
1024 2240 1282 2278 differentiam
1303 2241 1355 2278 fa-

277 2293 338 2331 cit.
368 2294 411 2330 In
439 2293 659 2342 cognitione
678 2302 811 2331 autem
830 2293 903 2331 Dei
922 2295 1034 2344 plura
1054 2295 1130 2331 hoc
1150 2294 1271 2331 modo
1290 2302 1356 2331 'co—

276 2354 518 2395 gnoscuntur
536 2354 580 2384 ut
598 2359 742 2385 unum:
772 2360 865 2384 cum
885 2359 966 2384 non
984 2359 1056 2398 per
1074 2347 1246 2384 diversas
1270 2359 1355 2397 spe-

277 2399 366 2447 cies,
382 2400 451 2438 sed
470 2412 541 2450 per
558 2413 681 2438 unam
701 2400 883 2450 speciem,
900 2413 1001 2451 quae
1021 2409 1077 2438 est
1091 2400 1163 2438 Dei
1178 2400 1354 2446 essentia,

277 2462 562 2503 cognoscantur
571 2453 602 2491 *.
619 2454 732 2492 Unde
748 2462 785 2492 et
799 2454 915 2492 simul
930 2456 1052 2492 multa
1067 2462 1356 2503 cognoscuntur

277 2519 301 2545 a
319 2507 417 2545 Deo.
438 2508 488 2544 Et
511 2507 562 2544 ita
586 2507 626 2544 in
650 2508 722 2545 Dei
751 2507 970 2556 cognitione
999 2509 1147 2545 nullam
1176 2507 1355 2545 differen-

277 2560 371 2598 tiam
399 2560 596 2610 pluralitas
623 2561 722 2598 facit.
761 2562 865 2610 Ergo
900 2574 973 2599 nec
1008 2561 1216 2607 infinitum,
1246 2561 1354 2610 quod

278 2613 532 2664 quantitatem
565 2614 821 2664 consequitur
832 2615 863 2651 *.
894 2615 1002 2652 Nihil
1030 2626 1121 2663 ergo
1150 2614 1277 2651 differt
1305 2614 1354 2651 ad

279 2667 514 2705 intellectum
542 2666 722 2705 divinum
741 2667 984 2706 infinitorum
1005 2676 1041 2705 et
1059 2667 1262 2705 finitorum
1291 2679 1354 2704 co-

277 2720 408 2770 gnitio.
430 2721 479 2758 Et
499 2720 563 2770 sic,
584 2733 677 2758 cum
697 2729 903 2770 cognoscat
920 2721 1040 2769 finita,
1061 2721 1156 2758 nihil
1174 2719 1355 2770 prohibet

278 2786 372 2812 eum
400 2786 633 2822 cognoscere
662 2773 779 2811 etiam
807 2773 968 2812 infinita.

332 2896 344 2915 ι
368 2895 397 2914 ut
415 2897 446 2915 ex
464 2889 644 2923 superioribus
663 2894 734 2921 patet
751 2890 775 2913 Α
792 2890 865 2914 solus
879 2889 974 2922 (snpra
993 2889 1168 2922 marginem);
1188 2893 1218 2912 ut
1236 2895 1316 2919 supra
1333 2893 1469 2912 ostensum
1491 2891 1540 2912 est.

279 2933 310 2951 12
330 2925 483 2951 huiusmodi
501 2925 543 2951 hic
562 2925 621 2956 NZ;
637 2928 702 2957 post
720 2923 828 2950 infinita.
919 2923 953 2950 16
972 2925 1050 2949 etiam
1068 2929 1128 2949 actu
1147 2923 1308 2954 DNWZPd;
1325 2928 1352 2947 et

276 2966 400 2994 operetur
418 2960 457 2986 A?

331 3003 343 3022 1
366 2996 433 3022 Huic
452 2995 550 3030 autem]
571 2995 663 3021 Adhuc
681 2995 742 3020 huic
760 2996 789 3021 Z.
878 2995 891 3020 3
911 3000 1000 3020 autem
1019 2994 1187 3025 DEGWXY;
1207 2994 1294 3019 etiam.

416 3032 550 3064 cognoscit
564 3032 616 3063 NZ,
632 3031 703 3064 quod
722 3039 826 3057 cum...
841 3035 982 3063 cognoscat
999 3030 1095 3059 ceteri;
1115 3030 1150 3064 cf.
1169 3037 1228 3055 var.
1246 3036 1299 3062 seq.

278 3032 350 3066 quod
358 3051 364 3057 .
373 3050 381 3057 .
390 3051 397 3058 .

841 3065 873 3091 15
892 3067 984 3098 posset
998 3065 1131 3095 DNWZb;
1152 3065 1245 3097 possit.

277 3068 421 3100 gnitionem
433 3068 467 3092 W
479 3068 559 3092 addit
572 3065 756 3101 cognoscere).

277 3104 334 3135 NZ;
346 3104 381 3137 ‘Y-
396 3111 455 3128 var.
468 3110 522 3136 seq.
609 3102 746 3136 quantitati
766 3101 905 3135 competat]
922 3101 1072 3134 quantitatis
1083 3106 1154 3133 petat
1165 3108 1190 3132 α,
1204 3100 1354 3133 quantitatis

276 3138 414 3173 rationem]
434 3147 586 3164 mensuram
606 3146 774 3163 communem
793 3137 816 3162 Y
835 3141 862 3163 et
880 3141 910 3162 ut
929 3137 1036 3162 videtur
1055 3137 1105 3169 ΡΟ,
1124 3144 1278 3161 mensuram
1295 3135 1339 3160 W.

277 3175 326 3208 pN,
345 3183 398 3200 non
417 3180 478 3200 sunt
496 3174 703 3199 GWYZsNch.

276 3211 384 3236 addunt
402 3217 502 3236 omnes.
520 3210 596 3241 Quae
613 3213 775 3242 sequuntur.-
793 3209 847 3234 Scit
865 3208 935 3233 enim
953 3211 1002 3233 etc.
1021 3208 1139 3232 secunda
1153 3207 1301 3232 deletorum
1316 3206 1437 3231 redactio
1451 3213 1507 3231 esse
1522 3208 1628 3237 patent.

276 3247 429 3280 responderi
454 3252 546 3279 posset
564 3247 587 3270 Α
610 3246 696 3276 solus;
720 3245 833 3278 partium
856 3244 1009 3276 responderi
1028 3243 1092 3275 (non
1110 3242 1146 3274 Y)
1165 3247 1257 3275 posset
1274 3242 1356 3273 DGY,

277 3282 330 3308 deri
357 3287 445 3315 potest
468 3282 523 3313 Pd3
541 3282 576 3306 W
595 3284 681 3306 totum
701 3283 803 3305 mutat.-
821 3280 898 3305 Unde
915 3280 948 3305 ad
967 3279 1104 3311 quodlibet
1120 3283 1305 3310 argumentum
1320 3278 1352 3302 de

277 3325 325 3343 nec
343 3319 430 3342 minus
451 3318 482 3348 N,
501 3317 685 3342 nichliominus
705 3317 733 3347 Z,
753 3315 920 3340 nihilominus
941 3315 1032 3340 ceteri.

547 2960 582 2993 46
602 2960 680 2986 etiam
698 2960 742 2985 hic
761 2960 912 2990 EGNXYb;
927 2963 992 2992 post
1009 2959 1131 2992 prohibet
1149 2959 1235 2990 oeDPc,
1250 2962 1315 2991 post
1334 2966 1394 2983 eum
1413 2958 1458 2982 W.

1334 3064 1366 3089 18
1385 3065 1446 3097 quia
1459 3064 1555 3094 GWX;
1571 3064 1652 3096 quod.

2413 312 2483 338 201

1473 375 1576 412 Huic
1595 384 1726 413 autem
1746 385 1934 414 consonat
1953 378 2060 427 quod
2079 378 2119 415 in
2134 379 2320 416 Psalmo*
2334 379 2486 418 dicitur:
2516 383 2525 391 '
2541 381 2577 403 ¹³⁵*
2589 387 2663 408 (ἔην’,
2673 389 2693 411 5·

1418 430 1465 465 Et
1492 430 1696 478 sapientiae
1724 431 1801 466 eius
1829 443 1903 467 non
1933 437 1984 467 est
2013 444 2199 469 numerus.

1472 482 1579 518 Patet
1607 490 1738 519 autem
1758 495 1803 520 ex
1823 483 2025 532 praedictis
2045 497 2164 534 quare
2184 485 2394 524 intellectus
2418 499 2488 525 no-

1418 542 1494 571 ster
1520 534 1718 572 infinitum
1746 548 1828 573 non
1855 537 2062 585 cognoscit,
2083 537 2179 575 sicut
2197 538 2407 578 intellectus
2433 541 2487 578 di-

1385 602 1394 622 ς
1417 587 1543 624 vinus.
1570 588 1707 625 Differt
1726 588 1832 626 enim
1850 589 2061 627 intellectus
2081 599 2210 628 noster
2229 593 2277 630 ab
2297 593 2487 632 intellectu

1417 640 1552 678 divino
1571 650 1764 690 quantum
1784 642 1833 679 ad
1852 650 2030 691 quatuor,
2052 656 2152 692 quae
2181 646 2282 682 hanc
2309 646 2490 684 differen-

1416 693 1509 731 tiam
1533 694 1686 732 faciunt.
1718 694 1895 732 Primum
1915 704 1981 742 est,
2003 697 2110 745 quod
2130 697 2340 736 intellectus
2358 708 2489 738 noster

1417 747 1639 796 simpliciter
1656 747 1789 786 finitus
1816 755 1885 786 est:
1917 749 2071 786 divinus
2099 758 2230 788 autem
2258 752 2440 790 infinitus.
2461 776 2487 781 -

1417 800 1646 838 Secundum
1666 809 1733 849 est,
1754 801 1847 851 quia
1871 802 2083 840 intellectus
2102 811 2232 840 noster
2250 804 2401 843 diversa
2418 819 2488 855 per

1377 871 1402 885 ιο
1416 854 1588 892 diversas
1621 854 1768 904 species
1802 855 2009 903 cognoscit.
2040 856 2152 894 Unde
2180 869 2262 894 non
2295 866 2420 907 potest
2447 860 2488 897 in

1416 906 1565 944 infinita
1593 908 1812 945 secundum
1831 920 1954 946 unam
1973 909 2246 957 cognitionem,
2266 910 2363 948 sicut
2381 911 2487 950 intel—

1415 962 1536 997 lectus
1564 961 1732 998 divinus.
1754 983 1780 988 -—
1799 961 1979 999 Tertium
1998 970 2053 999 est
2072 975 2119 999 ex
2138 963 2214 1000 hoc
2241 964 2486 1013 proveniens,

1415 1014 1523 1063 quod
1552 1013 1763 1052 intellectus
1791 1023 1931 1062 noster,
1953 1015 2045 1064 quia
2062 1028 2134 1065 per
2152 1015 2323 1054 diversas
2342 1018 2488 1067 species

1415 1066 1569 1104 diversa
1596 1067 1804 1116 cognoscit,
1824 1080 1906 1105 non
1925 1076 2051 1118 potest
2070 1069 2187 1106 simul
2205 1071 2327 1108 multa
2345 1083 2486 1120 cogno-

1376 1135 1399 1155 15
1416 1132 1538 1166 scere;
1569 1128 1606 1157 et
1633 1121 1683 1158 ita
1711 1120 1860 1158 infinita
1888 1133 2121 1170 cognoscere
2149 1135 2231 1160 non
2258 1132 2389 1172 posset
2414 1124 2487 1162 nisi

1416 1173 1631 1211 successive
1651 1186 1697 1211 ea
1716 1175 1972 1212 numerando.
2004 1175 2124 1222 Quod
2143 1188 2224 1213 non
2244 1185 2300 1213 est
2319 1177 2357 1219 in
2379 1177 2486 1215 intel-

1415 1228 1515 1264 lectu
1534 1226 1680 1273 divino,
1701 1227 1768 1277 qui
1795 1227 1911 1265 simul
1938 1230 2060 1266 multa
2088 1229 2267 1276 intuetur,
2289 1230 2398 1279 quasi
2416 1243 2488 1280 per

1414 1292 1537 1317 unam
1565 1280 1735 1330 speciem
1763 1280 1856 1318 visa.
1884 1304 1909 1308 —
1939 1281 2134 1328 Quartum
2163 1291 2230 1330 est,
2260 1283 2351 1332 quia
2378 1284 2485 1322 intel-

1415 1335 1534 1370 lectus
1563 1333 1718 1371 divinus
1746 1342 1802 1371 est
1830 1347 1968 1372 eorum
1997 1348 2097 1384 quae
2122 1344 2210 1373 sunt
2230 1344 2266 1374 et
2285 1349 2384 1386 quae
2404 1349 2484 1375 non

1375 1401 1401 1416 20
1416 1394 1516 1431 sunt,
1546 1395 1588 1424 ut
1616 1395 1816 1424 ostensum
1845 1396 1901 1425 est
1918 1388 1949 1425 *.

1469 1441 1576 1477 Patet
1604 1440 1719 1477 etiarn
1747 1442 1951 1490 quomodo
1971 1442 2137 1478 verbum
2158 1443 2396 1492 Philosophi,
2417 1444 2484 1493 qui

1416 1492 1505 1530 dicit
1524 1494 1632 1542 quod
1661 1495 1858 1542 infinitum,
1878 1495 2081 1531 secundum
2102 1496 2201 1545 quod
2218 1497 2413 1544 infinitum,
2434 1503 2485 1534 est

1415 1611 1507 1636 cum
1536 1599 1675 1637 infiniti
1699 1599 1794 1637 ratio
1814 1601 2013 1650 quantitati
2038 1609 2242 1650 competat,
2264 1609 2306 1638 ut
2328 1602 2410 1652 ipse
2429 1603 2484 1640 di-

1375 1667 1399 1687 ²5
1415 1652 1465 1690 cit
1478 1652 1509 1699 ²⁸³,
1530 1651 1728 1690 infinitum
1756 1661 1798 1690 ut
1826 1653 2021 1690 infinitum
2045 1662 2341 1702 cognosceretur
2364 1655 2394 1692 si
2416 1669 2487 1706 per
2513 1656 2522 1665 '
2537 1655 2636 1683 mm„
2652 1655 2696 1677 ¹·0·

1415 1706 1749 1743 mensurationem
1792 1719 1952 1743 suarum
1986 1707 2155 1756 partium
2196 1715 2334 1744 notum
2372 1717 2484 1746 esset:

1415 1759 1511 1796 haec
1544 1768 1600 1796 est
1632 1759 1736 1796 enim
1769 1759 1927 1809 propria
1959 1759 2125 1808 cognitio
2159 1760 2388 1809 quantitatis.
2423 1763 2487 1800 Sic

1414 1820 1545 1849 autem
1565 1813 1673 1850 Deus
1701 1825 1782 1849 non
1811 1813 2018 1861 cognoscit.
2050 1814 2173 1860 Unde,
2194 1821 2237 1850 ut
2257 1813 2307 1851 ita
2326 1814 2484 1861 dicatur,

1414 1877 1494 1903 non
1517 1865 1714 1914 cognoscit
1736 1865 1932 1904 infinitum
1957 1867 2174 1904 secundum
2199 1867 2306 1916 quod
2326 1876 2383 1904 est
2400 1868 2485 1906 infi-

1374 1933 1399 1952 30
1413 1918 1550 1965 nitum,
1581 1919 1648 1957 sed
1678 1920 1897 1956 secundum
1926 1920 2032 1969 quod
2063 1920 2112 1957 ad
2141 1932 2252 1957 suam
2287 1920 2484 1959 scientiam

1413 1985 1453 2010 se
1476 1973 1595 2010 habet
1621 1984 1666 2009 ac
1695 1973 1725 2009 si
1753 1980 1852 2010 esset
1879 1972 2046 2019 finitum,
2068 1980 2110 2010 ut
2135 1981 2335 2010 ostensum
2363 1983 2429 2012 est.

1467 2025 1679 2063 Sciendum
1708 2034 1839 2063 tamen
1868 2026 1975 2074 quod
2005 2026 2112 2062 Deus
2140 2025 2289 2063 infinita
2312 2039 2393 2064 non
2419 2040 2483 2065 co-

1411 2079 1559 2127 gnoscit
1585 2081 1738 2116 scientia
1774 2081 1935 2125 visionis,
1965 2086 2008 2116 ut
2035 2079 2162 2115 verbis
2199 2079 2363 2117 aliorum
2401 2089 2482 2118 uta-

1411 2144 1502 2169 mur
1519 2132 1555 2169 *z
1586 2132 1678 2182 quia
1706 2131 1857 2169 infinita
1884 2144 1956 2169 nec
1984 2140 2072 2169 sunt
2101 2140 2199 2178 actu,
2229 2144 2301 2170 nec
2328 2133 2483 2171 fuerunt
2509 2135 2723 2183 ,nis-⁰·fflffff

1372 2199 1394 2219 ες
1411 2198 1483 2223 nec
1511 2194 1642 2231 erunt3
1672 2197 1765 2222 curn
1791 2185 1986 2233 generatio
2006 2198 2053 2222 ex
2073 2193 2208 2222 neutra
2235 2194 2342 2235 parte
2362 2187 2407 2224 sit
2425 2187 2481 2225 in-

1410 2238 1530 2284 finita,
1551 2239 1770 2276 secundum
1789 2238 1911 2276 fidem
1932 2238 2183 2276 Catholicam.
2202 2261 2227 2264 —
2248 2240 2326 2276 Scit
2353 2248 2482 2278 tamen

1411 2292 1559 2329 infinita
1587 2294 1740 2329 scientia
1766 2293 1942 2342 simplicis
1970 2293 2242 2342 intelligentiae.
2273 2293 2350 2331 Scit
2378 2294 2482 2332 enim

1411 2347 1519 2383 Deus
1547 2345 1697 2383 infinita
1725 2357 1826 2395 quae
1855 2357 1927 2382 nec
1955 2353 2044 2382 sunt
2072 2357 2144 2382 nec
2173 2354 2284 2382 erunt
2312 2358 2383 2383 nec
2401 2347 2481 2384 fue-

1411 2407 1512 2445 runt,
1542 2411 1643 2448 quae
1671 2407 1802 2436 tamen
1832 2406 1920 2435 sunt
1939 2398 1980 2435 in
1999 2398 2169 2447 potentia
2197 2407 2404 2437 creaturae.
2433 2401 2482 2438 Et

1370 2470 1397 2490 ⁴0
1411 2453 1479 2490 scit
1498 2452 1613 2490 etiam
1633 2451 1782 2489 infinita
1801 2464 1901 2501 quae
1926 2459 2014 2488 sunt
2036 2451 2076 2488 in
2100 2464 2169 2489 sua
2187 2452 2358 2500 potentia
2381 2466 2480 2503 quae

1410 2518 1483 2543 nec
1511 2514 1600 2542 sunt
1628 2518 1700 2542 nec
1729 2513 1842 2542 erunt
1869 2517 1942 2542 nec
1968 2505 2134 2542 fuerunt.

1463 2559 1588 2604 Unde,
1618 2566 1809 2607 quantum
1839 2559 1887 2595 ad
1908 2557 2175 2607 quaestionem
2195 2559 2243 2595 de
2261 2558 2479 2607 cognitione

1411 2613 1662 2661 singularium
1695 2610 1869 2660 pertinet,
1905 2611 2130 2660 responderi
2162 2619 2292 2659 posset
2322 2624 2393 2660 per
2423 2612 2479 2648 in-

1409 2664 1707 2713 teremptionem
1736 2664 1911 2701 maioris:
1938 2675 2018 2700 non
2042 2663 2146 2700 enim
2166 2663 2368 2712 singularia
2391 2673 2479 2701 sunt

1369 2736 1392 2755 ⁴5
1410 2717 1569 2755 infinita.
1602 2717 1642 2755 Si
1670 2725 1800 2754 tamen
1830 2724 1966 2763 essent,
1996 2716 2090 2754 nihil
2124 2717 2257 2753 minus
2288 2717 2395 2754 Deus
2432 2730 2478 2754 ea

1409 2779 1667 2819 cognosceret.

2187 2891 2220 2909 ιο
2239 2883 2273 2915 et]
2294 2884 2371 2909 etiam
2390 2885 2476 2909 aEPc.

1636 2893 1652 2919 9
1672 2885 1821 2918 Species...
1841 2883 1954 2909 infinitae
1973 2892 2015 2909 om
2036 2885 2087 2909 ΝΖ.

2256 2919 2287 2944 35
2307 2925 2428 2952 operatur
2440 2927 2474 2944 an

1370 2928 1436 2947 actu.
1527 2921 1559 2947 28
1579 2919 1834 2954 comprehendentis]
1855 2919 2070 2953 apprehendentis
2086 2920 2171 2945 aDPc.

1383 2993 1397 3018 5
1417 2993 1485 3018 enim
1505 2991 1592 3023 NXZ3
1613 2993 1689 3017 etiam
1702 2991 1744 3022 W,
1765 2997 1852 3016 autem
1871 2991 1959 3016 ceteri.
2044 2998 2060 3023 9
2080 2990 2185 3023 quia...
2205 2991 2336 3023 cognoscit
2354 2991 2376 3014 A
2391 2991 2474 3021 so!us;

1858 3027 1882 3051 in
1902 3025 1999 3051 infinita
2023 3026 2167 3056 GNXZbP;
2194 3025 2304 3056 infinita;
2330 3026 2406 3057 (post
2430 3033 2474 3050 co-

1739 3069 1771 3095 19
1790 3067 1816 3086 et
1830 3061 1906 3095 quae]
1922 3067 1947 3086 et
1960 3069 2051 3086 eorum
2064 3069 2131 3094 quae
2146 3062 2218 3086 GPd.
2305 3068 2338 3092 24
2356 3069 2415 3085 cum
2429 3068 2471 3085 om

1369 3104 1500 3132 competat
1518 3099 1547 3130 E,
1562 3099 1696 3131 quantitati
1717 3098 1840 3130 competit
1855 3098 1885 3129 N,
1901 3097 2049 3130 quantitatis
2064 3097 2183 3121 convenit
2196 3097 2224 3156 23.
2316 3095 2348 3121 26
2368 3104 2473 3164 rqensu-

2222 3139 2240 3163 4
2259 3139 2306 3156 nec
2324 3136 2384 3156 sunt
2413 3137 2474 3156 sunt

1392 3036 1424 3053 10
1444 3028 1520 3053 Unde
1538 3036 1581 3053 om
1602 3027 1767 3052 aEsDGch.

1425 3142 1457 3168 ²7
1477 3140 1518 3159 est
1536 3133 1615 3167 enim]
1636 3134 1707 3159 enim
1725 3139 1765 3159 est
1783 3133 1872 3164 ENPc,
1892 3133 1962 3157 enim
1975 3140 2027 3156 non
2040 3138 2079 3157 est
2092 3133 2122 3156 Z.

793 3173 826 3206 37
846 3173 972 3205 simplicis
990 3172 1173 3205 intelligentiae
1191 3173 1213 3196 A
1236 3172 1324 3201 solus3
1349 3175 1428 3203 prout
1453 3170 1502 3195 scit
1524 3170 1601 3195 etiam
1627 3177 1694 3202 quae
1719 3178 1771 3194 non
1795 3174 1863 3199 sunt,
1883 3175 1950 3201 quae
1973 3167 1999 3192 in
2023 3168 2046 3191 A
2069 3168 2141 3192 clare
2164 3170 2190 3191 et
2215 3167 2322 3191 indubie
2342 3167 2472 3196 delentur,

1713 3213 1748 3236 40
1768 3211 1815 3229 sua
1829 3207 1894 3236 post
1906 3203 2019 3236 potentia
2032 3202 2116 3233 aDPc,
2130 3210 2171 3227 om
2186 3203 2215 3227 E.
2299 3201 2332 3233 43
2354 3202 2472 3233 pertinet,

1371 3242 1483 3274 partium
1497 3242 1608 3273 pertinet
1620 3241 1657 3272 (et
1671 3241 1700 3273 α)
1719 3240 1872 3272 responderi
1885 3239 1969 3271 possit
1982 3238 2083 3271 (posset
2095 3238 2125 3270 Z)
2140 3238 2222 3268 αΕΖε,
2236 3237 2345 3269 pertinet
2363 3245 2472 3270 respon-

1367 3277 1512 3309 cognitione
1531 3277 1702 3309 singularium
1722 3275 1834 3308 partium
1847 3274 1997 3307 responderi
2016 3278 2113 3306 posset.
2202 3272 2235 3304 45
2256 3272 2317 3297 nihil
2332 3273 2419 3297 minus
2433 3273 2472 3303 X;

1038 3427 1373 3460 Commentariis.
1403 3427 1714 3459 Fen-ariensis

2512 1390 2520 1400 ⁸
2536 1390 2593 1418 Cap.
2602 1396 2665 1412 ικνι.

2512 1552 2521 1559 “
2541 1549 2576 1571 cf.
2593 1555 2618 1571 ca
2637 1565 2643 1571 .
2657 1557 2724 1577 mnu,

1416 1547 1598 1596 ignotum,
1618 1547 1810 1596 praesenti
1838 1547 2045 1585 sententiae
2069 1560 2149 1585 non
2169 1548 2299 1586 obviat
2312 1549 2342 1586 ²¹⁸.
2369 1550 2483 1598 Quia,
2514 1557 2634 1602 Quium}

354 3558 448 3578 unz-ra
473 3547 652 3583 conclusio,
671 3547 803 3587 quintae
825 3545 1026 3586 respondens
1048 3543 1224 3574 obiectioni
1240 3543 1267 3579 *‚
1284 3549 1345 3573 est:
1374 3542 1376 3580 ἦ
1403 3542 1536 3572 humani
1563 3547 1711 3581 respectu
1741 3539 1943 3570 infinitorum
1962 3539 1994 3574 ἢ
2025 3537 2330 3588 terum-respondet
2355 3537 2474 3589 funda-¹
2496 3541 2505 3549 ·
2521 3539 2638 3561 estu-1¹·

279 3557 445 3668 QzDeus
466 3592 637 3633 cognoscit
660 3591 798 3632 infinita.
1303 3589 1305 3591 '
1374 3608 1377 3643 Ι
1402 3592 1514 3617 mento
1539 3586 1774 3621 obiectionis*;
1794 3589 1919 3624 quarto,
1937 3582 2076 3613 ostendlt
2096 3592 2148 3612 cui
2169 3587 2320 3612 scientiae
2343 3581 2469 3612 divmae
2496 3585 2505 3593 ·
2521 3583 2556 3605 Cf·
2571 3589 2593 3605 n.
2606 3590 2647 3605 xu-

1403 3630 1604 3661 infinitorum
1628 3629 1770 3668 cognitio
1794 3628 1949 3658 tribuatur
1964 3627 1991 3656 ἦ
2497 3629 2506 3637 ·
2521 3627 2556 3649 Cf.
2573 3633 2594 3649 n.
2605 3633 2654 3648 xm.

1458 3675 1480 3704 I.
1507 3674 1674 3712 Quantum
1691 3673 1730 3703 ad
1753 3673 1904 3712 primurn,
1926 3671 2039 3712 arguit
2052 3671 2162 3710 primo
2185 3670 2241 3700 sic.
2266 3669 2469 3701 Infinitorum

2293 3730 2325 3755 26

361 3638 428 3667 irca
439 3646 539 3677 quam
551 3642 691 3676 quatuor
706 3634 782 3666 facit
794 3635 929 3666 Sanctus
939 3634 1097 3664 Thomas:
1114 3632 1232 3672 primo,
1245 3631 1349 3671 ipsam
1374 3645 1377 3671 ⁸

276 3682 406 3721 probat;
432 3681 588 3717 secundo,
605 3679 746 3711 ostendit
765 3678 976 3710 differentiam
997 3677 1176 3707 intellectus
1198 3675 1297 3705 divini
1318 3680 1349 3705 et
1374 3673 1376 3711 Ι

418 3744 512 3768 Smma
532 3743 643 3767 Coum
662 3742 794 3766 Gan'rmas
814 3741 845 3765 D.
860 3740 974 3764 Tuomn
994 3739 1062 3763 Tou.
1078 3738 1095 3762 Ι.
