2768 4134
0 1413 5 1445 ἰ

0 1384 76 1422 ὗῧιρ.
84 1399 174 1416 mxu:
180 1399 217 1421 sq.

209 1897 215 1904 ·
243 1880 364 1920 actus,
393 1878 437 1908 ut
464 1870 618 1919 supra*
650 1877 853 1907 ostensum
889 1875 955 1905 est.
991 1867 1233 1918 Impossibile
1266 1875 1322 1905 est
1337 1882 1360 1901 ις

185 1975 188 1978 v
245 1990 419 2029 cumque
447 1975 565 2014 aliud.

603 295 792 333 SUMMA
822 295 1045 334 CONTRA
1072 295 1347 342 GENTILES,
1377 297 1472 333 LIB.
1493 297 1534 342 II,
1565 296 1676 334 CAP.
1702 297 1911 343 LXXXIV,
1940 298 2131 335 LXXXV.
2378 298 2452 336 533

1379 381 1497 416 potest.
1522 376 1612 407 Patet
1638 382 1748 407 autem
1771 378 1872 417 ipsius
1900 387 1968 408 non
1996 377 2094 409 fuisse
2124 384 2269 410 mentem
2297 378 2387 420 quod
2414 380 2454 411 sit

1379 425 1539 459 aeternuS,
1565 422 1641 461 quia
1664 421 1721 452 XII
1737 423 1754 438 ⁴*
1778 422 2025 463 Metaphysicae
2052 424 2250 455 conveniens
2278 423 2389 454 fuisset
2412 424 2452 456 de

1379 464 1443 495 hoc
1459 464 1582 505 aliquid
1599 465 1715 505 dicere,
1733 476 1808 497 cum
1826 467 1869 497 ibi
1889 468 2051 507 exciperet
2066 468 2208 499 animam
2223 468 2452 500 intellectivam

1379 518 1397 538 a
1413 508 1602 540 conditione
1618 510 1752 541 aliarum
1768 510 1962 542 formarum:
1982 518 2012 542 et
2028 517 2136 542 tamen
2160 522 2228 543 non
2247 512 2325 543 dixit
2348 513 2451 553 ipsam

1379 563 1447 583 esse
1472 558 1546 584 ante
1569 554 1735 586 materiam
1752 554 1857 596 (quod
1880 561 1988 586 tamen
2012 556 2103 586 Plato
2128 556 2167 587 de
2192 557 2272 588 ideis
2299 556 2450 598 dicebat),

1377 597 1434 628 sed
1457 602 1584 628 tantum
1608 598 1698 638 quod
1721 605 1831 630 manet
1853 605 1928 639 post
1952 609 2081 640 corpus.

307 373 361 403 IV.
391 373 527 412 Ultimo,
562 374 638 414 quia
668 373 789 405 dixerat
818 374 956 406 Sanctus
979 374 1125 405 Thomas
1155 375 1188 405 in
1221 375 1325 415 capite

249 416 458 459 praecedenti
481 418 578 449 verba
601 419 786 450 Aristotelis
812 429 934 450 sonare
957 420 1101 450 animam
1128 429 1197 450 esse
1219 425 1324 450 aeter-

251 471 338 498 nam,
362 462 441 503 quia
463 463 549 494 dixit
573 463 769 494 intellectum
779 469 974 504 perpetuum
997 473 1075 500 esse,
1095 473 1137 495 ne
1161 465 1235 504 quis
1259 464 1324 495 exi-

249 507 393 538 stimaret
417 507 506 538 illam
529 518 597 539 esse
620 508 802 539 Aristotelis
826 514 981 548 mentem,
1006 509 1070 539 hoc
1094 514 1250 548 removet,
1276 508 1323 539 di-

250 561 327 582 cens
340 551 431 593 quod
442 562 613 593 nunquam
629 552 818 583 Aristoteles
830 552 909 584 dixit
924 553 1126 584 intellectum
1142 553 1323 584 humanum

250 605 319 627 esse
336 602 520 628 aeternum:
538 596 594 627 sed
610 597 694 627 bene
710 596 789 628 dixit
802 598 911 638 ipsum
932 607 1001 628 esse
1011 602 1216 638 perpetuum,
1233 597 1324 638 quod

250 640 290 672 de
314 642 352 671 iis
376 650 460 682 quae
484 650 613 682 semper
635 647 740 680 erunt,
765 642 840 673 licet
862 652 930 673 non
954 651 1083 683 semper
1106 642 1235 681 fuerint,
1259 641 1323 673 dici
1372 676 1374 678 ¹

1325 729 1378 771 m.
1391 736 1395 762 Ξ

520 879 1039 958 CAPITULUM
1093 880 1735 936 OCTOGESIMUM
1790 847 2201 953 QUINTUM

663 1008 839 1060 QUOD
873 1008 1074 1048 ANIMA
1107 1008 1238 1048 NON
1271 1007 1366 1048 SIT
1399 1009 1484 1049 DE
1517 1008 1907 1050 SUBSTANTIA
1941 1010 2044 1049 DEI

386 1159 391 1166 ,
436 1147 440 1151 ,
459 1135 482 1159 x
511 1122 571 1159 his
599 1122 716 1159 etiam
735 1129 840 1171 patet
867 1121 1041 1159 animam
1059 1134 1141 1159 non
1169 1134 1251 1159 esse
1271 1121 1320 1159 de
1378 1122 1490 1171 pium
1514 1121 1722 1171 ponebant,
1752 1130 1789 1159 et
1807 1121 1855 1158 de
1875 1128 2013 1158 natura
2032 1120 2149 1158 huius
2175 1121 2348 1170 corporis
2368 1122 2448 1159 ani-

354 1177 372 1191 ’Ἃ
472 1175 684 1213 substantia
712 1174 797 1212 Dei.
1378 1187 1486 1212 mam
1514 1187 1598 1212 esse
1626 1174 1822 1212 dicebant:
1853 1186 1946 1212 nam
1965 1186 2103 1211 omnes
2131 1173 2171 1211 id
2190 1174 2298 1223 quod
2326 1186 2447 1224 pone-

320 1257 345 1278 „.
376 1237 405 1280 R·
526 1229 741 1266 Ostensum
760 1236 817 1266 est
840 1227 947 1266 enim
966 1241 1085 1278 supra
1098 1228 1119 1251 ’¹‘
1147 1227 1322 1265 divinam
1377 1228 1470 1265 bant
1503 1227 1751 1278 principium,
1786 1228 1939 1266 animae
1972 1227 2240 1272 attribuebant,
2274 1235 2317 1264 ut
2344 1236 2448 1277 patet

414 1283 418 1288 ’
446 1284 448 1288 ’
472 1281 728 1320 substantiam
747 1294 831 1319 esse
850 1289 1059 1328 aeternam,
1080 1293 1152 1319 nec
1175 1281 1321 1331 aliquid
1375 1294 1446 1331 per
1473 1281 1716 1319 Aristotelem
1746 1281 1784 1318 in
1818 1283 1832 1318 I
1866 1282 1911 1317 de
1937 1282 2078 1318 Anima
2092 1280 2123 1317 *.
2153 1281 2202 1317 Et
2229 1280 2283 1318 sic
2310 1293 2447 1330 seque-

247 1335 408 1374 eiusde
425 1336 544 1373 “novo
572 1335 754 1386 incipere.
785 1335 950 1372 Animae
973 1343 1105 1373 autem
1125 1336 1321 1372 humanae
1343 1349 1353 1369 ς
1376 1335 1490 1372 batur
1517 1335 1689 1372 animam
1708 1347 1791 1372 esse
1819 1335 1868 1372 de
1888 1333 2100 1371 substantia
2119 1333 2261 1370 divina.
2282 1355 2308 1360 —
2328 1335 2377 1371 Et
2400 1346 2446 1371 ex

246 1402 329 1428 non
347 1389 503 1428 fuerunt
522 1396 611 1426 ante
630 1401 807 1439 corpora,
822 1396 866 1426 ut
885 1397 1086 1426 ostensum
1106 1396 1162 1426 est
1175 1387 1207 1425 ²¹⁸.
1228 1388 1322 1425 Non
1376 1389 1450 1426 hac
1478 1388 1605 1425 radice
1633 1387 1836 1438 pullulavit
1853 1386 1993 1437 positio
2021 1386 2253 1433 Manichaei,
2283 1387 2350 1436 qui
2370 1387 2446 1424 exi-

245 1443 360 1493 igitur
387 1443 519 1481 anima
545 1450 671 1492 potest
700 1454 784 1480 esse
812 1442 861 1479 de
890 1441 1103 1480 substantia
1132 1441 1274 1478 divina.
1376 1441 1544 1479 stimavit
1571 1442 1703 1478 Deum
1731 1447 1822 1478 esse
1843 1440 2042 1490 quandam
2071 1441 2198 1477 lucem
2218 1452 2448 1489 corpoream

299 1496 492 1546 Amplius.
509 1496 723 1534 Ostensum
739 1502 796 1532 est
814 1495 962 1545 supra*
981 1495 1090 1544 quod
1110 1495 1218 1532 Deus
1237 1494 1322 1531 nul·
1376 1507 1447 1544 per
1459 1494 1610 1532 infinita
1629 1494 1751 1544 spatia
1769 1494 1991 1539 distensam,
2011 1493 2122 1530 cuius
2142 1493 2342 1542 quandam
2360 1506 2446 1543 par-

244 1551 319 1589 lius
338 1550 393 1587 rei
420 1550 547 1587 forma
566 1561 650 1587 esse
669 1556 806 1599 potest.
834 1548 977 1585 Anima
996 1556 1127 1586 autem
1147 1548 1323 1585 humana
1376 1548 1533 1585 ticulam
1562 1549 1779 1585 humanam
1808 1547 1981 1584 animam
2010 1558 2092 1583 esse
2121 1546 2272 1583 dicebat
2284 1546 2316 1583 ²¹².

244 1610 302 1643 'est
318 1604 447 1641 forma
465 1602 651 1652 corporis,
672 1609 715 1639 ut
742 1609 945 1638 ostensum
964 1609 1022 1638 est
1034 1601 1065 1638 ²⁸.
1095 1601 1190 1638 Non
1210 1600 1323 1648 igitur
1338 1618 1363 1632 10
1431 1601 1539 1638 Haec
1570 1608 1701 1638 autem
1737 1600 1877 1650 positio
1915 1611 2033 1649 supra
2067 1599 2286 1649 improbata
2320 1607 2386 1645 est,
2411 1607 2448 1636 et

243 1659 301 1701 'est
327 1657 377 1694 de
406 1655 618 1694 substantia
646 1654 789 1692 divina.
1376 1666 1447 1703 per
1461 1654 1539 1691 hoc
1553 1654 1660 1703 quod
1680 1661 1882 1691 ostensum
1897 1660 1953 1689 est
1968 1653 1988 1674 ’¹‘
2007 1653 2138 1689 Deum
2159 1664 2239 1689 non
2259 1664 2342 1689 esse
2364 1664 2447 1689 cor-

297 1711 513 1752 Praeterea.
544 1709 676 1747 Omne
704 1707 800 1746 illud
829 1719 875 1745 ex
903 1719 985 1757 quo
1013 1707 1057 1744 fit
1084 1706 1241 1757 aliquid,
1266 1714 1323 1743 est
1376 1719 1468 1756 pus;
1503 1714 1539 1744 et
1566 1719 1637 1756 per
1669 1707 1745 1744 hoc
1773 1706 1882 1755 quod
1914 1713 2116 1742 ostensum
2148 1713 2203 1742 est
2227 1705 2248 1727 ’¹‘
2276 1704 2448 1742 animam

243 1765 284 1804 in
302 1762 476 1815 potentia
490 1762 540 1800 ad
555 1762 595 1800 id
615 1762 725 1812 quod
743 1761 787 1798 fit
802 1773 849 1798 ex
863 1773 924 1798 eo.
947 1761 1171 1799 Substantia
1189 1767 1322 1798 autem
1377 1760 1493 1797 etiam
1522 1761 1739 1798 humanam
1768 1771 1912 1809 corpus
1944 1770 2025 1796 non
2058 1769 2153 1803 esse,
2178 1770 2250 1795 nec
2278 1758 2449 1807 aliquam

243 1817 318 1857 Dei
337 1829 419 1855 non
438 1823 495 1854 est
514 1815 554 1853 in
573 1815 746 1866 potentia
764 1815 814 1852 ad
834 1814 996 1864 aliquid:
1022 1826 1114 1852 cum
1133 1814 1180 1851 sit
1199 1826 1322 1863 purus
1377 1814 1673 1851 intellectualem
1702 1812 1968 1851 substantiam.
2166 1824 2169 1827 ·

1431 1866 1605 1915 Quidam
1634 1879 1728 1904 vero
1756 1874 1973 1916 posuerunt
2001 1865 2236 1902 intellectum
2269 1864 2449 1901 omnium

244 1926 359 1977 igitur
372 1923 484 1974 quod
497 1935 545 1960 ex
560 1922 772 1961 substantia
787 1922 860 1959 Dei
875 1921 943 1960 fiat
957 1921 1099 1968 anima,
1114 1923 1176 1960 vel
1195 1922 1320 1971 quod·
1376 1920 1587 1958 hominum
1615 1932 1699 1958 esse
1728 1932 1866 1965 unum,
1895 1920 1958 1956 vel
1985 1925 2163 1966 agentem
2195 1925 2358 1963 tantum,
2387 1918 2449 1954 vel

1376 1981 1556 2022 agentem
1575 1981 1612 2011 et
1630 1972 1856 2023 possibilem
1871 1972 1998 2017 simul,
2019 1971 2117 2008 sicut
2131 1982 2249 2020 supra
2262 1970 2283 1992 *
2301 1970 2448 2008 dictum

298 2033 453 2070 Adhuc.
483 2030 581 2067 Illud
609 2041 656 2066 ex
684 2041 766 2078 quo
789 2028 833 2066 fit
861 2028 1019 2079 aliquid,
1039 2028 1170 2078 aliquo
1199 2028 1321 2065 modo
1376 2035 1443 2064 est.
1461 2028 1510 2064 Et
1528 2027 1620 2076 quia
1639 2026 1853 2077 quamlibet
1872 2024 2127 2063 substantiam
2145 2030 2362 2073 separatam
2381 2035 2448 2060 an-

245 2094 430 2126 mutatur.
460 2084 568 2121 Deus
597 2091 729 2120 autem
757 2090 814 2119 est
841 2083 1007 2120 omnino
1036 2082 1259 2127 immobilis,
1279 2089 1322 2119 ut
1376 2080 1473 2130 tiqui
1501 2081 1632 2117 Deum
1661 2092 1743 2117 esse
1772 2079 1961 2125 dicebant,
2004 2077 2240 2127 sequebatur
2275 2077 2448 2114 animam

211 2166 217 2172 .
244 2140 398 2193 supra*
424 2137 637 2189 probatum
656 2144 723 2174 est.
744 2136 986 2185 Impossibile
1006 2143 1063 2174 est
1080 2135 1195 2184 igitur
1212 2135 1322 2185 quod
1337 2152 1363 2166 ιο
1377 2141 1562 2180 nostram,
1591 2134 1688 2171 idest
1716 2133 1951 2170 intellectum
1971 2144 2051 2181 quo
2079 2130 2335 2178 intelligimus,
2365 2142 2447 2167 esse

245 2208 293 2235 ex
322 2207 370 2233 eo
400 2191 546 2242 aliquid
574 2190 658 2228 fieri
686 2189 818 2240 possit.
1377 2187 1530 2226 divinae
1569 2195 1740 2225 naturae.
1780 2187 1893 2225 Unde
1931 2193 1967 2222 et
2001 2197 2024 2222 a
2058 2183 2294 2234 quibusdam
2330 2183 2448 2221 nostri

247 2286 250 2290 ,
299 2247 491 2298 Amplius.
522 2246 564 2282 ln
589 2244 721 2282 anima
741 2242 942 2281 manifeste
971 2249 1132 2292 apparet
1158 2241 1320 2279 variatio
1376 2241 1564 2291 temporis
1593 2240 1832 2278 Christianae
1861 2238 1953 2276 fidei
1980 2237 2275 2288 professoribus,
2299 2249 2448 2286 ponen-

245 2302 467 2341 secundum
487 2298 688 2336 scientiam
708 2305 744 2334 et
767 2297 951 2334 virtutem
971 2303 1007 2333 et
1032 2308 1173 2333 eorum
1197 2307 1321 2345 oppo-
1376 2296 1480 2333 tibus
1508 2294 1744 2331 intellectum
1773 2301 1948 2342 agentem
1970 2299 2202 2341 separatum,
2223 2290 2370 2328 dictum
2394 2298 2450 2327 est

245 2357 329 2395 sita.
357 2356 467 2393 D'eus
495 2360 628 2390 autem
652 2359 709 2388 est
737 2350 901 2388 omnino
922 2349 1168 2395 invariabilis,
1188 2356 1225 2386 et
1252 2361 1323 2399 per
1378 2360 1557 2399 expresse
1586 2348 1694 2397 quod
1723 2347 1935 2384 intellectus
1964 2357 2080 2393 agens
2109 2345 2155 2382 sit
2182 2345 2302 2381 Deus.

246 2419 288 2450 se
309 2417 347 2447 et
365 2420 435 2459 per
453 2406 632 2444 accidens
647 2404 678 2441 ³¹⁸.
699 2405 793 2441 Non
812 2403 926 2453 igitur
943 2403 1075 2441 anima
1094 2410 1220 2453 potest
1239 2414 1323 2440 esse
1338 2420 1361 2440 ις
1432 2403 1540 2439 Haec
1569 2409 1700 2438 autem
1729 2400 1870 2450 positio
1899 2400 1947 2437 de
1976 2399 2120 2436 unitate
2150 2398 2361 2435 intellectus
2379 2409 2450 2433 no-

246 2465 296 2503 de
325 2459 539 2500 substantia
567 2458 710 2497 divina.
1379 2456 1455 2502 stri,
1485 2455 1637 2518 supra*
1665 2454 1884 2504 improbata
1913 2460 1978 2490 est.

255 2531 261 2538 ·
301 2517 408 2554 Item.
431 2513 588 2563 Supra*
607 2519 810 2550 ostensum
825 2517 881 2548 est
895 2509 1003 2559 quod
1018 2509 1126 2547 Deus
1140 2517 1197 2547 est
1215 2517 1323 2547 actus
1432 2510 1563 2546 Potuit
1590 2516 1722 2545 autem
1757 2516 1794 2545 et
1825 2519 1872 2544 ex
1907 2506 1991 2555 ipsa
2019 2504 2268 2542 similitudine
2297 2502 2450 2540 animae

246 2582 382 2622 purus,
415 2567 456 2605 in
491 2579 573 2617 quo
606 2567 712 2603 nulla
746 2563 1003 2615 potentialitas
1040 2563 1245 2601 Invenitur.
1281 2565 1323 2600 In
1379 2570 1532 2600 nostrae
1561 2561 1610 2598 ad
1638 2562 1770 2598 Deum
1797 2561 1894 2597 haec
1922 2559 2056 2608 opinio
2089 2556 2205 2594 nasci.
2242 2556 2450 2604 Intelligere

247 2623 379 2663 anima
407 2629 540 2659 autern
574 2621 750 2657 humana
784 2617 980 2655 invenitur
1016 2624 1053 2654 et
1090 2617 1260 2667 potentia
1288 2625 1325 2653 et
1379 2616 1495 2662 enim,
1525 2615 1633 2664 quod
1662 2613 1831 2651 maxime
1867 2612 2090 2649 aestimatur
2124 2610 2328 2659 proprium
2365 2609 2449 2655 Dei,

248 2685 372 2717 actus:
403 2683 470 2713 est·
487 2673 594 2712 enim
623 2673 663 2710 in
691 2686 737 2711 ea
769 2672 982 2709 intellectus
1016 2670 1220 2721 possibilis,
1257 2670 1324 2719 qui
1340 2686 1366 2706 30
1379 2669 1474 2707 nulli
1511 2667 1744 2705 substantiae
1778 2666 1816 2703 in
1849 2665 2001 2703 mundo
2037 2663 2205 2701 inferiori
2240 2661 2450 2700 convenire

245 2739 306 2772 ,est
331 2729 505 2781 potentia
524 2728 574 2766 ad
602 2728 736 2765 omnia
764 2724 1022 2774 intelligibilia,
1047 2732 1084 2762 et
1111 2724 1325 2762 intellectus
1380 2721 1576 2761 invenitur
1593 2720 1665 2758 nisi
1694 2719 1856 2765 homini,
1875 2726 2034 2769 propter
2053 2717 2237 2755 animam.
2261 2715 2374 2753 Unde
2395 2714 2450 2751 vi-

213 2804 219 2809 ·
248 2797 377 2834 agens,
406 2792 450 2822 ut
477 2795 524 2821 ex
552 2793 671 2831 supra
684 2781 705 2803 ⁸²
732 2779 842 2817 dictis
870 2786 984 2828 patet.
1015 2779 1108 2815 Non
1137 2786 1194 2815 est
1212 2778 1326 2826 igitur
1380 2776 1461 2814 deri
1490 2774 1615 2825 potuit
1642 2773 1815 2811 animam
1843 2773 1892 2810 ad
1921 2779 2100 2809 naturam
2133 2769 2305 2807 divinam
2336 2768 2451 2818 perti-

246 2838 379 2877 anima
407 2839 583 2875 humana
610 2835 660 2871 de
688 2841 826 2871 natura
854 2831 997 2870 divina.
1217 2847 1220 2849 ·
1381 2842 1484 2867 nere.
1515 2830 1564 2865 Et
1591 2827 1816 2877 praesertim
1851 2826 1957 2875 apud
1992 2824 2172 2862 homines
2205 2823 2245 2860 in
2279 2833 2451 2871 quorum

302 2893 410 2929 Item.
441 2891 546 2928 Cum
575 2887 786 2925 substantia
813 2886 946 2924 divina
980 2884 1027 2921 sit
1061 2883 1224 2921 omnino
1254 2883 1324 2921 im·
1381 2881 1632 2934 opinionibus
1651 2888 1731 2917 erat
1758 2880 1959 2917 firmatum
1991 2878 2100 2928 quod
2128 2877 2259 2915 anima
2283 2875 2451 2912 hominis

213 2963 221 2971 ·
248 2944 435 2996 partibilis
444 2944 476 2990 ²³³,
492 2954 573 2981 non
587 2949 714 2992 potest
728 2940 874 2990 aliquid
893 2937 1128 2976 substantiae
1144 2937 1227 2975 eius
1241 2950 1325 2974 esse
1342 2951 1364 2972 ις
1381 2944 1480 2975 esset
1508 2934 1749 2973 immortalis.

249 2999 381 3038 anima
409 2997 482 3035 nisi
510 2996 556 3034 sit
583 3003 663 3033 tota
691 2993 904 3033 substantia
932 2992 1025 3030 eius.
1062 2991 1326 3029 Substantiam
1435 2990 1496 3027 Ad
1510 2990 1587 3026 hoc
1602 2988 1718 3025 etiam
1737 2986 1970 3024 coadiuvare
1985 2985 2138 3022 videtur
2152 2982 2260 3032 quod
2284 2983 2375 3019 Gen.
2393 2981 2451 3026 1²³⁶,

250 3061 383 3091 autem
411 3051 586 3089 divinam
614 3047 853 3099 impossibile
883 3054 939 3083 est
967 3057 1050 3082 esse
1084 3044 1157 3082 nisi
1191 3057 1324 3090 unam,
1380 3051 1591 3093 postquam
1610 3042 1758 3079 dictum
1781 3048 1846 3086 est,
1867 3041 2068 3077 Faciamus
2086 3039 2273 3074 hominem
2293 3035 2344 3072 ad
2361 3037 2452 3071 ima-

216 3135 222 3142 .
249 3115 293 3145 ut
328 3118 447 3156 supra
460 3105 480 3127 '¹‘
516 3111 716 3143 ostensum
749 3110 817 3140 est.
851 3099 1036 3150 Sequitur
1069 3098 1182 3147 igitur
1217 3098 1326 3148 quod
1370 3099 1509 3148 ‚ginem
1538 3102 1571 3133 et
1602 3093 1877 3132 similitudinem
1915 3098 2093 3137 nostram,
2128 3089 2321 3127 subditur:
2359 3089 2453 3124 For-

251 3160 434 3199 omnium
461 3157 672 3195 hominum
700 3156 747 3193 sit
773 3161 925 3193 tantum
946 3153 1077 3190 anima
1099 3164 1179 3189 una
1203 3154 1327 3201 quanss
1380 3152 1496 3188 mavit
1522 3151 1624 3186 Deus
1651 3149 1840 3185 hominem
1870 3147 1915 3183 de
1942 3146 2032 3182 limo
2051 3150 2185 3188 terrae,
2205 3149 2239 3179 et
2263 3142 2455 3190 inspiravit

217 3242 224 3249 .
251 3222 337 3252 tum
366 3214 414 3251 ad
443 3213 690 3250 intellectum.
712 3210 760 3247 Et
785 3209 862 3246 hoc
881 3206 1032 3257 supra*
1060 3205 1327 3259 improbatum
1341 3221 1368 3242 4⁰
1382 3207 1419 3240 in
1446 3204 1585 3250 faciem
1614 3203 1691 3238 eius
1718 3199 1945 3250 spiraculum
1975 3200 2080 3236 vitae.
2111 3198 2169 3233 Ex
2189 3207 2268 3245 quo
2294 3193 2454 3243 quidam

252 3276 320 3306 est.
351 3268 445 3304 Non
474 3273 530 3304 est
558 3264 672 3313 igitur
699 3262 831 3300 anima
858 3261 907 3298 de
940 3258 1154 3298 substantia
1181 3257 1325 3296 divina.
1382 3256 1555 3306 accipere
1592 3256 1801 3293 voluerunt
1837 3252 1946 3302 quod
1983 3250 2113 3288 anima
2151 3249 2197 3286 sit
2233 3248 2281 3307 de
2319 3254 2456 3307 natura

306 3321 471 3358 Videtur
502 3327 634 3357 autem
667 3318 764 3354 haec
802 3315 936 3365 opinio
974 3326 1021 3350 ex
1058 3312 1195 3362 triplici
1223 3312 1327 3348 fonte
1383 3310 1524 3347 divina.
1556 3308 1635 3356 Qui
1664 3307 1770 3344 enim
1798 3306 1836 3343 in
1864 3304 2001 3343 faciem
2027 3303 2181 3341 alterius
2200 3300 2456 3360 spira-nudem

253 3374 499 3425 processisse.
521 3372 696 3420 Quidam
711 3369 817 3408 enim
835 3374 1052 3418 posuerunt
1071 3367 1218 3403 nullam
1238 3364 1327 3402 sub·
1383 3375 1551 3401 numero
1575 3361 1683 3411 quod
1711 3360 1751 3397 in
1778 3359 1863 3408 ipso
1891 3365 1982 3403 erat,
2011 3357 2052 3394 in
2079 3356 2199 3393 alium
2227 3361 2374 3414 emittit.
2409 3353 2458 3412 Et

253 3427 434 3466 stantiam
461 3427 735 3476 incorpoream
767 3434 862 3460 esse.
895 3421 1008 3459 Unde
1041 3418 1329 3457 nobilissimum
1383 3416 1438 3454 sic
1469 3416 1624 3454 videtur
1659 3413 1855 3462 Scriptura
1890 3411 2051 3448 innuere
2087 3408 2195 3469 quod
2229 3406 2374 3467 aliquid
2401 3405 2457 3443 d1-

255 3493 470 3531 corporum
503 3481 635 3517 Deum
671 3490 753 3515 esse
789 3475 977 3520 dicebant,
1013 3473 1093 3510 sive
1126 3473 1204 3510 hoc
1231 3478 1330 3508 esset
1344 3487 1367 3507 45
1383 3470 1523 3508 vinum
1552 3482 1575 3506 a
1602 3469 1687 3505 Deo
1721 3466 1760 3503 in
1789 3464 1993 3502 hominem
2022 3463 2071 3501 ad
2100 3473 2230 3512 ipsum
2257 3459 2458 3498 vivifican-

255 3547 332 3581 aer,
361 3534 443 3572 sive
476 3533 585 3582 ignis,
621 3531 703 3579 sive
736 3530 1017 3581 quodcumque
1052 3526 1157 3564 aliud
1189 3524 1328 3574 princi·
1384 3523 1481 3560 dum
1511 3521 1733 3559 immissum
1761 3518 1818 3555 sit.

1322 3638 1354 3672 37
1375 3638 1538 3672 impossibile
1553 3640 1618 3669 post
1636 3641 1676 3661 est
1695 3634 1812 3663 aDGPc;
1831 3638 1871 3658 est
1889 3640 1931 3657 om
1951 3633 1983 3656 X.

716 3647 749 3673 28
767 3644 949 3680 potentialitas]
970 3642 1129 3677 possibilitas
1149 3641 1229 3668 EGY.
1812 3669 1817 3675 .
1877 3669 1882 3673 1
2073 3667 2078 3671 .
2260 3665 2266 3670 ι
2326 3664 2332 3669 ·

1333 3683 1366 3707 42
1388 3673 1478 3707 spirat]
1499 3673 1606 3706 inspirat
1625 3671 1676 3697 ΕΡ.
1757 3669 1793 3701 46
1812 3666 1968 3701 imm1ssum]
1989 3667 2037 3692 ade
2055 3666 2138 3699 (zdest
2155 3664 2239 3698 Adae)
2260 3671 2410 3689 immissum
2429 3663 2460 3689 Z.

312 3651 346 3677 18
364 3650 469 3684 aliquid]
490 3649 560 3675 aliud
580 3650 623 3675 Pc.

653 3683 684 3709 ¹3
705 3683 782 3709 etiam
801 3690 844 3707 om
864 3681 928 3707 ZPc.
1008 3686 1039 3711 27
1061 3683 1086 3703 et
1103 3685 1145 3702 om
1166 3676 1252 3702 Gch.

312 3695 345 3713 ιο
364 3693 390 3713 et
407 3694 450 3712 om
471 3685 573 3713 awpd.

2482 428 2491 437 ’
2505 427 2544 448 ΑΙ.
2560 425 2600 448 xl.

2474 1287 2547 1340 ἶῖειρ.
2554 1292 2579 1313 ιι,
2586 1287 2611 1312 6;
2620 1285 2686 1308 s.Th.

2474 1552 2484 1561 '¹
2498 1550 2535 1573 Cf.
2550 1551 2587 1572 Au
2605 1566 2611 1572 .
2627 1550 2688 1572 Con·

2465 1578 2533 1606 seu.
2544 1577 2584 1598 lib.
2604 1576 2633 1603 V,
2638 1582 2689 1604 cap.

2475 1604 2527 1629 ult-3
2538 1603 2568 1625 de
2574 1603 2688 1629 Haeret„

2474 1636 2538 1652 xnw.

2474 1662 2484 1672 ·
2498 1661 2550 1683 Lib.
2559 1661 2577 1687 1,
2588 1666 2639 1687 cap.
2650 1665 2689 1681 xx.

2475 1715 2485 1724 ·
2496 1713 2552 1741 Cap.
2563 1718 2627 1737 mx.
2636 1718 2689 1734 va.

2476 1980 2485 1989 '¹
2491 1979 2548 2007 Cap.
2556 1984 2629 2001 Lxxm
2637 1984 2687 2006 sqq.

2478 2453 2487 2463 ·
2503 2452 2561 2474 Ibid.

2479 2985 2489 2994 ·
2502 2983 2569 3005 Vers.
2583 2981 2623 3007 πᾶς
2640 2986 2694 3008 cap.

2480 3016 2505 3037 ιι,
2521 3015 2582 3031 vers.
2598 3014 2619 3036 7.
