2768 4134
71 444 80 453 ‘
95 442 153 471 Cap.
163 449 210 464 ιιν.

60 1314 69 1323 ·
84 1313 120 1335 Cf.
138 1313 271 1344 Comment.

58 1346 80 1361 c.
91 1346 127 1366 1.v,
143 1343 194 1362 init.

57 1811 65 1820 ·
80 1810 132 1832 An.
142 1817 163 1839 3.

57 1855 66 1865 ”
80 1855 131 1877 Ari.
144 1861 175 1882 ¹5-

58 3199 66 3207 ·
83 3197 138 3225 Cap.
152 3204 166 3223 ι,
178 3204 196 3225 5.

320 258 392 305 164

313 348 394 373 non
423 335 527 372 enim
556 334 661 370 visus
685 333 862 370 discurrit
886 333 935 370 ad
959 332 1129 382 lapidem
1149 345 1385 381 cognoscen-

312 390 408 426 dum
437 388 547 425 cuius
577 386 788 424 similitudo
812 386 852 423 in
876 386 963 423 visu
988 395 1055 423 est.
1086 386 1228 423 Divina
1253 394 1384 424 autem

311 441 473 478 essentia
502 448 558 477 est
587 440 770 477 omnium
798 439 1022 486 similitudo,
1045 448 1087 477 ut
1116 439 1267 489 supra*
1294 452 1384 490 pro-

311 496 445 532 batum
465 502 531 531 est.
554 494 647 531 Non
666 493 780 543 igitur
798 494 973 544 procedit
996 494 1045 531 ad
1071 492 1215 542 aliquid
1241 505 1383 542 cogno-

310 548 499 585 scendum
527 559 599 597 per
626 547 784 585 rationis
812 547 1044 585 discursum.

363 603 470 638 Patet
499 601 615 639 etiam
639 601 780 638 solutio
806 614 944 638 eorum
969 613 1070 650 quae
1098 599 1319 638 discursum
1344 600 1383 638 in

308 654 482 692 divinam
515 654 715 692 scientiam
749 654 933 692 inducere
969 654 1161 691 videntur.
1198 655 1307 691 Tum
1337 667 1383 692 ex

307 710 385 746 hoc
412 709 520 759 quod
543 710 615 759 per
640 708 845 747 essentiam
872 720 985 746 suam
1010 707 1083 745 alia
1111 707 1231 745 novit.
1262 708 1382 756 Quod

307 762 468 812 quidem
498 770 699 800 ostensum
729 770 785 799 est
809 775 889 799 non
914 761 998 799 fieri
1026 761 1258 799 discursive:
1290 774 1382 800 cum

903 254 1092 291 SUMMA
1122 253 1345 291 CONTRA
1374 254 1652 302 GENTILES,
1684 257 1796 294 CAP.
1817 259 1930 296 LVII.

1441 333 1624 382 cognitas.
1646 354 1672 362 -
1691 336 1799 374 Tum
1818 349 1865 375 ex
1889 339 1966 376 hoc
1992 338 2100 388 quod
2121 338 2516 388 inconveniens-forte

1441 387 1635 436 aliquibus
1659 388 1855 428 videretur
1880 391 1911 429 si
1935 393 2043 430 Deus
2067 391 2289 442 syllogizare
2318 404 2400 430 non
2427 405 2516 443 pos-

1440 449 1507 478 set.
1539 441 1666 479 Habet
1692 442 1800 481 'enim
1828 445 2077 495 syllogizandi
2101 445 2300 483 scientiam
2328 454 2515 496 tanquam

1440 493 1627 541 iudicans,
1652 503 1689 532 et
1712 508 1791 533 non
1818 497 1915 536 sicut
1943 499 2209 549 syllogizando
2229 499 2460 537 discurrens.

1494 548 1597 586 Huic
1615 556 1748 586 autem
1767 551 1927 600 veritati,
1947 553 2163 591 rationibus
2185 553 2384 603 probatae,
2400 553 2515 591 etiam

1441 602 1557 639 Sacra
1596 602 1794 653 Scriptura
1834 605 2100 645 testimonium
2138 607 2328 657 perhibet.
2368 606 2518 645 Dicitur

1439 655 1545 693 enim
1564 657 1664 693 Heb.
1686 668 1722 693 1v
1734 660 1774 694 ¹³:
1799 657 1937 696 Omnia
1957 661 2059 698 nuda
2081 667 2114 698 et
2137 667 2269 711 aperta
2291 667 2376 698 sunt
2399 661 2517 699 oculis

1439 711 1527 746 eius.
1559 709 1672 757 Quae
1710 710 1817 748 enim
1846 711 2113 752 ratiocinando
2141 714 2288 753 scimus
2315 727 2398 753 non
2426 723 2516 752 sunt

1438 763 1659 801 secundum
1687 776 1728 801 se
1757 764 1870 802 nobis
1898 766 2006 803 nuda
2034 775 2070 804 et
2098 776 2242 818 aperta,
2269 769 2339 806 sed
2367 769 2515 807 ratione

307 816 389 853 eius
418 817 582 854 essentia
602 829 642 854 se
672 816 812 853 habeat
831 817 879 853 ad
909 815 982 853 alia
1011 828 1092 852 non
1117 815 1215 853 sicut
1242 815 1382 865 princi·
1399 817 1666 866 ...aperiuntur
1695 826 1731 855 et
1760 818 1970 856 nudantur.

306 869 416 919 pium
446 870 495 907 ad
524 869 805 910 conclusiones.
837 870 904 907 sed
939 869 1036 906 sicut
1065 869 1213 918 species
1242 870 1291 907 ad
1322 882 1381 907 res

359 986 375 1011 6
394 986 471 1019 quae]
491 987 535 1019 qui
555 986 597 1011 Pc.

359 1030 372 1046 2
393 1021 555 1055 syllogizare}
576 1021 764 1054 syllogisticare
780 1021 847 1051 αΕος
861 1021 953 1045 statim
968 1019 1174 1053 syllogisticandi
1188 1021 1241 1051 ozi-:3
1255 1021 1469 1055 syllogisticando
1483 1022 1550 1053 oeEc;
1564 1023 1585 1048 C
1600 1026 1672 1048 recte
1686 1023 1772 1048 trihus
1784 1023 1859 1053 Iocis,
1873 1023 1942 1049 sicut
1956 1028 2029 1049 recte
2047 1031 2139 1049 omnes
2154 1022 2204 1049 163
2224 1032 2239 1049 a
2257 1024 2283 1050 6.

304 1063 348 1083 aut
367 1058 399 1084 G.
490 1058 556 1083 sicu't
574 1058 662 1087 wvb;
682 1065 734 1082 om.

2372 1033 2391 1058 4
2409 1032 2435 1052 et
2453 1026 2514 1060 non]

1064 1148 1405 1193 Commentario.
1434 1156 1746 1194 Feri-ariensis

361 1284 453 1305 aurio
479 1272 619 1303 ostendit
650 1271 741 1312 quod
773 1271 884 1302 divina
909 1271 1129 1302 consideratio
1159 1282 1224 1302 non
1253 1277 1302 1302 est
1325 1282 1378 1302 ra-

361 1318 549 1350 tiocinativa
561 1318 624 1348 ‘vel
647 1317 828 1347 discursiva
845 1317 871 1347 *.

355 1364 519 1395 Probatur
532 1363 650 1404 primo.
676 1362 765 1392 Deus
789 1371 857 1392 non
881 1362 1050 1402 cognoscit
1067 1371 1170 1392 unum
1193 1367 1269 1402 post
1291 1361 1378 1392 aliud

299 1410 390 1451 quasi
414 1408 605 1440 successive.
639 1407 726 1448 Ergo
755 1416 823 1438 non
855 1406 1012 1437 discurrit.
1037 1425 1058 1429 —
1082 1406 1240 1437 Probatur
1263 1416 1378 1437 conse-

299 1455 442 1496 quentia.
467 1453 553 1492 Quia
577 1457 686 1483 nostra
710 1451 928 1483 consideratio
946 1458 993 1482 est
1010 1452 1231 1483 ratiocinativa
1249 1452 1300 1483 vel
1315 1451 1378 1482 dis-

298 1500 423 1531 cursiva
447 1497 579 1540 quando
604 1497 643 1528 ab
668 1507 735 1528 uno
760 1496 996 1528 considerando
1021 1497 1054 1528 in
1079 1497 1166 1528 aliud
1193 1497 1377 1528 transimus.

298 1545 360 1576 Pr'o
385 1554 452 1585 quo
476 1548 568 1574 notat
591 1542 727 1574 Sanctus
744 1542 890 1573 Thomas
914 1541 1005 1583 quod
1028 1551 1097 1573 non
1121 1541 1238 1573 dicitur
1261 1542 1378 1583 aliquis

297 1590 479 1621 ratiocinari
503 1598 542 1619 ex
565 1588 629 1618 hoc
654 1587 745 1628 quod
768 1588 898 1628 inspicit
922 1583 1059 1628 qualiter
1074 1597 1113 1618 ex
1129 1588 1312 1628 praemissis
1328 1597 1379 1618 se-

298 1640 415 1676 quatur
438 1633 618 1669 conclusio,
643 1632 739 1663 simul
764 1638 940 1673 utrumque
963 1631 1187 1663 considerans:
1213 1633 1290 1673 quia
1313 1633 1378 1663 hoc

298 1680 457 1720 contingit
486 1688 554 1710 non
586 1677 855 1718 argumentando,
879 1677 936 1708 sed
967 1683 1157 1718 argumenta
1181 1677 1377 1714 iudicando:

297 1726 381 1756 sicut
403 1734 465 1755 nec
489 1724 634 1764 cognitio
658 1722 829 1753 materialis
854 1727 901 1753 est
925 1732 963 1753 ex
986 1722 1051 1753 hoc
1080 1722 1171 1763 quod
1202 1722 1378 1754 materialia

299 1769 464 1801 diiudicat.

352 1812 598 1845 Advertendum
611 1822 649 1843 ex
660 1812 807 1843 doctrina
820 1812 928 1843 Sancti
939 1812 1089 1844 Thomae
1096 1812 1213 1848 Prima,
1224 1813 1376 1852 q.Lv111*,

298 1865 329 1890 et
350 1859 459 1895 Verit.,
476 1869 507 1899 q.
524 1868 580 1888 vm
591 1859 624 1893 ἢ
644 1857 734 1898 quod
758 1856 797 1888 ad
821 1858 981 1888 rationem
998 1857 1161 1888 discursus
1176 1856 1244 1888 duo
1269 1857 1377 1897 requi-

297 1910 425 1935 runtur:
458 1904 577 1944 primo,
611 1908 646 1933 ut
676 1902 834 1933 distinctis
864 1902 1108 1942 cognitionibus
1137 1908 1378 1942 cognoscantur

296 1949 406 1989 plura;
430 1947 586 1983 secundo,
612 1946 703 1987 quod
719 1947 864 1987 cognitio
889 1947 986 1977 unius
1003 1948 1042 1977 sit
1066 1956 1163 1978 causa
1179 1947 1377 1987 cognitionis

297 1994 436 2024 alterius.
461 1991 556 2024 Unde
580 1991 757 2022 discurrere
782 1997 829 2022 est
852 2000 890 2021 ex
915 2001 983 2022 uno
1004 1992 1092 2031 prius
1115 1992 1248 2031 cognito
1266 1992 1298 2022 in
1320 2001 1376 2022 co-

294 2039 477 2079 gnitionem
500 2036 630 2067 alterius
646 2036 807 2077 posterius
823 2037 892 2066 noti
909 2036 1072 2072 devenire,
1089 2035 1181 2077 quod
1197 2037 1286 2077 prius
1310 2042 1376 2067 erat

294 2084 454 2124 ignotum.
478 2081 615 2122 Propter
638 2080 803 2112 defectum
827 2081 933 2121 primi,
950 2080 1063 2112 videns
1079 2081 1172 2122 plura
1188 2081 1222 2112 in
1238 2081 1375 2122 speculo

295 2138 363 2159 non
380 2127 496 2159 dicitur
511 2125 703 2158 discurrere:
722 2126 798 2167 quia
814 2126 926 2156 omnia
941 2126 1037 2157 unica
1054 2126 1178 2157 visione
1195 2127 1375 2167 cognoscit.

295 2173 431 2214 Propter
454 2170 618 2203 defectum
642 2170 788 2207 secundi,
805 2180 1009 2211 cognoscens
1033 2171 1140 2211 primo
1156 2171 1325 2202 hominem
1346 2177 1378 2203 et

295 2217 441 2248 secundo
458 2216 610 2257 lapidem,
627 2225 695 2246 non
712 2215 829 2246 dicitur
845 2215 1039 2247 discurrere:
1057 2217 1134 2256 quia
1150 2226 1215 2247 una
1231 2217 1376 2257 cognitio

295 2272 364 2293 non
387 2268 435 2293 est
459 2271 555 2293 causa
578 2261 717 2292 alterius.
743 2259 821 2292 Ideo
845 2261 928 2291 bene
944 2261 997 2291 hic
1014 2260 1130 2292 dicitur
1154 2261 1244 2302 quod
1269 2262 1376 2293 consi-

296 2307 411 2338 derans
442 2306 580 2348 qualiter
609 2305 779 2336 conclusio
810 2314 848 2335 ex
879 2305 1061 2346 praemissis
1091 2312 1245 2347 sequatur
1278 2307 1377 2337 simul

297 2357 470 2393 utrumque
493 2349 716 2386 considerans,
741 2359 810 2381 non
834 2349 994 2381 discurrit:
1020 2351 1097 2390 quia
1127 2350 1277 2382 videlicet
1307 2361 1375 2382 non

296 2396 484 2438 proceditur
506 2406 525 2426 a
547 2395 636 2436 prius
660 2400 741 2426 noto
765 2393 805 2425 ad
828 2396 989 2436 posterius
1013 2401 1141 2426 notum.

352 2441 390 2472 11.
415 2440 575 2472 Secundo.
601 2439 720 2471 Omnia
744 2439 833 2471 Deus
857 2440 953 2471 unica
977 2441 1168 2481 operatione
1195 2442 1375 2482 cognoscit.

296 2485 383 2527 Ergo
407 2495 475 2517 non
500 2485 658 2517 discurrit.
681 2503 703 2507 -
727 2484 885 2516 Probatur
904 2486 1149 2525 consequentia.
1173 2485 1260 2524 Quia
1279 2487 1376 2517 ratio-

296 2532 408 2562 cinans
432 2531 491 2562 alia
515 2530 705 2571 operatione
730 2529 911 2561 considerat
934 2531 1094 2571 principia
1110 2536 1142 2561 et
1157 2530 1218 2561 alia
1242 2531 1376 2562 conclu-

295 2577 436 2607 sionem:
462 2585 530 2606 non
562 2575 650 2606 enim
681 2580 856 2616 oporteret,
887 2574 1097 2606 consideratis
1127 2575 1304 2617 principiis,
1336 2575 1376 2607 ad

296 2621 543 2652 conclusionem
573 2619 761 2660 procedere,
787 2620 812 2650 si
836 2629 874 2650 ex
898 2620 962 2651 hoc
992 2620 1064 2661 ipso
1095 2619 1187 2661 quod
1218 2621 1375 2662 principia

296 2665 550 2701 considerantur,
575 2664 805 2695 conclusiones
829 2665 925 2695 etiam
950 2665 1240 2696 considerarentur.

351 2709 595 2742 Advertendum
612 2708 703 2750 quod
718 2709 877 2751 principia
892 2709 1064 2751 dupliciter
1087 2710 1283 2741 considerari
1298 2719 1376 2751 pos—

295 2762 384 2787 sunt:
410 2765 478 2786 uno
502 2754 615 2791 modo,
632 2754 814 2786 secundum
838 2764 872 2785 se
889 2760 920 2786 et
936 2755 1099 2792 absolute:
1124 2755 1188 2786 alio
1205 2755 1318 2792 modo,
1339 2761 1375 2787 ut

295 2800 441 2832 ordinata
464 2799 504 2831 ad
528 2799 777 2831 conclusionem
800 2798 1012 2831 inferendam.
1038 2799 1125 2830 Cum
1149 2801 1255 2841 primo
1272 2800 1374 2832 modo

296 2844 550 2882 considerantur,
566 2849 645 2885 puta
661 2854 737 2876 cum
751 2844 973 2876 consideratur
989 2845 1158 2875 hominem
1172 2855 1240 2876 esse
1257 2846 1375 2876 animal

295 2890 461 2926 rationale,
478 2899 536 2931 per
558 2899 606 2927 se;
633 2895 664 2920 et
680 2889 827 2920 similiter
849 2899 926 2921 cum
950 2890 1174 2921 consideratur
1192 2891 1309 2922 animal
1327 2901 1375 2922 ra-

294 2935 415 2978 tionale
440 2944 509 2966 esse
533 2934 662 2971 risibile,
680 2944 738 2975 per
753 2944 786 2966 se
806 2940 838 2965 et
861 2935 1047 2976 separatim;
1073 2944 1140 2965 non
1165 2936 1376 2976 cognoscitur

295 2980 476 3017 conclusio,
500 2985 590 3020 puta,
607 2979 718 3010 Homo
736 2985 783 3010 est
798 2979 949 3011 risibilis:
972 2979 1028 3011 sed
1043 2980 1103 3011 alia
1120 2981 1308 3021 cognitione
1325 2991 1374 3012 se-

295 3025 442 3056 cundum
457 3035 491 3056 se
508 3034 724 3065 unaquaeque
749 3025 997 3065 praemissarum
1017 3024 1250 3062 consideratur,
1268 3032 1299 3057 et
1315 3027 1375 3057 alia

295 3070 483 3110 cognitione
512 3070 692 3101 conclusio.
722 3069 809 3101 Cum
833 3075 942 3101 autem
971 3070 1116 3101 secundo
1141 3070 1243 3102 modo
1268 3071 1375 3102 consi-

296 3114 456 3151 derantur,
482 3123 558 3145 cum
586 3114 708 3146 scilicet
731 3115 839 3146 minor
869 3115 1026 3156 accipitur
1055 3121 1090 3146 ut
1117 3115 1309 3157 subsumpta
1335 3116 1375 3147 ad

296 3160 463 3196 maiorem,
480 3159 576 3190 simul
593 3160 803 3200 cognoscitur
818 3159 927 3191 minor
938 3159 1130 3201 subsumpta
1146 3166 1177 3191 et
1194 3161 1374 3192 conclusio.

296 3204 430 3245 Propter
446 3205 509 3235 hoc
527 3204 643 3235 dicitur
659 3205 783 3236 Poster.
798 3204 848 3241 It,
866 3204 957 3246 quod
973 3205 1042 3236 alia
1057 3215 1259 3246 cognoscens
1277 3205 1376 3237 simul

298 3248 451 3280 inducens
467 3250 632 3292 cognovit.
658 3249 721 3280 Sed
738 3249 879 3281 secunda
897 3250 1042 3291 cognitio
1058 3252 1295 3292 praesupponit
1310 3251 1375 3292 pri-

297 3303 396 3324 mam:
421 3304 489 3325 non
514 3295 601 3325 enim
625 3294 816 3326 ordinantur
840 3295 1082 3336 propositiones
1106 3295 1146 3326 ad
1173 3295 1374 3327 inferendam

298 3338 542 3370 conclusionem
566 3340 626 3370 nisi
658 3340 747 3380 prius
776 3340 853 3381 ipsis
882 3340 1162 3381 propositionibus
1194 3340 1374 3372 secundum

297 3392 330 3413 se
354 3384 500 3424 cognitis.
526 3384 661 3425 Propter
677 3385 740 3416 hoc
757 3384 834 3415 dicit
850 3384 987 3416 Sanctus
1003 3384 1149 3416 Thomas
1166 3385 1256 3426 quod
1278 3386 1374 3416 ratio-

299 3428 407 3458 cinans
430 3429 518 3468 prius
542 3429 684 3460 intuetur
709 3429 865 3470 principia
888 3438 986 3470 quam
1011 3429 1272 3461 conclusionem:
1299 3431 1374 3471 quia

299 3471 445 3503 videlicet
469 3474 556 3513 prius
581 3475 749 3514 cognoscit
773 3475 841 3515 ipsa
865 3474 1012 3506 absolute
1030 3484 1129 3516 quam
1146 3484 1204 3516 per
1227 3474 1374 3506 ordinem

299 3515 338 3545 ad
355 3517 609 3548 conclusionem.
630 3519 671 3549 Et
686 3528 744 3559 per
761 3528 965 3560 consequens
983 3519 1042 3550 alia
1059 3525 1091 3550 et
1107 3519 1166 3550 alia
1188 3520 1374 3560 cognitione

300 3562 466 3599 cognoscit
490 3568 675 3603 utrumque.

354 3604 594 3654 Andvertendum
619 3617 753 3649 quoquc
778 3608 868 3649 quod
891 3609 970 3640 haec
986 3609 1067 3640 ratio
1084 3608 1226 3640 secunda
1247 3614 1294 3640 est
1315 3609 1375 3640 alia

300 3657 317 3678 a
342 3658 452 3689 prima.
478 3650 562 3687 Quia
586 3651 618 3682 in
643 3653 745 3692 prima
769 3653 954 3693 proceditur
970 3663 1008 3685 ex
1032 3655 1238 3685 successione
1263 3654 1374 3694 cogni-

1432 1275 1540 1310 tionis,
1566 1283 1650 1316 quae
1673 1274 1848 1315 requiritur
1870 1274 1903 1304 in
1928 1272 2090 1305 discursu:
2114 1274 2148 1304 in
2171 1273 2315 1304 secunda
2342 1278 2453 1304 autem
2476 1282 2514 1304 ex

1432 1319 1558 1351 alietate
1583 1315 1780 1360 cognitionis
1803 1319 2040 1360 principiorum
2064 1324 2096 1349 et
2111 1318 2343 1349 conclusionis.
2367 1318 2444 1349 Non
2467 1324 2516 1349 est

1432 1370 1542 1396 autem
1566 1364 1744 1395 formaliter
1767 1363 1854 1395 idem
1881 1364 2062 1395 successive
2093 1373 2304 1404 cognoscere,
2328 1368 2360 1394 et
2383 1362 2515 1394 diversis

1432 1410 1675 1451 cognitionibus
1687 1408 1902 1446 considerare,
1910 1409 1987 1440 licet
1998 1418 2103 1440 unum
2115 1409 2252 1440 alterum
2265 1408 2514 1440 concomitetur.

1484 1452 1536 1486 111.
1548 1455 1670 1486 Tertio.
1681 1452 1718 1485 In
1729 1453 1839 1485 divino
1850 1453 2017 1486 intellectu
2027 1463 2096 1485 non
2107 1459 2155 1485 est
2163 1453 2419 1494 potentia.-Ergo
2428 1458 2515 1485 etc.-

1432 1500 1590 1531 Probatur
1614 1500 1859 1540 consequentia.
1883 1499 1970 1538 Quia
1994 1499 2102 1530 omnis
2125 1499 2347 1530 ratiocinativa
2367 1497 2514 1542 cognitio

1431 1545 1528 1576 habet
1552 1545 1675 1585 aliquid
1698 1545 1738 1575 de
1763 1545 1910 1586 potentia
1933 1550 1965 1575 et
1988 1543 2112 1585 aliquid
2135 1543 2174 1574 de
2199 1545 2287 1575 actu-i
2313 1550 2358 1585 eo
2373 1542 2515 1585 quddin

1432 1591 1598 1632 principiis
1621 1590 1685 1621 sint
1707 1590 1938 1621 conclusiones
1960 1590 1994 1620 in
2017 1589 2175 1630 potentia.
2400 1589 2404 1593 ”
2476 1599 2479 1605 ’

1488 1634 1552 1666 Sed
1574 1634 1702 1666 videtur
1724 1635 1785 1665 ista
1807 1635 1889 1665 ratio
1913 1644 1980 1665 non
2006 1633 2213 1665 concludere.
2244 1633 2332 1672 Quia
2354 1633 2515 1675 principia

1430 1689 1500 1711 non
1524 1681 1693 1711 continent
1718 1679 1947 1710 conclusiones
1970 1679 2032 1710 nisi
2055 1679 2089 1710 in
2113 1679 2259 1720 potentia
2283 1678 2397 1715 activa,
2414 1683 2451 1709 ut
2465 1678 2514 1710 di·

1432 1725 1515 1757 citur
1539 1725 1565 1756 11
1589 1725 1686 1766 Phys.
1707 1725 1734 1761 *,
1759 1724 1786 1756 si
1809 1724 1986 1755 formaliter
2015 1730 2194 1755 sumantur.
2224 1722 2302 1755 Non
2325 1729 2374 1754 est
2403 1727 2514 1755 autem

1431 1770 1666 1801 inconveniens
1690 1769 1798 1810 aliqua
1825 1769 2045 1810 potentialiter
2072 1769 2134 1800 isto
2161 1767 2264 1800 modo
2292 1767 2452 1799 contineri
2471 1769 2513 1800 in

1432 1813 1518 1846 Deo:
1544 1824 1620 1846 cum
1644 1815 1676 1845 in
1701 1815 1774 1855 ipso
1798 1814 1844 1845 sic
1867 1823 1983 1845 omnes
2007 1819 2171 1845 creaturae
2195 1814 2433 1845 contineantur.

1485 1859 1716 1900 Respondetur
1739 1859 1841 1900 quod,
1858 1859 1934 1890 licet
1948 1860 1981 1889 in
1998 1859 2166 1900 principiis
2188 1855 2418 1889 contineantur
2433 1867 2513 1889 oon-

1431 1904 1595 1935 clusiones
1618 1905 1652 1935 in
1675 1904 1822 1944 potentia
1852 1904 1965 1939 activa,
1989 1908 2099 1934 tamen
2130 1913 2168 1934 ex
2198 1903 2265 1934 hoc
2288 1902 2380 1943 quod
2408 1902 2513 1934 taliter

1431 1949 1463 1979 in
1487 1949 1655 1990 principiis
1679 1949 1899 1984 continentur,
1923 1953 1955 1979 et
1974 1953 2220 1988 cognoscuntur
2241 1947 2276 1978 in
2298 1947 2377 1988 ipsis
2395 1951 2512 1988 poten-

1430 1993 1556 2030 tialiter,
1569 2002 1701 2025 necesse
1714 1998 1762 2024 est
1777 1993 1810 2024 in
1822 1991 1989 2024 intellectu
2005 2001 2130 2034 ponere
2144 1992 2326 2034 potentiam
2339 1990 2379 2022 ad
2390 2000 2512 2023 novam

1430 2039 1604 2075 actionem,
1618 2043 1650 2069 et
1665 2038 1762 2069 etiam
1778 2038 1958 2080 potentiam
1975 2037 2150 2079 passivam:
2175 2037 2252 2079 quia
2267 2037 2313 2068 sic
2327 2036 2513 2068 intellectus

1431 2087 1478 2114 est
1494 2083 1527 2114 in
1544 2083 1690 2124 potentia
1706 2082 1746 2114 ad
1762 2081 1959 2114 eliciendum
1979 2086 2089 2114 actum
2113 2082 2310 2123 cognitionis
2326 2084 2426 2123 quem
2441 2082 2510 2113 tion

1430 2128 1540 2164 habet3
1566 2134 1597 2159 et
1621 2134 1669 2159 est
1692 2128 1725 2159 in
1749 2128 1896 2169 potentia
1919 2127 1959 2158 ad
1982 2127 2208 2169 recipiendum
2223 2126 2383 2158 actualem
2399 2127 2512 2168 cogni-

1429 2174 1555 2204 tionem
1579 2182 1663 2214 quae
1688 2182 1726 2204 ex
1751 2173 1987 2214 principiorum
2019 2173 2208 2213 cognitione
2241 2172 2365 2203 causari
2391 2177 2510 2213 potest.

1430 2218 1478 2249 Ex
1502 2218 1567 2249 hoc
1591 2223 1701 2249 autern
1725 2217 1817 2259 quod
1832 2222 1997 2249 creaturae
2012 2223 2088 2248 sunt
2110 2217 2145 2248 in
2162 2217 2234 2248 Deo
2250 2215 2433 2249 secundum
2448 2225 2510 2259 po-

1430 2263 1563 2294 tentiam
1588 2263 1737 2299 activam,
1761 2272 1829 2293 non
1853 2267 1984 2304 oportet
2006 2271 2130 2303 ponere
2145 2261 2179 2294 in
2195 2262 2267 2303 ipso
2291 2261 2434 2302 aliquam
2448 2270 2510 2303 po-

1430 2308 1564 2339 tentiam
1588 2307 1629 2339 ad
1657 2307 1853 2339 eliciendum
1883 2316 2008 2338 novum
2039 2313 2160 2344 actum,
2189 2315 2298 2348 neque
2329 2306 2510 2347 potentiam

1430 2353 1600 2394 passivam.
1625 2352 1703 2384 ideo
1727 2362 1795 2383 non
1820 2358 1868 2383 est
1891 2351 2006 2383 simile.
2420 2367 2421 2370 κ

1486 2397 1539 2429 IV.
1567 2397 1706 2434 Quarto.
1732 2397 1766 2428 ln
1792 2396 1900 2428 divina
1929 2397 2062 2428 scientia
2093 2396 2173 2427 nihil
2203 2401 2311 2436 potest
2341 2405 2410 2427 esse
2433 2405 2510 2427 cau-

1430 2447 1550 2474 satum:
1575 2452 1651 2474 curn
1675 2443 1715 2473 sit
1738 2441 1826 2474 idem
1849 2441 1942 2483 quod
1964 2442 2033 2483 ipse
2057 2441 2157 2472 Deus.
2188 2441 2276 2482 Ergo
2300 2446 2362 2472 etc.
2385 2458 2410 2464 —
2430 2440 2511 2473 Pro-

1430 2487 1524 2519 batur
1547 2488 1792 2528 consequentia.
1816 2487 1903 2526 Quia
1926 2487 1959 2518 in
1983 2486 2117 2518 scientia
2147 2485 2322 2517 discursiva
2352 2486 2511 2528 principia

1430 2538 1505 2564 sunt
1529 2531 1779 2573 quodammodo
1803 2541 1899 2563 causa
1923 2530 2066 2563 efficiens
2090 2530 2321 2562 conclusionis.
2351 2529 2448 2563 Unde
2478 2535 2511 2567 et

1430 2576 1664 2608 demonstratio
1689 2583 1736 2608 est
1758 2576 1974 2619 ,yfllogismus
1988 2576 2125 2618 faciens
2147 2575 2242 2606 scire.

1486 2621 1627 2654 Adverte
1663 2621 1754 2663 quod
1789 2621 1926 2653 Sanctus
1952 2620 2099 2651 Thomas
2133 2620 2212 2652 dicit
2246 2620 2406 2662 principia
2439 2629 2510 2653 esse

1429 2667 1669 2709 quodammodo
1693 2676 1826 2698 causam
1851 2666 2042 2708 efficientem
2066 2665 2298 2703 conclusionis,
2315 2675 2384 2697 non
2398 2671 2510 2697 autem

1429 2712 1617 2753 simpliciter
1641 2722 1709 2743 esse
1733 2721 1876 2743 causam.
1897 2711 1984 2750 Quia
1999 2720 2068 2742 non
2084 2717 2160 2742 sunt
2176 2720 2273 2742 causa
2288 2719 2373 2752 quae
2393 2709 2510 2743 efficiat

1430 2758 1654 2798 cognitionem
1678 2756 1900 2788 conclusionis
1929 2762 2086 2797 tanquam
2115 2765 2214 2797 agens
2236 2755 2335 2798 quod,
2358 2754 2416 2787 sed
2437 2760 2509 2787 tnn-

1430 2812 1530 2843 quam
1553 2802 1634 2833 ratio
1659 2801 1791 2843 agendi:
1820 2801 2003 2832 intellectus
2027 2801 2115 2832 enim
2139 2810 2178 2832 ex
2202 2800 2391 2842 cognitione
2421 2801 2508 2842 prin-

1429 2848 1590 2889 cipiorum
1615 2852 1724 2878 causat
1747 2846 1970 2887 cognitionem
1998 2845 2220 2876 conclusionis
2242 2846 2275 2877 in
2299 2845 2418 2887 seipso.

1489 2892 1623 2929 Quinto.
1649 2892 1685 2922 ln
1702 2891 1774 2922 Deo
1790 2900 1858 2922 non
1875 2896 1983 2932 potest
1998 2899 2067 2921 esse
2090 2890 2151 2921 nisi
2175 2890 2320 2931 cognitio
2343 2890 2508 2922 naturalis.

1429 2937 1516 2978 Ergo
1533 2942 1594 2968 etc.
1610 2955 1633 2960 -
1649 2936 1808 2967 Probatur
1823 2936 2066 2976 consequentia.
2080 2935 2177 2974 Quia,
2196 2940 2234 2966 ut
2248 2935 2282 2966 in
2298 2935 2394 2966 nobis
2409 2940 2508 2977 patet,

1429 2992 1513 3023 quae
1536 2981 1724 3013 naturaliter
1747 2981 1988 3022 cognoscimus,
2005 2986 2041 3011 ut
2057 2986 2132 3011 sunt
2147 2980 2252 3021 prima
2267 2980 2435 3022 principia,
2452 2989 2509 3013 co·

1428 3027 1617 3068 gnoscimus
1641 3027 1764 3067 absque
1785 3025 1942 3062 discursu,
1960 3035 1997 3056 cx
2014 3025 2082 3056 sola
2099 3024 2219 3056 scilicet
2243 3025 2431 3067 cognitione
2445 3030 2508 3057 ter-

1429 3073 1606 3104 minorum.

1485 3116 1595 3148 Sexto.
1620 3115 1837 3147 Ratiocinatio
1862 3121 1910 3146 est
1930 3114 2063 3156 quidam
2084 3120 2194 3146 motus
2209 3113 2392 3146 intellectus
2406 3119 2507 3146 trans·

1430 3162 1536 3193 euntis
1560 3161 1598 3192 ab
1622 3170 1691 3193 uno
1715 3161 1748 3192 in
1773 3159 1870 3191 aliud.
1895 3160 1983 3201 Ergo
2007 3169 2074 3191 non
2099 3157 2253 3191 convenit
2275 3158 2358 3190 Deo.
2383 3175 2404 3182 -
2427 3157 2506 3190 Pro-

1429 3207 1522 3237 batur
1545 3206 1790 3247 consequentia.
1815 3204 1901 3244 Quia
1926 3213 2060 3236 omnem
2084 3210 2213 3236 motum
2233 3209 2363 3244 oportet
2378 3202 2419 3234 ad
2434 3212 2507 3234 mo-

1429 3260 1507 3282 vens
1524 3252 1662 3282 omnino
1677 3249 1846 3282 immobile
1862 3249 2026 3282 reducere.
2052 3249 2237 3281 Intellectus
2252 3253 2362 3281 autem
2378 3247 2506 3280 divinus

1429 3301 1477 3328 est
1500 3296 1604 3337 prima
1627 3296 1720 3336 origo
1744 3300 1866 3331 motus,
1890 3300 1926 3326 ut
1948 3293 2083 3326 inferius
2097 3294 2115 3311 ⁹
2138 3291 2336 3324 ostendetur.

1486 3341 1638 3382 Septimo.
1664 3340 1863 3382 Supremum
1885 3340 1919 3370 in
1942 3339 2038 3370 nobis
2061 3347 2130 3369 non
2153 3343 2200 3368 est
2224 3337 2316 3375 ratio,
2333 3337 2390 3369 sed
2412 3337 2506 3369 intel-

1430 3386 1542 3422 lectus,
1567 3386 1624 3426 qui
1649 3390 1696 3416 est
1719 3385 1852 3416 rationis
1876 3384 1979 3425 origo.
2004 3382 2091 3424 Ergo
2115 3381 2205 3413 Deus
2228 3391 2296 3413 non
2313 3382 2506 3414 discurrit.-

1429 3430 1587 3461 Probatur
1610 3430 1854 3470 consequentia.
1887 3428 1974 3468 Quia
1996 3436 2186 3468 supremum
2210 3427 2242 3458 in
2267 3427 2362 3458 nobis
2387 3433 2435 3459 est
2457 3428 2505 3458 in-

1430 3474 1527 3506 ferius
1557 3484 1597 3506 eo
1631 3474 1722 3516 quod
1751 3479 1798 3506 est
1828 3474 1861 3504 in
1892 3473 1978 3504 Deo:
2005 3481 2081 3503 cum
2108 3470 2241 3503 inferius
2272 3482 2339 3503 non
2373 3472 2506 3513 attingat

1429 3520 1577 3560 superius
1601 3520 1663 3550 nisi
1685 3520 1719 3550 in
1742 3519 1792 3550 sui
1815 3526 1980 3558 supremo.

1486 3564 1626 3595 Adverte
1650 3562 1740 3605 quod
1763 3561 1945 3594 intellectus
1960 3562 1994 3593 in
2010 3561 2105 3592 nobis
2121 3561 2238 3593 dicitur
2253 3562 2385 3593 rationis
2401 3561 2504 3602 origo,

1430 3609 1625 3651 inquantum
1641 3608 1786 3649 cognitio
1801 3607 2047 3648 principiorum,
2061 3615 2144 3647 quae
2161 3606 2201 3638 ad
2217 3605 2417 3638 intellectum
2433 3615 2506 3647 per-

1429 3654 1519 3690 tinet,
1537 3659 1583 3685 est
1599 3662 1695 3685 causa
1711 3658 1743 3684 et
1758 3652 1850 3692 origo
1866 3651 2039 3687 discursus,
2053 3651 2108 3693 qui
2125 3652 2264 3692 pertinet
2279 3650 2319 3682 ad
2334 3651 2504 3683 rationem.

2541 1722 2638 1752 'Carnu
2658 1721 2754 1752 53⁸.Th.

2540 1750 2563 1799 iii
2601 1748 2756 1799 ‘'a'ukss‘ne'e‘&

2540 1803 2602 1831 m.)

2533 3295 2543 3304 ·
2557 3292 2596 3316 Cf.
2616 3291 2660 3316 lib.
2674 3292 2704 3319 n.
2726 3299 2748 3316 c.

2534 3326 2599 3344 xxiv.
