2768 4134
47 387 55 396 ¹
70 385 91 406 11
102 385 175 411 Rha„
186 390 209 410 x,
221 384 242 405 6.

46 545 55 554 ·
71 544 127 571 Cap.
143 549 180 564 ιι..

42 1182 52 1190 ·
68 1180 103 1202 cf.
122 1180 255 1210 Comment-

42 1213 94 1234 cap.
110 1212 195 1234 praec.,
205 1209 255 1228 mn.

41 1447 51 1457 ·
66 1446 101 1468 Cf.
118 1452 139 1468 n.
152 1453 182 1468 vr.

41 2474 50 2483 ¹
74 2474 208 2505 Cprnment.
233 2480 256 2496 n.

43 2507 74 2526 ιν,
90 2506 139 2524 inu.

293 315 369 350 244
896 296 1086 334 SUMMA
1115 295 1340 332 CONTRA
1368 293 1646 342 GENTILES,
1677 294 1788 332 CAP.
1810 294 1891 332 xc.

289 381 411 427 litatis,
442 379 539 416 sicut
555 378 678 428 figuli
703 377 755 414 ad
781 377 941 414 invicem
969 376 1218 412 corrixantur
1230 372 1261 419 ³⁸,
1291 385 1363 422 pro

288 447 336 471 eo
365 432 472 482 quod
508 443 612 468 unus
646 429 809 480 impedit
837 431 990 466 lucrum
1029 427 1194 465 alterius.
1231 427 1363 464 Omne
1419 425 1571 463 iuncto:
1608 426 1799 474 gaudium
1826 435 1958 466 autern
1994 428 2071 465 hoc
2106 439 2189 465 non
2227 427 2398 478 requirit,
2427 429 2496 466 sed

287 494 418 524 autem
437 485 590 522 bonum
610 491 666 521 est
694 483 850 521 divinae
870 481 1051 520 bonitatis
1075 479 1299 525 similitudo,
1321 487 1364 517 ut
1419 480 1502 517 sola
1521 479 1706 529 quietatio
1721 481 1930 519 voluntatis
1949 481 1990 519 in
2005 481 2125 519 volito
2145 480 2288 518 sufficit
2300 481 2352 519 ad
2365 481 2497 530 gaudii

287 553 334 577 ex
360 551 477 588 supra
491 538 512 560 *
535 537 644 575 dictis
672 544 791 587 patet:
822 549 895 574 nec
923 549 970 573 ex
998 535 1129 584 aliquo
1153 533 1261 570 bono
1290 532 1363 570 sibi
1419 532 1622 570 rationem.
1643 533 1757 571 Unde
1776 534 1977 575 delectatio
1993 539 2050 572 est
2068 536 2199 573 solum
2218 534 2267 572 de
2287 534 2496 573 coniuncto

286 592 431 642 aliquid
460 591 619 642 deperit.
650 590 896 640 Relinquitur
914 589 1029 638 igitur
1047 587 1155 637 quod
1185 587 1293 624 Deus
1312 586 1361 624 de
1385 603 1394 623 ς
1419 587 1539 632 bono,
1575 586 1608 623 si
1641 586 1798 636 proprie
1833 596 2028 626 sumatur:
2064 588 2254 637 gaudium
2286 596 2420 626 autem
2447 588 2497 626 de

1420 374 1524 410 Nam
1561 373 1763 411 delectatio
1798 374 1979 424 provenit
2007 386 2054 411 ex
2083 374 2190 411 bono
2226 374 2377 412 realiter
2403 386 2496 412 con-

286 645 395 684 omni
423 645 530 683 bono
558 645 711 693 gaudet.

339 700 407 737 Est
422 698 536 748 igitur
550 698 590 735 in
609 710 657 736 eo
677 697 834 749 proprie
854 695 1042 745 gaudium
1058 702 1095 731 et
1109 693 1322 732 delectatio.
1334 716 1361 721 -

285 753 479 790 Differunt
507 759 638 790 autem
665 751 854 800 gaudium
890 757 927 787 et
962 747 1162 786 delectatio
1198 746 1359 785 ratione.

338 868 355 893 b
367 867 381 893 3
401 869 426 893 in
445 868 526 893 volito
545 867 582 900 (in
600 868 659 901 ipso
677 867 758 892 volito
776 866 828 899 pA)
847 866 870 890 Α
883 865 968 894 solus;
988 871 1042 889 om.

1418 639 1607 677 exteriori.
1639 641 1698 678 Ex
1726 652 1808 689 quo
1845 649 1950 692 patet
1983 642 2093 692 quod
2128 643 2237 680 Deus
2270 641 2428 692 proprie
2457 641 2497 679 in

1416 693 1545 785 {ipso
1582 693 1804 740 delectatur,
1841 694 1983 743 gaudet
2017 703 2150 733 autem
2179 704 2216 734 et
2244 695 2284 733 in
2313 708 2354 733 se
2382 702 2420 733 et
2457 691 2498 733 iri

1453 759 1510 784 us.

1133 870 1148 895 7
1168 867 1195 888 et
1212 862 1239 887 in
1258 870 1288 888 se
1307 862 1444 892 EGNWb;
1463 862 1490 887 in
1508 870 1547 888 se.

1046 976 1387 1010 Commentario
1417 977 1730 1010 Fen-ariensis

359 1098 473 1119 sraxso
498 1097 582 1128 quae
606 1089 668 1118 sint
692 1087 858 1127 passiones
878 1095 959 1126 quas
985 1095 1003 1116 a
1029 1085 1101 1116 Deo
1126 1085 1286 1115 removeri
1304 1094 1360 1116 ne-

359 1143 447 1164 cesse
471 1138 528 1168 est,
546 1131 686 1162 ostendit
709 1131 844 1162 ulterius
869 1130 1006 1162 Sanctus
1022 1130 1169 1160 Thomas
1193 1139 1277 1170 quae
1297 1130 1361 1160 sint

283 1179 356 1209 illae
379 1187 463 1218 quae
486 1177 547 1208 sibi
569 1177 680 1216 aliquo
703 1175 806 1206 modo
829 1181 906 1206 sunt
928 1174 1150 1205 attribuendae
1163 1175 1190 1205 *.

340 1222 434 1253 Circa
457 1222 521 1252 hoc
545 1226 654 1252 autern
678 1220 745 1251 duo
769 1219 855 1250 facit.
880 1220 1001 1256 Primo,
1018 1219 1161 1250 ostendit
1181 1219 1273 1260 quod
1287 1220 1360 1251 Deo

282 1267 440 1309 gaudium
473 1271 505 1296 et
537 1265 707 1296 delectatio
735 1265 942 1296 conveniant.
967 1283 990 1287 —
1013 1263 1178 1301 Secundo,
1204 1264 1293 1296 idem
1320 1264 1360 1296 de

282 1321 396 1342 amore
418 1310 610 1346 manifestat,
636 1310 741 1350 capite
765 1310 925 1350 sequenti.

338 1356 507 1394 Quantum
531 1355 572 1386 ad
595 1355 748 1395 primum,
777 1354 844 1385 duo
872 1353 962 1385 facit:
993 1354 1112 1395 primo,
1141 1354 1258 1395 probat
1284 1363 1360 1395 pro-

282 1402 441 1442 positum;
466 1399 623 1436 secundo,
647 1398 790 1430 ostendit
813 1398 1028 1430 differentiam
1051 1399 1135 1430 inter
1157 1398 1314 1439 gaudium
1330 1404 1362 1429 et

282 1446 531 1476 delectationem
547 1445 574 1474 *.

338 1490 360 1520 1.
378 1490 542 1520 Probatur
558 1489 664 1531 igitur
682 1489 791 1530 primo
808 1489 976 1520 conclusio
992 1489 1048 1519 sic.
1075 1487 1242 1519 Gaudium
1258 1494 1290 1519 et
1306 1488 1361 1519 de-

282 1535 411 1565 lectatio
428 1534 501 1565 Deo
525 1544 594 1564 non
618 1539 799 1574 repugnant
824 1533 1006 1564 secundum
1029 1542 1122 1564 suam
1147 1534 1304 1574 speciem:
1330 1538 1362 1564 et

281 1581 314 1610 in
339 1580 506 1610 voluntate
530 1578 710 1609 secundum
742 1588 835 1609 suam
865 1579 1008 1619 speciem
1038 1584 1124 1609 sunt.
1152 1578 1239 1619 Ergo
1264 1578 1361 1609 etiam

282 1624 409 1655 divinae
433 1624 592 1654 voluntati
617 1633 684 1654 non
708 1623 835 1654 desunt.
851 1641 875 1646 -
890 1623 980 1654 Patet
1005 1623 1250 1664 consequentia.
1275 1622 1362 1662 Quia

282 1679 366 1710 quae
390 1674 466 1699 sunt
489 1669 522 1699 in
546 1668 713 1699 voluntate
741 1674 860 1705 nostra,
885 1668 983 1700 etiam
1005 1668 1038 1699 in
1063 1668 1231 1700 voluntate
1254 1668 1363 1699 divina

283 1723 351 1744 esse
375 1719 516 1754 oportet,
540 1713 602 1744 nisi
626 1712 753 1743 divinae
776 1717 960 1753 repugnent
986 1711 1191 1753 perfectioni.
1215 1731 1237 1736 -
1261 1712 1362 1744 Ante-

283 1758 401 1789 cedens
426 1757 537 1798 quoad
567 1758 705 1798 primam
730 1763 854 1798 partem
879 1758 1044 1798 probatur.
1069 1757 1155 1796 Quia
1180 1767 1290 1798 neque
1313 1768 1362 1789 ra-

282 1804 372 1834 tione
397 1803 528 1838 obiecti,
545 1812 654 1843 neque
669 1803 795 1832 ratione
811 1802 902 1833 modi
918 1812 952 1833 se
968 1802 1109 1833 habendi
1125 1801 1166 1833 ad
1182 1803 1361 1839 obiectum,

282 1848 463 1879 secundum
476 1857 569 1878 suam
586 1847 728 1887 speciem
742 1847 868 1878 divinae
886 1846 1079 1887 perfectioni
1095 1853 1267 1888 repugnat:
1285 1856 1361 1878 nam

282 1893 449 1923 obiectum
466 1893 535 1922 eius
553 1898 600 1922 est
616 1892 742 1922 bonum
765 1897 840 1923 actu
863 1892 1021 1928 habitum,
1039 1901 1183 1932 quorum
1207 1898 1360 1924 neutrum

281 1939 443 1978 repugnat
463 1937 546 1967 Deo.
562 1954 585 1958 —
601 1935 721 1974 Quoad
744 1935 920 1967 secundam
944 1946 1022 1967 vero
1047 1942 1171 1977 partem
1195 1938 1360 1977 probatur,

281 1982 358 2022 quia
381 1980 468 2011 idem
492 1987 539 2011 est
563 1981 729 2011 obiectum
760 1981 923 2021 appetitus
954 1981 1152 2014 sensitiviet
1175 1981 1361 2017 voluntatis,

280 2026 403 2057 scilicet
418 2025 540 2056 malurn
557 2030 589 2055 et
605 2026 731 2056 bonum
747 2025 1003 2065 apprehensum:
1028 2026 1104 2056 licet
1119 2026 1287 2057 obiectum
1302 2035 1360 2056 vo-

280 2070 410 2101 luntatis
439 2070 478 2100 sit
509 2070 719 2100 communius
750 2070 881 2100 obiecto
912 2070 1075 2110 appetitus
1105 2070 1260 2107 sensitivi,
1284 2071 1361 2112 quia

280 2115 366 2146 illius
390 2114 557 2145 obiectum
581 2119 628 2144 est
652 2115 778 2145 bonum
802 2114 1002 2155 simpliciter,
1018 2115 1116 2145 huius
1132 2125 1210 2146 vero
1234 2115 1360 2146 bonum
1381 2151 1384 2154 y

281 2159 331 2190 vel
355 2159 478 2190 malum
501 2158 683 2189 secundum
707 2168 849 2190 sensum.
879 2158 943 2190 Sed
967 2160 1175 2200 operationes
1198 2161 1361 2201 appetitus

281 2205 423 2245 speciem
448 2204 627 2234 sortiuntur
650 2213 688 2234 ex
713 2204 859 2234 obiectis.
884 2203 971 2244 Ergo
995 2204 1029 2234 in
1046 2203 1213 2236 voluntate
1229 2211 1304 2236 sunt
1319 2205 1361 2236 si-

281 2249 374 2280 miles
398 2249 604 2289 operationes
627 2248 809 2279 secundum
833 2249 977 2288 speciem
993 2250 1238 2289 operationibus
1262 2259 1362 2291 appe·

282 2294 358 2324 titus
382 2293 535 2328 sensitivi,
553 2292 737 2324 differentes
757 2294 789 2324 in
806 2293 870 2324 hoc
888 2293 979 2333 quod
1003 2294 1082 2325 tales
1105 2294 1312 2334 operationes
1327 2295 1361 2326 in

282 2338 428 2379 appetitu
452 2338 606 2368 sensitivo
630 2343 706 2368 sunt
729 2338 906 2378 passiones,
923 2338 957 2368 in
974 2338 1141 2369 voluntate
1157 2344 1267 2370 autem
1286 2345 1361 2370 sunt

283 2382 446 2423 simplices
470 2382 687 2422 operationes.
712 2381 799 2423 Ergo
824 2387 884 2412 etc.

340 2426 378 2457 11.
395 2425 489 2457 Circa
513 2427 651 2466 primam
675 2432 799 2467 partem
815 2425 1045 2462 antecedentis,
1063 2426 1297 2458 attendendum
1314 2433 1361 2458 est

284 2471 386 2512 quod,
399 2476 435 2502 ut
450 2470 574 2501 dictum
591 2476 638 2501 est
653 2471 686 2502 in
703 2471 909 2512 praecedenti
925 2472 1070 2512 capitulo
1078 2473 1105 2508 ⁵,
1119 2481 1178 2513 per
1187 2472 1361 2513 propriam

285 2516 447 2547 rationem
470 2515 588 2556 speciei
617 2517 775 2556 passionis
801 2516 1012 2556 intelligimus
1040 2526 1108 2548 non
1135 2522 1243 2548 totum
1271 2516 1361 2558 quod

285 2561 369 2591 cadit
392 2561 424 2591 in
449 2559 638 2591 definitione
662 2561 832 2601 passionis,
848 2561 904 2591 sed
921 2560 1011 2601 quod
1031 2562 1065 2592 in
1082 2561 1272 2593 definitione
1292 2562 1362 2592 eius

284 2606 417 2647 ponitur
432 2611 588 2645 tanquam
608 2605 739 2646 propria
755 2604 943 2642 differentia,
960 2615 1018 2646 per
1034 2615 1132 2647 quam
1149 2606 1189 2636 ab
1205 2606 1274 2637 aliis
1289 2615 1361 2648 pas-

284 2650 429 2681 sionibus
452 2649 668 2690 distinguitur.
693 2649 746 2681 Sic
770 2650 858 2681 enim
881 2650 1037 2691 gaudium
1061 2656 1094 2681 et
1117 2649 1289 2682 delectatio
1313 2660 1362 2682 se-

284 2694 429 2726 cundum
463 2693 552 2734 quod
584 2700 659 2725 sunt
690 2694 723 2725 in
756 2695 903 2735 appetitu
933 2695 1103 2731 sensifivo,
1132 2695 1208 2726 licet
1240 2695 1273 2726 in
1304 2705 1362 2726 sua

284 2740 407 2770 ratione
437 2738 604 2769 includant
633 2739 819 2779 passionem
850 2745 1006 2779 tanquam
1029 2749 1132 2779 genus
1157 2740 1246 2780 (sunt
1273 2740 1361 2771 enim

284 2785 449 2825 passiones
472 2784 635 2824 appetitus
658 2784 827 2823 sensstivi),
851 2789 884 2814 et
907 2785 1032 2815 ratione
1059 2785 1156 2815 huius
1179 2789 1362 2825 repugnent

284 2829 410 2860 divinae
424 2827 630 2869 perfectioni;
647 2829 772 2859 ratione
787 2834 896 2859 tamen
913 2829 1062 2869 propriae
1075 2828 1283 2866 differentiae,
1296 2838 1361 2870 qua

284 2873 460 2904 formaliter
484 2883 502 2903 a
525 2882 643 2913 genere
667 2872 919 2913 distinguuntur,
936 2873 1131 2914 inquantum
1155 2874 1278 2905 scilicet
1301 2874 1362 2906 im-

284 2923 413 2959 portant
429 2918 664 2958 quietationem
688 2918 850 2958 appetitus
870 2918 902 2948 in
921 2918 1010 2948 bono
1027 2919 1216 2955 coniuncto.
1234 2918 1361 2950 divinae

285 2962 475 3003 perfectioni
503 2971 571 2992 non
599 2967 790 3002 repugnant,
823 2967 855 2992 et
881 2962 914 2992 in
944 2962 1110 2993 voluntate
1138 2963 1236 2994 etiam
1269 2972 1362 3004 repe-

285 3008 420 3038 riuntur.
445 3007 487 3037 Et
511 3011 643 3046 propter
666 3006 730 3037 hoc
754 3005 906 3037 dicuntur
929 3016 967 3037 ex
991 3007 1117 3038 ratione
1140 3017 1218 3038 suae
1242 3007 1363 3049 speciei

285 3052 411 3082 divinae
436 3049 629 3092 perfectioni
653 3060 720 3082 non
744 3060 935 3092 repugnare.

341 3095 436 3128 Circa
458 3095 671 3127 differentiam
695 3096 814 3126 obiecti
838 3095 1013 3126 voluntatis
1044 3102 1076 3127 et
1105 3097 1267 3137 appetitus
1290 3106 1363 3129 sen-

286 3141 379 3177 sitivi‚
404 3139 638 3172 advertendum
661 3139 753 3180 quod
776 3149 843 3172 non
867 3139 943 3171 ideo
971 3140 1087 3172 dicitur
1114 3141 1281 3173 obiectum
1305 3151 1363 3173 vo-

286 3185 416 3216 luntatis
427 3185 554 3216 bonum
566 3184 764 3226 simpliciter,
778 3185 941 3226 appetitus
953 3190 1062 3216 autern
1079 3186 1221 3216 sensitivi
1237 3186 1362 3218 bonum

287 3230 447 3266 sensibile,
472 3229 564 3270 quasi
587 3229 627 3260 ad
655 3229 782 3260 bonum
812 3229 993 3261 universale
1024 3235 1150 3261 tantum
1174 3231 1364 3262 terminetur

287 3274 446 3311 voluntas,
471 3274 511 3305 ad
535 3275 659 3305 bonum
684 3279 794 3304 autem
818 3274 968 3304 sensibile
992 3274 1182 3305 terminetur
1201 3276 1364 3316 appetitus

288 3320 467 3350 sensitivus.
491 3319 566 3349 Hoc
583 3319 671 3350 enim
687 3317 804 3349 falsum
821 3324 878 3349 est.
895 3318 982 3357 Quia
999 3319 1082 3349 sicut
1098 3319 1280 3350 intellectus
1295 3329 1363 3351 non

287 3368 413 3394 tantum
429 3363 577 3404 intelligit
593 3363 807 3394 universalem
822 3363 982 3394 rationem
998 3363 1087 3399 boni,
1100 3363 1155 3394 sed
1171 3364 1270 3395 etiam
1285 3364 1364 3395 boni

289 3408 446 3439 sensibilis
463 3414 493 3439 et
509 3408 708 3448 particularis
720 3408 891 3444 rationem,
904 3408 947 3438 ita
964 3413 995 3438 et
1007 3407 1157 3439 voluntas
1172 3417 1240 3439 non
1256 3408 1363 3440 solum

289 3451 388 3482 fertur
411 3453 444 3483 in
468 3452 683 3483 universalem
706 3453 866 3484 rationem
890 3452 979 3488 boni,
1004 3451 1060 3483 sed
1084 3452 1180 3483 etiam
1205 3452 1245 3483 ad
1268 3453 1365 3494 parti-

290 3496 397 3527 culare
425 3497 550 3527 bonum
578 3496 739 3528 sensibile.
771 3495 834 3528 Sed
864 3496 1040 3527 attenditur
1063 3496 1251 3527 huiusmodi
1276 3496 1365 3528 diffe-

292 3541 392 3571 rentia
415 3547 573 3581 quantum
605 3541 645 3572 ad
675 3542 832 3572 rationem
865 3540 1033 3572 formalem
1063 3541 1124 3572 sub
1148 3550 1214 3582 qua
1243 3541 1365 3582 aliquid

293 3586 441 3615 terminat
471 3591 579 3616 actum
609 3586 780 3626 appetitus.
813 3585 866 3616 Sic
895 3586 983 3616 enim
1011 3586 1137 3616 bonum
1167 3586 1365 3626 simpliciter,

293 3628 384 3664 idest,
408 3639 475 3659 non
499 3630 672 3660 limitatum
697 3629 736 3660 ad
761 3630 902 3671 aliquam
926 3629 1150 3671 particularem
1175 3630 1253 3660 boni
1269 3631 1365 3662 ratio—

293 3682 370 3704 nem
386 3672 441 3703 sed
458 3673 603 3704 absolute
620 3680 798 3714 sumptum,
815 3680 862 3705 est
878 3674 1044 3705 obiectum
1061 3673 1248 3705 voluntatis:
1274 3675 1366 3715 quic-

1415 1084 1496 1126 quid
1519 1085 1608 1116 enim
1631 1085 1792 1116 rationem
1816 1085 1896 1116 boni
1918 1085 2099 1126 participat,
2116 1085 2176 1116 sub
2192 1085 2362 1117 voluntate
2381 1085 2496 1119 cadere

1414 1134 1533 1170 potest.
1558 1129 1691 1161 Bonum
1713 1135 1824 1160 autem
1846 1139 1916 1161 non
1939 1130 2138 1170 simpliciter,
2154 1130 2212 1161 sed
2235 1135 2439 1162 contractum
2454 1131 2496 1164 ml

1414 1175 1542 1205 bonum
1571 1174 1734 1210 sensibile,
1758 1179 1807 1205 est
1837 1175 2005 1206 obiectum
2035 1175 2199 1215 appetitus
2229 1176 2388 1207 sensitivi:
2419 1177 2496 1217 quia

1414 1218 1574 1260 quicquid
1589 1219 1687 1250 habet
1701 1219 1863 1250 rationem
1886 1219 1966 1251 boni
1989 1219 2149 1250 sensibilis
2171 1225 2281 1260 potest
2304 1220 2419 1252 cadere
2434 1222 2496 1253 sub

1414 1264 1562 1305 appetitu
1585 1264 1751 1300 sensitivo,
1774 1273 1844 1295 non
1874 1269 1984 1295 autem
2013 1263 2174 1305 quicquid
2203 1264 2386 1296 absolutam
2416 1266 2496 1298 boni

1414 1310 1575 1340 rationem
1605 1309 1786 1350 participat.
1818 1307 1924 1345 Unde,
1948 1309 2025 1340 licet
2054 1309 2168 1340 eadem
2198 1318 2250 1340 res
2272 1309 2441 1342 voluntate
2463 1316 2497 1342 et

1413 1354 1561 1395 appetitu
1584 1354 1739 1384 sensitivo
1763 1358 1944 1394 appetatur,
1968 1359 2078 1384 tamen
2101 1359 2211 1385 actum
2234 1354 2411 1386 voluntatis
2432 1360 2496 1386 ter-

1414 1399 1518 1430 minat
1540 1399 1737 1439 inquantum
1760 1398 1849 1429 bona
1870 1403 1919 1429 est
1941 1398 2104 1435 absolute;
2129 1404 2239 1430 actum
2261 1404 2377 1431 autem
2394 1409 2496 1441 appe·-

1414 1445 1492 1475 titus
1515 1443 1669 1480 sensitivi,
1693 1443 1891 1483 inquantum
1914 1448 1963 1474 est
1985 1443 2113 1474 bonum
2135 1442 2304 1484 quoddam
2333 1444 2496 1477 sensibile.

1471 1487 1567 1519 Circa
1582 1487 1672 1519 illam
1688 1487 1961 1528 propositionem,
1978 1488 2147 1528 Appetitas
2163 1488 2296 1529 respicit
2309 1489 2429 1520 bonum
2446 1489 2498 1521 vel

1415 1533 1548 1569 malum,
1573 1532 1818 1568 advertendum,
1843 1541 1882 1563 ex
1906 1531 2054 1563 doctrina
2075 1532 2184 1564 Sancti
2201 1533 2351 1565 Thomae
2378 1533 2495 1570 Prima,

1415 1588 1447 1619 q.
1470 1588 1521 1614 xx,
1539 1587 1567 1608 a.
1590 1586 1616 1614 ι,
1641 1576 1733 1618 quod
1757 1577 1883 1608 bonum
1907 1583 1939 1608 et
1962 1577 2087 1608 malum
2110 1583 2187 1608 sunt
2203 1579 2346 1619 propria
2371 1578 2496 1610 obiecta

1414 1623 1588 1664 appetitus,
1613 1621 1670 1653 sed
1697 1621 1928 1652 diversimode:
1960 1622 2080 1652 bonum
2111 1623 2196 1653 enim
2222 1623 2444 1664 principalius
2464 1629 2498 1655 et

1409 1677 1474 1709 per
1494 1677 1530 1699 se
1553 1672 1600 1698 est
1623 1667 1781 1698 obiectum
1797 1666 1968 1708 appetitus,
1985 1667 2108 1698 malum
2124 1671 2232 1698 autem
2251 1668 2450 1699 secundario
2465 1673 2498 1700 et

1409 1722 1473 1754 per
1495 1711 1597 1747 aliud,
1623 1712 1816 1753 inquantum
1842 1710 1967 1742 scilicet
1989 1712 2167 1753 opponitur
2187 1712 2285 1743 bono.
2317 1712 2394 1744 ideo
2418 1722 2496 1744 cum

1415 1756 1591 1798 aliquando
1607 1756 1725 1788 dicitur
1745 1756 1894 1787 absolute
1916 1755 2008 1798 quod
2038 1757 2158 1788 bonum
2182 1762 2231 1788 est
2253 1757 2411 1788 obiectum
2438 1767 2496 1788 νο-

1415 1801 1561 1838 luntatis,
1585 1811 1655 1832 non
1678 1802 1859 1842 opponitur
1889 1802 1918 1832 ei
1949 1801 2040 1842 quod
2067 1801 2120 1832 hic
2144 1800 2270 1839 dicitur,
2293 1802 2414 1834 bonum
2445 1803 2497 1834 vel

1415 1847 1538 1878 malum
1561 1855 1632 1877 esse
1653 1845 1788 1877 obiecta.
1813 1845 1901 1879 Cum
1917 1846 2006 1877 enim
2022 1851 2071 1877 est
2085 1855 2193 1877 sermo
2210 1846 2250 1878 de
2266 1847 2374 1888 primo
2391 1853 2423 1878 et
2437 1855 2496 1888 per

1415 1901 1449 1923 se
1479 1892 1610 1922 obiecto
1641 1890 1828 1927 voluntatis,
1851 1890 2029 1922 dicendum
2059 1895 2108 1922 est
2136 1891 2263 1922 bonum
2294 1900 2364 1923 esse
2393 1892 2496 1933 ipsius

1415 1936 1596 1967 obiectum:
1622 1944 1698 1966 cum
1722 1941 1831 1966 autem
1861 1940 1908 1966 est
1938 1943 2046 1965 sermo
2071 1934 2112 1965 de
2134 1935 2266 1966 obiecto
2289 1941 2355 1967 tam
2380 1945 2439 1977 per
2460 1946 2496 1968 se

1416 1990 1515 2021 quam
1538 1989 1596 2021 per
1619 1979 1718 2015 aliud,
1742 1979 1920 2011 dicendum
1943 1985 1991 2010 est
2015 1979 2106 2020 quod
2136 1980 2263 2011 bonum
2286 1980 2338 2012 vel
2359 1981 2494 2012 malum.

1415 2025 1540 2056 Eadem
1552 2024 1638 2055 enim
1653 2029 1702 2056 est
1709 2024 1860 2065 potentia
1877 2024 2141 2065 oppositorum:
2157 2025 2242 2056 sicut
2256 2025 2347 2057 visus
2360 2025 2496 2061 rme

1414 2075 1446 2101 et
1469 2079 1535 2101 non
1560 2069 1705 2105 visibitis,
1730 2074 1762 2100 et
1783 2068 1916 2100 auditus
1942 2068 2098 2100 audibilis
2120 2074 2152 2100 et
2174 2079 2240 2100 non
2271 2068 2496 2108 MW,:m

1415 2114 1533 2146 dicitur
1549 2114 1576 2145 11
1593 2113 1633 2145 de
1653 2113 1773 2144 Anima
1785 2114 1813 2150 “,
1837 2112 1894 2145 sed
1918 2113 2015 2144 unius
2038 2122 2098 2154 per
2119 2123 2166 2151 se,
2182 2113 2312 2146 alterius
2334 2120 2417 2152 vero

1415 2158 1514 2191 aliud.
2474 2177 2478 2180 -

1471 2202 1716 2235 Advertendum
1741 2208 1850 2234 tamen
1874 2202 1966 2244 quod
1989 2202 2081 2234 aliter
2103 2202 2255 2234 voluntas
2277 2213 2312 2235 se
2333 2203 2496 2236 habetati

1416 2250 1543 2280 bonum
1567 2254 1599 2279 et
1622 2248 1756 2283 malum,
1781 2253 1813 2278 et
1835 2247 1927 2279 aliter
1946 2248 2034 2278 visus
2057 2247 2098 2278 ad
2121 2247 2245 2279 visibile
2269 2254 2302 2279 et
2324 2248 2494 2280 invisibile.

1415 2294 1500 2325 Nam
1527 2293 1678 2324 voluntas
1708 2293 1792 2323 circa
1821 2297 1999 2333 utrumque
2029 2297 2139 2324 actum
2169 2293 2347 2333 positivum
2377 2293 2496 2327 hasen-e

1416 2343 1538 2379 potest:
1569 2337 1779 2379 prosequitur
1808 2337 1896 2368 enim
1926 2337 2064 2374 bonum,
2087 2342 2121 2368 et
2147 2336 2230 2378 fugit
2255 2347 2294 2368 ac
2320 2337 2496 2371 deteantur

1416 2382 1551 2419 malum,
1567 2391 1626 2423 per
1641 2388 1750 2413 actum
1774 2381 1930 2413 elicitum.
1947 2381 2044 2412 Visus
2059 2387 2169 2413 autem
2185 2391 2254 2413 non
2270 2381 2367 2413 habet
2386 2387 2495 2415 actum

1416 2427 1593 2468 positivum
1617 2426 1702 2457 circa
1731 2426 1905 2457 invisibile:
1931 2426 2008 2467 quia
2031 2426 2064 2456 in
2089 2426 2160 2458 visu
2184 2432 2233 2457 est
2255 2432 2382 2458 tantum
2404 2432 2496 2459 actus

1416 2472 1514 2503 unius
1530 2471 1673 2506 rationis,
1690 2470 1813 2502 scilicet
1836 2469 2080 2512 apprehendere
2100 2470 2267 2502 obiectum
2291 2480 2350 2512 per
2365 2480 2414 2509 se3
2437 2471 2496 2514 q'ni

1417 2522 1507 2547 actus
1530 2516 1571 2547 ad
1593 2515 1753 2546 invisibile
1776 2516 1941 2546 terminari
1964 2524 2032 2546 non
2057 2521 2176 2556 potest,
2192 2525 2270 2547 cum
2285 2517 2373 2547 visus
2390 2516 2432 2547 ab
2445 2517 2496 2548 in-

1416 2561 1532 2592 visibili
1548 2570 1617 2591 non
1634 2560 1850 2592 constituatur
1872 2560 1906 2591 in
1929 2566 2015 2591 actu.
2040 2559 2104 2592 Sed
2119 2560 2237 2592 dicitur
2252 2570 2322 2592 esse
2339 2570 2398 2602 per
2411 2561 2496 2595 acd-

1416 2605 1496 2637 dens
1518 2606 1620 2647 ipsius
1643 2605 1806 2641 tenebrae,
1829 2605 1906 2645 quia
1929 2614 1968 2636 ex
1991 2605 2056 2636 hoc
2079 2604 2171 2646 quod
2192 2615 2212 2636 a
2234 2605 2413 2638 visibilibus
2430 2606 2496 2640 im·

1416 2650 1533 2682 mutari
1556 2659 1624 2681 non
1649 2654 1766 2690 potest,
1786 2648 1879 2680 nullo
1903 2650 2059 2680 existente
2082 2648 2214 2681 defectu
2237 2650 2270 2682 in
2294 2649 2442 2691 potentia
2463 2656 2496 2684 et

1417 2695 1552 2726 obiectis
1575 2693 1772 2726 sufficienter
1794 2694 2028 2735 praesentibus,
2052 2693 2235 2726 iudicamus
2258 2695 2366 2736 aliqua
2387 2695 2421 2726 vi
2445 2694 2495 2727 in·

1415 2739 1525 2771 teriori
1549 2748 1657 2770 aerem
1680 2739 1892 2769 tenebrosum
1915 2747 1995 2770 esse.

1472 2784 1525 2815 111.
1543 2782 1638 2815 Circa
1653 2783 1830 2814 secundam
1847 2788 1971 2824 partem
1987 2783 2207 2815 antecedentis
2217 2784 2246 2820 θ.
2262 2783 2496 2816 attendendum
2522 2785 2533 2795 ·

1415 2828 1507 2870 quod
1522 2829 1690 2869 passiones
1706 2828 1869 2869 appetitus
1885 2829 2028 2860 sensitivi
2043 2837 2112 2860 non
2127 2834 2203 2860 sunt
2215 2828 2362 2860 eiusdem
2370 2829 2496 2870 speciei

1415 2883 1493 2905 cum
1504 2873 1751 2914 operationibus
1763 2873 1954 2904 voluntatis:
1972 2874 2049 2914 quia
2061 2872 2259 2904 diversarum
2275 2874 2496 2914 potentianam

1415 2928 1484 2950 non
1507 2923 1583 2949 sunt
1606 2923 1697 2949 actus
1721 2916 1869 2950 eiusdem
1892 2917 2028 2959 speciei;
2053 2927 2130 2950 cum
2154 2917 2243 2950 enim
2266 2918 2432 2959 potentiae
2446 2915 2496 2951 di·

1415 2963 1620 3004 stinguantur
1643 2962 1791 3003 proxime
1814 2970 1873 3003 per
1896 2966 1987 2993 actus
2014 2961 2193 2994 formaliter
2218 2968 2378 3004 sumptos,
2402 2961 2495 3000 idest.

1417 3007 1456 3038 ad
1479 3007 1607 3038 obiecta
1631 3005 1780 3038 formalia
1803 3011 2020 3048 comparatos,
2043 3012 2203 3048 repugnat
2232 3007 2395 3048 potentias
2426 3015 2496 3040 esse

1416 3052 1615 3083 diversarum
1637 3051 1821 3092 specierum
1845 3057 1878 3082 et
1900 3060 2012 3083 earum
2035 3057 2128 3083 acms
2155 3060 2225 3083 esse
2253 3051 2401 3084 eiusdem
2421 3059 2496 3094 φι-

1417 3097 1487 3128 ciei.
1512 3096 1554 3128 Et
1577 3095 1664 3131 ideo.
1689 3105 1767 3127 cum
1789 3095 1906 3127 dicitur
1936 3097 2122 3137 passionem
2152 3096 2330 3128 secundum
2359 3095 2495 3173 eandm

1417 3141 1579 3173 rationem
1591 3140 1710 3182 speciei
1724 3150 1794 3172 esse
1810 3141 1843 3172 in
1860 3141 2038 3178 voluntate,
2051 3140 2300 3182 intelligendum
2310 3147 2359 3173 est
2374 3149 2443 3175 non

1416 3185 1584 3217 identitate
1606 3184 1807 3226 simpliciter,
1823 3184 1881 3217 sed
1896 3183 2144 3227 proportionali.
2164 3185 2199 3217 ln
2218 3185 2386 3218 voluntate
2407 3185 2495 3217 enim

1417 3236 1465 3261 est
1488 3229 1635 3271 operatio
1659 3229 1806 3262 eiusdem
1829 3229 1962 3261 rationis
1979 3229 2161 3262 secundum
2177 3229 2341 3271 quandam
2356 3237 2496 3272 propor-

1417 3275 1541 3306 tionem
1557 3283 1634 3306 cum
1658 3274 1903 3315 operationibus
1926 3274 2091 3315 appetitus
2112 3274 2269 3306 sensitivi:
2293 3282 2362 3305 non
2385 3278 2496 3306 autem

1418 3319 1565 3351 eiusdem
1589 3319 1727 3350 omnino
1751 3324 1784 3351 et
1805 3319 1995 3360 simpliciter
2021 3318 2154 3350 rationis
2176 3317 2359 3359 specificae.
2389 3318 2431 3350 Et
2453 3319 2495 3350 si·

1418 3364 1536 3396 militer
1550 3362 1799 3404 intelligendum
1822 3369 1871 3395 est
1893 3372 1971 3396 cum
1988 3362 2141 3395 dicunmr
2155 3371 2226 3394 esse
2243 3363 2278 3394 in
2294 3362 2366 3394 Deo
2382 3372 2495 3395 secam

1417 3409 1494 3440 dum
1511 3408 1673 3440 rationem
1688 3417 1769 3440 suae
1783 3408 1911 3449 speciei.
1932 3407 2023 3440 Sicut
2039 3406 2128 3439 enim
2142 3407 2299 3448 sapientia
2313 3407 2496 3440 secundum

1418 3452 1555 3485 eandem
1579 3453 1739 3484 rationem
1763 3458 1811 3484 est
1833 3452 1867 3484 in
1890 3451 1963 3484 Deo
1988 3456 2019 3482 et
2042 3451 2075 3482 in
2099 3451 2252 3482 creaturis
2268 3451 2496 3494 proportiona-

1418 3497 1500 3534 liter,
1524 3507 1593 3528 non
1616 3497 1815 3538 simpliciter,
1838 3497 1883 3527 ita
1906 3501 1938 3527 et
1959 3494 2148 3526 huiusmodi
2172 3496 2339 3536 passiones
2354 3497 2382 3527 ⁹.

1476 3551 1506 3573 2.
1521 3541 1615 3573 Circa
1627 3541 1856 3583 probationem
1867 3540 1968 3581 ipsius
1980 3538 2142 3571 secundae
2155 3541 2252 3580 partis
2265 3540 2495 3575 antecedentis.

1419 3586 1593 3618 dubitatur.
1619 3585 1756 3618 Videtur
1780 3585 1869 3616 enim
1896 3583 2012 3615 falsum
2039 3592 2236 3625 supponere,
2260 3585 2382 3616 scilicet
2404 3585 2496 3626 quod

1418 3630 1574 3671 gaudium
1591 3637 1622 3662 et
1638 3629 1809 3662 delectatio
1829 3629 2035 3670 operationes
2051 3628 2210 3670 quaedam
2226 3629 2300 3660 sint.
2316 3629 2391 3662 Hoc
2407 3630 2495 3662 enim

1419 3681 1515 3716 negat
1538 3675 1675 3707 Sanctus
1691 3674 1837 3705 Thomas
1853 3672 1961 3704 Prima
1977 3672 2156 3710 Secundae,
2174 3683 2205 3714 q.
2219 3683 2302 3710 xxxi,
2319 3684 2347 3705 a.
2368 3682 2393 3711 ι.
2410 3674 2450 3706 ad
2469 3683 2494 3711 ι,

2436 2115 2533 2176 ,9.

2521 2028 2740 2107 {tfftfflz
2761 2042 2768 2080 ε

2546 2118 2668 2149 Car-ms
