2742 4152
43 725 141 753 ‘Ad3.

43 801 62 815 ι.
72 784 123 815 τὴ]
135 773 179 816 fi.

187 775 212 794 4,

229 773 254 795 5;

286 242 309 279 6

342 320 399 351 Est
423 319 518 350 etiam
541 318 637 349 huius
661 323 693 348 et
722 318 782 348 alia
812 317 904 348 ratio.
934 317 1028 349 Licet
1056 316 1143 347 enim
1173 315 1355 347 intellectus

285 369 415 396 moveat
437 363 636 394 voluntatem
663 368 694 393 et
722 362 871 392 voluntas
900 361 1111 397 intellectum,
1135 366 1253 396 tamen,
1278 369 1354 391 cum

285 418 354 439 non
377 409 417 438 sit
438 416 607 448 processus
630 407 665 437 in
686 405 860 443 infinitum,
885 411 933 437 est
955 411 1055 436 status
1077 406 1111 436 in
1131 405 1306 441 intellectu,
1324 409 1355 435 et

285 453 354 493 ipse
377 457 424 483 est
446 452 632 492 simpliciter
653 452 796 492 primum
817 459 955 483 movens
978 451 1012 482 in
1035 449 1148 481 ordine
1171 449 1212 481 ad
1237 449 1354 480 volun—

285 502 398 528 tatem:
422 497 492 536 ipse
515 496 603 528 enim
626 495 748 536 aliquid
770 494 1012 537 apprehendere
1030 500 1138 535 potest
1152 495 1275 534 absque
1291 494 1354 525 hoc

285 540 376 581 quod
398 550 416 571 a
438 540 605 572 voluntate
619 546 800 577 moveatur,
816 540 874 572 sed
888 540 1037 571 voluntas
1052 539 1133 571 nihil
1148 539 1231 570 velle
1246 543 1355 579 potest

283 585 346 616 nisi
366 590 537 616 moveatur
559 586 599 618 ab
622 586 799 617 intellectu.
830 584 926 617 Unde
953 583 1070 616 falsum
1100 589 1148 615 est
1178 583 1269 624 quod
1294 591 1353 613 vo-

282 630 389 661 luntas
411 629 446 661 in
467 629 635 662 movendo
658 631 801 670 primum
822 629 936 661 locum
959 628 1106 660 absolute
1134 633 1252 664 teneat,
1277 635 1353 659 cum

282 683 351 706 non
374 673 493 706 feratur
515 674 549 706 in
571 675 785 715 incognitum.
808 675 899 707 Patet
921 674 985 705 hoc
1009 682 1047 703 ex
1071 672 1216 704 doctrina
1245 671 1354 704 Sancti

283 718 433 750 Thomae
455 719 489 750 in
504 719 615 751 multis
630 719 722 756 locis,
738 719 926 759 praesertim
940 718 978 754 1⁸,
997 726 1029 757 q.
1051 726 1167 753 amn,
1185 726 1214 748 a.
1230 725 1252 755 4
1264 717 1297 746 *z
1321 721 1354 767 et

282 769 331 795 est
342 762 488 795 doctrina
500 764 693 800 Aristotelis,
709 763 752 795 VI
767 763 873 794 Ethic.
886 764 903 779 ⁴*
918 762 1044 794 Primus
1060 771 1137 802 ergo
1153 766 1266 793 auctor
1281 770 1353 793 um-

281 807 374 844 versi,
397 813 552 848 tanquam
575 808 645 839 eius
667 807 807 840 formam
833 808 867 839 in
895 817 931 838 se
954 806 1134 842 continens,
1158 811 1206 838 est
1228 805 1353 839 intelle-

282 857 372 889 ctus;
394 852 451 883 sed
473 853 623 885 voluntas
644 853 720 884 huic
743 852 928 892 adiungitur
949 857 1106 891 tanquam
1123 851 1207 883 hanc
1223 859 1354 882 causam

282 896 322 927 ad
345 897 508 936 agendum
531 897 706 938 applicans.

336 941 389 972 vl.
414 941 536 979 Quinta
559 942 727 973 conclusio
751 946 811 972 est:
835 940 887 972 Ad
911 940 1104 980 sapientiam
1120 939 1266 980 pertinet
1278 938 1353 980 fal-

279 986 407 1017 ,ritatem
441 987 644 1017 contrariam
678 985 810 1017 ueritati
843 985 884 1016 de
906 985 1018 1025 primo
1047 984 1214 1025 principio
1250 983 1354 1025 impu—

278 1039 396 1071 gnare.
419 1030 578 1062 Probatur
599 1031 716 1071 primo.
737 1029 892 1062 Eiusdem
916 1034 963 1060 est
986 1038 1091 1061 unum
1117 1029 1354 1061 contrariorum

277 1075 433 1116 prosequi
456 1080 488 1106 et
511 1075 598 1106 aliud
616 1074 768 1106 refutare:
792 1079 881 1114 patet
895 1074 1046 1114 exemplo
1061 1073 1253 1110 medicinae,
1269 1082 1354 1114 quae

278 1120 446 1151 sanitatem
469 1125 620 1160 operatur
643 1125 675 1151 et
697 1118 930 1159 aegritudinem
954 1119 1094 1160 expellit.
1117 1117 1181 1151 Sed
1201 1118 1354 1159 sapientis

279 1170 326 1195 est
348 1164 513 1196 veritatem
544 1165 717 1206 praecipue
749 1164 790 1195 de
819 1164 926 1205 primo
956 1164 1118 1205 principio
1148 1163 1296 1196 meditari
1321 1169 1354 1195 et

277 1209 346 1240 aliis
369 1208 530 1240 disserere.
551 1210 639 1249 Ergo
662 1209 731 1240 eius
754 1215 802 1241 est
824 1214 856 1240 et
879 1208 1049 1242 falsitatem
1073 1209 1266 1241 contrariam
1291 1209 1352 1242 im·

300 1262 430 1293 ugnare.

275 1262 298 1294 p
333 1297 485 1329 Secundo
507 1299 663 1339 probatur
683 1299 875 1330 auctoritate
890 1298 1073 1339 supradicta
1086 1298 1352 1333 vaerbiorum,

274 1342 309 1372 in
333 1352 398 1384 qua
421 1342 547 1380 dicitur,
570 1343 614 1374 Et
638 1343 724 1374 labia
748 1353 820 1375 mea
842 1343 1088 1374 detestabuntur
1111 1343 1255 1384 impium.
1279 1342 1351 1375 Fal-

875 238 1063 276 sUMMA
1093 237 1315 275 CONTRA
1344 236 1622 286 GENTILES,
1652 237 1764 275 CAP.
1785 238 1812 285 1,
1841 238 1883 276 11.

1407 316 1483 346 sitas
1506 316 1595 347 enim
1618 321 1731 347 contra
1754 315 1896 351 divinam
1918 316 2085 348 veritatem
2103 315 2250 356 impietas
2265 315 2391 353 dicitur,
2408 316 2485 357 quia

1405 360 1554 400 religioni
1577 361 1798 397 contrariatur,
1823 370 1908 402 quae
1929 361 2032 402 pietas
2054 361 2253 393 nominatur.

1463 403 1559 436 Circa
1579 404 1614 436 id
1636 404 1728 446 quod
1748 405 1874 438 dictum
1897 412 1945 438 est
1960 415 2026 447 per
2048 405 2181 447 impium
2204 405 2375 447 designari
2381 405 2485 447 salsi·

1407 453 1504 480 tatem
1520 454 1638 480 contra
1651 449 1796 481 diuinam
1809 451 1977 483 veritatem
1989 451 2067 492 quia
2078 451 2306 482 contrariatur
2317 450 2483 491 religioni,

1405 502 1490 534 quae
1505 493 1627 525 dicitur
1638 494 1758 534 pietas,
1775 495 2007 528 attendendum
2022 497 2140 537 primo,
2156 504 2195 528 ex
2211 495 2357 528 doctrina
2375 494 2485 527 Sancti

1407 537 1557 569 Thomae
1579 538 1622 569 11⁸
1637 538 1702 575 11⁸,
1726 548 1759 580 q.
1775 549 1816 576 cr,
1832 549 1861 572 a.
1882 548 1912 577 ι,
1934 540 2027 582 quod
2048 550 2173 573 nomen
2202 540 2331 581 pietatis
2353 539 2484 580 proprie

1406 588 1576 622 sumptum
1597 582 1751 615 virtutem
1773 584 1938 625 quandam
1963 586 2118 626 imponat
2147 594 2232 626 quae
2261 585 2423 617 honorem
2452 589 2485 616 et

1406 627 1533 658 cultum
1555 628 1742 667 parentibus
1765 629 1894 660 exhibet
1915 639 1954 661 ac
1975 631 2115 671 patriae:
2137 630 2196 663 sed
2214 630 2292 671 quia
2306 638 2366 670 per
2380 638 2484 669 quan·

1406 671 1482 704 dam
1498 671 1721 704 excellentiam
1736 671 1853 705 dicitur
1867 673 1959 706 Deua
1971 680 2064 717 pater
2077 681 2198 711 noster,
2211 675 2298 712 ideo,
2312 679 2350 707 ut
2362 673 2484 706 ibidem

1406 715 1525 748 dicitur
1540 722 1597 748 art.
1616 716 1634 748 3
1648 718 1677 754 ³,
1696 717 1799 758 pietaa
1814 718 1913 749 etiam
1926 718 1969 750 ad
1989 719 2139 754 divinum
2154 720 2280 752 cultum
2303 718 2485 751 extenditur

1407 767 1440 794 et
1469 760 1673 799 transfertur3
1699 767 1835 803 propter
1860 761 1962 803 quod,
1988 769 2027 795 ut
2051 763 2130 796 dicit
2151 764 2275 802 Tertio,
2295 763 2328 797 d.
2345 773 2389 800 tx.
2408 772 2441 804 q.
2461 773 2483 799 1,

1406 816 1434 837 a.
1458 814 1469 836 ι
1483 807 1511 843 “,
1535 805 1650 838 eadem
1671 807 1773 838 virtus
1795 813 1932 839 vocatur
1951 816 2067 848 graece
2088 809 2218 841 eusebia
2239 809 2292 842 vel
2311 808 2483 844 theosebia.

1407 851 1506 883 latine
1516 860 1596 883 vero
1605 852 1724 892 pietas,
1737 851 1848 887 latria,
1861 852 1992 894 religio.
2009 852 2136 884 Dicitur
2151 862 2228 894 ergo
2242 854 2356 895 religio
2370 854 2483 895 pietas,

1405 905 1476 929 non
1498 896 1680 928 secundum
1702 897 1847 937 primum
1869 902 1902 928 et
1920 897 2092 938 proprium
2113 897 2212 930 huius
2228 899 2372 931 nominis
2386 898 2484 939 signi·

1407 939 1552 978 ficatum,
1575 941 1633 972 sed
1661 941 1844 973 secundum
1866 941 2032 982 quandam
2058 942 2202 974 nominis
2230 943 2483 975 translationem.

1462 985 1708 1018 Attendendum
1730 985 1877 1018 secundo
1900 986 2003 1028 quod,
2026 995 2104 1018 cum
2119 986 2160 1018 ad
2179 987 2305 1019 latriam
2327 988 2484 1028 pertineat

1407 1030 1624 1061 reverentiam
1639 1030 1764 1062 Sacrae
1778 1031 1970 1072 Scripturae
1984 1031 2123 1073 aliisque
2137 1031 2258 1063 diuinis
2275 1032 2372 1064 rebus
2393 1033 2484 1065 exhi-

1406 1075 1491 1111 bere,
1522 1080 1559 1107 ut
1580 1075 1679 1107 habet
1705 1075 1843 1108 Sanctus
1864 1076 2011 1108 Thomas
2039 1076 2162 1113 Tertio,
2184 1076 2216 1108 d.
2237 1086 2343 1114 xxxxv,
2361 1086 2392 1108 a.
2410 1086 2431 1108 2
2448 1078 2483 1115 ’ς
2511 1078 2520 1087 ·

1406 1120 1515 1160 sitque
1547 1120 1661 1160 religio
1690 1119 1804 1152 eadem
1834 1121 1934 1152 virtus
1963 1130 2048 1162 quae
2074 1122 2176 1158 latria,
2199 1126 2236 1153 ut
2264 1121 2389 1154 dictum
2418 1127 2483 1159 eat:

1405 1165 1523 1197 merito
1546 1165 1654 1206 inquit
1676 1164 1813 1197 Sanctus
1836 1165 1984 1198 Thomas
2005 1164 2177 1198 falsitatem
2202 1172 2316 1199 centn
2340 1166 2484 1199 divinam

1405 1210 1573 1241 veritatem
1589 1209 1740 1251 religioni
1763 1211 1957 1243 contrariam
1980 1220 2060 1243 esse.
2082 1211 2227 1243 Pertinet
2248 1212 2338 1244 enim
2359 1211 2400 1244 ad
2422 1211 2484 1243 Dei

1404 1255 1644 1287 irreverentiam
1666 1254 1810 1287 divinam
1840 1256 2007 1288 veritatem
2032 1257 2225 1297 impugnare
2247 1256 2484 1298 falsitatemque

1405 1299 1593 1340 oppositam
1619 1299 1774 1331 edocere:
1802 1300 1894 1341 quod
1918 1300 2090 1333 manifecte
2115 1302 2264 1343 religioni
2289 1301 2483 1339 advertant,

1406 1353 1490 1385 quae
1513 1344 1585 1375 Deo
1610 1345 1735 1376 cultum
1757 1346 2036 1387 reverentiamque
2059 1347 2199 1379 exhibet.

1331 1513 1337 1539 Ξ
1350 1505 1404 1547 ψ.

893 1685 1382 1753 CAPITULUM
1419 1696 1870 1754 SECUNDUM

641 1822 814 1876 QUAE
846 1823 941 1866 SIT
972 1823 1035 1865 IN
1068 1823 1196 1867 Hoc
1232 1823 1435 1867 OPERE
1466 1823 1780 1867 AUCTORIS
1813 1825 2107 1867 INTENTIO

296 2041 347 2067 ’ἢν
382 2045 455 2084 ῗτίθῑ
484 2041 650 2091 pientiae
687 2041 861 2081 studium
897 2050 953 2080 est
979 2042 1200 2092 perfectius,
1230 2043 1347 2082 subli-

290 2135 299 2146 Ξ
316 2126 341 2146 ἡ..
485 2095 600 2143 mius,
612 2094 742 2133 utilius
756 2102 794 2133 et
806 2095 1028 2134 iucundius.
1038 2097 1248 2136 Perfectius
1261 2097 1347 2147 qui-

316 2150 351 2176 ''‘=
394 2154 439 2181 κέ
460 2188 474 2194 ,,
486 2150 591 2196 dem,
611 2148 704 2199 quia
726 2149 961 2199 inquantum
984 2152 1109 2188 homo
1137 2150 1346 2202 sapientiae

271 2201 444 2239 studium
482 2203 563 2250 dat,
601 2202 792 2240 intantum
830 2208 947 2241 verae
983 2203 1230 2242 beatitudinis
1266 2204 1378 2245 iam,

271 2254 439 2305 aliquam
460 2264 610 2306 partem
624 2256 760 2294 habet:
781 2256 887 2294 unde
907 2256 1071 2307 Sapiens
1090 2257 1192 2307 dicit,
1206 2260 1347 2297 Beatus

270 2310 329 2346 vir
355 2310 419 2358 qui
437 2310 475 2346 in
500 2310 682 2359 sapientia
705 2311 927 2356 morabitur,
949 2311 1137 2350 Eccli.x1v
1151 2315 1188 2349 ²².
1219 2311 1345 2350 Subli-

270 2361 373 2400 mius
401 2370 534 2402 autem
552 2370 609 2401 est
627 2362 720 2413 quia
738 2375 809 2412 per
832 2362 965 2414 ipsum
984 2365 1108 2403 homo
1135 2365 1345 2416 praecipue

270 2415 319 2452 ad
349 2415 522 2454 divinam
557 2416 848 2454 similitudinem
882 2417 1049 2465 accedit,
1078 2429 1181 2468 quae
1215 2421 1345 2457 omnia

269 2470 308 2506 in
336 2471 519 2520 sapientia
536 2471 632 2519 fecit
650 2470 688 2507 *z
717 2470 835 2517 unde,
863 2470 956 2521 quia
988 2471 1200 2510 similitudo
1227 2483 1345 2511 causa

270 2529 327 2559 est
354 2521 580 2572 dilectionis,
600 2522 809 2575 sapientiae
837 2523 1010 2563 studium
1029 2524 1238 2576 praecipue
1258 2526 1344 2566 Deo

269 2587 340 2626 per
365 2576 573 2616 amicitiam
597 2577 815 2628 coniungit;
842 2586 1000 2628 propter
1023 2578 1131 2628 quod
1151 2580 1239 2630 Sap.
1255 2592 1301 2618 vn
1317 2585 1345 2605 ⁸⁴

270 2629 408 2668 dicitur
435 2631 544 2680 quod
572 2630 759 2681 sapientia
786 2633 952 2680 infinitus
978 2633 1173 2670 thesaurus
1201 2639 1252 2671 est
1278 2635 1344 2672 ho·

269 2684 442 2730 minibus,
463 2697 536 2734 quo
556 2687 620 2735 qui
638 2686 696 2723 usi
706 2691 803 2732 sunt,
811 2686 915 2734 facti
930 2692 1015 2723 sunt
1028 2688 1232 2737 participes
1249 2689 1344 2725 ami·

295 2004 458 2183 3143.
477 1999 574 2026 NTER
602 1988 735 2038 omnia
762 2000 857 2027 vero
890 1988 1097 2028 hominum
1128 1989 1255 2028 studia
1289 2002 1347 2028 sa-

269 2739 377 2774 citiae
403 2738 485 2776 Dei.
514 2738 652 2777 Utilius
680 2746 811 2776 autem
839 2748 896 2779 est
923 2739 1016 2791 quia
1042 2751 1114 2792 per
1140 2752 1266 2790 ipsam
1285 2753 1344 2780 sa-
1360 2760 1383 2781 ις

268 2790 453 2841 pientiam
490 2792 541 2831 ad
577 2791 872 2832 immortalitatis
909 2805 1073 2843 regnum
1101 2793 1341 2845 pervenitur:

268 2847 567 2895 concupiscentia
586 2845 692 2884 enirn
709 2848 914 2897 sapientiae
940 2848 1094 2886 deducet
1111 2849 1164 2887 ad
1180 2861 1343 2899 regnum

264 2905 500 2949 perpetuum,
530 2901 617 2950 Sap.
639 2903 720 2938 Vl²'.
753 2900 965 2940 Iucundius
993 2910 1124 2940 autern
1161 2910 1218 2940 est
1251 2901 1344 2952 quia

271 2964 346 2989 non
365 2953 475 2990 hahet
502 2953 791 2992 amaritudinem
811 2957 1045 2994 conversatio
1065 2956 1162 2994 illius
1181 2967 1250 2993 nec
1268 2962 1343 2994 tae-

270 3006 372 3042 dium
405 3007 592 3045 convictus
627 3007 741 3054 illius,
774 3010 840 3046 sed
865 3009 1041 3047 laetitiam
1076 3015 1110 3047 et
1146 3010 1342 3060 gaudium,
1359 3031 1386 3046 ,ο

271 3060 322 3096 Sa
351 3088 358 3095 .
378 3071 436 3097 vm
453 3057 489 3097 ¹⁶.

318 3071 535 3163 1²assumpta
562 3112 676 3162 igitur
702 3125 749 3152 ex
778 3114 909 3154 divina
936 3115 1076 3166 pietate
1112 3114 1258 3154 fiducia
1286 3129 1344 3154 sa-

270 3164 409 3215 pientis
436 3166 612 3206 officium
639 3168 921 3218 prosequendi,
951 3169 1132 3219 quamvis
1169 3169 1346 3220 proprias

270 3218 372 3256 vires
400 3220 570 3267 excedat,
589 3221 834 3271 propositum
862 3231 1014 3261 nostrae
1043 3223 1264 3262 intentionis
1289 3232 1346 3263 est

1402 1990 1636 2029 contrarios:
1666 1999 1710 2030 ut
1737 1990 1845 2031 enim
1871 1990 2001 2030 verbis
2028 1990 2164 2031 Hilarii
2182 1998 2280 2039 utar,
2309 2003 2382 2044 ego
2409 1993 2481 2033 hoc

1401 2044 1461 2082 vel
1481 2046 1733 2095 praecipuum
1769 2048 1867 2084 vitae
1903 2058 2011 2084 meae
2044 2045 2215 2095 officium
2249 2045 2385 2085 debere
2419 2059 2482 2087 me

1400 2099 1484 2136 Deo
1512 2101 1683 2136 conscius
1707 2111 1804 2146 sum,
1831 2105 1871 2137 ut
1897 2111 1984 2137 eum
2012 2101 2136 2138 omni‘s
2160 2111 2287 2138 sermo
2314 2112 2420 2139 ments
2445 2107 2480 2140 et

1400 2163 1528 2190 sensus
1555 2153 1731 2203 loquatur
1748 2153 1780 2190 ²⁸.
2361 2164 2363 2166 ·
2397 2154 2400 2156 ’

1456 2205 1602 2244 Contra
1629 2206 1874 2255 singulorum
1901 2213 2034 2244 autem
2062 2205 2213 2245 errores
2239 2205 2396 2246 difficile
2422 2216 2481 2247 est

1401 2259 1624 2309 procedere,
1644 2267 1806 2311 propter
1822 2259 1916 2299 duo.
1941 2259 2089 2310 Primo,
2107 2260 2201 2312 quia
2218 2260 2482 2302 non-iteratim

1399 2311 1515 2351 nobis
1542 2323 1636 2353 nota
1657 2313 1902 2364 singulorum
1929 2313 2143 2354 errantium
2170 2313 2272 2354 dicta
2298 2315 2480 2366 sacrilega

1400 2373 1443 2404 ut
1470 2378 1518 2404 ex
1545 2367 1607 2406 his
1634 2379 1737 2418 quae
1764 2366 1898 2405 dicunt
1934 2366 2132 2420 possimus
2167 2368 2338 2407 rationes
2371 2381 2479 2408 assu-

1399 2431 1508 2458 mere
1535 2421 1586 2458 ad
1614 2432 1754 2459 eorum
1782 2431 1932 2459 errores
1959 2422 2228 2461 destruendos.
2257 2423 2347 2461 Hoc
2373 2422 2477 2462 enim

1360 2489 1387 2505 ιο
1399 2474 1522 2511 modo
1550 2474 1611 2512 usi
1631 2483 1721 2513 sunt
1739 2474 1888 2526 antiqui
1907 2475 2087 2514 doctores
2114 2475 2155 2514 in
2174 2475 2479 2517 destructionem

1399 2538 1578 2566 errorum
1596 2528 1809 2579 gentilium,
1829 2541 2002 2580 quorum
2019 2529 2234 2580 positiones
2254 2530 2352 2570 scire
2370 2540 2479 2586 pote·

1399 2588 1484 2619 rant
1503 2581 1596 2631 quia
1615 2590 1652 2620 et
1670 2582 1744 2633 ipsi
1771 2582 1930 2632 gentiles
1947 2583 2110 2632 fuerant,
2130 2586 2193 2623 vel
2217 2586 2353 2625 saltem
2380 2584 2480 2625 inter

1398 2634 1557 2683 gentiles
1571 2637 1789 2675 conversati
1804 2644 1842 2674 et
1859 2635 1899 2675 in
1919 2649 2060 2676 eorum
2078 2638 2263 2677 doctrinis
2285 2638 2436 2678 eruditi.
2450 2661 2478 2668 -

1399 2687 1597 2737 Secundo,
1618 2689 1711 2740 quia
1738 2689 1902 2741 quidam
1928 2702 2080 2739 eorum,
2107 2699 2151 2730 ut
2176 2692 2479 2732 Mahumetistae

1399 2749 1438 2779 et
1463 2742 1616 2793 pagani,
1637 2755 1720 2782 non
1747 2743 1988 2783 conveniunt
2008 2744 2215 2786 nobiscum
2244 2746 2285 2784 in
2313 2745 2478 2786 auctori·

1398 2802 1474 2833 tate
1502 2796 1665 2835 alicuius
1693 2797 1924 2848 Scripturae,
1953 2811 2024 2850 per
2051 2811 2174 2850 quam
2208 2800 2359 2852 possint
2384 2813 2478 2840 con-

1398 2849 1514 2896 vinci,
1547 2850 1645 2889 sicut
1676 2859 1811 2891 contra
1838 2852 2004 2892 Iudaeos
2036 2852 2234 2904 disputare
2266 2866 2478 2904 possumus

1398 2915 1469 2952 per
1495 2904 1617 2942 Vetus
1648 2905 1959 2954 Testamentum,
1988 2914 2124 2946 contra
2159 2907 2374 2947 haereticos
2409 2919 2480 2961 per

1398 2957 1576 2995 Novum.
1593 2957 1645 2995 Hi
1659 2971 1755 2997 vero
1769 2967 1954 2998 neutrum
1969 2960 2170 3011 recipiunt.
2191 2961 2305 3000 Unde
2320 2970 2478 3000 necesse

1399 3017 1455 3047 est
1483 3011 1532 3049 ad
1561 3014 1778 3051 naturalem
1806 3013 1997 3052 rationem
2017 3025 2227 3062 recurrere,
2246 3015 2310 3057 cui
2338 3026 2478 3059 omnes

1399 3064 1582 3103 assentire
1603 3074 1806 3116 coguntur.
1837 3067 1952 3116 Quae
1971 3076 2103 3106 tamen
2131 3067 2172 3107 in
2201 3068 2318 3107 rebus
2336 3067 2478 3108 divinis

1399 3116 1584 3156 deficiens
1613 3127 1680 3158 est,

1454 3171 1581 3210 Simul
1608 3180 1740 3211 autem
1768 3173 1968 3213 veritatem
2001 3173 2174 3224 aliquam
2206 3173 2477 3223 investigantes

1400 3225 1652 3264 ostendemus
1671 3226 1739 3277 qui
1767 3239 1917 3266 errores
1939 3239 2011 3279 per
2037 3239 2126 3267 eam
2145 3227 2419 3275 excludantur;
2439 3235 2477 3266 et

271 3272 471 3311 veritatem
499 3285 620 3324 quam
657 3275 756 3313 fides
791 3275 990 3315 Catholica
1023 3276 1244 3327 profitetur,
1273 3289 1345 3327 pro
1360 3295 1384 3317 ,ς
1400 3279 1605 3328 quomodo
1625 3281 1928 3320 demonstrativa
1955 3279 2096 3319 veritas
2123 3278 2216 3319 fidei
2236 3280 2476 3320 Christianae

273 3333 404 3364 nostro
440 3328 602 3366 modulo
635 3329 890 3377 manifestare,
924 3343 1073 3369 errores
1106 3330 1345 3370 eliminando

331 3444 340 3462 i
363 3436 498 3463 hominum
513 3442 577 3472 post
595 3440 681 3465 studia
699 3440 768 3467 GPc.
861 3441 875 3467 5
895 3442 1010 3468 studium
1029 3443 1072 3468 dat

275 3471 385 3497 divinam
398 3473 559 3500 dilectionem
571 3473 778 3508 (similitudinem
791 3476 882 3510 aGPd)
898 3478 1036 3511 praecipue
1049 3487 1062 3504 ι
1090 3479 1135 3506 Pc.

271 3510 335 3539 post
353 3508 493 3534 contrarios
511 3509 564 3535 NZ.

275 3542 399 3567 minando
417 3543 447 3574 1),
467 3545 633 3571 eluminando
651 3546 684 3574 G.

331 3585 344 3602 z
364 3579 531 3613 praecipuum
551 3581 594 3606 Ita
612 3582 746 3613 nwxpc;
765 3583 903 3618 praecipue
922 3585 988 3614 aaG,
1009 3587 1167 3619 praecipium
1175 3586 1284 3648 5EGYl’,
1303 3587 1457 3650 principiugi
1477 3589 1547 3623 sz.

1157 3629 1167 3648 ι
1209 3628 1234 3648 et
1253 3631 1346 3656 pagam
1367 3631 1409 3650 om
1452 3644 1459 3651 .

276 3611 435 3639 chumestice
454 3623 479 3646 α,
499 3618 723 3643 macumasticeste
742 3618 772 3649 N,
794 3619 1017 3646 maehum-fistice
1035 3621 1063 3647 Z.

1102 3445 1188 3470 studio
1207 3445 1250 3470 dat
1268 3452 1298 3471 ae
1311 3445 1379 3471 GPc.

1221 3487 1253 3506 io
1273 3488 1352 3506 causa
1362 3485 1427 3514 post
1441 3487 1482 3508 eat
1495 3491 1521 3510 α.

655 3512 812 3538 eliminando
831 3513 873 3538 Ita
892 3513 1065 3547 CENWZaF5
1084 3515 1216 3541 elimando
1228 3515 1325 3549 XYpF,
1343 3517 1473 3543 obviando
1492 3519 1522 3550 B,
1535 3518 1690 3547 refemando
1702 3518 1754 3553 pH,
1773 3518 1928 3544 refrenando
1946 3518 1994 3550 ιΗ,
2008 3519 2033 3547 al
2062 3519 2218 3546 eliminando
2238 3527 2335 3555 margo
2347 3521 2381 3554 Η,
2393 3526 2477 3547 exter-

1401 3332 1593 3381 religionis
1621 3334 1843 3373 concordet.

1471 3446 1488 3472 8
1507 3447 1647 3481 praecipue
1660 3448 1692 3474 ad
1706 3448 1819 3474 divinam
1837 3447 2033 3489 aimilitudinem
2063 3448 2096 3473 ad
2115 3448 2228 3474 divinam
2246 3449 2387 3483 praecipue
2398 3448 2432 3482 G,
2444 3451 2477 3476 ad

1609 3490 1641 3509 ια
1662 3482 1716 3518 Vll]
1730 3483 1787 3510 Vlll
1799 3491 1826 3510 a.
1913 3490 1946 3516 ¹7
1966 3490 2036 3509 emm
2061 3489 2148 3510 autem
2161 3482 2233 3510 ol’c.
2320 3484 2354 3511 ³6
2373 3493 2476 3511 errore·

1638 3589 1656 3616 8
1670 3588 1816 3623 poedmua]
1834 3596 1979 3623 postumus
2001 3590 2047 3616 aZ.

2140 3597 2174 3623 ¹4
2193 3590 2403 3627 Mnhumetime}
2421 3599 2476 3618 me·

1551 3632 1585 3657 ²⁴
1605 3624 1659 3659 qui]
1679 3625 1751 3659 quod
1771 3624 1844 3652 nez.

2512 716 2521 725 ·
2536 714 2575 737 Ad
2588 721 2610 737 a,

2512 804 2522 814 ·
2537 802 2693 831 Quae-tinne.
2705 810 2724 826 ι.
