2664 4120
193 255 262 280 XLll

193 331 270 368 Quo
293 334 324 358 et
347 329 540 367 impressum
558 329 605 354 est
628 323 690 352 hoc
715 331 810 362 opus.
827 339 849 342 —
869 318 1008 361 (Rubro)
1032 319 1081 349 Ne
1099 320 1170 360 quis
1187 319 1269 349 alius

191 376 270 405 haec
291 370 521 403 commentaria
545 368 719 407 imprimat,
745 371 776 396 et
798 365 976 396 Clementis
1001 364 1058 394 Vll
1082 364 1163 394 Pon.
1182 363 1267 393 Max.

194 425 225 450 et
248 423 376 448 senatus
400 414 517 445 Veneti
542 412 672 442 decreto
697 416 830 441 cautum
855 415 902 439 est
922 423 949 439 ».

247 461 434 500 Colophon,
459 457 516 488 fol.
543 457 604 488 525
631 466 736 492 verso,
761 455 806 485 sic
830 464 864 484 se
888 454 1001 484 habet:

250 520 263 532 «
284 505 416 535 Finiunt
443 501 698 542 praeclarissima
728 499 973 534 commentaria,
1006 506 1095 528 nunc
1123 498 1267 537 primum

189 552 222 581 in
239 551 346 581 lucem
363 548 456 584 edita,
474 547 618 586 Magistri
634 545 797 576 Francisci
814 543 852 574 de
870 543 1039 584 Sylvestris
1060 541 1267 578 ferrariensis,

189 594 310 625 ordinis
326 592 596 634 praedicatorum,
614 600 720 621 sacrae
738 589 923 628 theologiae
946 586 1150 628 professoris,
1167 587 1268 616 totius

188 639 310 670 ordinis
334 637 491 678 generalis
507 636 627 672 vicarii,
644 636 678 666 in
702 634 830 664 divinos
852 639 884 663 et
908 632 1144 663 famosissimos
1168 631 1267 661 libros

189 690 301 714 contra
316 682 452 723 gentiles
469 681 606 721 angelici
623 679 765 710 doctoris
781 678 883 708 sancti
899 677 1050 707 Thomae
1063 675 1104 706 de
1119 676 1266 716 Aquino.

188 728 223 759 In
249 728 367 768 quibus
384 725 626 757 commentariis
642 725 711 764 ipse
728 723 903 763 Expositor
919 722 1030 752 omnia
1055 721 1128 751 loca
1151 729 1267 751 recon-

187 772 263 809 dita,
287 772 450 813 perplexa,
474 771 628 808 abstrusa,
653 768 805 804 difficilia,
831 773 863 798 et
889 776 958 797 non
982 766 1044 796 nisi
1069 765 1266 796 doctissimis

188 817 327 858 cognita,
352 818 386 847 in
410 816 563 846 omnibus
579 814 800 844 voluminibus
824 816 988 847 contenta,
1006 820 1101 851 quae,
1126 809 1193 841 fere
1217 810 1266 840 in-

187 861 288 897 finita,
313 871 389 892 curn
413 860 598 900 theologica
621 864 691 888 tum
723 858 866 898 physica,
898 856 1152 896 reperiebantur,
1181 854 1264 885 adeo

187 906 340 942 distinxit,
364 905 500 941 notavit,
532 903 725 938 enucleavit,
757 901 939 937 declaravit,
965 905 997 930 et
1021 899 1062 930 ad
1089 900 1266 930 minimum

186 960 291 991 usque
315 950 444 986 detexit,
462 955 497 979 ut
521 950 554 979 in
571 948 826 988 praesentiarum
843 946 939 976 etiam
956 944 1178 985 neoptolemis
1197 950 1265 975 stu-

186 996 336 1026 dentibus
352 994 432 1026 nihil
450 993 588 1034 amplius
605 991 800 1022 difficultatis
817 991 965 1031 supersit.
980 989 1139 1030 impressa
1155 995 1265 1020 autem

187 1040 330 1070 Venetiis
354 1048 481 1070 summa
505 1038 669 1078 diligentia
687 1042 718 1066 et
742 1036 890 1076 expensis
914 1034 1034 1065 nobilis
1058 1035 1117 1065 viri
1141 1034 1182 1065 D.
1199 1035 1267 1065 Lu-

185 1085 347 1116 ceantonii
362 1084 455 1114 Iunta
472 1082 646 1118 florentini,
664 1082 762 1111 Anno
781 1080 917 1111 Domini
938 1079 1034 1118 1524,
1060 1079 1122 1110 Die
1143 1087 1183 1110 ιο
1200 1079 1266 1110 Oc—

185 1129 286 1160 tobris
309 1141 337 1158 2.
606 1155 609 1159 ,

240 1173 453 1213 Frontispitio
480 1181 571 1202 verso
596 1171 730 1211 ponitur
753 1169 941 1200 Dedicatio:

243 1231 257 1244 «
277 1218 487 1249 Sanctissimo
517 1216 603 1246 Patri
635 1215 798 1246 Clementi
831 1214 889 1244 Vll
920 1214 1002 1244 Pon.
1036 1213 1121 1244 Max.
1155 1214 1267 1245 Frater

183 1263 372 1293 Franciscus
396 1261 605 1292 Ferrariensis
636 1259 767 1290 Ordinis
791 1259 1052 1300 praedicatorum
1069 1258 1102 1290 S.
1126 1259 1162 1289 P.
1187 1259 1228 1290 D.
1244 1277 1267 1282 -

183 1307 301 1343 Nemo,
333 1306 532 1337 sanctissime
556 1305 659 1341 Pater,
690 1310 757 1335 tam
787 1305 916 1345 sapiens
948 1309 996 1334 est
1027 1304 1108 1344 quin
1142 1304 1267 1334 alienae

184 1361 302 1391 operae
333 1351 494 1391 alienique
525 1350 644 1380 laboris
674 1349 826 1390 indigeat.
858 1349 1068 1380 Beatissimus
1092 1349 1217 1389 quippe
1239 1349 1268 1379 is

183 1395 338 1427 dicendus
362 1401 445 1426 esset
468 1395 525 1436 qui
549 1395 638 1425 solus
662 1394 785 1435 sibiipsi
802 1392 963 1424 sufficeret
986 1402 1116 1434 suoque
1140 1393 1201 1424 sibi
1216 1394 1267 1424 in—

181 1441 279 1481 genio
304 1449 438 1471 omnem
461 1445 571 1480 posset
600 1440 768 1470 scientiam
792 1447 992 1479 comparare,
1019 1437 1077 1469 sed
1103 1438 1266 1469 humanae

182 1486 265 1516 vitae
289 1485 492 1516 imbecillitas
506 1490 628 1515 tantam
646 1483 833 1515 felicitatem
850 1493 917 1514 non
943 1483 1040 1524 capit.
1064 1482 1174 1521 Quare
1198 1492 1267 1514 am-

181 1530 345 1570 plissimae
369 1531 407 1560 iis
438 1528 605 1560 habendae
638 1534 714 1559 sunt
743 1529 864 1569 gratiae
895 1528 954 1569 qui
983 1534 1115 1559 nostrae
1138 1528 1267 1559 institu-

180 1575 279 1605 tionis
299 1584 396 1605 causa
411 1584 481 1605 sese
497 1575 531 1605 in
548 1583 657 1604 rerum
674 1573 887 1614 vestigatione
908 1579 1125 1604 exercuerunt
1141 1582 1267 1613 suaque

181 1620 313 1650 inventa
329 1620 362 1650 in
379 1619 519 1650 aliorum
533 1618 750 1650 commodum
766 1618 866 1649 literis
879 1617 1164 1649 commendarunt.
1180 1617 1266 1648 Nam

181 1664 260 1695 dum
277 1665 336 1694 sibi
353 1663 515 1695 scribendi
532 1663 786 1704 desumpserunt
801 1671 924 1699 curam,
941 1662 1087 1703 reliquos
1103 1663 1265 1693 bonarum

182 1710 300 1739 artium
324 1708 488 1739 studiosos
512 1708 666 1749 improbo
692 1707 838 1749 quodam
855 1713 887 1738 et
911 1707 1092 1738 admodum
1115 1707 1204 1748 gravi
1220 1708 1266 1738 la-

182 1755 261 1784 bore
285 1763 469 1794 magnaque
493 1754 593 1784 animi
611 1754 772 1790 anxietate
788 1753 946 1783 levarunt.
971 1752 1079 1783 Fuere
1102 1758 1212 1783 autem
1232 1753 1265 1783 hi

180 1798 331 1839 profecto
348 1807 448 1839 quarn
464 1798 607 1838 plurimi.
625 1797 690 1830 Sed
706 1803 743 1829 ut
758 1797 940 1834 Platonem,
958 1797 1179 1834 Aristotelem,
1196 1798 1265 1828 Au-

180 1844 358 1883 gustinum,
382 1843 636 1884 Hieronymum,
654 1848 847 1883 ceterosque
865 1842 1067 1882 antiquiores
1091 1843 1149 1882 qui
1172 1841 1264 1873 fami-

180 1888 371 1928 geratissimi
395 1893 471 1919 sunt
494 1893 705 1928 praeteream,
734 1887 882 1918 Thomas
910 1887 1057 1928 aquinas,
1082 1887 1194 1918 divino
1218 1888 1266 1917 vir

181 1933 324 1973 ingenio,
351 1938 448 1973 atque
480 1931 530 1974 (ut
556 1933 600 1963 ita
624 1931 773 1973 dixerim)
801 1932 947 1963 omnium
969 1932 1131 1963 horarum
1154 1932 1263 1968 homo,

180 1983 307 2008 tantum
331 1978 397 2008 olei
420 1978 454 2008 in
478 1983 622 2009 nostram
653 1977 825 2008 utilitatem
853 1978 1059 2018 consumpsit
1088 1982 1125 2007 ut
1154 1986 1264 2017 parem

179 2022 226 2053 illi
242 2023 275 2052 in
293 2022 410 2063 quovis
426 2023 634 2053 scientiarum
651 2031 770 2063 genere
786 2031 855 2052 non
879 2021 974 2052 facile
996 2021 1097 2052 alium
1113 2022 1264 2061 reperias.

180 2067 264 2097 Nam
288 2073 354 2098 tam
370 2073 464 2098 acute
481 2067 522 2098 de
545 2073 670 2104 natura,
687 2073 753 2098 tam
770 2066 941 2107 diligenter
962 2066 1003 2097 de
1023 2066 1181 2103 moribus,
1197 2072 1264 2097 tam

179 2112 341 2152 sapienter
365 2112 404 2142 de
429 2112 525 2143 rebus
549 2112 665 2143 divinis
681 2111 840 2148 disseruit,
864 2117 900 2142 ut
924 2111 951 2142 si
974 2112 1044 2142 eius
1067 2111 1166 2142 libros
1193 2110 1263 2152 (qui

181 2155 282 2187 ferme
298 2157 461 2187 innumeri
477 2155 565 2197 sunt)
585 2156 758 2188 familiares
774 2157 904 2193 habeas,
920 2155 1001 2187 nihil
1017 2157 1057 2186 sit
1073 2156 1156 2186 ultra
1172 2155 1264 2196 quod

180 2201 261 2231 scire
278 2200 449 2232 desideres.
467 2200 561 2232 Adde
578 2200 669 2242 quod
685 2211 723 2232 ea
741 2201 854 2231 omnia
873 2210 958 2241 quae
974 2200 1084 2231 divine
1106 2201 1264 2237 tractavit,

181 2246 262 2276 mira
285 2245 426 2286 quadam
452 2245 579 2276 dicendi
604 2245 755 2276 facilitate
779 2246 974 2286 perscripsit,
998 2250 1133 2285 tamque
1156 2244 1265 2276 videre

182 2290 292 2320 animo
317 2299 416 2330 quam
441 2299 478 2320 ea
506 2299 590 2330 quae
621 2290 726 2321 oculis
755 2295 932 2321 cernuntur
962 2289 1048 2320 facit.
1080 2289 1214 2320 Peream
1238 2290 1264 2320 si

181 2343 329 2375 unquam
345 2335 397 2365 vel
419 2334 599 2374 neglectam
616 2335 655 2365 ab
673 2344 713 2365 eo
730 2333 920 2365 schedulam
936 2334 1070 2374 legerim
1094 2343 1179 2375 quae
1195 2343 1264 2365 non

181 2388 234 2410 me
252 2379 285 2409 in
301 2380 370 2410 eius
387 2379 635 2410 admirationem
657 2380 854 2420 pertraxerit.
871 2379 1050 2419 Nunquam
1067 2379 1156 2410 enim
1172 2379 1264 2409 Tho·

181 2433 270 2454 mam
308 2424 496 2464 aquinatem
531 2425 672 2455 conveni
707 2425 788 2465 quin
821 2424 954 2454 abierim
990 2423 1120 2455 doctior
1153 2424 1264 2454 eiusve

181 2469 352 2499 amantior.
392 2469 436 2499 At
471 2478 672 2510 quamquam
707 2469 809 2499 multa
845 2469 1054 2499 solertissime
1089 2468 1265 2508 disputavit

182 2513 301 2553 quibus
328 2512 423 2554 (absit
445 2513 567 2544 invidia
583 2512 696 2554 verbo)
714 2514 793 2554 ipsis
809 2514 907 2544 etiam
923 2513 1130 2544 scientiarum
1147 2513 1264 2544 autho·

181 2558 269 2588 ribus
293 2563 443 2598 praestat,
467 2558 501 2589 in
531 2558 599 2589 istis
629 2559 708 2599 ipsis
737 2564 847 2588 tamen
876 2558 964 2588 libris
995 2567 1080 2598 quos
1111 2557 1264 2589 adversus

181 2603 329 2643 gentium
354 2612 477 2634 errores
502 2603 674 2644 inscripsit,
698 2604 842 2643 seipsum
867 2611 1002 2643 quoque
1027 2603 1114 2633 visus
1138 2608 1187 2634 est
1210 2612 1263 2633 su-

181 2657 320 2688 perasse.
345 2648 430 2678 Proh
456 2647 564 2679 Deum
595 2647 832 2679 immortalem!
864 2646 955 2686 Quid
983 2647 1174 2678 christianae
1201 2648 1263 2679 rei-

181 2692 342 2733 publicae,
373 2691 453 2733 quid
484 2698 614 2723 nostrae
641 2691 728 2729 fidei,
761 2692 842 2733 quid
876 2693 1039 2723 humanae
1067 2691 1262 2733 divinaeque

181 2737 409 2777 philosophiae
433 2737 645 2779 splendidius,
669 2737 867 2768 luculentius
891 2737 1043 2768 utiliusve
1071 2736 1174 2768 afferri
1202 2746 1263 2778 po—

181 2779 265 2812 tuit?
294 2782 337 2813 Ut
360 2782 448 2813 enim
479 2783 546 2813 suis
570 2792 627 2813 eos
656 2782 823 2813 coloribus
853 2782 996 2822 pingam,
1029 2788 1104 2813 sunt
1133 2782 1261 2819 eruditi,

182 2832 257 2857 sunt
281 2828 435 2863 emuncti,
460 2833 535 2858 sunt
558 2827 818 2867 ingeniosissime
843 2827 1008 2862 elaborati,
1033 2833 1064 2857 et
1094 2827 1138 2858 ita
1162 2826 1262 2858 divini

181 2877 218 2901 ut
242 2871 299 2911 qui
323 2881 380 2902 eos
404 2871 550 2912 diligenti
577 2871 686 2903 studio
710 2872 892 2912 perlegerit,
921 2872 1044 2912 sibiipsi
1076 2878 1262 2902 constanter

181 2915 329 2955 polliceri
353 2921 451 2957 queat
471 2925 504 2947 se
527 2926 603 2947 curn
627 2916 903 2957 philosophorum
927 2922 998 2947 tum
1022 2917 1261 2948 haereticorum

181 2960 343 2996 omnium.
362 2960 567 3001 perditissimi
587 2962 774 3002 praesertim
791 2962 944 2998 hominis,
961 2971 1003 2992 ne
1019 2961 1127 2992 dicam
1146 2962 1262 2993 imma-

182 3005 332 3036 nissimae
356 3006 482 3042 beluae,
508 3006 635 3036 Martini
665 3005 792 3043 lutheri,
824 3007 881 3047 qui
911 3007 970 3037 sub
1006 3007 1089 3037 hanc
1117 3013 1260 3038 nostram

182 3055 319 3080 aetatem
337 3050 528 3081 christianae
545 3050 620 3081 fidei
641 3051 782 3082 nitorem
807 3051 932 3082 faedius
949 3052 1103 3082 omnibus
1127 3052 1183 3092 qui
1202 3061 1262 3083 un-

182 3103 281 3133 quam
306 3094 345 3125 ab
369 3094 552 3126 orthodoxa
576 3096 743 3136 republica
767 3095 973 3127 desciverunt
997 3096 1261 3133 commaculavit,

183 3144 214 3169 et
238 3138 407 3170 maledicta
431 3141 618 3180 extinguere
644 3146 675 3171 et
698 3147 888 3180 argumenta
913 3141 1070 3182 repellere
1091 3151 1191 3182 quam
1216 3141 1262 3172 fa-

183 3183 302 3214 cillime
326 3185 438 3224 possit.
463 3185 540 3223 Quo
558 3184 594 3215 fit
618 3191 654 3216 ut
677 3186 710 3215 in
737 3195 808 3216 eam
826 3195 924 3226 quam
950 3186 1098 3227 plerique
1122 3187 1262 3227 probant

183 3228 374 3267 opinionem
399 3229 550 3266 adducar,
575 3236 653 3260 tunc
681 3230 816 3261 huiusce
849 3231 956 3271 operis
988 3231 1119 3262 anxiam
1148 3241 1261 3262 curam

183 3273 323 3303 tenuisse
340 3274 505 3305 Thomam
523 3284 609 3310 cum,
627 3275 666 3304 ab
682 3274 854 3306 Ludovico
872 3276 1073 3307 Francorum
1090 3286 1164 3316 rege
1181 3286 1260 3307 con-

185 3316 270 3346 vivio
295 3316 490 3350 familiariter
513 3325 677 3359 exceptus,
706 3321 798 3360 quasi
824 3331 840 3350 e
866 3320 1031 3360 profundo
1056 3326 1261 3361 experrectus

185 3370 314 3400 somno,
343 3372 411 3393 esse
441 3370 554 3394 contra
586 3364 794 3395 manichaeos
829 3365 1025 3396 conclusum
1058 3366 1261 3397 asseveravit.

187 3404 294 3435 Tanto
318 3416 460 3447 namque
485 3408 598 3439 ardore
615 3409 714 3439 animi
730 3409 764 3439 in
781 3410 890 3440 hostes
907 3409 982 3441 fidei
1003 3410 1165 3442 ferebatur
1188 3420 1261 3441 rue-

188 3449 306 3489 batque
330 3457 375 3489 ut,
399 3452 432 3482 in
462 3463 498 3483 ea
522 3454 640 3484 mentis
664 3454 862 3493 cogitatione
888 3464 952 3495 qua
977 3455 1053 3495 pila.
1077 3455 1151 3495 tela,
1178 3455 1262 3487 ictus

189 3494 306 3533 quibus
330 3505 385 3525 eos
410 3496 516 3527 feriret
539 3498 725 3538 vestigabat,
743 3499 882 3539 sibiipsis
899 3509 1012 3530 sensus
1029 3506 1177 3532 constare
1194 3510 1263 3531 non

189 3544 331 3577 possent.
350 3540 458 3571 Hosce
476 3551 536 3581 ego
554 3542 651 3573 libros
668 3549 883 3583 posteaquam
908 3545 1096 3584 saepissime
1120 3545 1194 3585 legi,
1218 3545 1263 3576 le-

189 3582 362 3623 gendoque
386 3594 487 3625 prope
512 3586 635 3622 detrivi,
660 3597 736 3618 cum
757 3589 846 3619 succi
870 3588 1049 3620 admodum
1073 3589 1189 3630 plenos
1213 3589 1262 3620 of-

189 3626 373 3664 fendissem,
398 3630 556 3670 explicare
576 3631 607 3661 in
633 3632 776 3663 animum
798 3633 909 3664 induxi
934 3643 1056 3665 meum.
1081 3634 1167 3665 Nam
1186 3644 1262 3665 cum

1324 322 1450 347 caetera
1473 316 1539 347 divi
1563 317 1713 348 Thomae
1728 327 1828 358 opera
1843 318 1991 358 plerique
2009 318 2119 348 aetatis
2136 323 2265 349 nostrae
2285 319 2404 350 doctis-

1323 361 1397 391 simi
1422 361 1491 397 viri,
1508 360 1566 392 sed
1581 362 1614 392 in
1638 363 1751 402 primis
1767 362 1914 394 Thomas
1938 362 2124 399 Caietanus‚
2141 363 2292 394 omnium
2314 365 2404 405 inge-

1323 406 1527 436 niosissimus
1550 406 1737 444 hominum,
1753 407 1907 438 Cardinei
1925 416 2108 444 consessus,
2126 407 2248 438 nedum
2265 407 2405 440 familiae

1322 456 1451 480 nostrae
1474 449 1730 490 praedicatoriae
1744 451 1871 492 insigne
1894 458 2136 488 ornamentum,
2153 453 2219 483 suis
2235 462 2405 484 commen-

1322 494 1499 524 tationibus
1515 494 1690 532 illustrarit,
1706 505 1792 526 unus
1815 496 1869 527 hic
1885 496 1943 537 qui
1959 502 2072 527 contra
2087 503 2200 537 gentes
2221 497 2405 529 inscribitur

1322 539 1412 575 liber,
1438 539 1572 575 iacebat,
1596 539 1774 580 nullusque
1797 540 1838 571 ad
1861 551 1938 572 eum
1967 541 2194 572 illustrandum
2219 543 2406 583 apponebat

1322 593 1468 614 manum.
1493 583 1604 622 Quare
1627 594 1670 614 ne
1694 585 1794 622 solus,
1818 585 1996 627 neglectuS,
2021 586 2175 623 incultus,
2192 587 2406 628 desertusque

1322 634 1416 667 esset,
1441 627 1533 668 quod
1556 629 1637 659 mihi
1660 629 1779 660 virium
1803 629 1874 667 fuit,
1897 630 1932 661 id
1955 639 2056 662 omne
2085 632 2119 662 in
2149 641 2189 662 eo
2215 632 2404 663 exornando

1322 673 1465 713 profudi,
1489 683 1557 703 non
1583 682 1624 704 eo
1648 683 1727 704 sane
1751 675 1891 705 consilio
1906 675 2000 715 quod
2014 681 2081 706 tam
2105 677 2234 707 excelso
2258 678 2404 718 praecla-
2442 705 2445 707 .

1321 727 1426 758 roque
1451 718 1544 758 operi
1568 727 1681 758 parem
1707 727 1762 749 me
1786 725 1947 759 praestare
1975 719 2177 760 diligentiam
2204 731 2301 762 posse
2325 731 2405 753 con-

1321 761 1467 799 fiderem,
1497 762 1555 794 sed
1579 772 1620 793 eo
1651 763 1801 794 instituto
1829 769 1865 794 ut
1890 764 1931 794 iis
1954 765 2012 804 qui
2039 764 2190 797 Thomae
2221 765 2405 798 doctrinam

1320 807 1494 838 observant
1517 813 1549 838 et
1572 807 1684 848 aliquo
1701 808 1858 848 prosequi
1881 807 2066 840 desiderant
2087 809 2210 847 officio,
2229 820 2405 852 praemon-

1319 858 1452 883 strarem
1469 862 1554 893 quae
1577 852 1631 883 ille
1655 853 1751 883 nobis
1773 852 1962 893 invigilavit,
1978 858 2046 884 tam
2061 861 2196 886 excocta
2211 865 2281 887 esse
2304 866 2404 897 quam

1319 897 1520 934 succulenta,
1544 907 1583 927 ac
1606 897 1703 938 plane
1726 897 1802 928 talia
1824 903 1861 928 ut
1884 898 1918 928 in
1942 897 2004 928 illis
2019 907 2117 929 suum
2138 900 2278 940 quisque
2301 902 2406 941 possit

1319 943 1487 983 ingenium
1512 951 1672 973 exercere.
1698 941 1855 973 Ceterum
1875 951 1952 974 cum
1971 951 2105 974 mecum
2119 943 2192 984 ipse
2206 945 2404 985 cogitatione

1320 987 1552 1028 conquirerem
1569 987 1623 1017 cui
1645 987 1747 1018 hosce
1770 997 1864 1018 meos
1887 988 2143 1018 commentarios
2166 997 2404 1030 nuncuparem,

1319 1032 1452 1072 hucque
1475 1038 1575 1072 atque
1598 1031 1676 1063 illuc
1699 1032 1880 1063 traheretur
1902 1033 2041 1069 animus,
2065 1033 2135 1073 ipsa
2158 1043 2228 1064 sese
2251 1035 2332 1065 mihi
2349 1041 2406 1066 tua

1319 1078 1473 1107 sanctitas
1496 1076 1617 1107 obtulit
1641 1077 1695 1108 cui
1717 1077 1788 1108 iure
1813 1077 1942 1118 optimo
1966 1076 2076 1108 deberi
2100 1077 2296 1109 viderentur.
2320 1079 2406 1111 Nam

1321 1131 1398 1152 cum
1430 1122 1518 1152 hunc
1548 1121 1659 1162 ipsum
1687 1121 1808 1153 librum
1838 1121 1880 1152 ad
1911 1122 2157 1163 expurgandam
2185 1123 2279 1154 omni
2308 1124 2405 1156 sorde

1320 1166 1528 1197 christianam
1551 1164 1652 1197 fidem
1679 1165 1774 1198 divus
1796 1166 1944 1197 Thomas
1973 1166 2123 1203 ediderit,
2150 1168 2204 1198 cui
2234 1168 2406 1201 honestius

1320 1220 1420 1251 quam
1445 1210 1610 1242 Clementi
1625 1211 1796 1242 V11P0nt.
1821 1211 1907 1243 Max.
1925 1210 2054 1242 dicandi
2078 1210 2187 1243 erant?
2210 1212 2299 1244 Cum
2315 1214 2404 1246 enim

1320 1255 1520 1287 Pontificum
1543 1265 1727 1297 regumque
1741 1256 1896 1287 omnium
1919 1256 2082 1287 Maximus
2096 1257 2151 1294 sis,
2166 1262 2266 1298 atque
2281 1257 2404 1290 idcirco

1319 1301 1421 1332 totius
1445 1301 1643 1342 reipublicae
1670 1301 1864 1332 christianae
1887 1300 2084 1338 moderator,
2109 1302 2159 1333 tui
2187 1303 2336 1334 muneris
2357 1309 2406 1335 est

1320 1345 1402 1386 quid
1425 1346 1619 1376 christianae
1643 1344 1720 1377 fidei
1743 1346 1930 1383 conveniat,
1945 1345 2068 1386 quidve
2091 1345 2138 1378 illi
2161 1353 2323 1388 repugnet
2345 1349 2405 1379 ob·

1321 1396 1449 1431 stetque
1473 1390 1659 1428 decernere,
1684 1399 1753 1431 quo
1777 1399 1855 1422 sane
1878 1390 2019 1422 efficitur
2041 1396 2079 1422 ut
2101 1391 2183 1423 mihi
2209 1392 2406 1433 persuadere

1320 1436 1445 1476 possim
1468 1435 1559 1466 nulla
1582 1445 1637 1467 me
1660 1445 1699 1466 ex
1723 1440 1814 1476 parte
1831 1445 1849 1467 a
1872 1435 2045 1467 christiana
2067 1435 2134 1467 fide
2156 1436 2191 1467 in
2214 1437 2279 1468 hoc
2303 1446 2405 1479 opere

1321 1479 1505 1511 concidisse
1521 1481 1548 1511 si
1571 1481 1628 1511 abs
1651 1485 1684 1511 te
1699 1478 1797 1512 fuerit
1812 1481 2078 1521 comprobatum.
2095 1480 2171 1512 Hoc
2189 1481 2300 1522 ipsum
2319 1491 2405 1523 quo·

1320 1534 1386 1566 que
1409 1525 1491 1556 mihi
1515 1531 1605 1556 certo
1621 1525 1771 1566 polliceri
1786 1534 1935 1566 possum,
1951 1525 1978 1556 si
1994 1525 2075 1565 quid
2097 1535 2259 1566 erravero,
2274 1532 2308 1558 te
2322 1527 2405 1561 mihi

1320 1575 1422 1601 errata
1438 1571 1551 1601 omnia
1567 1569 1662 1601 facile
1677 1570 1955 1607 condonaturum,
1968 1571 2094 1611 quippe
2105 1570 2198 1611 quod
2208 1581 2277 1603 non
2293 1572 2404 1604 solum

1321 1613 1487 1651 Clemens,
1511 1625 1627 1658 verum
1650 1615 1749 1646 etiam
1776 1615 2051 1647 clementissimus
2077 1615 2132 1647 sis.
2162 1615 2228 1647 Sed
2256 1622 2289 1648 et
2316 1617 2403 1648 istud

1319 1668 1373 1690 me
1396 1669 1598 1701 magnopere
1621 1665 1753 1696 recreat,
1778 1659 1881 1700 quod,
1905 1669 1983 1691 cum
2006 1660 2166 1692 acerrimo
2189 1661 2346 1693 omnibus
2368 1662 2403 1694 in

1318 1705 1415 1735 rebus
1431 1705 1474 1735 sis
1489 1704 1624 1740 iudicio,
1641 1705 1737 1735 hasce
1753 1714 1844 1736 meas
1859 1705 2080 1736 enarrationes
2095 1705 2283 1746 probabunt
2294 1707 2403 1744 multi,

1319 1748 1399 1780 dum
1423 1759 1477 1780 eas
1491 1750 1553 1781 sub
1577 1755 1636 1781 tuo
1651 1750 1788 1781 nomine
1805 1749 1985 1790 publicatas
2009 1749 2159 1787 viderint,
2183 1751 2242 1791 qui
2265 1751 2402 1783 fortasse

1318 1793 1535 1826 damnassent.
1553 1794 1642 1826 Nihil
1658 1794 1747 1826 enim
1763 1799 1855 1826 tanto
1870 1793 2035 1831 Pontifici,
2051 1795 2110 1836 qui
2123 1804 2234 1828 rerum
2249 1797 2402 1829 omnium

1318 1839 1616 1879 experientissimus
1642 1839 1693 1876 sit,
1720 1838 1898 1870 dicandum
1925 1838 2024 1870 fuisse
2056 1839 2287 1872 existimabunt
2309 1840 2401 1882 quod

1318 1893 1387 1914 non
1411 1884 1452 1915 sit
1467 1885 1560 1915 omni
1584 1893 1672 1920 cura,
1695 1883 1818 1920 studio,
1834 1883 2002 1924 diligentia
2021 1883 2188 1916 excultum
2209 1890 2309 1925 atque
2327 1895 2401 1926 per·

1318 1927 1452 1967 fectum,
1476 1930 1590 1969 sicque
1621 1937 1684 1968 ego
1719 1928 1760 1960 de
1787 1934 1843 1960 tua
1866 1929 2035 1960 Maiestate
2059 1928 2167 1970 deque
2198 1930 2328 1961 excelso
2351 1931 2402 1964 in-

1317 1974 1415 2014 genio
1432 1979 1492 2004 tuo
1508 1974 1684 2005 maximam
1701 1974 1781 2005 mihi
1797 1972 1930 2005 laudem
1945 1983 1983 2004 ac
1998 1973 2139 2014 gloriam
2154 1983 2401 2015 comparavero,

1318 2017 1504 2050 Invenietur
1535 2017 1618 2049 forte
1649 2018 1684 2049 in
1714 2018 1804 2050 hisce
1831 2019 1915 2050 meis
1941 2019 2186 2050 commentariis
2213 2019 2308 2060 quod
2332 2029 2403 2053 non

1318 2064 1473 2095 omnibus
1497 2063 1624 2104 placeat
1650 2062 1744 2105 (haec
1760 2069 1808 2095 est
1824 2063 1914 2095 enim
1936 2063 2074 2099 humani
2096 2063 2220 2104 ingenii
2243 2063 2402 2103 conditio,

1318 2114 1354 2139 ut
1378 2107 1471 2149 quod
1494 2117 1580 2139 unus
1604 2108 1731 2149 probat,
1761 2108 1855 2140 alteri
1882 2106 2078 2150 displiceat).
2109 2108 2167 2140 sed
2194 2114 2305 2141 tamen
2328 2118 2403 2153 sum

1317 2153 1399 2183 mihi
1423 2154 1492 2194 ipse
1516 2154 1606 2184 testis
1629 2153 1710 2184 nihil
1734 2162 1753 2183 a
1775 2162 1830 2184 me
1853 2153 1887 2184 in
1910 2153 1976 2184 hoc
1999 2161 2101 2193 opere
2124 2159 2309 2186 enarratum
2332 2163 2402 2188 esse

1319 2196 1410 2237 quod
1434 2207 1501 2228 non
1526 2207 1566 2228 ex
1590 2197 1742 2229 Thomae
1765 2197 1927 2230 sententia
1950 2196 2048 2229 fuisse
2073 2197 2276 2231 crediderim.
2300 2198 2403 2239 Quod

1318 2252 1395 2273 sane
1419 2243 1445 2273 si
1469 2248 1637 2273 assecutus
1661 2241 1766 2279 fuero,
1799 2251 1972 2283 nunquam
2002 2251 2057 2273 me
2085 2242 2205 2275 laboris
2231 2243 2298 2277 mei
2321 2253 2403 2284 poe-‚⁵

1318 2287 1443 2318 nitebit.
1469 2286 1526 2318 Sin
1557 2287 1676 2323 minus,
1706 2287 1770 2318 hoc
1801 2287 1883 2319 mihi
1912 2287 2027 2319 saltem
2057 2287 2294 2320 consolationis
2324 2288 2403 2322 loco

1318 2341 1453 2372 ponam,
1478 2331 1571 2372 quod
1593 2332 1682 2363 hisce
1710 2331 1791 2363 meis
1822 2331 1958 2363 fortasse
1986 2332 2116 2372 ineptiis
2145 2331 2311 2365 literarum
2334 2338 2403 2367 stu—

1318 2376 1419 2407 diosis
1438 2375 1683 2417 conquirendae
1700 2377 1842 2408 veritatis
1857 2377 2070 2408 occasionem
2092 2377 2318 2417 praestiterim.
2336 2379 2403 2413 A&

1318 2421 1415 2461 cipite
1439 2422 1561 2462 itaque,
1585 2421 1680 2452 Pont.
1706 2421 1804 2457 Max..
1828 2421 1912 2452 hanc
1935 2430 2084 2452 mearum
2115 2422 2298 2462 vigiliarum
2329 2431 2403 2463 par·

1317 2472 1394 2503 tem,
1420 2475 1571 2507 quosque
1595 2466 1725 2498 nomini
1755 2472 1814 2497 tuo
1839 2466 2106 2498 Commentarios
2135 2468 2336 2508 nuncupavi,
2359 2477 2402 2500 eo

1317 2511 1429 2542 animo
1454 2511 1612 2552 suscipito
1636 2520 1705 2552 quo
1732 2510 1835 2542 trado.
1865 2511 1941 2542 Hoc
1970 2511 2060 2542 enim
2089 2511 2171 2542 mihi
2194 2512 2228 2543 in
2251 2513 2402 2544 maximis

1317 2556 1415 2587 lucris
1430 2556 1610 2597 posuerim,
1626 2556 1653 2586 si
1669 2565 1727 2587 eos
1743 2556 1904 2587 sanctitati
1919 2562 1995 2587 tuae
2010 2555 2062 2587 vel
2078 2555 2287 2588 mediocriter
2302 2555 2402 2590 fuisse

1316 2606 1425 2641 gratos
1449 2601 1651 2632 intellexero.
1683 2600 1764 2632 Vale
1792 2606 1954 2641 perpetuo
1986 2599 2072 2632 felix.
2096 2618 2120 2624 —
2142 2601 2314 2634 Bononiae
2338 2600 2402 2634 Ca-

1317 2644 1421 2677 lendis
1445 2645 1619 2678 Sextilibus
1644 2645 1831 2676 MDxxuu
1851 2659 1879 2676 ι.

1371 2690 1531 2731 Sequenti
1555 2689 1636 2722 folio
1661 2696 1750 2722 recto
1775 2690 1918 2722 occurn’t
1948 2689 2194 2723 commendatio
2219 2690 2339 2732 Operis
2360 2689 2402 2725 ad

1315 2735 1490 2767 Lectorem
1514 2745 1532 2766 a
1555 2735 1678 2767 Ioanne
1703 2735 1847 2776 Baptista
1872 2735 2013 2776 Egnatio
2037 2736 2166 2776 scripta,
2183 2745 2202 2768 e
2226 2744 2293 2777 qua
2315 2741 2402 2767 tran·

1315 2780 1486 2812 scribimus
1510 2790 1595 2821 quae
1618 2779 1659 2812 de
1690 2779 1945 2812 Commentariis
1974 2780 2082 2812 habet.
2111 2793 2126 2808 α
2150 2779 2319 2818 Ceterum,
2341 2787 2402 2813 seu

1315 2825 1407 2865 quod
1437 2826 1617 2857 obscurum
1645 2825 1709 2856 hoc
1733 2834 1819 2866 opus
1849 2823 2000 2867 (Summa
2029 2824 2155 2856 Contra
2182 2823 2342 2866 Gentiles)
2369 2830 2402 2857 et

1313 2869 1453 2902 arduum
1477 2880 1538 2902 suo
1563 2875 1757 2911 argumento
1785 2875 1863 2906 erat,
1890 2879 1951 2902 seu
1975 2869 2067 2910 quod
2094 2869 2269 2909 christiana
2298 2870 2402 2912 pietas

1314 2915 1474 2946 intestinis
1498 2916 1601 2956 magis
1617 2915 1702 2946 vitiis
1721 2924 1819 2956 quam
1837 2915 1977 2947 externis
1993 2914 2128 2952 laboret,
2148 2920 2184 2946 ut
2207 2925 2276 2948 non
2301 2924 2402 2956 quaef

1313 2959 1414 2991 tenda
1437 2961 1500 2991 sint
1523 2959 1664 3001 amplius
1688 2965 1879 3000 argumenta
1907 2960 1944 2991 in
1967 2958 2044 2990 fidei
2066 2959 2188 2997 hostes,
2217 2959 2276 2991 sed
2298 2959 2402 3002 magis

1314 3005 1347 3037 in
1371 3015 1433 3036 nos
1462 3006 1551 3046 ipsos
1575 3004 1728 3042 remedia,
1756 3005 1809 3035 vix
1839 3014 1944 3036 unum
1972 3010 2029 3036 aut
2058 3004 2197 3037 alterum
2223 3004 2402 3037 invenisse·

1315 3050 1373 3090 qui
1393 3050 1533 3090 legendo
1550 3051 1628 3082 huic
1645 3050 1736 3091 operi
1754 3048 1900 3081 studium
1916 3058 2096 3091 curamque
2111 3049 2289 3083 adhiberet.
2308 3049 2402 3083 Alio-

1314 3095 1372 3136 qui
1396 3101 1523 3136 praeter
1546 3095 1609 3127 alia
1631 3094 1743 3126 deesse
1768 3103 1906 3136 quoque
1928 3093 2122 3127 videbantur
2143 3093 2256 3127 multis
2278 3093 2403 3126 lenoci-

1314 3140 1378 3177 nia,
1407 3150 1493 3181 quae
1526 3141 1738 3172 abhorrentes
1770 3140 1810 3171 ab
1846 3149 2012 3171 sacrarum
2046 3139 2225 3172 litterarum
2258 3138 2402 3179 lectione

1314 3184 1431 3216 doctos
1446 3194 1516 3217 non
1533 3195 1656 3226 paucos
1673 3185 1856 3224 invitarent,
1873 3190 1916 3222 et,
1939 3185 1965 3216 si
1982 3193 2049 3225 qua
2071 3183 2262 3216 obscuriora
2284 3188 2402 3221 usent,

1314 3230 1520 3261 illustrarent.
1546 3229 1581 3261 ld
1605 3240 1646 3261 ne
1673 3229 1854 3261 desiderare
1881 3229 2022 3270 amplius
2048 3229 2178 3267 habeas,
2210 3227 2404 3270 Franciscus

1314 3285 1353 3306 ex
1369 3274 1604 3316 praedicatoria
1627 3274 1759 3312 familia,
1775 3281 1851 3316 post
1868 3273 2063 3306 Caletanum
2079 3271 2287 3304 Cardinalem
2308 3271 2403 3305 facile

1314 3321 1466 3360 princeps
1490 3329 1567 3351 cum
1590 3319 1737 3351 doctrina
1760 3325 1831 3351 tum
1854 3319 1938 3351 vitae
1961 3317 2188 3354 sanctimonia,
2203 3316 2319 3349 effecit.
2335 3317 2403 3356 Qui

1314 3365 1570 3396 commentarios
1586 3366 1620 3396 in
1643 3365 1707 3396 hoc
1733 3374 1818 3404 opus
1834 3370 1901 3395 tam
1924 3363 2041 3400 cultos,
2065 3367 2132 3394 tam
2156 3361 2312 3402 eruditos,
2335 3369 2403 3394 tam

1314 3409 1430 3450 planos
1446 3409 1658 3446 elucubravit,
1675 3415 1711 3441 ut
1734 3409 1844 3440 nullus
1867 3417 1936 3439 esse
1960 3407 2161 3439 excusationi
2185 3407 2279 3439 locus
2302 3407 2404 3448 possit

1315 3455 1413 3486 etiam
1429 3465 1447 3485 a
1463 3455 1560 3486 sacris
1576 3454 1688 3486 litteris
1703 3453 1902 3485 alienissimo
1918 3453 1945 3484 si
1961 3458 2036 3493 post
2058 3453 2119 3484 hac
2138 3458 2170 3483 et
2186 3452 2324 3484 libenter
2338 3452 2403 3484 hoc

1315 3509 1399 3540 opus
1423 3509 1492 3530 non
1516 3499 1665 3530 lectitarit
1681 3504 1713 3530 et
1733 3499 1767 3529 in
1790 3498 1942 3529 manibus
1959 3496 2145 3538 frequenter
2166 3497 2324 3528 habuerit.
2349 3495 2403 3528 Tu

1315 3545 1422 3585 igitur,
1449 3545 1563 3581 lector,
1591 3544 1756 3585 experiere
1784 3542 1878 3574 facile
1909 3541 2060 3583 legendo,
2091 3548 2123 3573 et
2153 3542 2307 3583 probabis
2334 3551 2402 3572 non

1315 3590 1424 3621 solum
1441 3590 1647 3621 christianam
1664 3589 1819 3629 pietatem
1834 3587 1953 3618 debere
1969 3586 2084 3624 Paulo,
2107 3587 2307 3627 Augustino,
2323 3586 2403 3618 Hie-

1316 3644 1470 3676 ronymo,
1495 3634 1656 3671 Thomae,
1680 3632 1738 3664 sed
1766 3638 1895 3664 nostrae
1919 3641 2056 3674 quoque
2086 3632 2183 3663 aetati
2212 3631 2402 3673 plurimum.
