2768 4134
39 550 50 561 ·
63 548 127 571 Lect.
144 548 165 570 6.

43 1801 55 1812 “
71 1798 108 1824 Οἱ.
121 1805 147 1824 u.
160 1806 209 1823 xxi.

804 287 993 325 SUMMA
1022 287 1244 325 CONTRA
1274 286 1549 332 GENTILES⁷
1578 288 1672 324 LIB.
1694 289 1735 333 II,
1766 288 1877 325 CAP.
1898 289 1979 325 LV.

285 366 465 403 ordinatae3
491 376 558 397 non
582 373 691 397 tamen
715 377 772 408 per
801 368 865 398 hoc
893 368 1073 398 necessario
1097 367 1232 397 habetur
1256 365 1356 405 quod,

284 411 482 442 cessantibus
505 411 566 442 illis
590 412 742 448 motibus,
767 413 899 442 scientia
929 417 960 442 et
987 411 1158 452 prudentia
1188 409 1358 441 adveniant

284 456 410 486 animae
434 456 555 496 absque
578 462 672 486 motu
695 457 797 496 ipsius
820 456 1011 487 intellectus.

342 500 372 531 3.
397 500 449 530 Ad
479 500 577 530 huius
608 500 815 538 evidentiam,
841 500 1126 537 considerandum,
1151 509 1189 531 ex
1213 498 1358 530 doctrina

286 544 394 576 Sancti
411 544 560 575 Thomae
571 545 629 575 VII
642 545 751 586 Phys„
768 546 801 576 in
818 546 1021 586 expositione
1037 551 1142 576 textus
1160 553 1201 575 20
1212 545 1239 580 *,
1256 542 1357 583 quod,

286 599 362 620 cum
385 589 568 620 intellectus
591 590 631 619 sit
654 590 687 619 in
710 590 824 620 ultima
847 591 1060 631 dispositione
1078 589 1118 620 ad
1134 587 1358 629 recipiendum

285 634 428 674 speciem
439 633 685 674 intelligibilem,
702 634 727 664 si
744 635 925 665 secundum
944 645 978 665 se
994 634 1224 670 consideretur,
1241 633 1358 668 statim,

285 678 431 709 deductis
446 678 698 718 impedimentis,
716 679 756 709 ad
776 680 990 719 praesentiam
1007 680 1212 710 obiectorum
1227 687 1285 718 per
1304 686 1358 707 ex-

284 723 503 762 perimentum
515 729 726 763 acceptorum
736 723 929 754 informatur
940 724 1048 764 specie
1059 722 1263 763 intelligibili,
1276 722 1359 752 sicut

284 767 455 807 speculum
479 766 583 798 forma
606 768 765 808 speculari
789 768 829 799 ad
852 769 1067 809 praesenn'am
1091 768 1246 808 corporis.
1272 765 1359 804 Quia

283 820 361 842 vero
385 821 443 851 per
466 812 662 843 inordinatas
686 813 785 843 animi
809 814 974 854 passiones
1001 819 1034 843 et
1060 812 1207 853 corporis
1233 817 1359 852 pertur-

283 856 430 887 bationes
453 858 561 888 anima
585 858 623 887 ab
647 858 862 898 acquisitione
885 857 1062 898 impeditur
1084 857 1248 893 scientiae,
1271 855 1358 892 ideo,

282 901 416 931 remotis
428 907 484 932 aut
499 901 615 933 sedatis
631 902 821 933 huiusmodi
835 902 1052 943 passionibus,
1068 902 1175 932 statim
1188 905 1360 932 causantur

283 946 406 986 species
421 946 455 976 in
478 946 645 978 intellectu
662 956 777 977 eorum
794 956 936 987 quorum
952 946 1212 987 experimentalis
1231 946 1296 976 iam
1312 950 1359 975 est

282 990 389 1021 habita
413 991 567 1031 cognitio.
592 991 634 1022 Et
657 991 779 1022 idcirco
800 992 905 1022 subita
927 991 987 1021 ista
1011 990 1183 1031 acquisitio
1207 990 1359 1020 scientiae

281 1043 340 1074 per
360 1036 574 1067 cessationem
589 1042 700 1067 motus
716 1036 886 1066 extrinseci
909 1036 1039 1075 signum
1055 1040 1103 1065 est
1120 1034 1210 1075 quod
1227 1034 1360 1065 scientia

282 1089 350 1109 non
374 1081 549 1120 acquiritur
565 1090 622 1121 per
638 1086 767 1111 motum
782 1081 884 1121 ipsius
899 1080 1098 1110 intellectus:
1114 1088 1224 1119 neque
1247 1088 1305 1119 per
1325 1088 1359 1110 se

282 1124 454 1164 requiritur
466 1125 611 1156 alteratio
624 1125 832 1166 praecedens,
849 1125 924 1156 licet
934 1125 1116 1164 requiratur
1127 1124 1268 1154 remotio
1284 1133 1359 1164 pro-

282 1169 432 1200 hibentis.
457 1169 499 1200 Et
521 1171 566 1201 sic
590 1175 679 1210 patet
702 1169 794 1210 quod
817 1169 1011 1206 intellectus,
1034 1179 1093 1210 per
1116 1178 1150 1200 se
1179 1168 1360 1209 loquendo,

280 1213 446 1254 perficitur
468 1223 537 1245 non
561 1223 619 1255 per
641 1220 781 1251 motum,
805 1214 862 1245 sed
885 1223 943 1254 per
965 1215 1030 1244 hoc
1053 1213 1144 1254 quod
1168 1218 1216 1244 est
1239 1213 1361 1253 aliquid

283 1264 370 1289 extra
391 1264 522 1290 motum
546 1265 578 1290 et
601 1264 731 1299 tempus
755 1259 904 1290 existens.

337 1303 390 1334 Ad
413 1303 550 1339 dubium
573 1313 651 1344 ergo
676 1303 802 1340 dicitur,
819 1304 938 1344 primo,
955 1303 1045 1343 quod
1064 1311 1132 1333 non
1157 1307 1241 1333 stant
1264 1302 1360 1332 simul

281 1349 571 1388 permotionem
585 1354 696 1379 motus
713 1349 883 1379 extrinseci
899 1348 1041 1378 animam
1055 1346 1168 1388 perfici
1184 1355 1243 1386 per
1258 1347 1362 1377 scien—

281 1393 360 1424 tiam
379 1393 497 1430 statim,
516 1399 553 1424 ut
568 1392 706 1424 intendit
722 1393 860 1424 Sanctus
875 1392 1031 1428 Thomas,
1048 1398 1080 1422 et
1095 1393 1200 1432 ipsam
1215 1401 1273 1432 per
1288 1401 1362 1422 mo·

282 1443 353 1468 tum
369 1438 536 1478 acquirere
553 1438 738 1468 scientiam:
763 1438 840 1477 quia
863 1436 954 1477 quod
978 1436 1085 1467 statim
1104 1442 1234 1467 remoto
1257 1437 1361 1476 impe-

282 1481 429 1513 dimento
445 1481 620 1522 perficitur,
636 1491 704 1512 non
725 1487 871 1512 actuatur
886 1491 944 1521 per
959 1487 1098 1511 motum.

337 1526 391 1557 Ad
414 1526 602 1566 exemplum
632 1526 723 1566 quod
753 1525 934 1562 adducitur,
959 1525 1077 1556 dicitur
1101 1524 1192 1565 quod
1214 1533 1284 1554 non
1315 1529 1362 1554 est

282 1570 323 1601 ad
345 1571 564 1610 propositum.
588 1569 676 1608 Quia
698 1570 824 1610 lignum
846 1579 915 1600 non
939 1570 1046 1600 statim
1075 1569 1115 1599 ad
1146 1569 1362 1599 cessationem

282 1615 516 1645 commotionis
539 1614 620 1645 aeris
642 1613 843 1645 incenditur:
868 1623 909 1644 eo
934 1612 1025 1653 quod
1047 1622 1116 1643 non
1140 1613 1180 1643 sit
1200 1612 1234 1643 in
1249 1612 1362 1643 ultima

282 1657 496 1699 dispositione
519 1658 559 1689 ad
583 1657 723 1689 formam
745 1659 839 1698 ignis,
862 1658 947 1688 sicut
969 1657 1152 1688 intellectus
1175 1662 1223 1687 est
1246 1666 1362 1687 secun-

281 1702 362 1735 dum
385 1712 420 1733 se
441 1704 476 1734 in
500 1703 615 1734 ultima
637 1702 852 1743 dispositione
875 1701 916 1733 ad
939 1701 1060 1732 formas
1090 1701 1308 1742 intelligibiles
1331 1707 1363 1731 et

282 1747 323 1778 ad
346 1747 526 1778 scientiam.

337 1792 437 1823 XVII.
467 1792 671 1823 Duodecimn
687 1792 714 1822 ’ἥ
740 1790 944 1822 Substantiae
966 1790 1199 1821 intellectuales
1225 1790 1362 1821 naturali

282 1836 444 1869 desiderio
467 1843 627 1878 appetunt
650 1846 720 1867 esse
743 1841 950 1876 perpetuum.
975 1835 1062 1876 Ergo
1087 1841 1148 1866 etc.

335 1881 427 1912 Patet
442 1882 687 1922 consequentia.
700 1880 788 1919 Quia
802 1880 947 1911 naturale
959 1879 1155 1911 desiderium
1169 1889 1239 1911 non
1254 1885 1362 1920 potest

283 1936 353 1957 esse
376 1926 507 1957 frustra:
533 1936 609 1957 cum
633 1931 755 1957 natura
779 1925 862 1956 nihil
875 1924 1013 1966 frustra
1037 1930 1200 1965 operetur.

338 1971 497 2002 Probatur
519 1970 724 2002 antecedens.
749 1969 966 2010 Cognoscunt
981 1975 1012 2000 et
1028 1968 1277 2009 apprehendunt
1293 1978 1361 1999 esse

283 2021 490 2056 perpetuum.
513 2016 601 2056 Ergo
625 2021 656 2046 et
679 2014 760 2046 illud
780 2014 966 2045 naturaliter
981 2019 1150 2054 appetunt.
1166 2030 1189 2036 -
1203 2013 1361 2044 Probatur

283 2060 518 2101 consequentia
542 2070 580 2091 ex
604 2059 850 2100 comparatione
873 2058 913 2090 ad
936 2068 973 2089 ea
996 2067 1080 2099 quae
1104 2058 1292 2099 cognitione
1309 2068 1360 2088 ca-

282 2111 364 2136 rent.
389 2105 445 2136 Illa
469 2105 556 2136 enim
581 2114 724 2146 quorum
746 2104 914 2145 principiis
937 2104 1020 2133 inest
1043 2104 1143 2134 virtus
1167 2102 1207 2133 ad
1231 2112 1361 2133 conser-

282 2148 426 2180 vandum
458 2158 528 2180 esse
560 2155 756 2190 perpetuum
789 2147 971 2179 secundum
999 2157 1190 2184 numerum,
1214 2148 1361 2188 appetitu

283 2199 506 2235 consequente
521 2193 575 2225 illa
590 2194 748 2235 principia
764 2198 922 2234 appetunt
941 2202 1010 2222 esse
1032 2198 1229 2233 perpetuum
1246 2201 1361 2223 secun-

283 2238 363 2270 dum
386 2248 571 2270 numerum.
596 2238 748 2277 Quorum
771 2244 880 2268 autem
897 2237 1055 2277 principia
1070 2237 1190 2267 habent
1208 2237 1360 2267 virtutem

283 2284 324 2315 ad
346 2283 608 2315 conservandum
631 2293 701 2314 esse
723 2288 919 2323 perpetuum
940 2281 1121 2312 secundum
1137 2281 1290 2322 speciem,
1306 2281 1360 2311 illa

282 2334 442 2370 appetunt
457 2338 526 2359 esse
541 2333 738 2368 perpetuum
758 2326 939 2357 secundum
962 2326 1115 2366 speciem.
1140 2326 1228 2366 Ergo
1252 2332 1284 2356 et
1307 2326 1360 2356 illa

282 2383 367 2415 quae
389 2383 458 2404 non
481 2378 687 2413 cognoscunt
702 2381 772 2402 esse
786 2371 848 2401 nisi
863 2376 900 2401 ut
914 2379 1014 2407 nunc,
1029 2376 1187 2411 appetunt
1206 2380 1275 2401 esse
1290 2376 1360 2401 tan-

281 2424 353 2449 tum
376 2424 414 2449 ut
435 2426 535 2453 nunc,
552 2416 699 2456 appetitu
721 2421 879 2456 sequente
902 2415 1136 2455 cognitionem,
1157 2424 1226 2446 non
1250 2421 1359 2446 autem

283 2472 352 2494 esse
376 2467 589 2503 perpetuum:
615 2470 699 2501 quae
718 2466 828 2491 autem
844 2465 1049 2500 cognoscunt
1065 2469 1134 2490 esse
1152 2466 1359 2500 perpetuum,

282 2509 380 2538 etiam
403 2510 599 2547 perpetuum
619 2514 688 2536 esse
705 2510 872 2545 appetunt.
899 2504 987 2535 Patet
1011 2505 1258 2545 consequentia:
1283 2505 1360 2545 quia

283 2557 314 2582 et
337 2561 396 2592 per
425 2550 606 2591 appetitum
637 2555 829 2590 sequentem
858 2549 1017 2590 principia
1046 2549 1214 2586 naturalia,
1239 2555 1271 2580 et
1301 2559 1359 2589 per

282 2596 463 2637 appetitum
492 2600 684 2635 sequentem
715 2594 952 2634 cognin'onem,
975 2594 1058 2624 inest
1088 2594 1184 2624 rebus
1214 2594 1359 2624 naturale

282 2640 478 2671 desiderium
496 2638 638 2673 essendi.
663 2637 767 2669 Cuius
789 2639 919 2678 signum
938 2643 986 2668 est
1009 2637 1101 2679 quod
1124 2643 1156 2668 et
1171 2639 1359 2678 cognitione

282 2685 432 2721 carentia,
457 2689 489 2715 et
512 2693 597 2724 quae
626 2683 850 2723 cognitionem
879 2683 1010 2719 habent,
1033 2683 1185 2713 resistunt
1214 2691 1359 2713 corrum-

281 2730 444 2770 pentibus,
468 2727 733 2768 unumquodque
756 2737 817 2758 suo
839 2727 953 2758 modo.

337 2773 451 2805 XVIII.
474 2772 681 2804 Antecedens
696 2772 793 2803 huius
807 2772 951 2808 rationis,
968 2771 1104 2811 eiusque
1119 2771 1358 2811 probationem,

282 2819 454 2859 dupliciter
464 2817 667 2858 interpretari
682 2826 871 2857 possumus:
889 2822 920 2847 et
936 2821 1076 2855 utroque
1093 2815 1195 2846 modo
1212 2815 1251 2845 ad
1267 2824 1358 2845 men-

281 2870 349 2895 tem
372 2863 480 2894 Sancti
497 2862 657 2893 Thomae.

337 2907 601 2939 Adevidentiam
616 2906 740 2947 primae
755 2904 1038 2945 interpretationis,
1055 2903 1225 2934 sciendum
1240 2904 1358 2944 primo,

283 2952 374 2993 quod
400 2952 591 2982 substantias
618 2950 852 2981 intellectuales
879 2948 1121 2989 apprehendere
1148 2958 1216 2979 esse
1241 2958 1358 2988 perpe—

282 3003 384 3034 tuum,
407 2998 441 3027 in
464 2996 635 3037 proposito
659 3000 707 3026 est
731 2995 816 3035 ipsas
846 2992 1088 3034 apprehendere
1112 3002 1180 3023 esse
1202 2993 1357 3023 absolute.

281 3041 536 3082 Apprehendere
559 3046 669 3071 autem
693 3049 762 3070 esse
785 3038 933 3069 absolute
957 3043 1004 3068 est
1026 3037 1269 3078 apprehendere
1290 3047 1359 3068 esse

282 3087 404 3127 absque
420 3086 528 3126 aliqua
543 3085 747 3116 limitatione.
772 3083 813 3114 Et
833 3092 909 3113 cum
925 3082 1097 3122 dupliciter
1112 3082 1241 3112 limitari
1257 3082 1360 3122 possit

282 3141 367 3167 esse;
392 3131 513 3162 scilicet
536 3131 619 3161 sicut
642 3134 732 3160 actus
761 3128 917 3158 limitatur
945 3136 1004 3167 per
1032 3127 1214 3167 potentiam
1237 3126 1271 3156 in
1295 3136 1360 3166 qua

281 3176 445 3216 recipitur,
462 3184 529 3215 quo
553 3173 655 3205 modo
679 3173 817 3204 dicimus
841 3181 909 3203 esse
930 3172 1108 3202 humanum
1132 3176 1187 3201 aut
1210 3180 1278 3201 esse
1300 3180 1359 3201 an-

280 3221 442 3262 gelicum;
465 3225 497 3250 et
519 3220 603 3250 sicut
626 3223 849 3249 mensuratum
871 3222 1020 3256 tempore
1044 3215 1160 3246 dicitur
1175 3215 1304 3246 limitari
1319 3215 1359 3245 ad

282 3265 417 3306 aliquod
446 3270 577 3304 tempus
607 3263 867 3298 determinatum,
892 3270 959 3301 quo
990 3260 1092 3291 modo
1123 3259 1261 3290 dicimus
1292 3269 1360 3290 esse

283 3311 380 3341 unius
403 3310 477 3345 diei,
495 3315 550 3340 aut
567 3309 664 3338 unius
687 3307 814 3342 mensis,
832 3311 887 3336 aut
907 3305 1003 3336 unius
1026 3304 1116 3340 anni,
1134 3310 1166 3335 et
1188 3304 1320 3335 similia:
1336 3321 1360 3327 -

282 3353 536 3394 apprehendere,
560 3353 624 3383 hoc
648 3353 735 3388 loco,
760 3361 829 3382 esse
859 3350 1005 3380 absolute
1036 3355 1068 3379 et
1097 3349 1219 3389 absque
1242 3349 1359 3379 limita-

281 3399 382 3435 tione,
396 3404 443 3429 est
458 3397 701 3439 apprehendere
718 3406 786 3426 esse
799 3396 866 3426 sine
883 3393 1149 3425 determinatione
1162 3393 1202 3423 ad
1218 3393 1359 3433 aliquam

282 3450 440 3480 naturam,
465 3448 496 3473 et
520 3443 589 3473 sine
613 3441 883 3473 determinatione
914 3439 953 3469 ad
983 3438 1116 3478 aliquod
1139 3443 1278 3477 tempus,
1303 3437 1359 3468 sed

282 3488 391 3518 solum
406 3488 602 3528 inquantum
619 3492 667 3517 est
678 3487 818 3517 existere
834 3485 866 3514 in
885 3493 994 3514 rerum
1012 3488 1142 3513 natura.
1155 3482 1234 3512 Esse
1250 3488 1359 3512 autem

283 3533 328 3563 sic
348 3533 496 3563 absolute
521 3531 761 3562 consideratum
785 3535 832 3560 est
856 3538 924 3560 esse
948 3529 1180 3567 sempiternum
1198 3532 1229 3556 et
1244 3536 1360 3567 perpe-

282 3583 377 3607 tuum
407 3577 572 3618 negative:
605 3576 680 3616 quia
711 3574 860 3605 videlicet
882 3573 978 3603 nullis
1008 3572 1152 3603 terminis
1182 3571 1359 3601 durationis

284 3621 453 3652 clauditur.
478 3621 555 3651 Non
579 3626 688 3651 autem
713 3626 759 3650 est
782 3619 919 3659 positive
936 3622 1147 3658 perpetuum:
1174 3616 1260 3655 quia,
1278 3616 1360 3646 sicut

283 3666 436 3696 abstrahit
459 3666 498 3696 ab
522 3666 586 3695 hoc
610 3671 665 3695 aut
687 3664 744 3694 illo
768 3670 926 3703 tempore,
943 3663 985 3692 ita
1002 3661 1152 3691 abstrahit
1168 3670 1185 3690 a
1203 3660 1359 3700 temporis

426 3728 519 3752 Suum
541 3727 651 3751 Com-ru
670 3726 803 3751 Gan-nmis
824 3726 854 3750 D.
874 3725 989 3748 Tnems
1009 3723 1077 3747 ΤοΜ.
1099 3723 1114 3747 Ι.

2405 302 2455 337 40
2465 302 2482 326 1·

1411 367 1634 406 perpetuitate.
1660 366 1878 398 Consecutive
1905 374 2012 398 tamen
2038 374 2166 408 oportet
2190 369 2297 409 ipsum
2321 378 2389 399 esse
2412 378 2485 409 per-

1412 416 1549 450 petuum
1573 411 1669 440 etiam
1693 412 1846 450 positive:
1873 413 1958 451 quia,
1975 413 2001 442 si
2025 413 2171 443 existeret
2193 413 2226 443 in
2250 419 2363 444 natura
2379 419 2414 443 ut
2430 414 2484 443 ab-

1412 454 1518 485 solute
1542 454 1792 494 apprehenditur
1815 461 1846 486 et
1870 457 2041 496 appetitur,
2066 466 2141 487 cum
2165 458 2323 488 abstrahat
2339 458 2377 488 ab
2394 458 2486 488 omni

1411 499 1567 539 temporis
1590 499 1792 535 limitatione,
1817 506 1981 539 oporteret
2011 507 2046 531 ut
2077 502 2167 531 omni
2197 507 2344 542 tempore
2373 512 2485 533 neces-

1412 544 1495 573 sario
1512 543 1654 580 duraret:
1671 543 1764 579 sicut,
1779 544 1855 583 quia
1871 545 2022 575 abstrahit
2034 546 2072 575 ab
2086 546 2177 576 omni
2188 552 2301 576 natura
2317 547 2484 583 limitante‚

1413 594 1578 628 oporteret
1600 593 1636 618 ut
1660 597 1794 618 omnem
1826 589 2061 629 cuiuscumque
2090 596 2222 620 naturae
2251 590 2485 630 perfectionem

1413 632 1538 663 essendi
1562 633 1752 662 contineret.
1779 632 1873 662 Unde
1897 642 1966 663 sese
1989 634 2022 663 in
2046 634 2118 664 Deo
2142 636 2400 666 concomitantur
2417 645 2485 666 esse

1412 678 1607 708 abstractum
1624 686 1758 707 omnem
1774 676 1900 706 essendi
1923 677 2157 716 perfectionem
2173 680 2352 716 continens,
2370 686 2400 710 et
2417 689 2486 710 esse

1412 728 1581 753 aeternum
1604 722 1643 751 ab
1667 721 1758 751 omni
1782 721 1938 761 temporis
1961 721 2139 752 differentia
2163 723 2366 754 abstractum.

1467 765 1713 797 Advertendum
1731 765 1889 802 secundo,
1907 765 1997 805 quod
2013 775 2063 796 res
2079 767 2278 806 apprehensa
2293 778 2360 798 non
2376 774 2487 799 movet

1412 811 1594 852 appetitum
1617 811 1678 841 nisi
1701 810 1962 851 apprehendatur
1985 811 2044 840 sub
2068 811 2192 841 ratione
2215 812 2294 841 boni
2318 818 2348 842 et
2367 822 2487 843 conve-

1412 856 1540 886 nientis.
1565 855 1642 886 Ideo
1658 856 1821 895 appetitus
1836 854 2000 885 rationalis
2016 860 2180 886 creaturae
2196 855 2235 885 ad
2251 865 2319 886 esse
2341 857 2487 888 absolute

1411 910 1481 931 non
1505 900 1718 940 consequitur
1740 899 1781 930 ad
1803 900 2098 940 apprehensionem
2115 909 2183 930 esse
2199 901 2348 940 perpetui
2363 901 2423 931 nisi
2439 902 2487 931 in-

1413 950 1572 986 quantum
1596 954 1665 975 esse
1689 944 1836 975 absolute
1860 943 2113 984 apprehenditur
2135 945 2194 975 sub
2219 945 2343 975 ratione
2363 945 2488 976 boniet

1414 990 1648 1020 convenientis.

1469 1034 1734 1065 Fundamentum
1747 1042 1824 1073 ergo
1840 1033 1937 1063 huius
1953 1034 2086 1064 rationis
2102 1038 2150 1064 est
2166 1033 2267 1073 quod,
2285 1033 2361 1073 quia
2375 1039 2489 1064 natura

1413 1079 1649 1115 intellectualis,
1662 1084 1698 1109 ut
1714 1078 1769 1114 sic,
1787 1077 1999 1118 apprehendit
2010 1084 2166 1118 tanquam
2182 1078 2308 1108 bonum
2324 1083 2355 1108 et
2365 1078 2489 1118 appeti-

1413 1124 1477 1154 bile
1494 1133 1562 1154 esse
1579 1123 1725 1154 absolute
1742 1123 1864 1162 absque
1881 1122 2149 1153 determinatione
2165 1121 2206 1153 ad
2218 1122 2351 1163 aliquod
2364 1128 2489 1153 certum

1413 1175 1554 1208 tempus,
1565 1168 1641 1198 ideo
1654 1167 1777 1208 appetit
1789 1176 1858 1197 esse
1875 1167 2021 1198 absolute
2037 1177 2105 1197 non
2122 1176 2198 1197 cum
2214 1167 2323 1207 aliqua
2339 1167 2489 1197 determi-

1414 1213 1546 1244 natione
1555 1212 1595 1243 ad
1603 1211 1737 1252 aliquod
1748 1217 1888 1251 tempus
1902 1211 1955 1242 Sic
1963 1217 2073 1242 autem
2084 1217 2236 1252 appetere
2249 1221 2318 1242 esse
2331 1217 2378 1242 est
2389 1221 2489 1252 appe-

1414 1263 1481 1288 tere
1496 1258 1603 1298 primo
1619 1257 1727 1297 ipsum
1744 1261 1779 1286 ut
1795 1256 1855 1286 sibi
1867 1257 2019 1286 convenit
2029 1256 2243 1296 perpetuitas:
2257 1256 2404 1296 negative
2417 1256 2488 1296 qui-

1415 1302 1490 1333 dem
1501 1302 1625 1342 prim03
1639 1300 1696 1332 sed
1708 1300 1900 1331 secundario
1917 1306 1948 1331 et
1960 1301 2167 1331 consecutive
2181 1301 2276 1331 etiam
2289 1300 2486 1331 affirmative.

1472 1356 1502 1377 2.
1526 1345 1679 1377 Secundo
1703 1354 1775 1376 eam
1799 1345 2026 1385 probationem
2046 1345 2246 1385 interpretari
2261 1354 2436 1385 possumus
2451 1350 2488 1375 ut

1414 1400 1472 1431 per
1495 1400 1563 1422 esse
1579 1395 1772 1431 perpetuum
1802 1389 2020 1429 intelligamus
2046 1399 2114 1420 esse
2136 1399 2209 1420 cum
2236 1389 2305 1430 ipsa
2323 1389 2488 1430 perpetui-

1416 1441 1481 1466 tate
1503 1435 1754 1470 consideratum,
1771 1439 1807 1465 ut
1823 1434 1944 1464 scilicet
1960 1439 2071 1465 contra
2089 1443 2157 1464 esse
2177 1435 2355 1474 temporale
2378 1433 2488 1464 distin-

1415 1481 1533 1520 guitur.
1558 1480 1600 1510 Et
1621 1485 1700 1510 tunc
1723 1488 1836 1509 sensus
1859 1479 1991 1509 rationis
2015 1484 2063 1509 est
2086 1478 2186 1518 quod,
2211 1488 2287 1509 cum
2310 1484 2423 1509 natura
2438 1479 2487 1509 in-

1415 1524 1605 1555 tellectualis
1635 1522 1854 1564 apprehendat
1883 1532 1940 1563 per
1968 1522 2106 1553 modurn
2137 1523 2215 1553 boni
2245 1528 2276 1553 et
2307 1523 2488 1563 appetibilis

1415 1569 1523 1608 ipsum
1540 1577 1608 1598 esse
1625 1577 1701 1598 cum
1725 1567 1948 1607 perpetuitate,
1963 1585 1985 1588 —
2001 1577 2069 1597 non
2086 1572 2133 1597 est
2149 1568 2236 1597 enim
2255 1567 2390 1598 dubium
2409 1568 2488 1607 quin

1416 1613 1664 1652 perpetuitatem
1676 1611 1803 1642 essendi
1815 1617 1992 1651 cognoscat
2008 1617 2039 1641 et
2055 1620 2126 1641 eam
2142 1612 2263 1641 bonam
2279 1621 2346 1642 esse
2358 1611 2488 1648 iudicet,

1417 1666 1493 1687 cum
1515 1656 1756 1686 nobilissimum
1780 1665 1846 1691 ens,
1871 1655 1928 1695 qui
1951 1660 1998 1685 est
2022 1655 2120 1691 Deus,
2146 1662 2321 1695 cognoscat
2344 1665 2412 1686 esse
2436 1665 2489 1686 ae-

1416 1707 1546 1731 ternum
1560 1700 1674 1730 -ideo
1698 1700 1820 1740 appetit
1843 1700 1951 1739 ipsum
1975 1709 2044 1729 esse
2065 1699 2160 1729 simul
2184 1700 2432 1740 perpetuitatem
2455 1701 2489 1730 in

1418 1745 1555 1776 essendo
1579 1743 1779 1785 appetendo,
1803 1743 1886 1773 sicut
1917 1749 1948 1773 et
1978 1753 2015 1774 ea
2046 1753 2187 1783 quorum
2220 1745 2385 1784 principiis
2408 1745 2491 1774 inest

1416 1791 1516 1820 virtus
1544 1789 1584 1820 ad
1614 1787 1873 1820 conservandum
1907 1797 1976 1818 esse
2006 1794 2216 1828 perpetuum,
2241 1794 2398 1829 appetunt
2421 1798 2490 1819 esse

1417 1844 1493 1865 cum
1516 1834 1740 1875 perpetuitate.
1766 1833 1994 1873 Apprehensio
2023 1833 2110 1863 enim
2140 1833 2219 1863 boni
2241 1833 2274 1863 in
2299 1833 2490 1864 habentibus

1415 1879 1616 1910 intellectum
1631 1888 1666 1908 se
1681 1878 1777 1908 habet
1792 1877 1832 1908 ad
1848 1878 2028 1917 appetitum
2043 1877 2295 1908 intellectualem
2307 1878 2390 1908 sicut
2401 1878 2490 1917 prin-

1416 1924 1539 1964 cipium
1563 1929 1594 1954 et
1617 1922 1723 1953 forma
1751 1931 1820 1952 non
1849 1922 1997 1952 habentis
2025 1922 2246 1962 cognitionem
2275 1932 2307 1952 se
2331 1922 2427 1952 habet
2450 1922 2490 1953 ad

1415 1968 1595 2008 appetitum
1619 1966 1808 1997 naturalem.

1470 2012 1555 2042 XIX.
1593 2011 1657 2042 Sed
1689 2016 1801 2042 contra
1835 2016 2007 2050 utramque
2041 2010 2277 2050 expositionem
2314 2010 2488 2041 dubitatur.

1416 2056 1539 2088 Contra
1554 2057 1692 2097 primam
1709 2055 1852 2096 quidem,
1870 2055 1955 2095 quia,
1973 2055 1999 2084 si
2015 2054 2055 2085 ad
2073 2060 2224 2095 appetere
2242 2064 2310 2085 esse
2330 2055 2486 2092 absolute,

1415 2101 1506 2142 quod
1521 2107 1569 2132 est
1584 2110 1653 2132 esse
1676 2100 1856 2131 universale
1881 2105 1912 2130 et
1935 2100 2169 2139 sempiternum
2192 2099 2349 2140 negative,
2374 2108 2488 2130 conse-

1415 2146 1524 2186 quitur
1547 2150 1699 2186 appetere
1723 2154 1791 2175 esse
1815 2150 2010 2184 perpetuum
2033 2144 2181 2184 positive,
2203 2149 2238 2174 ut
2261 2144 2365 2184 prima
2389 2153 2488 2184 expo—

1415 2191 1488 2221 sitio
1505 2190 1592 2227 dicit,
1605 2190 1751 2230 sequitur
1763 2188 1853 2229 quod
1869 2189 2012 2229 cognitio
2026 2198 2090 2228 qua
2107 2189 2314 2228 cognoscitur
2327 2194 2358 2219 et
2374 2198 2488 2229 appre-

1414 2235 1565 2266 henditur
1589 2244 1657 2264 esse
1680 2234 1838 2270 absolute,
1856 2234 1897 2263 sit
1912 2234 2008 2264 etiam
2029 2233 2244 2273 apprehensio
2268 2234 2489 2274 perpetuitatis

1415 2279 1551 2316 essendi,
1566 2280 1611 2309 ita
1627 2278 1718 2319 quod
1732 2278 1930 2318 perpetuitas
1946 2278 1986 2308 sit
2001 2286 2074 2317 pars
2090 2278 2209 2308 obiecti
2226 2278 2363 2318 cogniti:
2389 2287 2488 2318 appe-

1414 2325 1491 2354 titus
1514 2324 1601 2354 enim
1625 2333 1692 2354 non
1717 2322 1817 2353 fertur
1846 2322 1908 2353 nisi
1934 2322 1969 2352 in
1993 2322 2172 2362 cognitum.
2203 2322 2278 2352 Hoc
2309 2327 2418 2352 autem
2442 2328 2489 2352 est

1414 2368 1547 2399 falsum:
1572 2369 1649 2409 quia
1665 2368 1757 2404 sicut,
1774 2377 1854 2401 curn
1865 2366 2116 2407 apprehenditur
2132 2366 2311 2397 universale
2332 2366 2487 2403 absolute,

1413 2423 1481 2444 non
1506 2418 1636 2453 oportet
1659 2419 1695 2442 ut
1718 2412 1788 2442 eius
1811 2411 2031 2442 universalitas
2059 2410 2327 2451 apprehendatur,
2351 2411 2426 2442 licet
2449 2412 2489 2441 sit

1414 2457 1559 2488 conditio
1576 2457 1800 2488 concomitans
1823 2457 1931 2496 ipsum
1955 2455 2135 2487 universale
2151 2461 2187 2486 ut
2202 2456 2349 2486 absolute
2366 2465 2488 2495 cogno-

1414 2503 1526 2538 scitur;
1550 2502 1595 2532 ita
1609 2511 1677 2532 non
1694 2507 1824 2541 oportet
1840 2500 1930 2541 quod
1946 2500 1986 2530 ad
2001 2500 2293 2540 apprehensionem
2311 2510 2379 2530 esse
2395 2501 2487 2530 abso-

1413 2547 1480 2577 lute
1491 2546 1752 2587 apprehendatur
1767 2546 1837 2585 ipsa
1852 2545 2060 2585 perpetuitas,
2074 2544 2170 2574 etiam
2186 2545 2333 2584 negative
2348 2550 2486 2584 sumpta,

1413 2592 1488 2622 licet
1511 2591 1751 2621 concomitetur
1777 2590 1944 2620 obiectum
1976 2589 2021 2619 sic
2053 2589 2232 2628 cognitum.
2264 2588 2350 2628 Ergo
2380 2588 2485 2619 multo

1412 2636 1520 2666 minus
1543 2633 1795 2675 apprehenditur
1817 2634 2015 2674 perpetuitas
2039 2632 2165 2663 essendi
2187 2633 2336 2672 positive.

1470 2689 1499 2710 2.
1525 2678 1648 2709 Contra
1670 2677 1847 2709 secundam
1869 2687 1948 2708 vero
1972 2677 2210 2717 expositionem
2227 2677 2384 2716 arguitur:
2410 2677 2486 2717 quia

1412 2724 1573 2764 appetitus
1603 2732 1808 2763 consequens
1837 2722 2129 2763 apprehensionem
2158 2721 2393 2761 perpetuitatis,
2417 2731 2486 2751 non

1411 2769 1538 2799 videtur
1559 2767 1722 2803 naturalis,
1739 2766 1796 2798 sed
1810 2767 1912 2807 magis
1932 2765 2120 2806 imperfecta
2144 2765 2303 2805 quaedam
2326 2765 2484 2802 voluntas,

1412 2812 1593 2844 secundum
1626 2821 1724 2852 quam
1757 2811 1907 2842 voluntas
1937 2811 2035 2841 vellet
2067 2820 2181 2840 omnes
2213 2810 2429 2851 perfectiones
2459 2811 2486 2840 si

1412 2857 1566 2899 possibile
1590 2862 1683 2887 esset.

1472 2901 1703 2933 Confirmatur.
1739 2900 1825 2938 Quia
1859 2899 2039 2930 secundum
2074 2900 2138 2929 hoc
2173 2904 2361 2939 sequeretur
2395 2897 2485 2938 quod

1412 2946 1639 2987 unusquisque
1662 2946 1764 2976 homo
1789 2944 1974 2975 naturaliter
1996 2949 2162 2984 appeteret
2186 2953 2254 2974 esse
2273 2948 2483 2983 perpetuum:

1413 3001 1489 3022 cum
1512 2991 1739 3031 unusquisque
1762 2988 1981 3030 apprehendat
2005 2998 2073 3019 esse
2096 2994 2300 3029 perpetuum.
2323 2987 2422 3025 Quod
2437 2992 2484 3017 ta-

1412 3045 1489 3067 men
1513 3041 1560 3066 est
1582 3034 1714 3066 falsum:
1740 3034 1817 3075 quia
1836 3039 1914 3064 tunc
1930 3033 2066 3073 quilibet
2081 3033 2182 3063 homo
2200 3038 2282 3063 esset
2296 3037 2483 3072 perpetuus,

1412 3081 1500 3111 iuxta
1523 3080 1682 3110 rationem
1706 3079 1758 3109 hic
1781 3079 1931 3119 positam.

1469 3125 1499 3155 3.
1525 3124 1647 3155 Contra
1670 3124 1779 3164 ipsum
1796 3132 1930 3163 quoque
1953 3121 2146 3152 antecedens
2158 3122 2174 3137 ὕ
2197 3121 2306 3151 instari
2321 3125 2429 3160 potest
2446 3129 2484 3150 ex

1413 3169 1525 3206 Scoto,
1549 3169 1605 3199 ubi
1628 3177 1726 3208 supra
1741 3169 1768 3204 ³⁶,
1793 3167 1832 3198 ad
1854 3167 2006 3207 primum.
2023 3168 2090 3199 Aut
2105 3166 2188 3196 enim
2205 3165 2360 3206 arguitur
2375 3164 2414 3194 de
2429 3164 2483 3194 de-

1413 3214 1534 3244 siderio
1566 3213 1712 3244 naturali
1736 3212 1874 3252 proprie
1901 3211 1996 3241 dicto.
2026 3210 2071 3240 Et
2098 3215 2182 3246 tunc,
2212 3209 2255 3239 ad
2275 3209 2482 3249 probandum

1412 3258 1607 3289 desiderium
1624 3258 1778 3288 naturale
1793 3257 1836 3286 ad
1857 3256 1990 3296 aliquid,
2014 3259 2141 3295 oportet
2157 3254 2302 3295 probare
2319 3253 2482 3293 possibili—

1413 3308 1510 3333 tatem
1538 3303 1571 3333 in
1600 3303 1658 3332 illa
1682 3306 1803 3331 natura
1833 3300 1876 3331 ad
1905 3300 1996 3330 illud.
2025 3299 2066 3329 Et
2093 3300 2147 3335 sic,
2175 3299 2209 3329 in
2234 3298 2415 3338 proposito,
2443 3297 2483 3328 ad

1412 3347 1618 3388 probandum
1651 3352 1798 3376 naturam
1832 3344 2082 3375 intellectualem
2115 3342 2298 3373 naturaliter
2332 3347 2482 3382 appetere

1413 3397 1607 3432 perpetuum
1639 3400 1717 3427 esse,
1741 3395 1905 3430 oporteret
1934 3389 2023 3428 prius
2053 3387 2221 3418 ostendere
2252 3387 2284 3416 in
2314 3386 2384 3426 ipsa
2414 3396 2483 3417 esse

1413 3436 1658 3476 possibilitatem
1681 3434 1721 3465 ad
1745 3443 1813 3464 esse
1835 3439 2039 3474 perpetuum.
2063 3432 2107 3462 Et
2122 3442 2139 3462 e
2155 3431 2323 3462 contrario
2340 3440 2483 3472 arguere

1414 3486 1496 3511 esset
1512 3480 1627 3521 petitio
1646 3478 1813 3520 principii.

1469 3526 1534 3555 Aut
1550 3524 1705 3566 arguitur
1720 3523 1759 3553 de
1774 3522 1933 3553 desiderio
1951 3521 2097 3551 naturali
2113 3520 2219 3550 minus
2229 3519 2366 3560 proprie
2384 3519 2480 3555 dicto,

1413 3570 1469 3611 qui
1492 3575 1539 3600 est
1561 3574 1653 3599 actus
1676 3568 1810 3598 elicitus.
1842 3566 1885 3596 Et
1912 3571 1988 3596 tunc
2019 3575 2084 3595 non
2102 3569 2212 3605 potest
2233 3564 2373 3604 probari
2395 3564 2482 3604 quod

1414 3614 1548 3654 aliquod
1571 3612 1764 3644 desiderium
1788 3611 1830 3641 sit
1853 3610 2012 3645 naturale,
2033 3609 2095 3640 nisi
2106 3609 2202 3650 prius
2219 3609 2380 3649 probetur
2395 3608 2482 3649 quod

1415 3659 1457 3689 ad
1482 3658 1563 3688 illud
1585 3658 1627 3688 sit
1649 3656 1841 3687 desiderium
1859 3655 2010 3685 naturale
2019 3654 2130 3694 primo
2147 3653 2262 3683 modo:
2284 3659 2314 3684 et
2329 3663 2387 3694 per
2403 3662 2481 3683 con-

2303 3714 2331 3739 51

2511 3126 2519 3135 ·
2531 3125 2665 3152 Num.xvn,
2674 3125 2723 3147 init.

2511 3175 2520 3183 ·
2544 3173 2577 3195 IV
2604 3173 2722 3200 Sentent„

2511 3200 2564 3222 dist.
2575 3206 2641 3227 mn,
2659 3207 2681 3229 q.
2692 3206 2722 3227 11:

2510 3227 2557 3248 vid.
2573 3233 2650 3255 supra,
2661 3233 2684 3249 n.
2693 3233 2711 3250 ι.
