2768 4134
0 1249 3 1257 ÷
40 1229 51 1239 ⁸
59 1227 92 1250 m
101 1227 181 1277 Ρὴῐνι,
190 1234 227 1255 ιιι,
237 1235 255 1253 ις

0 1261 1 1266 ¹
39 1253 115 1305 2⁶13?
119 1262 199 1310 1‚'e⁴i'p.
207 1288 257 1305 xvi.

0 1813 3 1822 ι

0 1838 5 1856 ξ

0 1873 6 1891 ἴ
36 1874 48 1885 ·
66 1872 103 1896 ef.
117 1873 252 1896 comune

0 1900 3 1924 ζ
35 1905 87 1929 οφ.
102 1901 252 1929 νῆασ-,ἰηὶι

0 1945 3 1963 1

760 294 947 331 SUMMA
969 297 1190 336 CONTRA
1210 300 1483 350 GENTILES,
1504 306 1598 342 LIB.
1620 307 1660 353 11,
1683 295 1792 345 CAP.
1810 309 1885 355 VII,
1902 311 1994 347 VIII.

2402 314 2476 352 283

910 454 1393 516 CAPITULUM
1432 463 1863 522 SEPTIMUM

723 572 911 624 QUOD
960 575 1025 614 IN
1073 577 1207 618 Deo
1259 579 1361 620 sir

476 716 479 721 ·
499 705 522 730 x
542 694 618 730 hoc
637 702 769 731 autem
789 704 949 745 apparet
966 698 1074 746 quod
1090 698 1196 736 Deus
1214 710 1268 737 est
1286 714 1355 751 po-

317 727 322 758 ;
392 723 485 771 ,ται

517 754 613 793 tens,
635 755 671 784 et
695 749 803 797 quod
824 749 859 786 ei
886 750 1163 788 convenienter
1186 756 1355 802 potentia

313 806 329 844 χ
362 803 445 849 ³²⁴·
517 800 643 838 activa
671 801 900 840 attribuitur.

319 851 326 864 ⁴
562 854 738 892 Potentia
767 856 871 892 enim
901 856 1024 894 activa
1050 866 1105 894 est
1128 861 1356 910 principium

59 907 161 947 ¹VM²<0
179 907 258 962 '133ng
286 907 429 956 agendi
455 909 492 944 in
522 908 626 945 aliud
652 910 855 946 secundum
886 911 987 960 quod
1012 917 1064 947 est
1091 913 1196 949 aliud
1211 913 1241 949 ³³⁸.
1273 915 1357 952 Deo
1382 928 1390 948 5

205 977 212 984 ·
251 968 256 987 ³
285 967 418 997 autem
446 961 630 999 convenit
662 974 745 1000 esse
779 962 860 1000 aliis
892 963 1128 1014 principium
1162 968 1312 1004 essendi
1326 968 1357 1005 ²¹⁶.

285 1014 389 1062 Ergo
409 1015 591 1052 convenit
611 1015 682 1053 sibi
702 1028 785 1053 esse
805 1024 1017 1066 potentem.

339 1068 531 1118 Amplius.
554 1068 660 1106 Sicut
678 1069 851 1119 potentia
870 1070 1024 1119 passiva
1039 1072 1213 1121 sequitur
1232 1086 1300 1112 ens
1320 1075 1359 1112 in

285 1122 468 1170 potentia,
489 1122 538 1160 ita
557 1123 731 1172 potentia
759 1123 883 1160 activa
912 1124 1087 1174 sequitur
1105 1138 1174 1163 ens
1194 1127 1231 1164 in
1252 1137 1357 1166 actu:

286 1177 576 1226 unumquodque
595 1178 694 1214 enim
719 1189 769 1214 ex
792 1178 863 1214 hoc
886 1180 966 1228 agit
989 1179 1090 1228 quod
1106 1186 1158 1216 est
1176 1187 1272 1227 actu,
1291 1195 1383 1232 pez-1

284 1231 372 1266 titur
403 1242 493 1267 vero
527 1242 576 1267 ex
607 1231 679 1267 hoc
711 1231 812 1279 quod
842 1237 893 1268 est
920 1234 1087 1282 potentia
1106 1233 1136 1270 ²³².
1169 1235 1245 1272 Sed
1274 1236 1359 1273 Deo

284 1282 467 1321 convenit
490 1295 573 1320 esse
598 1292 686 1321 actu
700 1283 732 1320 ²¹⁸.
760 1284 876 1333 Igitur
898 1286 1080 1323 convenit
1100 1286 1171 1324 sibi
1190 1290 1359 1337 potentia

270 1335 419 1379 activa.
433 1355 453 1359 ·-
470 1354 473 1355 ⁷

337 1390 490 1427 Adhuc.
519 1389 661 1428 Divina
689 1391 871 1440 perfectio
898 1393 1079 1431 omnium
1106 1395 1358 1443 perfectiones

1411 583 1752 626 POTENTIA
1802 588 2049 630 ACTIVA

1412 704 1541 742 Virtus
1560 716 1691 745 autem
1711 708 1834 747 activa
1854 711 1902 747 de
1922 711 2152 759 perfectione
2173 714 2226 751 rei
2246 724 2315 752 est:
2336 729 2478 755 unum-

1413 759 1598 808 quodque
1635 761 1739 799 enim
1774 770 1879 800 tanto
1916 764 2072 801 maioris
2106 766 2253 804 virtutis
2288 769 2479 808 invenitur

1362 836 1365 838 -
1414 820 1559 859 quanto
1577 814 1779 862 perfectius
1799 825 1866 854 est.
1882 817 2011 854 Virtus
2032 818 2143 866 igitur
2157 820 2279 858 activa
2294 822 2378 860 Deo
2397 837 2477 861 non

1414 872 1538 913 potest
1565 867 1710 904 deesse.

1469 919 1680 957 Praeterea.
1712 922 1842 959 Omne
1871 925 1979 972 quod
2007 924 2081 973 agit
2108 933 2246 975 potens
2266 935 2320 964 est
2348 941 2476 976 agere:

1415 983 1506 1008 nam
1522 974 1628 1021 quod
1649 986 1729 1011 non
1743 984 1868 1024 potest
1883 989 2006 1025 agere,
2022 978 2259 1028 impossibile
2279 989 2334 1017 est
2348 994 2477 1030 agere3

1415 1032 1451 1060 et
1479 1027 1586 1074 quod
1615 1026 1850 1076 impossibile
1887 1039 1942 1067 est
1974 1043 2101 1079 agere,
2131 1045 2287 1070 necesse
2316 1043 2371 1071 est
2398 1048 2478 1073 non

1415 1090 1536 1125 agere.
1567 1080 1674 1117 Deus
1702 1090 1832 1119 autern
1861 1092 1917 1120 est
1945 1096 2061 1132 agens
2089 1094 2125 1122 et
2153 1098 2327 1132 moven8‚
2352 1096 2394 1125 ut
2417 1102 2478 1127 su-

1414 1143 1483 1180 pra
1504 1132 1524 1153 *
1553 1141 1751 1172 ostensum
1785 1144 1850 1173 est.
1885 1137 2000 1186 Igitur
2030 1146 2167 1188 potens
2200 1148 2255 1177 est
2283 1151 2408 1188 agere:
2443 1151 2479 1180 et

1414 1185 1584 1233 potentia
1613 1186 1646 1223 ei
1679 1189 1954 1228 convenienter
1985 1192 2212 1230 adscribitur
2244 1189 2377 1240 activa,
2410 1197 2478 1233 sed

1414 1250 1495 1275 non
1522 1239 1675 1288 passiva
1693 1241 1724 1278 ²⁸.

1469 1292 1569 1329 Hinc
1597 1302 1653 1330 est
1680 1296 1788 1343 quod
1816 1295 1856 1332 in
1884 1298 2073 1335 Psalmo*
2096 1299 2248 1337 dicitur:
2275 1302 2410 1338 Potens
2428 1315 2476 1349 es,

1414 1346 1587 1383 Domine.
1619 1348 1666 1383 Et
1695 1348 1783 1384 alibi
1802 1348 1836 1385 *ε
1866 1351 2072 1389 Potentiam
2102 1359 2215 1399 tuam,
2235 1355 2348 1400 Deus,
2369 1362 2402 1391 et
2424 1358 2478 1393 iu-

1412 1400 1546 1436 stitiam
1575 1406 1677 1437 tuam
1707 1414 1820 1451 usque
1852 1405 1888 1439 in
1923 1405 2098 1442 altissima
2127 1419 2222 1455 quae
2242 1409 2370 1455 fecisti
2398 1421 2477 1446 ma-

283 1441 323 1480 in
343 1455 383 1480 se
404 1443 574 1490 includit,
602 1452 644 1481 ut
673 1444 712 1482 in
741 1445 869 1495 primo
899 1446 1033 1485 libro*
1061 1457 1260 1487 ostensum
1290 1458 1356 1488 est.
1375 1469 1396 1488 ις
1413 1453 1555 1501 gnalia.

337 1559 351 1586 5
371 1561 442 1586 aliud
455 1568 502 1594 pr.
521 1561 588 1595 Ioco]
608 1562 705 1595 aliquid
724 1562 756 1588 D.

851 1571 882 1588 10
902 1572 932 1589 ex
951 1564 1011 1598 hoc]
1031 1573 1062 1590 ex
1081 1573 1113 1590 eo
1133 1566 1180 1591 Pd.

337 1595 370 1623 13
389 1595 510 1630 Domine]
531 1602 580 1622 etc.
599 1597 680 1623 addit
698 1598 730 1623 D.

824 1606 857 1631 14
875 1600 970 1633 usque]
991 1606 1041 1626 etc.
1059 1609 1145 1635 usque
1163 1602 1214 1627 αΧ.

1275 1574 1308 1598 ι4
1326 1567 1506 1602 perfectiones]
1527 1569 1709 1601 perfectionem
1730 1579 1755 1595 σι.

1045 1689 1382 1725 commentar-ia
1412 1693 1721 1727 Fen-ariensis

282 1795 396 1857 Viso
422 1787 579 1827 quoniam
610 1787 683 1818 Deo
714 1788 869 1818 convenit
892 1794 928 1818 ut
952 1789 991 1819 sit
1015 1789 1083 1819 aliis
1104 1790 1302 1830 principium
1327 1796 1358 1821 et

348 1840 444 1862 causa
468 1831 605 1868 essendi,
621 1841 753 1863 necesse
778 1838 825 1862 est
841 1832 881 1863 de
905 1833 974 1873 ipsa
996 1834 1153 1874 potentia,
1177 1843 1235 1874 per
1258 1844 1357 1875 quam

279 1874 402 1916 aliquid
425 1876 459 1906 in
475 1885 544 1907 esse
561 1875 763 1916 producitur,
781 1876 994 1908 determinare
1010 1879 1037 1908 ἢ
1055 1877 1150 1909 Circa
1165 1878 1230 1909 hoc
1246 1885 1356 1909 autem

279 1919 338 1950 tria
362 1919 438 1951 facit
454 1920 590 1952 Sanctus
607 1920 767 1951 Thomas:
784 1922 891 1962 primo
909 1922 996 1952 enim
1019 1922 1160 1953 ostendit
1175 1924 1355 1963 potentiam

280 1965 416 1995 activam
440 1966 473 1995 in
506 1965 579 1996 Deo
610 1975 695 2002 esse3
726 1965 883 2002 secundo,
908 1966 1048 1997 ostendit
1072 1966 1151 2006 quid
1175 1968 1224 2003 sit,
1250 1968 1354 2007 capite

279 2010 443 2049 sequenti;
468 2010 574 2046 tertio,
600 2010 736 2050 qualiter
759 2011 809 2047 sit,
827 2011 934 2051 capite
957 2021 987 2041 x.

335 2053 506 2092 Quantum
529 2054 570 2084 ad
594 2055 746 2094 primum,
762 2055 897 2095 ponitur
912 2056 991 2086 haec
1016 2055 1200 2086 conclusio:
1226 2055 1264 2086 In
1282 2056 1352 2086 Deo

279 2102 328 2128 est
345 2098 494 2139 potentia
518 2099 635 2130 activa.

334 2143 500 2174 Probatur
517 2144 627 2184 primo
646 2143 705 2183 (i).
731 2144 820 2174 Deus
840 2150 887 2174 est
907 2144 976 2174 aliis
996 2145 1194 2185 principium
1218 2145 1353 2176 essendi.

280 2186 382 2228 [Ergo
406 2189 560 2219 convenit
583 2189 643 2219 sibi
666 2198 736 2219 esse
759 2189 953 2229 potentem}

337 2232 510 2272 [Secundo.
529 2233 601 2264 Deo
618 2234 772 2264 convenit
788 2243 856 2264 esse
872 2234 972 2273 actu].
990 2234 1076 2274 Ergo
1092 2234 1126 2264 in
1142 2235 1214 2274 ipso
1231 2241 1278 2264 est
1294 2244 1354 2274 po-

278 2278 379 2309 tentia
394 2277 508 2308 activa.
521 2296 543 2299 —
554 2277 645 2309 Patet
661 2279 906 2319 consequentia.
919 2278 1006 2317 Quia
1021 2280 1104 2310 sicut
1118 2279 1266 2319 potentia
1282 2289 1355 2319 pas-

279 2321 345 2352 siva
361 2322 507 2362 sequitur
523 2332 581 2353 ens
596 2323 629 2353 in
646 2324 802 2363 potentia,
813 2323 856 2353 ita
873 2324 975 2354 activa
992 2324 1138 2364 sequitur
1148 2333 1205 2354 ens
1221 2324 1255 2354 in
1269 2330 1353 2354 actu.

333 2393 372 2426 (ι)
391 2394 530 2420 Ρνοῠαιιιν
543 2395 646 2427 primo.
661 2409 682 2414 -
699 2395 799 2420 Textus
819 2395 1002 2426 Ferrariensss,
1021 2401 1099 2427 prout
1117 2396 1149 2419 ad
1165 2403 1213 2420 nos
1229 2396 1353 2428 pervenit,

277 2429 374 2454 omittit
391 2429 472 2455 finem
491 2430 592 2463 primae
610 2431 771 2463 probationis
791 2436 816 2456 et
834 2431 934 2456 initium
956 2431 1096 2456 secundae.
1120 2431 1305 2465 Supplevimus
1324 2439 1354 2456 ex

247 2472 249 2475 ⁴
278 2464 363 2490 littera
381 2465 467 2491 Sancti
486 2465 616 2492 Thomae.

18 3176 21 3182 '
34 3177 45 3188 ·
53 3175 92 3199 cf.
102 3181 250 3204 ap.,pnec.,

22 3202 148 3232 Anapum.

33 3337 45 3350 ⁸¹
58 3336 116 3364 Cup.
131 3342 178 3360 xv}-

1473 1792 1592 1822 Tertio.
1618 1793 1734 1823 Divina
1757 1793 1914 1834 perfectio
1931 1796 2079 1826 omnium
2099 1796 2312 1835 perfectiones
2328 1799 2361 1828 in
2378 1807 2411 1828 se
2431 1800 2480 1829 in-

1412 1836 1522 1867 cludit.
1547 1837 1633 1877 Ergo
1658 1843 1717 1868 etc.
1734 1856 1756 1860 η
1772 1838 1862 1869 Patet
1886 1841 2127 1880 consequentia.
2152 1841 2237 1878 Quia
2256 1843 2355 1872 virtus
2378 1843 2479 1874 activa

1412 1886 1459 1910 est
1482 1880 1522 1911 de
1547 1881 1747 1921 perfectione
1770 1884 1825 1913 rei.

1469 1924 1608 1961 Quarto.
1632 1926 1721 1957 Deus
1745 1933 1792 1957 est
1815 1936 1912 1966 agens
1936 1933 1967 1958 et
1990 1938 2135 1959 movens,
2167 1930 2252 1970 Ergo
2283 1937 2399 1970 potens
2432 1938 2479 1962 est

1409 1978 1512 2008 agere.
1538 1969 1624 2009 Ergo
1648 1970 1683 2000 in
1706 1971 1778 2010 ipso
1802 1977 1850 2001 est
1872 1973 2018 2011 potentia
2042 1974 2153 2009 activa,
2178 1984 2246 2004 non
2274 1981 2381 2005 autem
2404 1985 2476 2015 pas-

1409 2013 1484 2043 siva.
1497 2031 1519 2035 -
1531 2014 1689 2044 Probatur
1700 2015 1804 2054 prima
1821 2017 2062 2055 consequentia.
2077 2017 2162 2055 Quia
2175 2027 2212 2048 ex
2229 2019 2381 2058 opposito
2398 2029 2476 2050 con-

1408 2058 1572 2097 sequentis
1596 2057 1731 2089 infertur
1750 2060 1939 2099 oppositum
1962 2060 2190 2092 antecedentis.
2208 2062 2358 2102 Sequitur
2373 2064 2473 2094 enim:

1409 2101 1484 2132 Non
1502 2107 1612 2142 potest
1640 2112 1750 2144 agere,
1782 2103 1876 2145 Ergo
1909 2105 2103 2144 impossibile
2133 2111 2180 2136 est
2203 2112 2238 2136 ut
2267 2113 2356 2148 agat,
2379 2108 2473 2150 Ergo

1409 2156 1473 2176 non
1498 2151 1546 2177 est
1568 2156 1670 2188 agens
1693 2153 1724 2177 et
1746 2156 1886 2179 movens.

1464 2190 1604 2222 Adverte
1628 2191 1719 2232 quod
1741 2193 1775 2223 in
1799 2193 1859 2223 hac
1882 2193 1995 2223 ultima
2017 2194 2141 2224 ratione
2171 2194 2301 2232 addidit,
2327 2196 2384 2227 sed
2407 2206 2471 2227 non

1402 2236 1555 2276 passiva:
1576 2246 1617 2266 ne
1642 2236 1723 2267 forte
1747 2237 1861 2277 aliquis
1885 2238 2088 2275 existimaret,
2113 2249 2151 2269 ex
2168 2249 2208 2269 eo
2232 2239 2322 2279 quod
2343 2241 2378 2271 in
2401 2241 2472 2272 Deo

1408 2281 1539 2320 ponitur
1562 2282 1707 2321 potentia
1730 2282 1842 2318 activa,
1867 2288 2016 2322 oportere
2032 2284 2128 2313 etiam
2152 2284 2211 2314 sibi
2227 2284 2398 2316 attribuere
2413 2295 2473 2325 po-

1407 2325 1539 2355 tentiam
1563 2326 1731 2365 passivam.
1756 2326 1832 2356 Non
1856 2327 1971 2366 probat
1994 2333 2102 2357 autem
2125 2328 2177 2358 hic
2201 2330 2378 2368 potentiam
2401 2339 2472 2370 pas-

1407 2370 1507 2399 sivam
1538 2370 1571 2400 in
1599 2370 1671 2401 Deo
1695 2380 1763 2401 non
1787 2380 1864 2407 esse,
1890 2372 1965 2412 quia
1994 2373 2140 2412 superius
2169 2373 2233 2404 hoc
2264 2374 2403 2404 ostendit
2426 2374 2472 2404 di-

1407 2414 1521 2445 stincte
1545 2420 1576 2445 et
1599 2424 1656 2454 per
1679 2424 1723 2445 se.

1466 2458 1696 2489 Coxrnmm‘un
1719 2460 1835 2490 ultimo
1860 2462 2048 2491 auctoritate
2072 2461 2198 2492 Psalmi.

1351 2570 1358 2576 .
1371 2565 1403 2607 ³2·
1417 2572 1425 2596 Ξ

922 2715 1402 2772 CAPITULUM
1440 2715 1839 2770 OCTAVUM

687 2837 863 2890 QUOD
899 2837 1001 2877 DEI
1035 2836 1344 2876 POTENTIA
1379 2835 1472 2876 stT
1507 2834 1644 2876 EIUS
1679 2834 2065 2876 SUBSTANTIA

488 2974 512 2999 x
541 2963 617 2999 hoc
652 2969 784 2998 autem
820 2959 978 2997 ulterius
1013 2958 1192 2996 concludi
1224 2966 1349 3007 potest

281 2967 488 3166 ἐξ
506 3015 616 3065 quod
635 3014 769 3053 divina
791 3013 962 3064 potentia
986 3012 1031 3049 sit
1055 3012 1137 3062 ipsa
1162 3011 1234 3049 Dei
1259 3012 1349 3048 sub-

507 3068 655 3106 stantia.

556 3121 733 3160 Potentia
757 3120 862 3158 enim
886 3120 1006 3157 activa
1034 3117 1217 3168 competit
1237 3118 1348 3156 alicui

278 3176 499 3214 secundum
518 3176 626 3226 quod
647 3184 703 3213 est
722 3183 809 3212 actu
828 3174 859 3211 ²³².
889 3175 996 3211 Deus
1016 3180 1147 3210 autem
1167 3180 1223 3209 est
1241 3180 1349 3210 actus
1371 3186 1380 3207 x

278 3230 372 3279 ipse,
392 3242 474 3267 non
501 3238 633 3267 autem
660 3237 715 3266 est
742 3241 810 3265 ens
834 3236 921 3265 actu
940 3239 1010 3276 per
1028 3225 1199 3275 aliquem
1218 3234 1349 3263 actum

278 3283 346 3333 qui
365 3295 448 3320 non
467 3283 514 3321 sit
530 3284 638 3334 quod
660 3291 715 3320 est
735 3282 831 3331 ipse:
853 3293 945 3318 curn
965 3280 1005 3317 in
1024 3292 1072 3317 eo
1091 3280 1196 3316 nulla
1215 3279 1260 3316 sit
1279 3291 1348 3329 po-

277 3336 489 3384 tentialitas,
509 3345 552 3375 ut
576 3337 615 3374 in
642 3336 771 3387 primo
791 3335 888 3372 libro
907 3334 927 3355 *
956 3341 1155 3371 ostensum
1185 3341 1250 3370 est.
1281 3333 1350 3370 Est

277 3390 390 3439 igitur
418 3390 500 3440 ipse
529 3403 600 3428 sua
627 3389 810 3440 potentia.

330 3444 485 3482 Adhuc.
503 3443 645 3482 Omnis
664 3451 802 3494 potens
817 3441 884 3491 qui
902 3453 982 3478 non
1002 3448 1058 3477 est
1077 3452 1147 3477 sua
1165 3438 1347 3488 potentia,
1364 3458 1389 3472 xo

276 3506 335 3542 est·
359 3506 499 3547 potens
533 3497 825 3548 participatione
860 3494 1053 3545 potentiae
1086 3492 1258 3531 alicuius.
1289 3492 1348 3552 De

275 3551 362 3588 Deo
382 3559 514 3589 autem
535 3551 630 3588 nihil
649 3558 775 3600 potest
795 3549 868 3587 dici
888 3547 1168 3598 participative:
1190 3558 1282 3583 curn
1302 3554 1348 3582 sn

1404 2957 1532 3007 ipsum
1554 2970 1671 2994 suum
1691 2969 1786 3004 esse,
1816 2965 1858 2994 ut
1886 2957 1925 2994 in
1953 2957 2080 3007 primo
2110 2957 2241 2994 libro*
2269 2966 2466 2995 ostensum

1405 3019 1471 3048 est.
1502 3011 1570 3048 Est
1598 3010 1711 3060 igitur
1739 3010 1819 3060 ipse
1849 3023 1919 3048 sua
1946 3010 2128 3060 potentia.

1458 3064 1647 3114 Amplius.
1678 3064 1852 3102 Potentia
1880 3064 2002 3102 activa
2030 3065 2078 3109 ad
2106 3063 2378 3113 perfectionem
2412 3064 2466 3101 rei

1403 3117 1578 3168 pertinet,
1607 3126 1649 3155 ut
1677 3130 1722 3155 ex
1751 3117 1952 3167 praedictis
1971 3118 1991 3139 '¹‘
2018 3125 2131 3167 patet.
2169 3116 2308 3154 Omnis
2335 3125 2465 3154 autem

1404 3171 1536 3209 divina
1563 3171 1745 3221 perfectio
1774 3171 1813 3208 in
1841 3171 1926 3220 ipso
1955 3183 2026 3208 suo
2055 3183 2136 3207 esse
2165 3170 2390 3216 continetur,
2423 3179 2465 3207 ut

1404 3225 1443 3262 in
1463 3225 1591 3275 primo
1611 3225 1707 3262 libro
1726 3225 1746 3246 ’¹‘
1775 3232 1973 3261 ostensum
2002 3232 2067 3260 est.
2098 3223 2238 3260 Divina
2266 3223 2377 3272 igitur
2395 3236 2464 3273 po-

1404 3278 1519 3315 tentia
1539 3291 1619 3315 non
1640 3286 1694 3315 est
1712 3277 1816 3315 aliud
1831 3278 1879 3314 ab
1898 3277 1982 3327 ipso
2002 3290 2084 3315 esse
2104 3277 2198 3314 eius.
2213 3277 2320 3314 Deus
2333 3285 2465 3315 autem

1404 3340 1459 3369 est
1479 3344 1596 3369 suum
1616 3344 1709 3377 esse,
1730 3339 1771 3368 ut
1799 3331 1838 3367 in
1866 3331 1993 3380 primo
2022 3330 2118 3367 libro
2133 3330 2152 3352 ²¹⁶
2172 3338 2369 3368 ostensum
2396 3338 2462 3367 est.

1404 3386 1471 3422 Est
1499 3385 1612 3434 igitur
1639 3397 1709 3422 sua
1736 3384 1916 3434 potentia.

1457 3440 1562 3475 Item.
1600 3439 1642 3475 In
1677 3438 1792 3474 rebus
1829 3449 1995 3486 quarum
2032 3436 2226 3486 potentiae
2264 3448 2343 3473 non
2376 3444 2465 3474 sunt

1403 3504 1538 3529 earum
1567 3491 1810 3536 substantiae,
1831 3490 1935 3539 ipsae
1953 3489 2146 3539 potentiae
2174 3498 2263 3526 sunt
2290 3489 2464 3527 acciden-

1402 3545 1467 3582 tia:
1502 3546 1607 3582 unde
1641 3543 1810 3594 potentia
1842 3542 2022 3580 naturalis
2059 3543 2098 3580 in
2132 3543 2301 3580 secunda
2338 3543 2464 3593 specie

329 3665 345 3690 6
365 3666 421 3699 ipse
440 3673 482 3691 om
503 3666 538 3696 D;
558 3666 593 3690 W
612 3666 692 3699 legit.-
711 3671 751 3691 est
770 3671 856 3695 actus5
875 3665 932 3697 ipse
951 3668 1037 3688 autem
1057 3670 1109 3687 non
1128 3667 1175 3686 est.

332 3709 362 3726 12
383 3701 461 3735 unde]
483 3703 552 3726 unde
572 3707 597 3726 et
613 3701 648 3731 D.

2507 1149 2515 1158 ⁸
2522 1148 2574 1171 Lib.
2582 1149 2599 1175 1,
2607 1155 2656 1177 cap.
2663 1157 2715 1172 xm.

2506 1254 2572 1276 ⁸Lib.
2584 1255 2600 1280 I.
2612 1261 2715 1283 cap.xw.

2506 1308 2514 1316 ⁸
2527 1307 2564 1328 Ps.
2575 1314 2685 1335 Lxxxvui,
2693 1315 2715 1336 9.

2506 1362 2514 1370 ⁸
2529 1360 2567 1382 Ps.
2576 1367 2629 1388 Lxx,
2640 1362 2672 1388 ¹8,
2683 1368 2715 1389 ¹9·

2495 2962 2503 2970 ⁸
2519 2960 2576 2988 Cap.
2590 2968 2648 2983 xxii.

2493 3121 2502 3129 ⁸
2517 3119 2574 3148 Cap.
2590 3126 2664 3148 praec.

2492 3227 2499 3236 ⁸
2517 3226 2573 3254 cap.
2588 3233 2670 3249 xxviii.

2492 3333 2501 3341 ⁸
2516 3331 2572 3360 cap.
2587 3338 2643 3354 xxn.
