2768 4134
0 750 6 762 '
19 749 77 778 cap.
87 755 168 771 ιινιιι.

19 2091 42 2115 n
65 2092 95 2115 de
113 2091 208 2120 Ani-a,

0 2118 162 2149 pnes-ml.
173 2125 208 2148 ¹9.

114 1937 136 1951 ,Γ
158 1938 185 1953 ‘iu

756 284 944 322 SUMMA
974 285 1196 323 CONTRA
1225 285 1501 332 GENTILES,
1530 288 1624 324 LIB.
1646 288 1687 333 11,
1718 288 1829 326 CAP.
1852 289 1932 327 XC.

783 442 1268 531 CAPITULUM
1303 443 1906 510 NONAGESIMUM

461 570 651 622 QUOD
692 570 897 612 NULLI
940 571 1079 612 ALII
1123 571 1418 612 CORPORI
1460 558 1591 612 NISI
1635 573 1924 615 HUMANO
1969 575 2223 617 UNITUR

683 632 1071 674 SUBSTANTIA
1105 633 1634 685 INTELLECTUALIS
1668 635 1751 675 UT
1786 636 1999 677 FORMA

328 875 347 901 ·‚
447 852 627 899 formam,
648 852 790 890 scilicet
808 852 980 890 animam
1007 854 1235 898 humanam,
1255 852 1312 889 in-

257 899 281 913 ⁴⁴
310 904 342 945 Γ.
393 903 414 930 *¹³
448 905 686 955 quirendum
724 914 838 944 restat
880 913 1013 943 utrum
1055 906 1168 943 alicui
1206 906 1312 943 alteri

237 958 392 1008 corpori
421 959 552 1009 aliqua
580 959 793 1007 substantia
822 959 1084 997 intellectualis
1113 967 1155 996 ut
1187 959 1312 997 forma
1334 972 1344 991 ς

236 1011 405 1049 uniatur.
437 1013 485 1049 Et
522 1012 684 1063 quidem
719 1013 767 1050 de
803 1012 1035 1063 corporibus
1072 1012 1310 1058 caelestibus,

237 1065 346 1115 quod
375 1065 451 1103 sint
469 1066 640 1104 animata
668 1067 800 1104 anima
819 1066 1074 1115 intellectuali,
1099 1065 1312 1116 superius*

237 1127 294 1156 est
322 1127 524 1157 ostensum
545 1120 639 1170 quid
659 1120 708 1157 de
728 1121 804 1157 hoc
832 1119 1054 1157 Aristoteles
1083 1119 1253 1166 senserit,
1275 1127 1312 1156 et

237 1173 346 1223 quod
371 1173 611 1222 Augustinus
631 1174 707 1211 hoc
726 1174 799 1211 sub
819 1173 942 1211 dubio
962 1173 1176 1223 dereliquit.
1198 1173 1311 1211 Unde

236 1238 421 1277 praesens
440 1226 637 1277 inquisitio
657 1226 757 1265 circa
775 1239 942 1277 corpora
961 1226 1208 1264 elementaria
1227 1238 1311 1263 ver·
1328 1242 1353 1257 ιο

237 1279 313 1318 sari
341 1280 467 1319 debet.

267 1328 415 1381 *Qu‘6c1
429 1324 561 1375 autem
577 1333 672 1371 nulli
687 1333 842 1384 corpori
861 1332 1085 1371 elementari
1100 1332 1312 1370 substantia

237 1387 502 1426 intellectualis
530 1387 689 1425 uniatur
707 1395 750 1425 ut
772 1387 899 1424 forma
923 1387 995 1424 nisi
1024 1387 1212 1432 humano,
1233 1386 1311 1423 evi·

235 1441 374 1479 denter
392 1449 563 1492 apparet.
586 1440 626 1479 Si
642 1440 748 1478 enim
768 1440 875 1478 alteri
889 1439 1045 1490 corpori
1064 1439 1230 1486 uniatur,
1246 1447 1313 1477 aut

149 1546 155 1555 .
187 1536 189 1538 ,
236 1493 371 1532 unitur
397 1494 552 1544 corpori
581 1493 714 1540 mixto,
744 1502 811 1531 aut
843 1493 1018 1543 simplici.
1052 1494 1146 1530 Non
1181 1500 1313 1530 autem
1329 1506 1351 1526 ις

235 1555 363 1598 potest
390 1547 494 1586 uniri
522 1547 678 1597 corpori
706 1546 839 1584 mixto.
865 1547 970 1594 Quia
998 1554 1192 1596 oporteret
1220 1546 1313 1583 illud

235 1608 380 1650 'eorpus
407 1600 580 1638 maxime
612 1612 697 1638 esse
729 1599 903 1649 aequalis
931 1598 1226 1648 complexionis,
1256 1611 1313 1635 se-

233 1654 413 1692 eundum
432 1665 552 1691 suum
569 1665 703 1702 genus,
724 1653 822 1690 inter
840 1659 967 1690 cetera
991 1663 1158 1702 corpora
1177 1652 1311 1689 mixta:

134 1704 176 1746 [ὲ]
234 1712 329 1744 mm
362 1707 569 1744 videamus
603 1713 711 1744 tanto
744 1717 911 1755 corpora
945 1704 1064 1742 mixta
1103 1704 1313 1742 nobiliores

234 1759 381 1810 fortnas
406 1760 551 1798 habere
576 1767 725 1809 quanto
744 1759 867 1807 magis
886 1759 935 1796 ad
958 1765 1314 1808 temperamentum
1328 1772 1356 1787 το

233 1812 433 1852 mixtionis
456 1813 708 1864 perveniunt;
737 1820 774 1850 et
793 1812 858 1859 sic,
882 1813 990 1862 quod
1010 1812 1127 1850 habet
1145 1812 1314 1851 formam

235 1867 530 1914 nobilissimam,
555 1874 690 1917 utpote
718 1866 975 1904 substantiam
1003 1866 1312 1911 intellectualem,

235 1921 268 1959 si
295 1921 343 1959 sit
370 1933 514 1971 corpus
543 1920 721 1966 mixtum,
751 1927 903 1970 oportet
930 1931 1014 1957 esse
1042 1918 1313 1968 temperatissi-

235 1986 361 2014 mum.
382 1975 496 2013 Unde
516 1974 633 2012 etiam
652 1973 834 2011 videmus
854 1973 962 2022 quod
987 1971 1164 2010 mollities
1188 1971 1313 2009 carnis

235 2036 277 2066 et
292 2028 445 2066 bonitas
464 2035 598 2074 tactus,
619 2039 720 2078 quae
741 2026 1011 2076 aequalitatem
1032 2024 1312 2076 complexionis
1327 2037 1352 2058 ²5

237 2081 516 2129 demonstrant,
537 2089 627 2119 sunt
655 2080 763 2130 signa
786 2079 879 2118 boni
908 2080 1121 2119 intellectus
1139 2079 1171 2116 ²¹².
1194 2079 1311 2116 Com-

235 2135 365 2187 plexio
384 2143 517 2174 autem
536 2134 706 2173 maxime
726 2133 899 2184 aequalis
917 2142 974 2171 est
988 2132 1208 2182 complexio
1228 2144 1311 2170 cor-

235 2189 342 2241 poris
370 2189 547 2227 humani.
578 2189 742 2239 Oportet
762 2187 885 2236 igitur,
908 2187 938 2224 si
967 2186 1180 2224 substantia
1204 2186 1311 2223 intel-

237 2243 408 2290 lectualis
427 2242 585 2281 uniatur
613 2241 725 2279 alicui
745 2240 899 2291 corpori
928 2240 1062 2286 mixto,
1090 2240 1198 2289 quod
1218 2239 1310 2277 illud

237 2297 286 2336 sit
298 2294 475 2335 eiusdem
494 2303 655 2334 naturae
670 2307 759 2332 cum
776 2306 941 2345 corpore
961 2295 1150 2332 humano.
1166 2294 1311 2330 Forma
1328 2306 1353 2325 ³0

234 2349 355 2393 ,etiam
374 2350 458 2388 eius
476 2357 576 2387 esset
594 2348 771 2387 eiusdem
790 2355 951 2386 naturae
970 2360 1063 2386 cum
1089 2346 1219 2385 anima
1239 2347 1311 2384 hu-

236 2417 366 2454 mana,
386 2403 418 2442 si
437 2411 538 2441 esset
555 2401 768 2440 substantia
793 2400 1067 2440 intellectualis.
1087 2401 1182 2438 Non
1200 2399 1314 2449 igitur

235 2465 338 2496 esset
371 2456 588 2494 differentia
622 2455 841 2493 secundum
877 2454 1050 2505 speciem
1086 2454 1185 2491 inter
1218 2454 1312 2491 illud

237 2510 382 2549 animal
410 2517 447 2547 et
475 2509 692 2547 hominem.

293 2563 476 2602 Similiter
503 2570 635 2600 autem
664 2574 792 2612 neque
825 2561 979 2612 corpori
1014 2560 1190 2610 simplici,
1218 2567 1313 2610 puta
1329 2575 1351 2596 ις

237 2617 316 2665 aeri
345 2624 412 2654 aut
439 2629 566 2667 aquae
594 2622 671 2654 aut'
689 2615 767 2665 igni
802 2623 869 2653 aut
896 2623 1030 2661 terrae,
1059 2613 1160 2652 uniri
1187 2621 1313 2663 potest

237 2669 452 2717 substantia
478 2668 743 2708 intellectualis
762 2677 804 2706 ut
831 2669 968 2707 forma.
988 2667 1313 2717 Unumquodque

238 2723 345 2761 enim
373 2724 519 2761 horum
537 2735 751 2772 corporum
771 2730 827 2759 est
853 2721 976 2759 simile
996 2721 1036 2758 in
1056 2729 1136 2758 toto
1165 2728 1202 2757 et
1226 2732 1313 2769 par-

236 2777 359 2814 tibus:
389 2776 566 2814 eiusdem
595 2776 702 2813 enim
730 2783 891 2813 naturae
917 2783 955 2812 et
976 2773 1117 2824 speciei
1146 2781 1202 2810 est
1224 2785 1313 2822 pars

1368 853 1485 890 habet
1513 853 1747 891 intellectum
1775 862 1937 900 tantum,
1957 855 2094 892 frustra
2121 856 2252 893 unitur
2271 859 2437 908 corpori.

1369 906 1510 944 Omnis
1539 907 1644 944 enim
1672 907 1798 946 forma
1825 908 1999 958 corporis
2020 909 2136 946 habet
2159 910 2331 959 aliquam
2350 924 2438 961 pro-

1366 959 1493 1009 priam
1522 960 1790 1010 operationem
1809 973 1880 1011 per
1898 973 2052 1012 corpus.
2074 964 2289 1000 Intellectus
2309 973 2440 1002 autem

1366 1025 1448 1050 non
1469 1013 1585 1051 habet
1608 1014 1779 1064 aliquam
1799 1015 2067 1065 operationem
2087 1016 2137 1053 ad
2164 1028 2307 1065 corpus
2327 1018 2440 1067 perti-

1366 1074 1536 1113 nentem,
1565 1067 1638 1104 nisi
1667 1068 1885 1105 secundum
1905 1069 2012 1118 quod
2041 1077 2175 1107 movet
2193 1081 2354 1119 corpus:
2384 1071 2440 1108 in-

1366 1119 1532 1169 telligere
1561 1121 1668 1158 enim
1696 1120 1826 1171 ipsum
1854 1134 1935 1159 non
1964 1130 2020 1160 est
2039 1123 2211 1172 operatio
2241 1135 2342 1172 quae
2370 1136 2441 1174 per

1368 1185 1559 1222 organum
1587 1174 1761 1223 corporis
1789 1183 2027 1222 exerceatur3
2057 1183 2094 1213 et
2117 1176 2256 1213 eadem
2280 1176 2438 1224 ratione,

1368 1239 1440 1264 nec
1459 1228 1568 1265 velle.
1590 1228 1885 1266 Elementorum
1906 1228 2021 1267 etiam
2041 1237 2171 1266 motus
2191 1237 2280 1267 sunt
2308 1243 2330 1267 a
2354 1243 2438 1268 mo-

1368 1280 1549 1318 ventibus
1577 1281 1826 1327 naturalibus,
1861 1281 2001 1320 scilicet
2035 1295 2058 1319 a
2090 1282 2373 1331 generantibus,
2403 1291 2439 1322 et

1368 1345 1450 1370 non
1464 1342 1626 1372 movent
1645 1334 1782 1384 seipsa.
1804 1335 1917 1373 Unde
1937 1347 2018 1372 non
2037 1343 2191 1385 oportet
2208 1336 2328 1385 quod,
2348 1349 2437 1386 pro-

1367 1394 1453 1436 pter
1467 1399 1605 1424 eorum
1621 1395 1786 1433 motum,
1803 1388 1876 1425 sint
1891 1388 2071 1426 animata.
2084 1410 2109 1416 -
2121 1389 2162 1426 Si
2176 1397 2308 1426 autem
2323 1390 2439 1427 habet

1367 1440 1580 1478 substantia
1613 1440 1874 1478 intellectualis
1908 1453 2009 1491 quae
2042 1442 2200 1491 ponitur
2230 1442 2332 1480 uniri
2365 1444 2438 1480 ele-

1368 1501 1503 1530 mento
1531 1501 1597 1531 aut
1623 1494 1722 1544 parti
1750 1494 1844 1541 eius,
1873 1494 1965 1532 alias
1993 1495 2146 1532 animae
2178 1503 2317 1545 parteS‚
2346 1508 2439 1534 cum

1367 1554 1495 1595 partes
1533 1546 1617 1584 illae
1655 1547 1729 1584 sint
1766 1555 1893 1596 partes
1931 1547 2153 1597 aliquorum
2188 1560 2437 1597 organorum,

1369 1599 1563 1649 oportebit
1590 1600 1630 1636 in
1649 1612 1812 1649 corpore
1839 1601 2018 1638 elementi
2046 1601 2219 1638 invenire
2243 1601 2439 1640 diversita-

1369 1660 1447 1689 tem
1463 1653 1842 1700 organorum.Quod
1858 1662 2046 1702 repugnat
2060 1654 2291 1703 simplicitati
2306 1655 2438 1704 ipsius.

1369 1706 1463 1742 Non
1496 1705 1609 1753 igitur
1640 1706 1851 1743 substantia
1884 1706 2145 1743 intellectualis
2182 1714 2307 1756 potest
2338 1708 2441 1745 uniri

1369 1766 1412 1795 ut
1439 1758 1564 1796 forma
1592 1758 1704 1796 alicui
1734 1760 1927 1796 elemento
1955 1767 2023 1796 aut
2048 1760 2146 1809 parti
2175 1759 2269 1797 eius.

1424 1811 1613 1862 Amplius.
1645 1812 1805 1860 Quanto
1834 1812 1992 1862 aliquod
2027 1824 2171 1863 corpus
2199 1821 2254 1863 est
2282 1813 2440 1863 propin-

1368 1865 1485 1915 quius
1514 1865 1697 1903 materiae
1725 1865 1885 1915 primae,
1910 1873 2025 1903 tanto.
2046 1874 2102 1903 est
2129 1866 2351 1915 ignobilius:
2382 1874 2439 1904 ut-

1366 1926 1459 1968 pote
1487 1918 1610 1967 magis
1629 1918 1669 1955 in
1687 1919 1859 1968 potentia
1882 1919 2058 1965 existens,
2078 1927 2116 1956 et
2143 1919 2273 1956 minus
2293 1920 2332 1957 in
2352 1928 2439 1957 actu

1368 1973 1575 2022 completo.
1594 1972 1796 2009 Elementa
1810 1980 1942 2009 autem
1958 1972 2041 2021 ipsa
2056 1981 2145 2009 sunt
2158 1972 2439 2022 propinquiora

1368 2025 1551 2062 materiae
1583 2025 1733 2074 primae
1769 2037 1889 2075 quam
1918 2037 2082 2075 corpora
2115 2025 2251 2063 mixta:
2282 2038 2374 2064 cum
2402 2034 2439 2064 et

1368 2078 1451 2128 ipsa
1479 2078 1553 2116 sint
1581 2078 1793 2116 mixtorum
1821 2091 2033 2128 corporum
2059 2079 2219 2116 materia
2246 2079 2435 2128 proxima.

1368 2133 1467 2170 Sunt
1495 2132 1609 2181 igitur
1637 2133 1920 2169 elementorum
1939 2144 2105 2182 corpora
2133 2132 2361 2181 ignobiliora
2380 2145 2437 2170 se-

1367 2186 1543 2223 cundum
1572 2197 1685 2222 suam
1713 2185 1883 2235 speciem
1907 2185 2137 2235 corporibus
2165 2186 2302 2223 mixtis.
2334 2187 2437 2224 Cum

1366 2239 1479 2288 igitur
1493 2238 1692 2276 nobilioris
1706 2239 1880 2288 corporis
1899 2239 1945 2276 sit
1960 2239 2126 2277 nobilior
2143 2239 2277 2285 forma,
2294 2239 2437 2289 impos-

1367 2292 1475 2330 sibile
1490 2300 1546 2330 est
1565 2293 1672 2342 quod
1691 2292 1930 2329 nobilissima
1949 2293 2084 2338 forma,
2104 2305 2205 2342 quae
2234 2300 2289 2329 est
2308 2292 2439 2330 anima

1368 2346 1608 2392 intellectiva,
1631 2345 1677 2382 sit
1698 2346 1804 2383 unita
1833 2345 2063 2395 corporibus
2087 2347 2381 2383 elementorum.
2404 2354 2407 2356 ’

1421 2401 1528 2437 Item.
1550 2399 1592 2437 Si
1610 2411 1775 2448 corpora
1790 2401 2085 2445 elementorum,
2101 2407 2167 2437 aut
2181 2399 2331 2448 aliquae
2351 2412 2437 2449 par-

1367 2461 1424 2490 tes
1443 2465 1594 2499 eorum,
1615 2460 1742 2490 essent
1759 2452 1930 2490 animata
1953 2452 2200 2490 nobilissimis
2219 2453 2436 2498 animabus,

1368 2518 1470 2555 quae
1498 2514 1589 2543 sunt
1615 2506 1769 2543 animae
1804 2506 2066 2549 intellectivae,
2096 2514 2290 2555 oporteret
2317 2506 2436 2554 quod,

1368 2567 1516 2609 quanto
1535 2559 1664 2608 aliqua
1682 2570 1847 2608 corpora
1870 2567 1996 2596 essent
2019 2559 2206 2596 viciniora
2225 2558 2434 2604 elementis,

1369 2620 1496 2650 essent
1509 2611 1791 2662 propinquiora
1805 2611 1854 2649 ad
1869 2611 2001 2650 vitam.
2023 2612 2110 2649 Hoc
2124 2619 2255 2649 autem
2274 2623 2356 2648 non
2370 2624 2436 2662 ap-

1368 2673 1487 2716 paret,
1508 2666 1575 2703 sed
1595 2664 1717 2713 magis
1736 2664 1989 2703 contrarium:
2019 2677 2112 2702 nam
2135 2665 2286 2714 plantae
2307 2664 2436 2702 minus

1369 2719 1514 2757 habent
1541 2719 1590 2756 de
1619 2718 1696 2756 vita
1723 2731 1844 2768 quarn
1859 2718 2064 2764 animalia,
2083 2730 2176 2756 cum
2204 2726 2335 2755 tamen
2363 2717 2437 2755 sint

1368 2772 1670 2822 propinquiores
1688 2779 1829 2815 terrae;
1850 2780 1887 2808 et
1905 2771 2115 2817 mineralia,
2136 2783 2239 2820 quae
2262 2778 2351 2807 sunt
2370 2771 2436 2808 ad-

237 2830 338 2868 aeris
357 2838 394 2867 et
420 2838 528 2868 totus
544 2841 620 2876 aer,
641 2828 787 2866 etenim
806 2829 977 2876 eundem
995 2835 1151 2865 motum
1179 2827 1311 2873 habet3
1327 2842 1355 2863 40
1369 2827 1447 2863 huc
1465 2824 1757 2875 propinquiora,
1773 2824 1867 2861 nihil
1882 2825 2026 2862 habent
2040 2825 2088 2861 de
2107 2824 2196 2861 vita.
2217 2825 2311 2861 Non
2326 2823 2438 2872 igitur

239 2891 277 2931 et
304 2882 478 2923 similiter
504 2883 554 2921 de
583 2882 676 2921 aliis.
707 2881 907 2920 Similibus
935 2888 1066 2919 autem
1095 2879 1313 2917 motoribus
1369 2878 1581 2917 substantia
1601 2877 1862 2916 intellectualis
1881 2877 2014 2916 unitur
2031 2877 2143 2915 alicui
2159 2878 2362 2923 elemento,
2374 2878 2436 2914 vel

238 2936 383 2975 similes
407 2937 557 2975 formae
576 2935 778 2974 debentur.
800 2935 842 2973 Si
860 2935 974 2984 igitur
991 2933 1122 2983 aliqua
1139 2945 1229 2983 pars
1248 2932 1312 2970 ali·
1367 2932 1466 2983 parti
1494 2932 1588 2979 eius,
1618 2939 1660 2969 ut
1687 2931 1824 2969 forma.

237 2990 352 3029 cuius
380 2990 575 3028 dictorum
598 3001 812 3039 corporum
841 2988 887 3026 sit
905 2987 1075 3025 animata
1098 2986 1229 3024 anima
1257 2986 1313 3023 in-
1421 2986 1574 3023 Adhuc.
1615 2984 1807 3023 Omnium
1848 2983 2093 3022 moventium
2129 2982 2437 3032 corruptibilium

239 3043 453 3090 tellectuali,
472 3051 567 3093 puta
595 3043 704 3089 aeris,
730 3050 835 3079 totus
863 3053 929 3079 aer
956 3049 993 3078 et
1021 3052 1160 3077 omnes
1187 3047 1314 3090 partes
1369 3039 1447 3076 vita
1474 3051 1545 3088 per
1572 3037 1836 3075 excellentiam
1854 3036 2128 3075 contrarietatis
2156 3035 2434 3085 corrumpitur:

240 3097 335 3144 eius,
364 3098 503 3135 eadem
532 3096 690 3143 ratione,
715 3100 829 3133 erunt
856 3094 1036 3132 animata.
1067 3094 1155 3130 Hoc
1183 3099 1314 3130 autem
1329 3108 1353 3128 ις
1369 3105 1463 3129 nam
1492 3091 1671 3129 animalia
1695 3098 1732 3128 et
1754 3092 1906 3140 plantae
1934 3090 2217 3128 mortificantur
2243 3090 2292 3126 ab
2315 3090 2436 3126 excel-

240 3150 440 3189 manifeste
455 3157 615 3201 apparet
628 3150 786 3187 falsum:
802 3161 895 3186 nam
910 3148 1016 3185 nulla
1030 3145 1204 3197 operatio
1214 3145 1314 3183 vitae
1370 3145 1461 3188 lenti
1489 3144 1613 3182 calido
1634 3152 1671 3182 et
1690 3143 1835 3192 frigido,
1856 3143 2020 3181 humido
2050 3150 2115 3181 aut
2143 3142 2255 3180 sicco.
2285 3143 2327 3178 In
2356 3153 2436 3178 cor-

238 3212 401 3255 apparet
419 3204 459 3242 in
487 3203 661 3253 partibus
679 3202 777 3240 aeris
805 3202 868 3239 vel
891 3200 1057 3238 aliorum
1080 3198 1315 3249 simplicium
1369 3198 1531 3249 poribus
1560 3205 1691 3236 autem
1720 3199 2002 3235 elementorum
2030 3196 2236 3246 praecipue
2257 3202 2345 3232 sunt
2374 3207 2436 3232 ex-

237 3270 467 3308 corporum.
478 3258 573 3295 Non
582 3256 695 3305 igitur
704 3255 817 3294 alicui
827 3254 924 3304 parti
935 3253 1043 3299 aeris,
1055 3254 1117 3290 vel
1130 3252 1316 3290 similium
1371 3251 1568 3290 cellentiae
1596 3252 1739 3288 harum
1766 3249 2091 3288 contrarietatum.
2121 3250 2215 3287 Non
2242 3248 2355 3297 igitur
2382 3256 2438 3285 est

240 3313 466 3361 corporum,
477 3310 689 3348 substantia
699 3307 962 3346 intellectualis
975 3306 1110 3344 unitur
1122 3314 1164 3342 ut
1178 3306 1314 3342 forma.
1372 3304 1554 3355 possibile
1573 3304 1681 3353 quod
1696 3304 1735 3340 in
1751 3303 1805 3340 eis
1824 3303 1870 3340 sit
1884 3303 1972 3340 vita.
1993 3302 2232 3352 Impossibile
2251 3301 2363 3350 igitur
2382 3309 2438 3338 est

296 3365 449 3402 Adhuc.
473 3364 513 3402 Si
539 3363 652 3401 alicui
681 3362 916 3412 simplicium
945 3371 1157 3409 corporum
1186 3358 1318 3395 unitur
1333 3377 1359 3398 5⁰
1373 3359 1483 3408 quod
1501 3357 1713 3395 substantia
1732 3356 1959 3393 intellectiva
1977 3355 2133 3393 uniatur
2159 3355 2213 3392 eis
2241 3362 2284 3391 ut
2301 3355 2436 3391 forma.

243 3417 373 3466 aliqua
401 3412 613 3455 substantia
642 3414 903 3454 intellectualis
921 3421 964 3451 ut
991 3413 1127 3458 forma,
1156 3419 1222 3449 aut
1250 3413 1315 3449 ha·
1371 3417 1373 3419 ’
1427 3411 1617 3461 Amplius.
1647 3411 1848 3447 Elementa
1867 3409 1935 3446 etsi
1964 3408 2181 3446 secundum
2209 3415 2335 3445 totum
2364 3407 2438 3444 sint

242 3470 349 3508 bebit
367 3470 603 3509 intellectum
623 3478 792 3508 tantum:
814 3476 881 3506 aut
899 3465 1056 3504 habebit
1069 3465 1161 3503 alias
1179 3473 1314 3515 poten·
1371 3463 1685 3514 incorruptibilia,
1710 3470 1840 3500 tamen
1863 3462 2033 3511 singulae
2052 3469 2179 3511 partes
2199 3468 2288 3498 sunt
2307 3472 2437 3498 corru-

298 3577 313 3602 3
333 3577 446 3602 formam
465 3578 508 3602 Ita
527 3577 605 3608 DZP3
629 3576 728 3602 formas
746 3576 778 3607 N,
802 3575 884 3600 forma
903 3574 994 3599 ceteri.
1097 3581 1112 3606 7
1133 3572 1193 3606 sint]
1219 3581 1272 3597 non
1290 3573 1342 3598 sint
1360 3573 1414 3598 YZ.
1515 3580 1532 3605 9
1551 3569 1696 3603 dereliquit]
1723 3569 1827 3602 reliquit
1845 3569 1898 3595 GP.
2002 3568 2034 3593 13
2053 3568 2176 3602 humano]
2202 3568 2331 3593 humanae
2349 3568 2442 3593 «Exb.

245 3619 278 3647 19
297 3618 369 3639 tanto
382 3616 448 3645 post
466 3613 545 3638 mixta
563 3612 636 3643 DPc3
656 3620 715 3638 cum
783 3611 862 3636 mixta
879 3610 939 3635 hom
959 3617 1000 3634 om
1021 3609 1046 3634 b.
1138 3615 1166 3634 21
1190 3607 1328 3642 mixtionis]
1349 3608 1478 3634 interioris
1498 3616 1523 3638 α,
1542 3606 1731 3632 commixtionis
1751 3605 1794 3630 Pc.
1884 3604 1919 3635 46
1939 3603 2042 3637 falsum]
2063 3612 2122 3629 esse
2141 3604 2236 3629 falsum
2255 3603 2320 3629 ZPc.

299 3656 312 3674 2
333 3647 491 3682 nutritivam]
511 3647 654 3673 infintivam
666 3648 687 3673 E
707 3651 734 3672 et
746 3650 776 3672 ut
794 3646 902 3671 videtur
915 3645 965 3678 ΡΟ,
986 3645 1143 3669 inventivam
1164 3643 1210 3675 sG,
1230 3649 1373 3679 utrumque
1392 3644 1425 3675 Y,
1445 3649 1555 3676 utraque
1573 3647 1715 3674 utrumque
1733 3640 1786 3665 ΝΖ.
1859 3639 1932 3673 sicut]
1953 3645 1998 3664 aut
2016 3640 2082 3664 sicut
2092 3640 2142 3664 αῖ).
2214 3638 2230 3664 8
2251 3646 2317 3672 quae
2332 3646 2374 3665 om
2388 3638 2439 3664 αΧ,

243 3683 279 3709 38
298 3692 358 3710 cum
377 3689 466 3710 tamen
485 3682 545 3717 sint]
566 3691 625 3709 cum
645 3683 697 3708 sint
716 3683 801 3713 «WX‚
820 3689 887 3715 quae
906 3686 966 3706 sunt
984 3680 1015 3705 D.
1105 3687 1139 3712 47
1159 3680 1296 3712 praecipue
1311 3683 1376 3711 post
1394 3685 1457 3704 sunt
1477 3677 1636 3703 aDWXch.
1727 3684 1761 3709 49
1780 3675 1857 3708 igitur
1873 3679 1935 3707 post
1954 3681 1995 3700 est
2008 3675 2152 3700 aDNWPc.
