2768 4134
33 2032 216 2086 ‘effi-¹¹2¹*
209 2037 243 2057 ις1

41 3095 50 3103 ·
66 3093 103 3116 Cf.
120 3093 252 3125 0001016111.

41 3125 92 3148 cap.
104 3126 186 3147 eum,
201 3124 251 3142 11111.

275 304 351 352 482

275 381 380 418 dem:
397 387 433 416 et
447 379 477 415 si
493 377 652 436 quidem
664 375 836 426 operatio
852 375 914 412 illa
928 374 1109 412 consistat
1124 373 1163 410 in
1178 373 1340 418 actione,

274 434 380 470 adest
407 431 442 468 ei
469 429 716 491 principium.
733 428 914 474 activum,
945 427 1042 464 sicut
1069 434 1174 476 patet
1194 426 1243 463 de
1272 438 1341 475 po-

272 485 397 523 tentiis
417 484 569 521 animae
589 481 792 519 nutritivae
821 481 860 518 in
888 480 1044 531 plantis;
1075 480 1105 516 si
1134 491 1228 516 vero
1249 491 1342 539 ope-

273 538 368 576 ratio
396 537 458 574 illa
485 535 666 573 consistat
694 535 732 572 in
765 534 957 584 passione,
993 534 1101 571 adest
1136 533 1170 570 ei
1203 532 1341 592 princi-

270 591 382 641 pium
410 589 621 639 passivum,
641 589 739 625 sicut
755 595 860 638 patet
879 588 926 624 de
946 586 1125 637 potentiis
1154 585 1343 623 sensitivis
1365 607 1374 627 ς

272 645 312 682 111
340 642 582 681 animalibus.
613 643 746 679 Homo
785 649 915 678 autem
954 648 1010 677 est
1043 639 1343 689 perfectissimus

272 698 370 735 inter
397 696 530 733 omnia
559 695 738 732 inferiora
757 706 851 732 mov
854 694 967 731 entia.
989 693 1083 731 Eius
1103 700 1234 730 autem
1253 704 1342 741 pro-

271 750 355 801 pria
392 757 428 786 et
461 748 642 786 naturalis
680 747 853 799 operatio
888 755 943 784 est
976 746 1200 794 intelligere:
1241 757 1342 794 quae

273 816 353 841 non
372 804 591 852 completur
605 802 686 840 sine
706 801 885 851 passione
906 801 1088 852 quadam,
1109 799 1342 858 inquantum

273 857 484 895 intellectus
515 855 657 906 patitur
692 855 741 892 ab
779 853 1016 902 intelligibili;
1046 861 1082 889 et
1117 852 1232 890 etiarn
1261 852 1342 889 sine
1360 870 1384 884 ιο

273 910 434 955 actione,
468 909 702 958 inquantum
734 908 945 945 intellectus
977 906 1064 944 facit
1097 905 1343 953 intelligibilia

272 964 313 1001 in
327 962 498 1013 potentia
512 974 595 999 esse
615 960 883 1020 intelligibilia'
875 972 915 997 in
935 967 1034 997 actu.
1052 958 1240 1008 Oportet
1232 958 1344 1007 igitur

273 1017 314 1054 in
334 1024 470 1054 natura
490 1015 660 1053 hominis
682 1026 765 1051 esse
785 1013 986 1062 utriusque
1013 1012 1219 1062 proprium
1238 1011 1342 1061 prin-

274 1069 430 1120 cipium,
451 1068 591 1106 scilicet
605 1067 839 1104 intellectum
855 1073 1033 1115 agentem
1049 1073 1086 1102 et
1099 1064 1342 1115 possibilem;

274 1131 310 1160 et
339 1130 520 1159 neutrum
553 1120 771 1158 secundum
808 1132 890 1156 esse
925 1119 974 1156 ab
1009 1118 1139 1156 anima
1175 1117 1368 1156 hominis=

273 1182 493 1225 separatum
523 1186 616 1211 esse.

325 1228 476 1265 Adhuc.
508 1226 548 1264 Si
577 1226 788 1263 intellectus
807 1238 924 1275 agens
944 1234 999 1263 est
1028 1225 1224 1275 quaedam
1254 1225 1343 1262 sub-

272 1280 407 1318 stantia
431 1288 615 1329 separata,
645 1279 891 1317 manifestum
922 1287 978 1316 est
1005 1279 1114 1329 quod
1143 1286 1199 1316 est
1227 1290 1345 1328 supra

272 1342 451 1372 naturam
479 1332 660 1370 hominis.
696 1332 881 1383 Operatio
911 1340 1042 1370 autem
1071 1344 1193 1381 quam
1221 1333 1345 1370 homo

273 1395 421 1425 exercet
450 1388 531 1424 sola
558 1386 697 1423 virtute
725 1386 887 1424 alicuius
921 1385 1222 1436 supernaturalis
1255 1386 1344 1423 sub-
1360 1401 1387 1416 πο

273 1441 441 1486 stantiae,
471 1448 527 1477 est
547 1439 720 1489 operatio
750 1439 1067 1489 supernaturalis:
1097 1447 1140 1476 ut
1159 1439 1346 1477 miracula

271 1494 394 1531 facere
433 1501 469 1530 et
505 1494 756 1543 prophetare
795 1501 832 1530 et
868 1492 941 1530 alia
978 1492 1206 1530 huiusmodi
1243 1505 1345 1542 quae

272 1547 405 1585 divino
434 1559 597 1584 munere
630 1546 811 1586 homines
844 1554 1065 1606 operantur.
1097 1546 1201 1584 Cum
1234 1546 1347 1595 igitur

273 1602 395 1638 homo
415 1612 496 1638 non
514 1599 634 1650 possit
653 1599 859 1648 intelligere
879 1599 951 1638 nisi
975 1600 1114 1637 virtute
1134 1599 1346 1638 intellectus

273 1653 433 1702 agentis,
473 1653 504 1690 si
541 1653 753 1692 intellectus
785 1665 901 1701 agens
939 1661 994 1690 est
1026 1653 1222 1702 quaedam
1256 1654 1346 1691 sub·
1362 1669 1372 1683 ²

274 1706 409 1744 stantia
442 1714 632 1756 separata,
667 1714 855 1756 sequetur
884 1707 992 1755 quod
1025 1706 1231 1755 intelligere
1265 1719 1346 1744 non

275 1760 320 1798 sit
349 1759 521 1809 operatio
550 1760 733 1797 naturalis
761 1759 923 1797 homini.
955 1760 1002 1796 Et
1031 1759 1086 1797 sic
1113 1761 1236 1797 homo
1265 1772 1347 1797 non

273 1813 413 1863 poterit
436 1812 587 1850 definiri
616 1825 686 1862 per
709 1814 786 1850 hoc
809 1813 918 1863 quod
942 1821 998 1850 est
1020 1814 1258 1851 intellectivus
1281 1822 1347 1852 aut

275 1867 478 1904 rationalis.

327 1921 540 1957 Praeterea.
562 1918 669 1956 Nihil
688 1927 873 1968 operatur
891 1918 962 1956 nisi
992 1931 1062 1968 per
1080 1919 1251 1968 aliquam
1271 1918 1346 1956 vir-

273 1980 396 2010 tutem
424 1984 524 2022 quae
553 1971 762 2009 formaliter
789 1971 830 2008 in
858 1971 943 2020 ipso
964 1979 1039 2008 est:
1071 1972 1176 2009 unde
1204 1971 1346 2009 Aristo-

273 2027 376 2071 teles,
392 2025 431 2062 in
446 2026 477 2062 II
496 2025 542 2062 de
555 2026 696 2062 Anima
710 2024 739 2070 ³¹²,
761 2024 926 2063 ostendit
945 2025 1053 2074 quod
1074 2037 1156 2074 quo
1175 2025 1346 2062 vivimus

273 2086 310 2116 et
324 2078 523 2124 sentimus,
539 2085 596 2115 est
613 2078 738 2115 forma
757 2085 795 2115 et
813 2086 932 2115 actus.
953 2078 1030 2115 Sed
1051 2086 1215 2128 utraque
1235 2078 1345 2124 actio,

274 2131 412 2170 scilicet
440 2131 650 2169 intellectus
678 2131 870 2180 possibilis
895 2139 932 2168 et
950 2131 1165 2169 intellectus
1190 2131 1345 2180 agentis,

273 2185 456 2223 convenit
479 2184 646 2222 homini:
677 2185 801 2223 homo
831 2184 936 2222 enim
960 2184 1145 2222 abstrahit
1173 2197 1195 2222 a
1223 2186 1346 2235 phan-

273 2238 510 2284 tasmatibus,
540 2245 576 2274 et
605 2237 739 2287 recipit
758 2246 889 2275 mente
914 2238 1159 2287 intelligibilia
1182 2238 1220 2275 in
1241 2246 1346 2285 actu;

275 2304 355 2329 non
375 2291 481 2329 enim
509 2291 616 2329 aliter
643 2291 683 2328 in
703 2291 879 2329 notitiam
899 2292 1040 2329 harum
1062 2292 1262 2329 actionum
1281 2304 1347 2329 ve-

274 2345 467 2383 nissemus
491 2344 563 2382 nisi
592 2356 657 2382 eas
685 2344 725 2382 in
751 2344 864 2382 nobis
883 2345 1160 2395 experiremur.
1183 2346 1348 2395 Oportet

276 2398 388 2447 igitur
424 2398 532 2447 quod
569 2397 758 2447 principia
794 2398 938 2447 quibus
975 2397 1237 2436 attribuuntur
1274 2400 1346 2436 hae

738 299 925 336 SUMMA
954 297 1177 334 CONTRA
1206 295 1480 340 GENTILES,
1509 296 1604 331 LIB.
1625 295 1667 340 ΙΙ,
1698 295 1808 331 CAP.
1832 296 2003 332 LXXVI.

1452 373 1493 410 Si
1507 380 1640 409 autem
1654 372 1805 409 dicatur
1818 372 1927 421 quod
1941 373 2016 409 hae
2025 372 2196 410 actiones
2211 374 2474 411 attribuuntur

1398 425 1549 462 homini
1563 425 1798 474 inquantum
1813 425 1995 474 praedicti
2017 424 2229 462 intellectus
2243 426 2472 464 continuan-

1397 487 1460 515 tur
1478 478 1602 524 nobis,
1622 485 1665 515 ut
1680 479 1873 515 Averroes
1892 477 1983 515 dicit
1997 477 2032 514 ³⁶:
2054 477 2133 515 iam
2152 490 2271 528 supra
2283 478 2325 501 *¹⁸
2344 487 2471 516 osten-

1398 544 1486 569 sum
1507 539 1563 568 est
1581 531 1690 581 quod
1710 530 1948 568 continuatio
1964 531 2177 568 intellectus
2191 531 2384 581 possibilis
2402 544 2472 570 no-

1398 585 1561 630 biscum,
1577 584 1608 621 si
1623 584 1670 621 sit
1683 584 1880 633 quaedam
1891 584 2103 622 substantia
2118 591 2304 634 separata,
2315 586 2473 634 qualem

1398 638 1480 688 ipse
1500 637 1679 686 intelligit,
1700 649 1780 675 non
1801 637 1941 675 sufficit
1960 638 2008 675 ad
2029 639 2107 675 hoc
2126 638 2234 687 quod
2253 650 2325 687 per
2342 638 2473 687 ipsum

1398 691 1665 740 intelligamus.
1706 690 1890 728 Similiter
1916 690 2031 728 etiam
2061 699 2165 740 patet
2197 691 2247 728 de
2279 691 2475 728 intellectu

1398 753 1544 793 agente.
1563 745 1826 794 Comparatur
1839 743 1945 781 enirn
1959 744 2172 782 intellectus
2187 756 2304 793 agens
2319 745 2368 782 ad
2388 756 2474 794 spe-

1399 798 1475 835 cies
1509 797 1759 846 intelligibiles
1786 805 1960 847 receptas
1987 797 2027 834 in
2060 797 2253 835 intellectu
2288 797 2474 847 possibili,

1399 851 1496 889 sicut
1516 863 1577 888 ars
1596 851 1646 888 ad
1658 851 1810 888 -formas
1824 850 2040 888 artificiales
2055 863 2157 900 quae
2171 863 2243 900 per
2261 859 2383 888 artem
2402 863 2474 901 po-

1399 913 1547 942 nuntur
1565 904 1604 942 in
1624 904 1801 942 materia:
1822 912 1865 941 ut
1884 911 1988 953 patet
2002 916 2049 941 ex
2065 905 2246 954 exemplo
2261 904 2474 942 Aristotelis

1400 959 1439 995 in
1459 959 1505 995 111
1520 959 1567 995 de
1578 959 1721 995 Anima
1739 958 1770 994 *.
1792 958 1960 995 Formae
1979 965 2113 995 autem
2133 957 2222 994 artis
2237 969 2319 994 non
2337 969 2474 996 conse-

1400 1019 1576 1061 quuntur
1603 1011 1798 1049 actionem
1817 1010 1918 1057 artis,
1939 1011 2008 1048 sed
2028 1012 2158 1048 solum
2179 1010 2474 1049 similitudinem

1399 1065 1619 1102 formalem:
1641 1065 1747 1102 unde
1763 1077 1835 1102 nec
1854 1063 2074 1102 subiectum
2093 1065 2236 1102 harum
2255 1064 2474 1102 formarum

1400 1126 1526 1168 potest
1545 1130 1616 1168 per
1634 1117 1863 1156 huiusmodi
1877 1118 2023 1156 formas
2037 1117 2232 1155 actionem
2247 1117 2404 1155 artificis
2422 1118 2475 1155 fa-

1400 1184 1499 1209 cere.
1530 1173 1633 1220 Ergo
1653 1184 1726 1209 nec
1754 1172 1890 1218 homo,
1909 1183 1980 1222 per
1998 1172 2076 1209 1106
2095 1172 2204 1221 quod
2224 1179 2311 1208 sunt
2330 1171 2370 1208 in
2390 1170 2478 1221 ipso

1401 1225 1548 1275 species
1563 1224 1814 1275 intelligibiles
1823 1233 1912 1262 actu
1926 1225 2047 1262 factae
2058 1224 2109 1262 ab
2118 1225 2312 1262 intellectu
2327 1232 2476 1273 agente,

1400 1286 1526 1329 potest
1553 1279 1677 1316 facere
1705 1278 1975 1328 operationem
2004 1277 2216 1316 intellectus
2244 1278 2401 1327 agentis.

1456 1332 1608 1370 Adhuc.
1640 1332 1965 1382 Unumquodque
1985 1332 2093 1381 quod
2114 1344 2195 1369 non
2223 1339 2350 1381 potest
2373 1331 2477 1369 exire

1401 1386 1441 1423 in
1469 1386 1669 1436 propriam
1689 1385 1957 1436 operationem
1977 1385 2051 1422 nisi
2078 1397 2150 1435 per
2168 1386 2244 1423 hoc
2264 1385 2373 1435 quod
2391 1397 2477 1423 mo-

1400 1447 1514 1477 vetur
1531 1440 1581 1477 ab
1610 1439 1788 1477 exteriori
1807 1438 2010 1490 principio,
2030 1438 2153 1488 magis
2171 1438 2295 1488 agitur
2313 1439 2364 1476 ad
2383 1450 2477 1488 ope-

1402 1493 1570 1530 randum
1599 1505 1720 1543 quam
1748 1493 1922 1543 seipsum
1950 1501 2047 1542 agat.
2078 1492 2191 1530 Unde
2220 1491 2402 1530 animalia
2430 1491 2478 1529 ir-

1402 1546 1601 1584 rationalia
1635 1546 1759 1595 magis
1792 1554 1960 1607 aguntur
1992 1546 2041 1583 ad
2075 1546 2323 1606 operandum
2356 1557 2478 1595 quam

1402 1600 1528 1649 seipsa
1547 1607 1671 1649 agant,
1700 1600 1793 1649 quia
1819 1600 1949 1637 omnis
1968 1599 2142 1650 operatio
2169 1612 2309 1637 eorum
2332 1599 2479 1649 depen-

1402 1653 1466 1691 det
1485 1666 1508 1691 a
1526 1652 1717 1703 principio
1737 1652 1953 1690 extrinseco
1980 1661 2183 1691 movente:
2204 1665 2342 1691 sensus
2360 1652 2479 1698 enim,

1402 1715 1533 1744 motus
1561 1719 1584 1744 a
1617 1706 1786 1744 sensibili
1815 1706 2004 1752 exteriori,
2033 1706 2221 1756 imprimit
2248 1705 2288 1743 in
2315 1706 2479 1756 phanta-

1403 1759 1511 1805 siam,
1532 1767 1570 1797 et
1587 1759 1642 1797 sic
1659 1772 1730 1810 per
1748 1759 1930 1797 ordinem
1948 1759 2152 1810 procedit'
2142 1771 2182 1797 111
2202 1759 2389 1797 omnibus
2407 1770 2478 1809 po·

1402 1812 1527 1851 tentiis
1546 1825 1673 1863 usque
1692 1813 1742 1850 ad
1762 1812 1940 1850 motivas.
1962 1812 2149 1873 Operatio
2169 1820 2302 1850 autem
2319 1812 2479 1872 propria

1402 1865 1574 1903 hominis
1592 1874 1649 1903 est
1667 1865 1890 1915 intelligere:
1911 1866 2025 1904 cuius
2048 1866 2223 1915 primum
2241 1865 2479 1916 principium

1375 1935 1388 1949 ο
1402 1927 1459 1956 est
1477 1919 1689 1957 intellectus
1708 1931 1837 1967 agens,
1853 1919 1921 1969 qui
1940 1919 2028 1957 facit
2049 1918 2196 1968 species
2214 1917 2479 1979 intelligibiles,

1403 1985 1426 2010 a
1449 1972 1593 2021 quibus
1620 1972 1764 2022 patitur
1790 1972 2090 2022 quodammodo
2118 1971 2334 2010 intellectus
2356 1970 2480 2021 possi-

1402 2025 1498 2071 bilis,
1528 2025 1607 2075 qui,
1637 2025 1759 2063 factus
1786 2025 1825 2063 in
1855 2033 1955 2071 actu,
1984 2032 2120 2063 movet
2150 2026 2407 2063 voluntatem.
2425 2024 2481 2064 ‘sa'

1403 2078 1516 2128 igitur
1550 2078 1764 2116 intellectus
1795 2090 1913 2127 agens
1945 2086 2003 2116 est
2037 2078 2233 2128 quaedam
2266 2077 2481 2117 substanti·

1402 2140 1508 2169 extra
1536 2132 1753 2179 hominem,
1777 2139 1857 2170 tota
1883 2131 2058 2182 operatio
2087 2131 2259 2170 hominis
2285 2131 2481 2182 dependet

1403 2197 1424 2222 a
1439 2185 1630 2236 principio
1646 2185 1874 2224 extrinseco.
1894 2186 1989 2223 Non
2003 2185 2119 2234 igitur
2130 2184 2201 2222 erit
2219 2186 2344 2223 horno
2362 2196 2481 2235 qens

1403 2237 1587 2289 seipsum,
1607 2238 1676 2277 sed
1695 2246 1805 2277 actus
1823 2238 1874 2277 ab
1895 2238 1982 2277 alio.
2004 2239 2054 2276 Et
2072 2237 2126 2276 sic
2154 2250 2236 2276 non
2255 2237 2327 2276 erit
2352 2237 2480 2277 domi-

1403 2304 1481 2330 nus
1497 2304 1660 2330 suarum
1679 2292 1972 2342 operationum
1997 2304 2071 2330 nec
2089 2291 2303 2331 merebitur
2320 2291 2481 2331 taudem

1403 2353 1469 2383 aut
1487 2345 1743 2395 vituperium;
1763 2354 1801 2383 et
1819 2345 1958 2396 peribit
1985 2353 2066 2383 tota
2092 2345 2250 2383 scientia
2267 2344 2428 2383 moratis
2444 2352 2482 2382 91

1403 2399 1651 2437 conversatio
1678 2399 1850 2450 politica3
1870 2399 1979 2449 quod
1998 2406 2056 2436 est
2073 2397 2367 2436 inconveniens.
2386 2399 2482 2436 Non

275 2451 452 2497 actiones,
472 2450 612 2489 scilicet
631 2451 843 2489 intellectus
857 2451 1049 2501 possibilis
1069 2460 1105 2489 et
1124 2464 1252 2501 agens,
1274 2451 1348 2489 sint
1363 2467 1389 2487 ⁴0
1403 2460 1460 2490 est
1479 2452 1593 2501 igitur
1620 2452 1834 2490 intellectus
1852 2464 1970 2502 agens
1992 2451 2205 2490 substantia
2233 2458 2408 2502 separata
2430 2451 2481 2490 ab

276 2504 434 2542 virtutes
462 2504 656 2554 quaedam
686 2504 724 2542 in
754 2505 867 2542 nobis
895 2505 1105 2543 formaliter
1132 2505 1346 2543 existentes.

330 2627 341 2645 1
364 2619 496 2653 consistat]
516 2619 635 2645 consistit
652 2620 703 2651 ΕΖ,
723 2624 826 2645 constat
844 2620 952 2645 aDwx.

275 2660 376 2682 constat
394 2655 455 2680 aW.
550 2662 581 2681 10
599 2654 757 2688 intellectus]
777 2655 885 2689 quilibet
903 2655 1049 2682 intellectus
1069 2656 1207 2682 aDWch.

274 2691 416 2724 telligibilia
434 2691 494 2716 hom
514 2698 557 2716 om
577 2691 711 2716 aoowx.

275 2727 330 2759 pria
347 2731 374 2752 et
391 2727 516 2753 naturalis
534 2727 585 2757 Pc;
599 2734 653 2761 pro
672 2726 779 2758 homini,
799 2726 936 2752 1100110010
955 2727 1033 2753 ΝΧΖ.

330 2769 359 2787 11
381 2761 474 2796 agitur]
493 2768 522 2788 ut
541 2744 624 2795 agitur
643 2763 671 2794 b;
687 2770 742 2795 pro
760 2763 888 2796 seipsum,
907 2763 980 2796 quod
998 2763 1086 2796 ipsum
1103 2763 1135 2788 P.

1043 2620 1144 2646 actione
1160 2621 1201 2646 Ita
1214 2621 1266 2651 hm
1284 2621 1439 2654 operatione
1449 2621 1546 2652 ceneri,
1565 2621 1598 2646 nt*
1605 2621 1707 2647 9611009
1724 2628 1821 2655 wgo
1833 2621 1869 2646 W
1880 2629 1899 2647 9
1912 2621 2055 2654 m-iptoeae.

1291 2655 2050 2690 etetiamlnecentb,etestetiamd.necetiam}².
2137 2657 2484 2726 alagona-'aetem

803 2698 836 2724 27
855 2691 973 2724 operatio
991 2691 1115 2717 naturalis
1135 2692 1178 2717 Ita
1197 2691 1324 2723 GNXYtu
1348 2693 1473 2718 naturalis
1492 2692 1610 2726 operatio
1629 2692 1680 2724 tiz,
1698 2700 1767 2735 opus
1786 2693 1911 2718 naturalis
1930 2700 1955 2723 α,
1974 2699 2028 2726 opu
2029 2700 2043 2718 a
2062 2693 2182 2719 mnu-ale
2199 2692 2222 2718 D

1108 2727 1142 2760 3⁴
1160 2727 1270 2788 88⁶3*
1261 2734 1356 2789 ΗΞ·
1354 2735 1475 2790 :infin-11·
1493 2771 1536 2789 om
1556 2764 1610 2796 1>11;

277 2797 309 2822 33
328 2797 470 2824 substantia
489 2802 559 2823 extra
578 2798 722 2831 homineml
741 2798 887 2823 substantia
905 2803 1023 2831 separata
1041 2798 1074 2824 ab
1093 2798 1199 2824 homine
1218 2799 1253 2830 Z;
1272 2804 1391 2833 separata
1409 2799 1489 2825 addtt
1506 2799 1588 2825 ettam
1607 2800 1632 2825 t.

1403 2505 1576 2544 homine.

2126 2628 2145 2654 4
2162 2621 2298 2655 cen-im)
2315 2620 2439 2647 oon-³⁸1²
2450 2621 2483 2653 Ι,

1491 2727 1523 2754 35
1542 2727 1633 2762 luno]
1653 2728 1757 2762 spedee
1773 2728 1882 2755 anne
1899 2736 1917 2753 a
1934 2731 1962 2754 d
1975 2731 2041 2762 post
2058 2727 2224 2760 en’nnWUc,
2240 2691 2482 2762 ww
2448 2727 2481 2753 Χ.

1623 2767 1689 2796 post
1706 2764 1863 2790 0190009119
1880 2764 1901 2790 P
1918 2764 1999 2791 addit
2017 2764 2097 2791 enim.
2180 2763 2212 2790 25
2231 2763 2312 2798 enim}
2331 2769 2421 2790 901901
2438 2763 2484 2790 ee.

1725 2799 1757 2833 37
1777 2798 1932 2833 merebitur}
1949 2805 2066 2826 meretur
2083 2799 2207 2826 aWXPe.

1035 2885 1374 2920 Commenta-ia
1403 2887 1714 2923 Fen-artensis

332 2968 477 2989 0510111111
508 2957 648 2989 ostendit
674 2957 810 2989 Sanctus
845 2957 992 2989 Thomas
1018 2957 1217 2990 intellectum
1247 2957 1352 3000 'possi-

281 2969 330 3032 P
343 3003 441 3034 bilem
479 3012 548 3034 non
586 3012 655 3033 esse
685 3002 898 3033 substantiam
930 3008 1110 3043 separatam
1140 3012 1249 3044 neque
1283 3013 1352 3034 esse

278 3056 382 3078 unum
405 3048 438 3078 in
469 3047 632 3083 omnibus,
656 3056 744 3077 nunc
774 3046 862 3078 idem
886 3047 956 3077 vult
982 3046 1023 3078 de
1046 3047 1215 3079 intellectu
1236 3052 1352 3088 agente

279 3090 498 3123 demonstrare
509 3092 536 3122 '.
565 3091 660 3123 Circa
686 3091 750 3122 1106
781 3096 891 3123 autern
921 3091 982 3122 tria
1004 3090 1094 3123 facit:
1126 3092 1237 3132 primo-
1264 3093 1353 3124 enim

280 3135 420 3168 ostendit
442 3136 549 3177 ipsum
573 3145 642 3167 non
665 3145 735 3168 esse
758 3136 971 3168 substantiam
993 3142 1183 3178 separatam,
1203 3136 1260 3168 sed
1284 3146 1353 3170 esse

280 3179 402 3221 aliquid
424 3181 565 3217 animae3
590 3180 746 3217 secundo,
771 3179 910 3212 declarat
934 3181 1106 3222 quomodo
1130 3190 1199 3213 non
1223 3186 1270 3213 est
1292 3182 1354 3214 im-

280 3223 431 3264 possibile
460 3225 568 3265 ipsum
600 3234 676 3255 cum
706 3225 872 3255 intellectu
903 3224 1048 3266 possibili
1072 3226 1106 3256 in
1133 3235 1197 3256 una
1227 3226 1354 3257 animae

281 3269 455 3300 substantia
487 3269 676 3305 convenire,
709 3269 851 3309 capitulo
884 3270 1048 3310 sequen&
1077 3270 1182 3306 tertio,
1214 3269 1355 3302 ostendit

280 3312 343 3343 hoe
366 3312 546 3343 secundum
561 3318 705 3344 mentem
721 3313 902 3344 Aristotelis
925 3322 1004 3351 esse,
1026 3314 1170 3354 capitulo
1194 3324 1320 3345 Lxxvm.

337 3357 359 3387 1.
383 3356 553 3395 Quantum
573 3357 613 3388 ad
636 3358 788 3397 primum,
812 3358 993 3395 sciendum,
1020 3364 1057 3390 ut
1083 3358 1202 3390 dicitur
1222 3359 1256 3390 in
1279 3358 1354 3398 QQ.

282 3400 321 3430 de
344 3401 471 3436 Anima,
489 3407 544 3432 art.
565 3402 593 3437 5,
611 3402 700 3442 quod
724 3402 920 3433 intellectum
939 3407 1090 3444 agentem
1114 3411 1183 3434 esse
1206 3413 1306 3435 unum
1325 3409 1357 3436 et

282 3450 476 3485 seper-aim,
502 3446 629 3476 videtur
646 3447 723 3486 plus
747 3447 886 3478 rationis
914 3448 1032 3479 habere
1057 3457 1155 3488 quam
1182 3447 1210 3478 si
1233 3448 1294 3479 hoc
1317 3448 1357 3480 de

284 3488 445 3520 intellectu
469 3490 618 3530 possibili
644 3496 809 3531 ponatur:
838 3491 917 3533 quia
940 3491 1107 3523 invenitur
1135 3501 1238 3534 agens
1264 3501 1357 3533 sepa-

286 3537 391 3563 ratum
415 3534 454 3564 ab
478 3534 518 3564 iis
540 3544 623 3576 quae
642 3535 768 3566 reducit
791 3536 824 3566 in
848 3541 976 3573 actum;
1001 3536 1035 3567 t‘d
1057 3540 1169 3567 autem
1182 3545 1247 3577 per
1269 3537 1357 3578 quod

286 3576 408 3618 ahquid
431 3583 477 3608 est
500 3578 531 3608 in
553 3579 709 3619 potentia,
735 3580 867 3611 omnino
893 3580 1021 3612 videtur
1043 3589 1112 3613 esse
1135 3580 1356 3613 intrinsecum.

286 3619 330 3650 Ee
351 3620 423 3652 ideo
441 3622 554 3662 plures
576 3629 760 3663 paruerunt
784 3625 981 3656 intellectum
1010 3630 1163 3667 agentem
1189 3635 1258 3656 esse
1284 3626 1357 3657 sub-

287 3664 438 3694 stantiam
461 3672 643 3706 separatam
667 3677 763 3708 quam
789 3669 983 3700 intellectum
1000 3669 1198 3710 possibilem.
1224 3670 1358 3711 Propter

1406 2959 1471 2991 hoc
1486 2960 1580 3000 ponit
1595 2959 1732 2991 Sanctus
1747 2959 1894 2991 Thomas
1910 2958 2011 3001 quod,
2035 2964 2161 3002 praeter
2178 2959 2368 2996 Averroem,
2387 2958 2485 2991 etim

1406 3003 1590 3035 Alexander
1603 3009 1635 3035 et
1650 3004 1818 3035 Avicenna
1833 3010 2015 3046 posuerunt
2029 3003 2231 3036 intellectum
2249 3009 2399 3045 agentem
2414 3012 2485 3035 9999

1407 3058 1513 3080 unum
1535 3049 1697 3080 omnium.
1778 3056 1780 3058 ·

1465 3092 1588 3125 Contra
1611 3102 1714 3134 quam
1735 3093 1929 3134 opinionem
1955 3093 2100 3134 arguitur
2125 3092 2299 3135 probando
2320 3091 2414 3134 quod
2434 3092 2484 3125 in-

1409 3138 1555 3169 tellectus
1577 3147 1682 3179 agens
1704 3137 1747 3169 st't
1770 3137 1896 3179 aliquid
1917 3137 2049 3169 animae
2072 3143 2216 3170 nostrae.

1463 3181 1509 3213 Et
1530 3182 1688 3225 arguitur
1704 3181 1846 3223 primo
1865 3182 1922 3214 sic.
1939 3182 2050 3224 Agens
2072 3187 2105 3215 et
2126 3182 2253 3224 patiens
2268 3185 2399 3222 oportet
2413 3188 2484 3212 esse
2511 3186 2521 3196 ⁶

1408 3227 1665 3269 proportionata.
1691 3226 1778 3267 Ergo
1802 3226 1981 3270 unicuique
2004 3227 2133 3269 passivo
2156 3223 2390 3267 correspondet
2408 3233 2484 3266 pro-

1410 3271 1517 3312 prium
1548 3271 1701 3302 activum.
1726 3270 1824 3312 Ergo,
1847 3271 1875 3302 si
1897 3270 2080 3302 intellectus
2291 3274 2340 3301 est
2362 3267 2486 3309 aliquid

1410 3316 1548 3352 9111111116,
1571 3315 1826 3356 multiplicatum
1840 3315 2024 3347 secundom
2037 3314 2282 3347 multitudinem
2299 3313 2485 3345 individuo-

1410 3369 1496 3397 1010,
1517 3365 1555 3391 ut
1577 3366 1626 3392 est
1645 3365 1823 3397 osteum
1839 3359 2024 3392 intellectus
2043 3368 2146 3400 qen«
2165 3359 2226 3391 erit
2247 3357 2450 3391 htximodi.
2462 3375 2486 3382 -

1410 3404 1568 3437 Probatur
1591 3405 1707 3437 ultima
1735 3404 1980 3445 consequentia.
2004 3403 2091 3442 Quia
2113 3402 2297 3434 intellectus
2322 3403 2486 3443 possibilis

1412 3454 1618 3490 comparatur
1642 3448 1683 3482 ad
1698 3454 1849 3489 agentem
1870 3454 1908 3480 ut
1927 3447 2098 3488 proprium
2112 3447 2279 3487 passivum
2293 3447 2361 3480 sive
2376 3457 2486 3479 suace-

1411 3494 1540 3534 ptivum
1569 3494 1654 3525 eius:
1679 3503 1757 3525 cum
1778 3503 1814 3524 96
1835 3493 1952 3524 habeat
1979 3491 2163 3523 intellectus
2193 3501 2295 3531 agens
2315 3491 2355 3523 ad
2377 3492 2487 3533 ipsum

1411 3538 1497 3569 sicut
1510 3547 1570 3569 ars
1582 3538 1627 3569 ad
1641 3538 1822 3573 materiam,
1838 3541 1876 3568 ut
1891 3535 2008 3567 divertar
2023 3534 2065 3566 111
2081 3535 2121 3566 de
2135 3535 2264 3566 Anima.

1468 3582 1610 3614 Adverte
1633 3581 1727 3623 quod
1748 3579 1943 3613 antecedens
1965 3579 2213 3621 intelligendum
2237 3586 2285 3612 est
2308 3580 2348 3613 de
2372 3586 2486 3623 agente

1412 3627 1576 3666 proximo,
1590 3636 1659 3659 non
1674 3631 1784 3658 autem
1799 3624 1840 3657 de
1855 3629 1970 3665 agente
1985 3630 2125 3656 remoto.
2148 3625 2227 3656 Non
2249 3630 2383 3666 oportet
2398 3625 2487 3658 enin

1413 3680 1510 3711 agens
1540 3676 1705 3702 remotum
1735 3669 1977 3711 proportionari
2005 3668 2187 3700 secundum
2217 3669 2487 3711 adaequationen

2500 485 2508 493 ·
2499 483 2628 532 111-Ρ

2502 963 2636 990 ‘capmu
2645 961 2716 984 9.·Πι.
