2768 4134
52 473 59 479 ⁶
82 471 101 492 11
116 470 195 497 Phys„
212 475 228 495 1,
243 476 263 490 2:

51 504 68 518 s.
80 497 125 518 Th.
141 496 156 518 l.
170 503 187 517 ι.

47 955 56 964 ·
72 953 142 975 Num.
153 959 202 975 vui.

47 1127 56 1137 ·
72 1126 128 1153 Cap.
141 1131 191 1147 χιιι.

45 2823 97 2845 'Ca

46 2849 62 2871 L
72 2830 122 2873 ¹¹p.
130 2822 258 2851 v1‚7;s.Th.

297 249 344 293 56

353 334 471 364 Tertio.
502 333 568 362 Aut
595 337 645 361 est
669 339 793 369 ‘corpus
820 328 1094 362 mathematicum,
1122 332 1177 356 aut
1207 325 1360 356 naturale.

293 378 367 408 Non
393 378 549 417 primum:
572 376 651 415 quia
674 373 754 404 illud
777 383 845 403 non
869 382 926 413 per
942 381 975 403 se
1000 372 1114 406 existit,
1132 380 1208 401 cum
1224 370 1264 401 sit
1279 370 1362 400 acci-

278 422 381 452 dens·
406 421 480 451 Non
503 421 600 450 etiam
621 418 822 449 secundum:
848 427 923 448 cum
948 425 1046 446 omne
1070 416 1132 446 tale
1163 416 1202 444 sit
1227 414 1360 450 mobile,

293 475 332 496 eo
357 464 445 504 quod
469 470 581 494 natura
605 457 805 504 principium
830 467 935 492 motus
959 461 998 491 sit
1013 461 1043 496 *;
1076 460 1164 490 Deus
1188 464 1297 489 autem
1322 459 1362 489 sit

291 509 475 539 immobilis.
501 508 586 548 Ergo
608 517 678 538 non
703 513 750 537 est
773 516 900 546 corpus.
1164 506 1169 508 '

350 552 487 588 Quarto.
518 552 614 583 Tunc
642 551 823 582 intellectus
856 557 886 581 et
917 549 1069 589 cogitatio
1100 554 1209 578 nostra
1239 547 1361 588 aliquid

289 597 394 627 maius
417 597 488 627 Deo
510 597 652 637 cogitare
675 602 794 636 posset.
819 595 860 625 Et
883 595 927 624 sic
951 594 1040 624 Deus
1063 602 1131 622 non
1155 597 1238 622 esset
1257 592 1362 622 maior

290 641 455 672 intellectu
478 647 601 671 nostro.
625 659 648 674 -,
670 641 834 677 Probatur,
846 637 1088 678 consequentia.
1101 636 1199 674 -Quia
1215 637 1362 677 quolibet

290 684 382 715 finito
413 686 518 716 maius
547 685 681 725 cogitari
710 689 827 724 potest.
860 683 966 713 Omne
997 687 1106 712 autem
1137 690 1268 721 corpus,
1295 687 1361 712 tam

290 735 414 760 rectum
438 739 537 769 quam
561 729 724 765 circulare,
749 734 796 759 est
819 727 957 757 finitum.

341 773 587 807 Advertendum
608 773 697 814 quod
716 782 784 803 non
805 778 852 802 est
875 770 1085 802 contradictio
1108 770 1192 800 inter
1214 770 1247 800 id
1270 770 1362 811 quod

289 818 341 848 hic
370 818 495 854 dicitur,
520 823 551 848 et
578 816 669 858 quod
697 817 819 847 dictum
850 821 896 846 est
928 815 1085 855 superius,
1110 824 1181 855 cap.
1202 824 1248 845 xx:
1275 815 1361 855 quia,

288 863 434 902 inquam,
458 864 509 893 hic
533 872 592 902 pro
617 861 858 892 inconvenienti
881 861 1016 890 habetur
1039 858 1131 898 quod
1151 859 1223 890 Deo
1240 859 1362 900 aliquid

288 908 392 937 maius
416 907 517 947 possit
540 907 684 946 cogitari,
704 906 749 935 ibi
772 914 849 935 vero
873 914 932 944 pro
955 904 1199 934 inconvenienti
1221 913 1291 934 non
1306 904 1362 934 ha-

288 952 390 981 betur.
415 951 509 987 Nam,
534 957 570 981 ut
592 950 711 980 ibidem
729 949 866 980 diximus
878 949 905 985 *,
929 957 996 978 non
1018 947 1159 979 admisso
1175 958 1244 979 esse
1262 949 1297 979 in
1312 958 1362 979 re-

288 1005 361 1026 rum
377 1001 489 1026 natura
512 995 633 1035 aliquid
657 1004 724 1034 quo
744 994 847 1024 maius
867 993 1000 1033 cogitari
1016 1002 1084 1023 non
1100 993 1213 1033 possit,
1229 1003 1297 1024 non
1315 999 1362 1023 est

289 1040 519 1070 inconveniens
550 1039 621 1069 Deo
653 1039 756 1068 maius
785 1037 906 1077 aliquid
935 1046 1031 1078 posse
1061 1038 1211 1077 cogitari:
1235 1037 1268 1068 in
1293 1047 1361 1078 quo

288 1093 383 1114 sensu
408 1085 554 1124 superius
582 1089 629 1114 est
657 1084 785 1113 locutus
813 1081 950 1112 Sanctus
973 1082 1130 1112 Thomas.
1162 1081 1226 1113 Sed
1252 1083 1361 1123 posito

289 1128 379 1168 quod
402 1128 523 1168 aliquid
540 1128 602 1158 tale
618 1128 658 1157 sit
672 1128 705 1157 in
729 1133 853 1162 natura,
870 1131 906 1156 ut
921 1127 986 1157 iam
1003 1136 1041 1157 ex
1065 1126 1334 1167 praecedentibus
1345 1128 1362 1144 ¹*

288 1178 434 1203 constare
457 1178 574 1212 potest,
598 1172 702 1205 maius
725 1171 847 1212 aliquid
870 1171 942 1202 Deo
966 1181 1062 1212 posse
1086 1172 1220 1212 cogitari
1246 1172 1362 1203 incon-

287 1218 419 1247 veniens
443 1222 498 1247 est.
524 1217 565 1247 Et
588 1226 626 1246 ex
650 1216 709 1247 hac
733 1215 960 1256 suppositione
983 1216 1036 1247 hic
1059 1216 1216 1256 procedit.

331 1255 379 1291 Ἡ.
409 1260 540 1297 Quinto.
566 1260 718 1301 Sequitur
734 1261 842 1292 Deum
859 1270 927 1291 non
943 1270 1012 1292 esse
1028 1261 1171 1302 primum
1196 1271 1262 1292 ens.
1287 1261 1362 1292 Hoc

287 1310 334 1335 est
346 1304 471 1336 falsum.
490 1306 576 1345 Ergo
590 1310 649 1336 etc.
662 1324 686 1327 —
700 1305 859 1336 Probatur
870 1306 1114 1346 consequentia.
1131 1305 1236 1346 Super
1252 1306 1362 1337 omnia

287 1359 423 1390 corpora
447 1355 494 1380 est
522 1350 644 1390 aliquid
671 1350 814 1381 nobilius
843 1355 875 1381 et
902 1351 1001 1391 prius.
1030 1350 1128 1391 Ergo,
1153 1351 1179 1381 si
1202 1350 1292 1382 Deus
1316 1356 1363 1382 est

286 1403 416 1434 corpuS,
432 1395 505 1435 ipso
528 1394 651 1435 aliquid
667 1395 726 1425 erit
741 1395 830 1435 prius
847 1401 878 1426 et
892 1395 1045 1426 nobilius.
1061 1413 1085 1418 —
1100 1395 1259 1426 Probatur
1273 1401 1362 1427 ante—

286 1438 422 1470 cedens..
438 1439 624 1470 Secundum
650 1439 798 1470 ordinem
814 1440 1019 1471 obiectorum
1038 1445 1086 1471 est
1104 1440 1186 1471 ordo
1202 1441 1364 1480 potentia-

284 1493 368 1514 rum.
399 1483 462 1514 Sed
489 1484 672 1515 intellectus
700 1489 747 1514 est
775 1494 871 1526 supra
894 1494 1043 1515 sensum:
1069 1485 1146 1525 quia
1168 1485 1363 1516 intellectiva

286 1528 431 1568 cognitio
456 1534 503 1559 est
526 1529 643 1559 certior
665 1529 826 1560 sensitiva.
850 1529 937 1570 Ergo
961 1539 1058 1570 supra
1078 1529 1228 1560 sensibile
1245 1535 1292 1560 est
1307 1530 1364 1561 ali-

287 1572 366 1613 quid
389 1573 599 1613 intelligibile.
624 1572 688 1604 Sed
711 1583 811 1605 omne
834 1583 953 1615 corpus
977 1575 1010 1604 in
1034 1574 1130 1605 rebus
1154 1574 1293 1605 existens
1317 1580 1364 1606 est

287 1617 446 1648 sensibile.
472 1617 558 1658 Ergo
582 1623 643 1648 etc.

343 1661 438 1692 Circa
453 1661 541 1692 illam
557 1663 828 1702 propositionem,
845 1663 1001 1704 Cognitio
1019 1663 1215 1694 intellectiva
1231 1668 1280 1694 est
1294 1672 1364 1694 cer-

287 1706 354 1736 tior
369 1716 466 1747 quam
488 1707 652 1744 sensitiva,
670 1706 942 1739 considerandum
966 1713 1014 1738 est
1037 1707 1128 1748 quod
1148 1708 1319 1743 certitudo,
1336 1708 1365 1739 si

281 1751 420 1792 proprie
431 1757 590 1787 sumatur,
605 1757 641 1783 ut
657 1752 764 1793 inquit
782 1752 919 1783 Sanctus
935 1752 1080 1783 Thomas
1095 1752 1219 1789 Tertio,
1235 1752 1266 1783 d.
1278 1763 1363 1789 xxvi,

287 1805 318 1836 q.
332 1806 364 1832 11,
382 1805 409 1826 a.
423 1805 455 1835 4,
472 1802 519 1826 est
530 1797 680 1837 firmitas
703 1796 912 1828 adhaesionis
928 1797 1098 1837 potentiae
1121 1797 1365 1839 cognoscitivae

286 1840 330 1871 ad
351 1850 446 1871 suum
470 1841 699 1882 cognoscibile.
724 1841 904 1883 Dupliciter
927 1846 1037 1872 autem
1059 1851 1235 1882 possumus
1252 1843 1364 1882 cogni-

285 1886 410 1916 tionem
433 1885 662 1917 intellectivam
678 1891 710 1916 et
725 1886 910 1916 sensitivam
933 1895 1135 1926 comparare:
1161 1896 1230 1917 uno
1251 1886 1363 1923 modo,

285 1935 620 1971 utramquerespectu
634 1931 757 1971 proprii
774 1931 892 1961 obiecti
905 1930 1157 1967 considerand0;
1174 1931 1239 1962 alio
1251 1931 1362 1968 modo,

285 1973 520 2005 considerando
544 1980 716 2015 utramque
736 1975 771 2006 in
786 1975 900 2006 ordine
916 1974 956 2006 ad
976 1975 1168 2006 substantias
1186 1975 1362 2012 sensibiles,

286 2028 370 2060 quae
390 2024 422 2049 et
436 2020 496 2050 sub
512 2029 610 2050 sensu
625 2025 657 2050 et
673 2020 732 2050 sub
753 2020 919 2051 intellectu
935 2019 1065 2050 cadunt.
1089 2019 1124 2051 Si
1137 2021 1245 2060 primo
1260 2019 1363 2051 modo

285 2064 469 2104 loquamur,
479 2063 553 2095 dico
566 2065 673 2105 primo
685 2063 786 2105 quod,
799 2064 932 2095 semotis
945 2064 1098 2095 omnibus
1110 2063 1362 2105 impedimentis,

285 2117 354 2139 non
378 2113 425 2139 est
448 2109 551 2139 maior
574 2108 733 2140 certitudo
757 2118 795 2140 ex
823 2115 914 2150 parte
941 2109 1106 2149 potentiae
1134 2109 1167 2140 in
1195 2109 1362 2141 intellectu

287 2162 385 2194 quam
409 2153 441 2183 in
466 2153 626 2184 sensitiva.
650 2153 741 2184 Sicut
756 2154 844 2184 enim
860 2153 1041 2184 intellectus
1057 2163 1186 2194 semper
1205 2159 1254 2185 est
1268 2163 1363 2185 verus

286 2198 370 2229 circa
394 2197 484 2237 quod
507 2197 586 2238 quid
610 2203 668 2234 est,
691 2198 736 2228 ita
758 2207 871 2229 sensus
895 2198 978 2229 circa
1001 2198 1171 2238 proprium
1201 2199 1361 2230 sensibile.

287 2242 329 2272 Et
351 2241 426 2272 ideo
450 2242 494 2272 ita
517 2241 650 2273 firmiter
673 2242 823 2273 adhaeret
846 2252 959 2274 sensus
982 2252 1043 2274 suo
1063 2243 1205 2274 sensibili
1227 2244 1362 2284 proprio

287 2287 369 2317 sicut
392 2286 574 2318 intellectus
597 2287 799 2327 intelligibili.
822 2305 844 2309 -
869 2287 952 2318 Dico
976 2287 1132 2324 secundo,
1149 2287 1240 2328 quod
1258 2288 1363 2318 maior

288 2336 335 2362 est
359 2331 517 2362 certitudo
546 2331 742 2371 cognitionis
770 2331 984 2362 intellectivae
1008 2341 1107 2372 quam
1131 2333 1299 2364 sensitivae
1323 2342 1361 2363 ex

286 2381 376 2416 parte
389 2375 603 2406 obiectorum.
620 2375 706 2414 Quia
722 2376 887 2407 obiectum
903 2376 1094 2413 intellectus,
1108 2376 1199 2417 quod
1211 2383 1259 2408 est
1271 2376 1362 2418 quod

287 2420 367 2460 quid
383 2426 440 2456 est,
453 2420 626 2461 perfectius
642 2426 674 2451 et
689 2421 906 2452 invariabilius
922 2426 970 2452 est
985 2421 1116 2452 obiecto
1131 2431 1254 2452 sensus.
1273 2422 1360 2458 Ideo,

287 2470 447 2505 quantum
463 2470 511 2495 est
527 2475 565 2495 ex
580 2474 624 2501 se,
641 2470 754 2496 natum
771 2470 818 2496 est
834 2465 939 2496 facere
961 2466 1119 2497 maiorem
1135 2466 1360 2497 certitudinem

286 2510 320 2541 in
344 2509 510 2540 intellectu
534 2519 632 2550 quam
655 2510 815 2546 sensibile,
840 2509 931 2551 quod
954 2516 1002 2541 est
1024 2511 1246 2551 multipliciter
1261 2512 1361 2542 varia-

287 2555 360 2590 bile,
372 2555 404 2584 in
417 2563 523 2585 sensu.
532 2573 555 2576 —
567 2554 650 2584 Dico
663 2555 767 2585 tertio.
782 2554 814 2585 Si
827 2555 974 2586 absolute
987 2554 1241 2592 considerentur,
1254 2556 1360 2587 adhuc

287 2599 403 2630 certior
427 2604 474 2629 est
496 2599 689 2629 intellectiva
713 2599 868 2639 cognitio.
896 2599 1052 2630 Sensitiva
1077 2601 1164 2631 enim
1188 2610 1226 2631 ex
1250 2601 1360 2632 multis

284 2644 391 2675 causis
413 2643 563 2684 impediri
585 2652 643 2684 per
665 2644 814 2674 accidens
837 2653 856 2674 a
879 2644 1070 2675 certitudine
1087 2650 1207 2685 potest:
1224 2651 1304 2685 puta
1319 2646 1359 2676 ab

286 2688 399 2729 organi
428 2687 676 2728 indispositione
700 2693 732 2719 et
754 2688 863 2725 medii,
887 2698 924 2720 ac
953 2690 1049 2720 etiam
1081 2698 1119 2720 ex
1146 2689 1290 2721 indebita
1312 2689 1359 2721 di-

285 2733 399 2764 stantia
429 2738 484 2763 aut
511 2733 764 2773 propinquitate.
793 2733 978 2764 Intellectus
1005 2739 1125 2770 autem,
1149 2735 1298 2775 quamvis
1321 2744 1359 2766 ex

285 2779 468 2809 interventu
499 2778 747 2818 compositionis
777 2777 884 2819 decipi
913 2779 1025 2819 possit,
1050 2784 1087 2809 ut
1115 2778 1233 2810 dicitur
1256 2779 1296 2810 111
1320 2779 1360 2811 de

286 2823 404 2853 Anima
417 2823 444 2858 ·,
460 2827 569 2853 tamen
585 2831 654 2853 non
669 2828 719 2853 tot
734 2823 838 2853 causis
853 2822 937 2854 sicut
952 2832 1064 2854 sensus
1076 2829 1184 2864 potest
1198 2819 1359 2865 impediri.

342 2867 376 2898 Si
399 2866 544 2898 secundo
567 2866 669 2897 modo
693 2872 931 2908 comparentur,
951 2868 1068 2899 certior
1091 2869 1187 2899 etiam
1204 2874 1252 2899 est
1266 2869 1359 2900 intel-

286 2912 400 2943 lectiva
424 2911 579 2951 cognitio.
604 2911 689 2950 Quia
717 2921 829 2942 sensus
855 2911 960 2952 ipsam
988 2913 1034 2943 rei
1057 2913 1267 2944 substantiam
1290 2923 1358 2945 non

286 2961 442 2997 penetrat,
467 2955 523 2987 sed
547 2955 616 2986 eius
643 2961 770 2986 tantum
801 2957 976 2988 extrinseca
1004 2958 1141 2998 percipit
1171 2957 1358 2989 accidentia.

282 3001 472 3032 >Intellectus
495 3006 604 3031 autem
632 3000 673 3031 ad
701 3001 747 3031 rei
775 3001 888 3031 intima
915 3001 1073 3042 procedit.
1098 3002 1146 3033 Ex
1170 3011 1238 3043 quo
1263 3002 1303 3034 de
1325 3013 1359 3034 re

286 3046 390 3076 maior
412 3046 554 3076 nascitur
576 3044 736 3076 certitudo
756 3054 855 3086 quam
872 3055 910 3076 ex
926 3046 995 3077 sola
1011 3056 1123 3078 sensus
1139 3047 1358 3088 perceptione.

343 3089 430 3121 Cum
447 3099 524 3130 ergo
540 3089 687 3130 pluribus
702 3090 810 3120 modis
825 3090 1019 3122 intellectiva
1035 3092 1179 3132 cognitio
1193 3092 1232 3122 sit
1244 3093 1360 3123 certior

283 3135 446 3171 sensitiva,
463 3134 645 3175 propositio
669 3134 778 3166 Sancti
794 3134 942 3166 Thomae
959 3135 1106 3167 absolute
1121 3145 1196 3167 vera
1212 3142 1269 3173 est,
1286 3136 1360 3168 licet

287 3179 429 3220 aliquam
453 3179 568 3210 habeat
592 3179 829 3220 exceptionem,
853 3185 890 3210 ut
913 3189 951 3210 ex
974 3181 1081 3221 primo
1106 3180 1193 3212 dicto
1217 3187 1314 3222 patet.

343 3223 406 3255 Sed
429 3224 570 3255 occurrit
599 3223 746 3255 dubium.
778 3224 869 3255 Licet
898 3233 1041 3265 namque
1071 3225 1236 3256 obiectum
1267 3226 1360 3257 intel-

285 3268 388 3299 lectus
411 3269 451 3299 sit
474 3269 562 3309 prius
586 3274 618 3299 et
640 3268 783 3300 nobilius
807 3269 937 3300 obiecto
961 3278 1084 3306 sensus,
1100 3279 1169 3301 non
1184 3275 1293 3301 tamen
1314 3271 1360 3301 vi—

285 3312 381 3343 detur
398 3314 488 3353 sequi
513 3313 604 3354 quod
627 3312 750 3354 aliquid
769 3313 809 3344 sit
832 3313 920 3353 prius
943 3323 1092 3355 corpore.
1116 3314 1250 3346 Dicetur
1273 3316 1359 3346 enim

289 3357 379 3397 quod
394 3358 427 3387 in
444 3367 581 3398 corpore
597 3358 739 3388 sensibili
755 3358 893 3389 salvatur
912 3359 993 3389 ratio
1017 3359 1135 3390 obiecti
1159 3369 1283 3396 sensuS,
1300 3361 1360 3391 sci-

288 3401 363 3432 licet
374 3402 550 3433 accidentia
566 3403 737 3439 sensibilia,
754 3408 786 3433 et
801 3403 882 3433 ratio
898 3403 1018 3434 obiecti
1032 3403 1224 3441 intellectus,
1240 3404 1361 3436 scilicet

288 3446 379 3485 quod
403 3446 480 3486 quid
505 3452 551 3477 est
574 3447 784 3484 substantiae;
809 3452 840 3478 et
855 3447 887 3478 in
908 3448 979 3488 ipso
999 3457 1137 3489 corpore
1153 3448 1186 3479 id
1202 3449 1293 3490 quod
1314 3455 1361 3480 est

289 3490 454 3521 obiectum
477 3490 668 3527 intellectus,
693 3498 741 3523 est
762 3492 904 3523 nobilius
933 3501 973 3523 eo
1003 3492 1093 3533 quod
1124 3499 1171 3524 est
1194 3494 1360 3525 obiectum

288 3536 411 3570 sensus,
436 3535 517 3565 sicut
541 3535 715 3566 substantia
738 3536 880 3567 nobilior
904 3542 951 3567 est
974 3537 1150 3568 accidente.

346 3578 572 3618 Respondetur
583 3580 674 3620 quod
689 3579 938 3612 fundamentum
950 3582 1083 3612 rationis
1095 3581 1203 3613 Sancti
1211 3582 1360 3614 Thomae

288 3621 416 3653 videtur
439 3623 501 3654 hoc
527 3633 604 3660 esse,
629 3625 718 3665 quod
743 3626 825 3656 sicut
848 3625 1030 3657 intellectus
1055 3631 1101 3657 est
1125 3627 1241 3658 certior
1265 3637 1360 3659 sensu

894 242 1335 286 SUMMA'CONTRA
1364 244 1643 290 GENTILES,
1674 243 1786 280 CAP.
1807 243 1891 279 XX.

1417 327 1514 362 atque
1545 322 1682 352 omnino
1713 331 1809 362 supra
1840 331 1971 353 sensum
2001 322 2156 358 elevatus,
2174 323 2224 353 ita
2244 327 2397 363 oporteat
2427 332 2496 354 esse

1414 366 1619 407 intelligibile
1641 366 1765 406 aliquid
1788 367 1822 398 in
1845 376 1954 398 rerum
1977 372 2091 398 natura
2115 367 2253 398 omnino
2276 377 2374 408 supra
2396 369 2496 399 sensi—

1416 411 1493 441 bilia
1522 411 1695 447 elevatum,
1720 411 1821 451 quod,
1845 412 1990 452 inquam,
2015 421 2124 452 neque
2155 421 2213 452 per
2243 421 2277 442 se
2306 421 2416 453 neque
2438 422 2497 453 per

1417 455 1565 486 accidens
1581 455 1732 486 sensibile
1748 456 1788 486 sit
1803 462 1938 497 propter
1961 456 2230 487 coniunctionem
2254 465 2330 487 cum
2354 457 2496 487 sensibili

1416 509 1474 540 per
1498 509 1541 530 se.
1573 499 1745 538 Quidditas
1775 505 1885 531 autem
1916 501 1962 531 rei
1993 500 2161 537 sensibilis,
2185 500 2262 531 licet
2284 510 2343 541 per
2365 510 2399 532 se
2422 501 2495 531 solo

1415 543 1583 575 intellectu
1605 545 1824 585 perceptibilis
1847 546 1897 581 sit,
1921 555 1980 586 per
2002 545 2152 576 accidens
2174 550 2283 575 tamen
2307 545 2367 575 sub
2397 554 2495 576 sensu

1417 588 1511 624 cadit,
1536 594 1573 619 ut
1595 589 1712 619 dicitur
1731 589 1758 619 11
1774 589 1814 620 de
1829 590 1948 620 Anima
1964 591 1991 620 ⁹.
2016 590 2094 621 Ideo
2117 599 2215 630 supra
2237 590 2341 630 ipsam
2365 595 2496 630 oportet

1416 633 1504 664 aliud
1527 633 1728 673 intelligibile
1752 643 1832 664 esse.
1875 663 1877 665 .

1474 677 1526 708 111.
1539 677 1651 708 Sexto.
1669 678 1741 708 Deo
1758 678 1839 709 nihil
1855 684 1903 709 est
1917 679 2070 710 nobilius.
2088 679 2175 719 Ergo
2191 688 2258 709 non
2273 684 2321 709 est
2332 688 2462 720 corpus.
2472 697 2496 702 -

1416 721 1576 752 Probatur
1599 722 1843 763 consequentia.
1875 722 1972 760 Quia,
1997 732 2074 754 cum
2101 733 2240 764 corpore
2270 732 2339 754 non
2366 720 2495 755 vivente

1416 767 1529 797 vivens
1544 767 1584 797 sit
1598 767 1755 804 nobilius;
1773 768 1901 798 vivente
1917 772 2027 798 autem
2042 769 2106 798 vita
2123 769 2163 799 sit
2176 768 2330 804 nobilior,
2347 777 2388 799 eo
2405 768 2496 809 quod

1416 811 1528 841 vivens
1551 820 1610 852 per
1632 812 1732 842 vitam
1755 812 1872 842 habeat
1895 821 1992 852 supra
2020 811 2082 842 alia
2108 821 2247 852 corpora
2273 813 2495 850 nobilitatem;

1417 864 1517 886 omne
1541 865 1661 896 corpus
1683 857 1815 887 habebit
1838 856 1961 897 aliquid
1983 856 2127 887 nobilius
2149 866 2194 887 se.

1473 900 1719 931 Advertendum
1735 901 1827 942 quod
1842 902 1978 932 nomine
2002 901 2088 932 vitae
2110 900 2247 932 Sanctus
2262 902 2409 933 Thomas
2431 902 2496 933 hoc

1415 944 1493 975 loco
1516 945 1634 985 accipit
1657 946 1810 982 animam,
1833 955 1899 987 qua
1922 955 2042 986 corpus
2066 946 2158 982 vivit;
2183 951 2215 976 et
2236 955 2357 987 corpus
2379 947 2498 987 accipit

1417 989 1575 1025 absolute,
1599 995 1636 1020 ut
1660 995 1708 1020 est
1731 1000 1861 1031 corpus,
1878 996 1914 1021 ut
1929 990 2051 1021 scilicet
2066 990 2188 1021 habens
2204 1000 2274 1022 esse
2288 1000 2496 1032 corporeum,

1418 1038 1450 1064 et
1472 1038 1509 1064 ut
1532 1034 1572 1063 ab
1596 1034 1704 1065 anima
1727 1034 1934 1076 distinguitur
1956 1041 1993 1066 ut
2016 1035 2124 1065 anima
2144 1040 2201 1065 est.
2226 1035 2304 1066 ldeo
2320 1035 2401 1066 haec
2415 1037 2497 1067 ratio

1416 1078 1534 1119 probat
1557 1078 1666 1109 Deum
1689 1088 1758 1110 non
1782 1089 1852 1111 esse
1876 1089 1996 1120 corpus
2019 1086 2056 1110 ut
2079 1085 2192 1110 contra
2216 1080 2359 1111 animam
2385 1079 2498 1111 distin-

1417 1123 1540 1163 guitur:
1565 1132 1635 1154 non
1658 1129 1769 1155 autem
1792 1129 1830 1155 ut
1851 1124 1974 1155 habens
1996 1124 2097 1155 vitam
2120 1124 2219 1155 etiarn
2234 1124 2352 1156 dicitur
2366 1133 2497 1165 corpus.

1417 1166 1470 1198 Ad
1499 1168 1588 1198 hunc
1618 1177 1751 1199 sensum
1781 1170 1928 1209 sequitur
1957 1168 2049 1209 quod
2079 1169 2228 1210 quolibet
2254 1179 2404 1211 corpore,
2431 1170 2498 1202 sive

1419 1212 1547 1243 vivente
1577 1213 1644 1243 sive
1674 1223 1743 1244 non
1774 1214 1914 1250 vivente,
1938 1219 1986 1244 est
2009 1213 2133 1254 aliquid
2159 1214 2260 1255 prius,
2283 1215 2407 1246 scilicet
2428 1215 2499 1255 ipsa

1418 1257 1536 1293 anima,
1561 1266 1645 1298 quae
1669 1257 1710 1288 ad
1733 1267 1864 1299 corpus,
1888 1263 1925 1290 ut
1947 1257 2142 1299 praescindit
2165 1259 2205 1290 ab
2228 1259 2336 1290 anima
2358 1259 2426 1290 sive
2449 1268 2499 1291 se-

1419 1301 1564 1332 cundum
1587 1311 1657 1333 rem
1681 1303 1749 1333 sive
1771 1302 1954 1334 secundum
1977 1303 2136 1334 rationem
2161 1303 2239 1344 (h'oc
2263 1304 2351 1335 enim
2367 1303 2408 1335 ad
2422 1313 2498 1345 pro-

1418 1347 1563 1387 positum
1586 1347 1666 1378 nihil
1689 1346 1811 1388 refert),
1834 1348 1920 1379 sicut
1942 1353 2032 1378 actus
2056 1347 2096 1378 ad
2119 1349 2301 1388 potentiam
2330 1358 2500 1390 compara-

1417 1397 1480 1422 tur.
1495 1409 1520 1414 -
1539 1391 1574 1422 Si
1596 1396 1706 1423 autem
1730 1393 1931 1433 acciperetur
1953 1401 2075 1433 corpus
2098 1393 2209 1424 vivens
2231 1402 2301 1424 non
2322 1402 2386 1434 pro
2408 1398 2499 1435 parte

1419 1435 1586 1467 dumtaxat
1609 1445 1694 1477 quae
1717 1437 1758 1468 ab
1774 1438 1882 1468 anima
1897 1436 2089 1473 vivificatur,
2104 1437 2162 1469 sed
2177 1447 2238 1479 pro
2255 1438 2444 1479 composito
2459 1447 2499 1470 ex

1418 1480 1527 1511 anima
1550 1487 1582 1511 et
1605 1490 1755 1522 corpore,
1779 1482 1825 1513 sic
1848 1482 1956 1514 anima
1978 1492 2048 1514 non
2079 1489 2163 1514 esset
2184 1483 2314 1514 vivente
2340 1483 2498 1515 nobilior:

1419 1534 1496 1555 cum
1511 1534 1585 1566 pars
1601 1535 1670 1556 non
1686 1526 1726 1556 sit
1741 1535 1803 1557 suo
1823 1532 1895 1558 toto
1919 1527 2071 1563 nobilior,
2094 1527 2198 1558 immo
2222 1527 2454 1570 imperfectior.

1475 1569 1560 1600 lllud
1574 1570 1672 1601 etiam
1688 1569 1779 1611 quod
1798 1571 1906 1612 inquit
1928 1571 2066 1603 Sanctus
2081 1570 2238 1609 Thomas,
2256 1583 2324 1604 rem
2340 1573 2499 1604 viventem

1418 1623 1487 1645 esse
1518 1615 1712 1646 nobiliorem
1743 1625 1884 1656 corpore
1914 1626 1979 1647 non
2013 1616 2148 1652 vivente,
2172 1617 2421 1659 intelligendum
2451 1622 2500 1648 est

1418 1659 1607 1699 simpliciter
1630 1665 1662 1690 et
1685 1660 1844 1692 absolute.
1869 1660 2058 1692 Secundum
2083 1660 2163 1701 quid
2185 1666 2294 1694 tamen
2318 1667 2428 1704 potest
2442 1661 2499 1693 ali-

1419 1703 1511 1743 quod
1527 1713 1647 1744 corpus
1662 1713 1731 1736 non
1747 1705 1859 1736 vivens
1882 1714 1952 1736 esse
1975 1706 2119 1737 nobilius
2142 1707 2282 1739 vivente.
2307 1706 2395 1739 Cum
2410 1706 2499 1739 enim

1418 1748 1465 1778 rei
1487 1749 1638 1779 nobilitas
1668 1758 1687 1779 a
1717 1748 1823 1780 forma
1853 1755 2009 1788 sumatur,
2033 1751 2139 1791 sitque
2161 1752 2271 1783 anima
2301 1761 2340 1783 ex
2368 1751 2499 1793 propria

1418 1793 1543 1824 ratione
1567 1792 1709 1824 nobilior
1731 1792 1837 1825 forma
1860 1793 1956 1826 dante
1979 1800 2108 1827 tantum
2131 1805 2200 1827 esse
2224 1805 2433 1837 corporeum,
2449 1805 2499 1829 se-

1419 1837 1530 1878 quitur
1552 1847 1622 1868 rem
1645 1837 1819 1869 animatam
1842 1838 2032 1880 simpliciter
2054 1849 2088 1871 re
2110 1839 2287 1872 inanimata
2302 1840 2499 1872 nobiliorem

1419 1891 1499 1912 esse.
1531 1881 1595 1913 Sed
1625 1882 1702 1922 quia
1733 1888 1841 1923 potest
1870 1893 1940 1914 esse
1963 1889 2000 1914 ut
2022 1883 2166 1915 nobilior
2187 1883 2294 1916 forma
2316 1885 2499 1917 secundum

1418 1926 1630 1957 substantiam
1659 1927 1701 1957 sit
1730 1927 1952 1968 imperfectior
1979 1929 2162 1960 secundum
2192 1929 2334 1971 aliquam
2357 1930 2499 1971 parum-

1417 1970 1518 2002 larem
1548 1971 1719 2008 rationem,
1743 1978 1824 2013 puta
1852 1971 2035 2005 secundum
2064 1973 2156 2016 quod
2185 1983 2307 2016 corpus
2331 1974 2498 2013 informat,

1418 2015 1495 2056 quia
1518 2015 1705 2056 ignobiliori
1726 2016 1830 2048 modo
1846 2016 2013 2055 informat;
2037 2019 2122 2050 sicut
2135 2019 2243 2060 inquit
2258 2019 2396 2051 Sanctus
2405 2019 2498 2052 Tho-

1418 2069 1487 2091 mas
1503 2059 1515 2090 1
1531 2060 1635 2097 Parte,
1660 2070 1692 2101 q.
1709 2071 1780 2098 Lxx,
1805 2071 1833 2093 a.
1851 2061 1882 2099 3,
1907 2061 1947 2094 ad
1973 2072 2003 2099 2,
2027 2069 2059 2094 et
2082 2063 2154 2095 Pot.
2179 2073 2211 2105 q.
2226 2074 2270 2101 vr,
2290 2074 2318 2096 a.
2336 2064 2368 2101 6.
2385 2062 2426 2096 ad
2446 2063 2496 2102 13,

1418 2104 1459 2136 de
1482 2105 1590 2136 anima
1605 2105 1800 2137 intellectiva
1816 2105 1907 2148 quod
1923 2112 1971 2138 est
1985 2108 2128 2140 nobilior
2142 2108 2325 2140 secundum
2342 2118 2376 2140 se
2391 2108 2498 2141 forma

1418 2149 1497 2180 caeli
1528 2150 1555 2180 si
1585 2150 1713 2182 caelum
1744 2156 1792 2182 est
1820 2151 2046 2189 inanimatum,
2074 2159 2284 2185 nouantem
2314 2152 2497 2186 secundum

1417 2193 1509 2235 quod
1532 2203 1652 2236 corpus
1675 2194 1839 2232 informat,
1864 2205 1941 2228 cum
1970 2197 2025 2228 illa
2056 2196 2111 2229 det
2140 2206 2210 2229 esse
2239 2198 2496 2240 incorruptibile,

1417 2239 1525 2270 anima
1547 2245 1656 2270 autem
1680 2240 1891 2281 corruptibile
1914 2250 1972 2282 per
1995 2242 2275 2283 comparationem
2293 2243 2335 2274 ad
2357 2252 2495 2284 corpus:

1416 2282 1538 2314 idcirco
1559 2293 1627 2314 non
1651 2285 1841 2316 inconvenit
1854 2294 1924 2316 non
1940 2286 2051 2318 vivens
2066 2287 2249 2319 secundum
2264 2287 2407 2329 aliquam
2422 2297 2495 2329 par-

1416 2328 1584 2359 ticularem
1608 2329 1767 2360 rationem
1790 2339 1859 2361 esse
1882 2330 2024 2362 nobilius
2039 2332 2178 2363 vivente.
2199 2332 2252 2364 Sic
2268 2332 2407 2365 dicimus
2421 2342 2495 2364 mu-

1416 2381 1505 2404 scam
1535 2382 1604 2404 esse
1636 2374 1825 2415 simpliciter
1854 2375 2050 2407 nobiliorem
2081 2376 2184 2414 caelo,
2209 2377 2391 2409 secundum
2415 2377 2495 2419 quid

1416 2423 1526 2449 autem
1538 2417 1665 2449 caelum
1677 2418 1819 2450 nobilius
1831 2428 1901 2450 esse
1911 2429 2035 2452 musca.
2051 2421 2122 2452 Nec
2134 2421 2240 2453 obstat
2259 2421 2350 2463 quod
2366 2422 2494 2454 caelum

1415 2467 1464 2493 est
1486 2471 1583 2493 causa
1606 2463 1692 2494 eius:
1717 2464 1794 2504 quia
1809 2473 1879 2495 non
1894 2470 1942 2495 est
1957 2474 2053 2496 causa
2076 2466 2273 2508 principalis,
2296 2467 2353 2498 sed
2375 2467 2494 2499 instru-

1414 2512 1563 2538 mentum
1587 2507 1816 2548 intelligentiae
1839 2511 2012 2541 moventis.

1471 2551 1524 2582 lv.
1549 2551 1719 2591 Quantum
1743 2553 1783 2584 ad
1806 2554 1988 2586 secundum
2004 2555 2032 2592 ⁹,
2055 2557 2151 2595 ponit
2181 2562 2322 2597 quatuor
2351 2557 2492 2589 rationes

1414 2596 1699 2637 philosophorum,
1717 2598 1836 2639 quibus
1852 2608 1890 2629 ex
1910 2600 2096 2631 aeternitate
2112 2606 2222 2637 motus
2245 2602 2386 2642 probant
2401 2601 2493 2643 quod

1414 2650 1475 2672 nec
1499 2647 1546 2672 est
1569 2643 1689 2682 corpus
1712 2651 1821 2684 neque
1844 2643 1944 2675 virtus
1966 2644 2000 2675 in
2023 2653 2162 2686 corpore
2177 2646 2204 2677 *.

1469 2685 1582 2717 Prima
1613 2687 1700 2718 ratio
1731 2693 1780 2718 est
1811 2687 1882 2719 ista.
1915 2688 2005 2720 Deus
2035 2695 2083 2721 est
2112 2691 2238 2732 primus
2269 2696 2380 2723 motor
2410 2690 2492 2723 caeli

1414 2732 1552 2762 omnino
1575 2732 1764 2769 immobilis,
1788 2741 1846 2773 per
1868 2742 1904 2764 se
1926 2733 2050 2765 scilicet
2072 2740 2104 2766 et
2133 2744 2193 2777 per
2221 2735 2389 2767 accidens:
2413 2745 2491 2768 eum

1413 2782 1545 2807 moveat
1568 2782 1663 2809 motu
1692 2778 1902 2818 sempiterno.
1933 2778 2021 2820 Ergo
2051 2789 2120 2811 non
2151 2786 2200 2812 est
2228 2789 2359 2821 corpus,
2381 2789 2491 2822 neque

1413 2821 1514 2852 vinus
1537 2821 1570 2852 in
1593 2830 1742 2862 corpore.
1762 2841 1783 2845 -
1803 2822 1962 2854 Probatur
1985 2825 2230 2866 consequentia.
2244 2824 2342 2864 ‚Quia
2362 2825 2492 2857 nullum

1414 2875 1535 2907 corpus
1563 2872 1676 2897 movet
1705 2867 1768 2898 nisi
1796 2873 1984 2899 moveatur:
2015 2878 2092 2900 cum
2122 2875 2274 2912 oporteat
2298 2879 2436 2902 movens
2459 2876 2492 2902 et

1413 2918 1542 2942 motum
1565 2919 1634 2942 esse
1658 2911 1764 2943 simul.
1789 2911 1942 2944 Similiter
1956 2913 2046 2944 nulla
2061 2915 2162 2946 virtus
2176 2915 2210 2946 in
2226 2923 2365 2956 corpore
2379 2920 2493 2947 movet

1414 2957 1476 2987 nisi
1491 2965 1550 2997 per
1565 2955 1715 2987 accidens
1730 2962 1911 2988 moveatur.
1932 2975 1956 2981 -
1979 2957 2042 2989 Ista
2059 2960 2141 2990 ratio
2162 2959 2301 2991 sumitur
2316 2960 2433 3001 partim
2452 2969 2491 2992 ex

1414 3001 1471 3032 Vll
1496 3006 1528 3032 et
1550 3001 1667 3040 partim
1690 3010 1730 3032 ex
1746 3001 1818 3032 vm
1833 3001 2062 3044 physicorum.

1470 3045 1522 3077 Ad
1553 3045 1748 3077 evidentiam
1777 3046 1874 3078 huius
1904 3048 2038 3079 rationis
2069 3047 2342 3080 considerandum
2370 3049 2488 3090 primo,

1415 3090 1505 3132 quod
1527 3090 1587 3121 ista
1610 3090 1804 3131 propositio,
1820 3091 1958 3123 Nullum
1981 3102 2102 3134 corpus
2124 3098 2232 3124 movet
2253 3093 2406 3125 localiter
2426 3093 2492 3125 nisi

1414 3140 1595 3171 moveatur,
1619 3135 1828 3176 intelligenda
1851 3142 1899 3168 est
1921 3137 1986 3168 hoc
2008 3137 2086 3170 loco
2109 3137 2150 3170 de
2172 3143 2267 3170 motu
2284 3147 2367 3179 pure
2381 3137 2488 3175 locali.

1414 3181 1447 3211 in
1472 3190 1539 3222 quo
1563 3189 1668 3211 unum
1692 3189 1812 3222 corpus
1835 3186 1987 3213 movetur
2009 3182 2049 3213 ab
2072 3182 2137 3214 alio
2167 3191 2236 3214 non
2265 3191 2325 3224 per
2355 3183 2491 3224 impres·

1414 3225 1541 3256 sionem
1557 3224 1694 3256 alicuius
1709 3223 1834 3256 formae
1849 3234 1934 3267 quae
1949 3227 1990 3258 sit
2004 3227 2202 3268 principium
2218 3226 2353 3258 formale
2368 3232 2489 3264 motus.

1414 3269 1470 3301 sed
1494 3279 1552 3311 per
1574 3269 1683 3301 solum
1706 3270 1868 3302 moventis
1890 3271 2079 3312 impulsum.
2111 3270 2199 3303 Cum
2229 3271 2318 3302 enim
2340 3277 2491 3312 oporteat

1414 3325 1551 3346 movens
1575 3314 1711 3354 (scilicet
1733 3315 1972 3356 immediatum)
2003 3321 2036 3347 et
2065 3321 2195 3347 motum
2224 3324 2294 3347 esse
2317 3315 2424 3353 simul,
2448 3315 2490 3348 de

1415 3369 1483 3400 quo
1499 3359 1556 3390 VII
1573 3359 1672 3400 Phys.
1688 3360 1705 3376 ·
1728 3360 1803 3391 satis
1826 3359 1976 3396 diximus,
1998 3369 2067 3391 non
2089 3365 2198 3401 potest
2219 3360 2341 3391 mobile
2364 3366 2490 3392 mutare
2516 3365 2526 3374 ·

1414 3404 1526 3435 locum
1550 3405 1612 3435 nisi
1635 3410 1667 3435 et
1689 3413 1826 3435 movens
1849 3404 1960 3436 locum
1983 3409 2088 3436 mutet
2110 3410 2167 3435 aut
2186 3404 2367 3436 secundum
2382 3411 2490 3437 totum

1415 3455 1470 3480 aut
1493 3448 1675 3480 secundum
1698 3454 1832 3490 partem.
1857 3448 1891 3480 Si
1914 3449 2013 3485 enim,
2028 3449 2144 3480 mobili
2158 3454 2344 3481 transeunte
2359 3449 2400 3482 de
2420 3459 2489 3482 uno

1415 3494 1490 3525 loco
1515 3493 1554 3525 ad
1578 3494 1689 3530 alium,
1713 3501 1850 3525 movens
1872 3502 1942 3524 non
1964 3498 2104 3525 mutaret
2125 3493 2249 3531 locum,
2272 3494 2338 3526 iam
2353 3504 2490 3526 movens

1415 3548 1482 3569 non
1508 3545 1590 3569 esset
1614 3538 1710 3569 simul
1734 3547 1810 3569 curn
1834 3542 1938 3568 moto.

1470 3582 1659 3614 Secundum
1682 3582 1765 3614 hanc
1788 3581 1928 3623 glossam
1947 3582 2082 3614 solvitur
2096 3583 2246 3614 instantia
2261 3582 2301 3614 de
2316 3589 2490 3624 generante

1415 3628 1522 3668 gravia
1538 3633 1570 3659 et
1585 3627 1678 3664 levia,
1695 3632 1726 3658 et
1742 3625 1782 3658 de
1798 3632 1948 3667 magnete
1963 3625 2084 3658 ferrum
2099 3627 2255 3664 trahente,
2272 3634 2304 3659 et
2318 3628 2489 3660 similibus:

2522 590 2574 613 'Cn

2575 591 2739 619 p.vi,4;s.Tb·

2521 617 2537 639 1.
2550 623 2583 646 ι3.

2519 2555 2529 2565 ·
2543 2554 2580 2578 Cf.
2595 2554 2647 2578 finit.
2663 2555 2738 2579 Con-

2519 2585 2591 2604 meat.

2518 2649 2529 2659 ·
2543 2648 2581 2671 Cf.
2595 2654 2618 2671 ι.
2630 2655 2652 2676 v.
2666 2654 2738 2677 mii,

2517 2681 2567 2698 xix.
