2768 4134
41 899 53 911 ⁶
90 905 138 922 um.
149 905 188 927 xv,
199 906 257 922 xm.

42 925 258 982 *marisga

762 235 952 273 SUMMA
979 233 1202 271 CONTRA
1231 234 1505 283 GENTILES,
1533 238 1628 274 LIB.
1650 238 1691 283 ll,
1721 238 1832 275 CAP.
1854 238 2018 275 XCVIII.

290 313 374 344 ciem
395 313 631 354 intelligibilem
647 324 717 346 esse
733 314 879 345 eiusdem
897 314 1030 345 rationis
1048 322 1124 344 cum
1140 323 1173 344 re
1190 323 1247 354 per
1261 315 1365 355 ipsam

288 363 534 398 repraesentata,
550 359 577 389 si
591 359 787 399 intelligatur
809 359 987 399 adaequate
1009 358 1113 398 ipsam
1133 367 1201 389 esse
1220 359 1365 391 eiusdem

288 402 421 433 rationis
440 412 517 434 cum
532 403 588 434 tali
602 412 648 440 re,
664 404 728 434 hoc
751 403 847 434 habet
869 403 1036 434 veritatem
1051 401 1093 432 de
1108 412 1142 432 re
1158 411 1242 442 quae
1257 405 1364 443 primo

289 452 321 476 et
344 446 521 488 adaequate
545 452 811 488 repraesentatur,
826 457 895 478 non
915 452 1024 478 autem
1040 446 1081 477 de
1097 455 1134 477 ea
1150 456 1234 486 quae
1250 457 1364 480 secun-

288 491 377 521 dario
400 497 657 532 repraesentatur
679 497 711 522 et
733 490 934 523 deficienter:
957 490 998 522 ad
1021 491 1104 521 hanc
1128 492 1216 522 enim
1238 502 1365 533 reprae-

288 535 478 567 sentandam
508 535 626 567 sufficit
647 541 685 566 ut
711 536 871 567 rationem
895 536 964 566 eius
987 536 1166 566 eminenter
1189 537 1363 569 contineat.

288 580 379 610 Sicut
400 586 489 621 patet
506 581 540 611 in
557 579 666 611 divina
688 581 835 617 essentia,
853 589 938 620 quae
960 579 1098 620 seipsam
1122 579 1299 621 adaequate
1315 592 1365 613 re·

286 630 469 665 praesentat
491 629 524 655 et
545 625 664 664 primo,
691 629 724 655 et
747 630 795 655 est
824 624 971 655 eiusdem
1000 624 1133 654 rationis
1161 634 1238 656 cum
1261 627 1365 667 seipsa

286 674 536 709 repraesentata;
552 668 614 699 alia
629 673 738 699 autem
750 678 769 699 a
783 678 820 700 se
833 668 1025 700 secundario
1041 673 1073 699 et
1087 668 1300 710 inadaequate
1316 681 1364 702 re-

287 718 478 753 praesentat,
494 718 527 743 et
541 722 611 743 non
626 718 674 743 est
689 712 835 744 eiusdem
853 713 985 744 rationis
1001 722 1078 744 cum
1093 713 1164 750 illis,
1181 714 1237 745 sed
1253 725 1364 747 earum

285 757 427 788 rationes
445 757 624 788 eminenter
639 757 795 788 continet.
811 758 964 789 Similiter
979 758 1103 798 species
1119 758 1264 790 animalis
1281 769 1364 800 quae

287 806 335 832 est
356 801 392 832 in
413 806 523 832 mente
553 801 749 832 substantiae
780 807 954 843 separatae,
979 807 1027 833 est
1056 802 1203 834 eiusdem
1232 805 1364 836 rationis

287 854 364 876 cum
386 846 533 876 animalis
555 852 680 883 natura,
704 855 804 887 quam
822 847 930 887 primo
945 852 1176 887 repraesentat:
1198 848 1311 886 immo,
1329 855 1364 880 ut

286 891 435 931 superius
446 891 464 908 ⁴*
479 889 629 927 diximus,
642 895 674 921 et
686 896 734 921 est
745 890 786 921 de
801 896 911 922 mente
919 891 1043 922 Alberti
1051 892 1097 928 *ἢ
1107 891 1213 923 Tract.
1227 893 1254 923 11
1266 903 1366 934 super

285 934 463 976 Porplyaen,
476 944 548 975 cap.
560 945 608 972 τις
625 940 658 966 et
672 935 716 966 111
731 935 772 966 de
787 936 926 972 Anima;
949 945 987 966 ac
1010 936 1107 966 etiam
1130 936 1170 967 de
1194 937 1363 969 Intellecta

286 984 318 1009 et
332 979 548 1021 Intelligibili,
568 985 616 1010 est
636 979 706 1020 ipsa
721 985 835 1010 natura
850 980 1006 1011 animalis
1020 981 1054 1011 in
1070 990 1139 1011 esse
1157 981 1364 1022 intelligibili;

284 1032 354 1054 non
375 1029 484 1055 autem
503 1029 552 1054 est
571 1023 717 1055 eiusdem
739 1025 872 1055 rationis
896 1034 972 1055 cum
995 1030 1108 1056 natura
1130 1026 1283 1064 hominis,
1307 1028 1364 1059 sed

284 1067 374 1099 illam
396 1073 545 1099 naturam
571 1068 607 1099 in
633 1077 703 1100 esse
725 1069 919 1109 intelligibili
945 1069 1126 1101 eminenter
1152 1072 1307 1108 continet,
1332 1078 1364 1103 et

284 1111 360 1144 ideo
382 1112 472 1144 illam
495 1113 593 1144 etiam
615 1112 765 1144 distincte
787 1119 1014 1155 repraesentat.
1034 1132 1057 1137 —
1080 1114 1114 1145 Si
1137 1121 1247 1146 autem
1270 1117 1363 1148 intel-

283 1156 401 1197 ligatur
428 1157 574 1198 speciem
589 1167 658 1189 esse
674 1157 819 1189 eiusdem
834 1158 968 1189 rationis
983 1168 1060 1190 cum
1075 1168 1109 1190 re
1127 1167 1363 1200 repraesentata

284 1201 465 1233 eminenter
480 1207 512 1233 et
526 1201 752 1243 inadaequate,
768 1203 846 1244 quia
863 1202 1015 1234 videlicet
1029 1204 1118 1234 illam
1133 1214 1201 1236 rem
1218 1207 1363 1237 continet

283 1245 375 1277 unite
390 1252 423 1277 et
438 1247 618 1278 eminenter
637 1256 715 1278 cum
730 1248 800 1278 aliis
820 1248 917 1278 rebus
933 1253 965 1279 et
986 1249 1108 1280 naturis
1132 1258 1212 1290 quas
1235 1259 1362 1290 reprae-

258 1316 266 1325 ‚
283 1291 472 1328 sentaersic
498 1299 568 1323 non
591 1292 781 1324 inconvenit
802 1293 946 1333 speciem
969 1302 1039 1324 esse
1062 1293 1208 1325 eiusdem
1231 1295 1363 1327 rationis

40 1565 52 1576 '
65 1563 124 1594 Cap.
134 1569 170 1592 m,
179 1570 200 1593 5.

37 2061 50 2072 ’
62 2059 135 2083 Nun.
144 2066 209 2087 uxi,
218 2065 240 2082 ι.

271 1333 381 1366 ‘etiam
405 1344 482 1366 cum
505 1346 712 1378 unoquoque
742 1346 857 1368 eorum
888 1347 973 1378 quae
1004 1338 1064 1368 sub
1088 1339 1158 1370 eius
1182 1338 1362 1380 adaequato

284 1380 415 1411 obiecto
439 1381 657 1412 continentur.

339 1424 389 1455 Ex
411 1425 450 1456 iis
472 1431 561 1466 patet
584 1426 625 1457 ad
647 1427 878 1458 obiectionem.
906 1426 1056 1458 Procedit
1079 1428 1167 1459 enim
1191 1429 1231 1460 de
1255 1430 1362 1469 speeie

282 1469 489 1500 materialiter
510 1476 651 1512 sumpta,
674 1480 744 1502 non
767 1477 877 1503 autem
900 1470 1086 1503 formaliter.

341 1523 372 1544 2.
396 1513 460 1545 Sed
484 1516 625 1546 occurrit
648 1516 733 1547 circa
758 1516 843 1547 hanc
868 1517 1116 1557 responsionem
1147 1518 1294 1550 dubium.
1320 1519 1363 1550 Ut

283 1558 372 1590 enim
398 1559 534 1591 habetur
555 1561 590 1591 in
614 1559 627 1591 1
650 1560 749 1603 Phys.
762 1561 790 1598 ³,
813 1561 903 1602 quod
929 1571 1004 1592 vere
1033 1567 1089 1599 est,
1119 1563 1204 1594 nulli
1233 1563 1362 1595 accidit.

282 1601 370 1644 Ergo
393 1602 520 1635 videtur
552 1605 645 1646 quod
674 1605 779 1637 forma
810 1615 894 1646 quae
917 1612 965 1637 est
988 1607 1137 1638 accidens
1168 1609 1361 1646 intellectus,

281 1647 374 1678 nullo
397 1647 500 1680 modo
524 1650 628 1690 possit
652 1659 721 1681 esse
749 1650 894 1682 eiusdem
926 1651 1059 1682 rationis
1083 1662 1159 1684 cum
1183 1652 1362 1694 quidditate

281 1692 459 1724 extrinseca
481 1694 690 1726 substantiali.

337 1735 403 1768 Sed
424 1738 639 1779 respondetur
662 1739 754 1781 quod
776 1741 953 1772 substantia
976 1741 1158 1773 secundum
1178 1751 1275 1773 suum
1292 1752 1361 1774 esse

280 1782 427 1813 naturale
449 1783 571 1814 nullius
594 1793 664 1815 esse
687 1784 837 1816 accidens
859 1791 978 1826 potest.
1002 1786 1091 1818 Nihil
1114 1792 1223 1818 autem
1246 1788 1362 1819 incon-

280 1825 370 1857 venit
393 1826 485 1868 quod
508 1827 670 1869 quidditas
701 1830 917 1861 substantialis
948 1831 1128 1862 secundum
1153 1841 1221 1862 esse
1244 1831 1362 1863 intelli-

280 1869 378 1911 gibile
402 1871 494 1912 quod
519 1873 618 1904 habet
640 1873 674 1904 in
696 1873 873 1911 intellectu,
903 1884 972 1906 esse
1004 1875 1120 1906 habeat
1143 1875 1359 1907 accidentale:

281 1915 348 1946 hoc
369 1917 458 1947 enim
481 1926 550 1948 non
573 1919 727 1950 convenit
750 1918 919 1959 quidditati
943 1920 1005 1950 nisi
1034 1921 1229 1960 inquantum
1256 1921 1361 1952 inten-

281 1959 444 1992 tionaliter
466 1961 501 1992 in
524 1962 691 1994 intellectu
713 1964 876 2004 recipitur.

338 2005 482 2037 XXXIII.
499 2006 552 2037 Ad
567 2007 763 2039 evidentiam
779 2018 894 2040 eorum
910 2018 995 2050 quae
1011 2014 1124 2040 contra
1139 2010 1265 2041 tertiam
1281 2020 1360 2041 con-

282 2048 465 2082 clusionem
488 2051 600 2082 obiicit
622 2052 740 2084 Scotus
752 2054 780 2090 ⁹,
797 2053 1069 2085 considerandum
1085 2059 1132 2085 est
1147 2054 1239 2096 quod
1254 2054 1360 2096 dupli-

282 2094 361 2125 citer
382 2104 559 2136 possumus
574 2097 752 2139 intelligere
768 2108 868 2129 unam
884 2099 1026 2139 speciem
1042 2099 1151 2140 plures
1167 2098 1360 2140 quidditates

281 2146 530 2181 repraesentare.
550 2140 672 2179 Primo,
689 2142 780 2183 quod
802 2142 872 2174 illas
895 2149 1111 2184 repraesentet
1134 2153 1201 2175 non
1226 2144 1360 2184 quidem

280 2184 389 2225 primo
413 2190 445 2216 et
469 2185 658 2226 adaequate,
675 2187 732 2218 sed
754 2187 957 2225 secundario,
974 2189 1169 2229 inquantum
1191 2189 1225 2219 in
1250 2189 1360 2230 aliquo

282 2230 452 2261 communi
483 2231 574 2271 quod
602 2232 709 2272 primo
734 2238 766 2263 et
789 2232 966 2273 adaequate
990 2238 1255 2274 repraesentatur,
1280 2243 1360 2264 con-

281 2274 430 2306 veniunt:
453 2275 498 2307 ita
519 2281 630 2307 tamen
654 2276 745 2317 quod
771 2286 839 2309 non
866 2283 992 2309 tantum
1023 2283 1182 2318 quantum
1205 2277 1246 2309 ad
1269 2287 1359 2309 corn-

279 2327 416 2350 munem
439 2321 600 2352 rationem
622 2327 912 2362 repraesententur,
935 2322 993 2354 sed
1016 2323 1113 2353 etiam
1137 2327 1296 2363 quantum
1320 2323 1360 2354 ad

281 2372 393 2395 earum
415 2366 563 2406 proprias
587 2365 803 2398 conditiones.
823 2367 865 2398 Et
881 2372 958 2398 tunc
979 2376 1048 2398 non
1065 2373 1112 2398 est
1128 2367 1264 2398 dubium
1288 2377 1359 2408 spe—

281 2409 342 2439 ciei
370 2409 515 2450 plurium
548 2410 765 2452 quidditatum
795 2412 1082 2453 repraesentativae
1106 2411 1360 2452 correspondere

280 2452 416 2494 aliquod
438 2464 544 2486 unum
567 2457 735 2487 obiectum
762 2455 990 2498 adaequatum,
1014 2462 1170 2497 tanquam
1192 2457 1300 2497 primo
1327 2462 1360 2487 et

279 2506 339 2539 per
354 2507 389 2530 se
403 2506 689 2542 repraesentatum,
706 2501 828 2533 scilicet
842 2501 878 2533 id
892 2501 984 2542 quod
1007 2501 1160 2532 omnibus
1179 2501 1242 2532 illis
1265 2501 1360 2542 quid-

281 2542 436 2576 ditatibus
458 2552 507 2576 est
529 2555 717 2578 commune.
749 2547 973 2578 Veruntamen
997 2556 1068 2577 non
1095 2552 1225 2587 oportet
1255 2546 1360 2578 unita-

280 2593 349 2619 tem
370 2589 442 2620 talis
469 2590 590 2622 obiecti
617 2601 685 2622 esse
711 2592 832 2623 realem
847 2597 944 2629 ,extra
970 2591 1122 2628 animam,
1147 2597 1183 2622 ut
1210 2590 1360 2622 videlicet

280 2633 321 2663 sit
343 2634 466 2676 aliquid
489 2644 594 2667 unum
617 2636 743 2667 realiter
766 2637 933 2668 obiectum
955 2635 996 2666 ad
1019 2635 1157 2666 modum
1180 2635 1359 2676 singularis,

280 2677 364 2709 sicut
376 2680 503 2720 species
525 2681 733 2722 intelligibilis
755 2681 881 2712 realiter
897 2686 944 2711 est
960 2690 1038 2712 una:
1064 2679 1120 2711 sed
1136 2679 1253 2712 sufficit
1269 2679 1360 2721 quod

279 2722 362 2754 illud
385 2725 503 2757 habeat
532 2726 691 2757 unitatem
723 2725 868 2757 formalis
897 2725 1041 2761 rationis,
1069 2725 1152 2756 sicut
1178 2725 1359 2756 universale

279 2768 315 2798 in
337 2769 404 2799 suis
426 2771 642 2811 singularibus
665 2776 714 2801 est
735 2770 918 2802 secundum
939 2770 1101 2800 rationem
1119 2779 1235 2801 unum.
1252 2769 1359 2801 Causa

280 2818 391 2844 autem
407 2824 507 2855 quare
527 2816 651 2856 species
671 2815 879 2856 intelligibilis
895 2815 1090 2846 substantiae
1106 2820 1269 2855 separatae
1285 2820 1359 2855 pot-

281 2862 328 2888 est
343 2858 493 2892 distincte
507 2866 747 2901 repraesentare
762 2859 871 2901 plures
887 2859 1081 2900 quidditates
1100 2859 1160 2891 sub
1182 2869 1250 2890 uno
1267 2869 1359 2890 com-

279 2903 374 2934 muni
397 2910 567 2936 contentas
590 2904 682 2946 quod
705 2911 753 2936 est
775 2914 880 2936 unum
903 2909 1030 2935 tantum
1053 2904 1235 2935 secundum
1262 2904 1359 2935 ratio-

279 2956 367 2985 nem,
393 2955 440 2980 est
463 2951 540 2991 quia
563 2950 616 2980 illa
640 2950 764 2990 species
788 2954 837 2980 est
858 2949 1128 2989 repraesentativa
1146 2949 1253 2989 primo
1273 2948 1359 2979 illius

279 2995 466 3026 communis
489 2995 607 3026 nonin
622 2994 838 3025 abstractione
860 2998 998 3030 tantum,
1013 2993 1098 3023 sicut
1117 2993 1241 3033 species
1264 2993 1358 3024 intel-

279 3039 383 3070 lectus
408 3041 510 3071 nostri
536 3044 777 3080 repraesentant
798 3038 989 3074 universale,
1012 3037 1068 3068 sed
1091 3038 1125 3068 in
1149 3038 1358 3068 concretione

279 3083 320 3114 ad
344 3093 382 3115 ea
404 3094 463 3126 per
485 3094 571 3125 quae
593 3084 824 3117 determinatur
846 3084 880 3114 in
903 3088 1026 3114 natura.
1058 3081 1149 3113 Sicut
1179 3082 1266 3113 enim
1288 3092 1358 3113 non

279 3128 443 3160 invenitur
465 3130 592 3161 animal
614 3134 798 3170 separatum
813 3138 831 3158 a
846 3128 912 3158 suis
928 3126 1114 3158 differentiis
1130 3131 1162 3157 et
1177 3126 1357 3172 speciebus,

279 3173 336 3204 sed
359 3180 447 3205 extra
469 3174 671 3206 intellectum
687 3179 735 3205 est
750 3173 890 3204 divisum
905 3172 940 3202 in
955 3171 1079 3212 species
1095 3175 1127 3201 et
1140 3171 1262 3202 substat
1277 3181 1356 3202 con-

280 3217 456 3250 ditionibus
483 3220 681 3260 specierum;
705 3219 748 3249 ita
775 3217 898 3259 species
925 3216 1133 3256 intelligibilis
1155 3215 1355 3252 huiusmodi,

279 3272 365 3303 quae
388 3269 436 3295 est
459 3269 587 3295 causata
610 3274 628 3294 a
652 3263 830 3294 Causatore
854 3261 1005 3292 omnium
1028 3261 1211 3301 specierum
1229 3265 1261 3291 et
1277 3269 1356 3291 con-

280 3308 443 3340 ditionum
466 3309 623 3345 animalis,
647 3312 864 3349 repraesentat
885 3312 1034 3337 naturam
1061 3305 1207 3336 animalis
1230 3314 1298 3335 non
1321 3305 1356 3335 in

280 3353 504 3391 abstractione,
528 3353 586 3385 sed
617 3353 752 3384 divisam
783 3352 818 3382 in
841 3351 980 3392 species;
1004 3356 1036 3381 et
1058 3354 1191 3390 propter
1220 3349 1285 3380 hoc
1308 3349 1356 3379 di-

280 3407 386 3429 versas
409 3399 533 3440 species
556 3398 702 3429 animalis
725 3396 867 3438 perfecte
892 3401 923 3426 et
946 3394 1095 3426 distincte
1124 3399 1355 3435 repraesentat;

279 3443 387 3483 primo
402 3449 513 3474 tamen
525 3448 557 3474 et
572 3443 750 3483 adaequate
765 3442 874 3482 ipsum
890 3448 1067 3471 commune
1081 3444 1112 3469 et
1124 3448 1228 3469 unum
1240 3448 1356 3469 secun-

280 3486 360 3518 dum
375 3488 551 3525 rationem;
567 3486 759 3518 secundario
772 3495 860 3522 vero,
874 3490 906 3516 et
921 3494 997 3516 cum
1013 3482 1153 3524 quadam
1170 3483 1355 3519 eminentia,

280 3532 422 3573 singulas
446 3533 515 3563 eius
537 3533 661 3573 species
685 3538 717 3563 et
738 3531 921 3572 specierum
944 3528 1158 3560 conditiones.

337 3576 490 3608 Secundo
513 3586 688 3618 possumus
711 3575 890 3619 intelligere
913 3573 1004 3615 quod
1027 3582 1142 3604 omnes
1165 3572 1234 3603 illas
1261 3571 1356 3613 quid-

281 3621 394 3652 ditates
423 3622 530 3663 primo
555 3627 587 3652 et
608 3621 795 3652 immediate
824 3623 1051 3660 repraesentet,
1075 3627 1143 3648 non
1174 3622 1283 3648 autem
1306 3617 1355 3647 in—

425 3684 518 3709 Smuu
538 3684 649 3709 Con'rRA
669 3684 802 3709 Gsnmss
821 3682 853 3707 D.
871 3682 987 3706 Tnouar:
1005 3681 1074 3705 Tou.
1094 3680 1112 3705 1.

2412 239 2485 287 593

1420 322 1577 356 quantum
1609 318 1808 349 conveniunt
1834 318 1867 348 in
1894 318 2004 359 aliquo
2036 319 2204 349 communi
2234 325 2487 360 repraesentato:

1419 360 1502 391 sicut
1524 362 1551 391 si
1573 361 1753 393 diceremus
1776 362 1917 393 divinam
1941 363 2110 393 essentiam
2133 372 2202 394 esse
2225 364 2375 395 omnium
2402 373 2489 395 crea-

1419 409 1564 435 turarum
1587 407 1693 445 primo
1710 412 1742 436 et
1757 406 1943 437 immediate
1965 408 2277 447 repraesentativam‚
2293 418 2361 439 non
2378 414 2414 439 ut
2428 410 2488 440 sub

1420 458 1485 479 una
1507 450 1632 480 ratione
1649 451 1858 487 conveniunt,
1874 451 1931 482 sed
1954 451 2111 488 absolute,
2130 458 2167 482 ut
2189 462 2405 493 unaquaeque
2425 453 2488 484 dis-'

1419 493 1576 533 tinguitur
1591 494 1630 524 ab
1647 494 1717 525 alia.
1734 495 1776 525 Et
1791 496 1836 526 sic
1853 496 1950 526 etiam
1967 495 2136 527 manifeste
2155 502 2287 537 apparet
2308 497 2398 537 quod
2419 507 2488 528 non

1419 543 1549 577 oportet
1575 548 1697 578 ponere
1724 540 1982 580 uniuscuiusque
2007 541 2127 581 speciei
2154 541 2361 581 intelligibilis
2384 551 2488 573 unum

1419 581 1584 612 obiectum
1607 582 1822 623 adaequatum
1846 593 1925 615 esse.

1464 626 1555 656 Licet
1573 632 1681 657 autem
1702 628 1825 667 primus
1844 638 1955 659 sensus
1978 628 2122 659 videatur
2145 630 2250 660 verius
2273 630 2425 661 accedere
2448 630 2489 661 ad

1418 676 1562 701 mentem
1585 671 1693 703 Sancti
1717 672 1880 703 Thomae:
1913 678 1983 703 tum
2015 674 2091 713 quia
2120 673 2266 704 videmus
2288 684 2357 705 non
2380 675 2487 705 solum

1419 714 1477 744 uni
1492 716 1611 755 speciei
1626 716 1660 746 in
1675 716 1780 753 nobis,
1796 716 1854 747 sed
1877 717 1973 747 etiam
1996 718 2053 747 uni
2076 718 2200 749 habitui
2223 728 2261 749 ex
2283 719 2394 749 multis
2416 728 2488 759 spe-

1420 759 1529 789 ciebus
1546 761 1734 797 constituto,
1746 770 1844 792 unam
1862 760 2031 792 formalem
2046 762 2204 792 rationem
2221 763 2340 794 obiecti
2354 773 2488 803 respon-

1419 802 1508 840 dere;
1526 809 1597 834 tum
1609 805 1685 844 quia
1697 806 1808 836 omnia
1819 815 1903 845 quae
1915 815 1974 846 per
1985 815 2085 836 unam
2099 807 2242 846 speciem
2257 807 2488 847 intelliguntur,

1418 848 1451 877 in
1469 858 1536 878 uno
1553 854 1626 879 actu
1645 854 1898 889 cognoscuntur,
1914 851 2028 886 immo,
2044 855 2081 880 ut
2096 849 2212 881 dicitur
2225 851 2341 888 Prima,
2358 861 2389 892 q.
2402 861 2487 888 tvm,

1418 901 1446 922 a.
1459 902 1488 928 2,
1504 892 1589 923 sicut
1602 893 1646 924 ad
1662 894 1817 925 unitatem
1833 899 1940 925 motus
1955 894 2136 935 requiritur·
2159 895 2267 925 unitas
2290 896 2428 931 termini,
2442 897 2488 927 ita

1418 936 1461 966 ad
1485 938 1640 968 unitatem
1665 939 1865 978 operationis
1888 939 2068 979 requiritur
2091 939 2201 970 unitas
2224 939 2355 970 obiecti.-
2371 957 2395 962 —
2413 941 2489 980 quia

1418 986 1525 1012 tamen
1541 987 1678 1022 uterque
1694 992 1806 1014 sensus
1817 988 1925 1024 potest
1940 983 2099 1020 sustineri,
2116 983 2297 1014 secundum
2313 989 2488 1024 utrumque

1418 1025 1457 1055 ad
1477 1027 1616 1057 rationes
1637 1026 1727 1058 Scoti
1749 1027 2007 1068 respondebitur.

1475 1079 1504 1101 2.
1522 1070 1697 1111 Sequendo
1716 1072 1813 1111 igitur
1827 1073 1970 1112 primum
1985 1081 2127 1109 sensum,
2144 1072 2260 1103 dicitur
2274 1073 2381 1113 primo
2397 1073 2489 1114 quod

1417 1115 1522 1145 maior
1544 1122 1592 1146 est
1614 1126 1688 1146 vera
1707 1116 1747 1147 de
1762 1117 1885 1148 unitate
1909 1116 2051 1147 formalis
2075 1117 2220 1147 rationis:
2245 1116 2302 1147 sed
2324 1118 2432 1148 minor
2453 1118 2488 1148 in

1417 1158 1473 1189 illo
1490 1169 1587 1191 sensu
1603 1166 1651 1191 est
1666 1160 1752 1191 falsa.
1769 1161 1845 1192 Non
1866 1161 1953 1191 enim
1977 1162 2165 1192 inconvenit
2188 1167 2366 1192 creaturam
2389 1172 2487 1193 unam

1417 1203 1476 1234 hac
1493 1205 1614 1235 unitate
1630 1205 1763 1236 rationis
1775 1205 1928 1242 formalis,
1940 1211 2018 1246 puta
2030 1215 2135 1236 unum
2146 1215 2258 1246 genus,
2270 1206 2378 1247 plures
2394 1206 2488 1247 quid-

1417 1247 1530 1280 ditates
1545 1250 1711 1280 continere
1729 1249 1871 1290 perfecte
1887 1260 1925 1280 ex
1941 1255 2029 1290 parte
2045 1250 2090 1280 rei
2104 1255 2285 1287 contentae,
2301 1250 2392 1288 idest,
2408 1260 2488 1282 con-

1416 1293 1517 1324 tinere
1543 1294 1613 1324 illas
1640 1300 1798 1335 quantum
1825 1294 1866 1325 ad
1893 1295 2004 1325 omnia
2033 1293 2073 1324 ad
2099 1294 2168 1325 illas
2196 1294 2388 1334 quidditates
2415 1305 2488 1336 per-

1416 1338 1560 1375 tinentia,
1584 1339 1658 1370 licet
1682 1348 1745 1375 eaS‚
1769 1340 1963 1379 inquantum
1991 1344 2038 1369 est
2062 1339 2249 1376 universale,
2273 1340 2488 1379 potentialiter

1417 1382 1591 1413 contineat.

1474 1427 1598 1458 Dicitur
1627 1427 1772 1459 secundo
1804 1428 1904 1468 quod,
1932 1429 1958 1458 si
1985 1427 2180 1468 intelligatur
2202 1427 2241 1458 de
2265 1428 2395 1458 obiecto
2420 1438 2487 1459 uno

1418 1472 1540 1502 unitate
1563 1472 1650 1509 reali,
1674 1473 1778 1503 maior
1802 1478 1849 1503 est
1873 1471 1960 1503 falsa.
1979 1489 2002 1494 —
2019 1472 2071 1502 Ad
2095 1473 2187 1502 cuius
2210 1473 2348 1512 primam
2371 1472 2488 1513 proba-

1415 1517 1540 1547 tionem
1564 1516 1680 1547 dicitur
1702 1517 1819 1557 primo,
1837 1516 1927 1558 quod
1950 1517 2074 1557 species
2096 1517 2304 1557 intelligibilis
2321 1526 2404 1557 quae
2419 1526 2488 1548 non

1417 1566 1464 1592 est
1483 1566 1611 1592 causata
1635 1561 1674 1592 ab
1698 1562 1839 1598 obiecto,
1855 1560 2040 1592 cuiusmodi
2064 1566 2139 1591 sunt
2161 1562 2284 1601 species
2308 1561 2488 1592 intellectus

1416 1606 1564 1646 separati,
1588 1615 1655 1636 non
1686 1606 1805 1636 habent
1836 1616 1873 1636 ex
1902 1607 2032 1637 obiecto
2065 1606 2253 1635 mensurari.
2286 1605 2411 1636 Dicitur
2439 1616 2488 1636 se-

1416 1650 1538 1687 cundo,
1554 1650 1694 1681 admisso
1711 1650 1807 1681 etiam
1824 1650 1915 1690 quod
1937 1651 1976 1681 ab
2001 1650 2130 1680 obiecto
2147 1655 2382 1686 mensurentur,
2398 1649 2489 1690 quod

1415 1704 1484 1726 non
1508 1700 1638 1736 oportet
1658 1694 1756 1725 talem
1770 1695 1927 1726 unitatem
1944 1704 2012 1726 esse
2027 1694 2061 1724 in
2078 1694 2208 1724 obiecto
2224 1693 2404 1724 secundum
2420 1704 2488 1725 esse

1416 1739 1510 1776 reale,
1528 1739 1632 1781 qualis
1655 1745 1702 1770 est
1721 1739 1813 1770 realis
1829 1740 1935 1770 unitas
1954 1739 2083 1780 speciei,
2101 1744 2136 1769 ut
2152 1743 2239 1782 patet
2255 1739 2351 1769 etiam
2367 1739 2401 1768 in
2416 1748 2489 1779 spe-

1417 1785 1528 1816 ciebus
1543 1784 1725 1815 intellectus
1748 1785 1864 1815 nostri:
1889 1785 2012 1824 species
2036 1783 2123 1814 enim
2147 1783 2291 1814 animalis
2306 1784 2339 1814 in
2356 1792 2423 1814 uno
2440 1784 2489 1814 in-

1415 1829 1546 1860 tellectu
1563 1834 1610 1859 est
1626 1838 1690 1859 una
1706 1828 1887 1860 secundum
1911 1838 1980 1859 esse
2002 1827 2097 1864 reale,
2115 1833 2147 1858 et
2162 1833 2270 1858 tamen
2286 1828 2404 1859 animal
2419 1837 2488 1859 non

1416 1878 1463 1904 est
1486 1882 1590 1904 unum
1614 1872 1794 1904 secundum
1812 1882 1880 1904 esse
1896 1872 1980 1903 reale
1997 1876 2084 1904 extra
2107 1871 2317 1903 intellectum.
2333 1889 2357 1894 —
2371 1871 2423 1903 Ad
2438 1881 2487 1904 se-

1415 1917 1561 1948 cundum
1576 1917 1694 1948 dicitur
1709 1917 1800 1957 quod
1817 1927 1880 1948 una
1897 1918 2021 1958 species
2036 1921 2143 1956 potest
2162 1925 2230 1946 esse
2241 1915 2382 1957 propria
2405 1917 2485 1947 ratio

1414 1962 1558 2003 plurium
1582 1967 1813 1993 contentorum
1833 1963 1893 1993 sub
1918 1962 2047 1993 obiecto
2071 1960 2262 2001 adaequato,
2286 1970 2354 1991 non
2377 1966 2486 1992 tamen

1414 2007 1608 2048 adaequata.
1621 2006 1723 2045 Quod
1735 2012 1783 2038 est
1798 2006 1901 2038 dictu:
1914 2011 2022 2047 potest
2038 2014 2106 2036 esse
2121 2005 2291 2046 proprium
2301 2014 2482 2046 repraesen-

1414 2053 1550 2083 tativum
1566 2050 1768 2085 diversorum
1787 2052 1830 2082 ita
1851 2050 1941 2092 quod
1957 2050 2067 2082 omnia
2083 2050 2213 2091 propria
2229 2049 2486 2090 uniuscuiusque

1413 2097 1545 2128 illorum
1569 2101 1798 2137 repraesentet;
1823 2105 1890 2126 non
1915 2101 2023 2127 tamen
2047 2095 2143 2126 alicui
2168 2094 2298 2124 illorum
2325 2094 2484 2134 adaequa-

1414 2147 1484 2172 tum
1503 2141 1809 2182 repraesentativum
1826 2150 1895 2171 esse
1910 2146 2027 2181 potest,
2044 2139 2086 2170 ita
2102 2138 2250 2170 videlicet
2270 2138 2360 2179 quod
2376 2139 2485 2179 ipsum

1413 2185 1522 2216 solum
1545 2190 1761 2225 repraesentet
1785 2191 1816 2216 et
1843 2194 1911 2216 non
1942 2185 2044 2219 aliud;
2068 2184 2132 2214 hoc
2157 2184 2243 2214 enim
2270 2188 2427 2224 repugnat
2455 2183 2484 2214 ei

1415 2229 1505 2271 quod
1521 2229 1638 2261 dicitur
1659 2230 1764 2270 ipsam
1780 2239 1848 2260 esse
1863 2230 2008 2270 plurium
2029 2229 2198 2259 rationem.
2215 2227 2310 2258 Unde
2325 2237 2390 2259 una
2412 2236 2485 2267 spe-

1415 2275 1480 2306 cies
1498 2274 1706 2314 intelligibilis
1722 2280 1829 2314 potest
1851 2274 1913 2304 dici
1934 2273 2064 2314 propria
2085 2273 2168 2303 ratio
2187 2272 2340 2312 plurium,
2356 2271 2484 2302 inadae-

1414 2324 1511 2360 quata
1538 2325 1661 2354 tamem
1691 2324 1723 2349 et
1749 2324 1856 2359 potest
1883 2318 1945 2349 dici
1972 2319 2152 2348 eminenter
2178 2316 2320 2356 plurium
2346 2316 2485 2347 rationes

1413 2364 1590 2400 continere,
1611 2368 1744 2404 propter
1766 2363 1867 2404 ipsius
1890 2363 2010 2403 speciei
2033 2361 2277 2403 perfectionem.

1471 2408 1500 2440 3.
1518 2407 1693 2448 Sequendo
1706 2413 1815 2439 autem
1827 2407 2008 2438 secundum
2021 2415 2162 2443 sensum,
2180 2414 2278 2446 quem
2295 2404 2485 2446 Capreolus,

1413 2453 1489 2484 loco
1513 2453 1660 2493 allegato,
1684 2452 1810 2484 videtur
1841 2453 1944 2492 sequi,
1968 2452 2072 2482 maior
2095 2450 2184 2482 Scoti
2208 2455 2255 2480 est
2278 2448 2365 2480 falsa.
2389 2468 2412 2472 ——
2434 2449 2486 2480 Ad

1413 2499 1506 2529 cuius
1530 2498 1757 2538 probationem
1780 2497 1928 2537 primam,
1948 2501 2083 2537 negatur
2106 2499 2318 2534 assumptum,
2335 2499 2371 2524 ut
2386 2494 2485 2534 prius,

1414 2542 1454 2574 de
1477 2543 1585 2583 specie
1609 2547 1641 2572 et
1663 2542 1787 2573 ratione
1810 2551 1878 2573 non
1902 2547 2029 2572 causata
2053 2540 2092 2571 ab
2116 2540 2256 2570 obiecto.
2282 2539 2365 2569 Nam
2383 2539 2409 2569 si
2424 2539 2486 2568 im-

1413 2586 1553 2618 mediate
1568 2587 1691 2627 species
1708 2591 1857 2617 causetur
1872 2585 1911 2616 ab
1924 2585 2065 2621 obiecto,
2079 2585 2153 2624 quia
2169 2584 2209 2614 ab
2226 2592 2293 2614 uno
2309 2592 2374 2613 una
2390 2582 2484 2613 dum-

1412 2638 1497 2662 taxat
1521 2637 1679 2668 causatur,
1703 2630 1778 2662 ideo
1802 2631 1860 2661 uni
1883 2629 2002 2670 speciei
2026 2638 2130 2660 unum
2152 2628 2365 2667 adaequatum
2395 2627 2485 2657 obie-

1413 2682 1503 2708 ctum
1527 2675 1675 2707 distincte
1699 2681 1730 2706 et
1753 2673 1894 2715 perfecte
1917 2678 2190 2714 repraesentatum
2213 2671 2396 2712 respondet.
2421 2670 2484 2702 Sed

1413 2722 1468 2752 ubi
1485 2726 1633 2752 causatur
1649 2720 1687 2751 ab
1703 2729 1743 2750 eo
1761 2718 1851 2760 quod
1867 2723 1915 2749 est
1930 2719 2078 2749 omnium
2095 2726 2200 2753 causa,
2213 2725 2280 2746 non
2297 2715 2485 2747 inconvenit

1414 2767 1472 2797 uni
1495 2766 1615 2806 speciei
1638 2765 1731 2806 plura
1757 2764 1885 2795 obiecta
1911 2762 2117 2804 respondere,
2141 2767 2173 2792 et
2195 2761 2240 2791 illi
2263 2760 2390 2791 nullum
2414 2769 2483 2790 esse

1413 2820 1518 2842 unum
1540 2811 1706 2842 obiectum
1731 2809 1956 2849 adaequatum.
2416 2849 2422 2855 ι

1470 2855 1521 2886 Ad
1545 2854 1726 2886 secundum
1750 2853 1875 2890 dicitur,
1892 2858 1928 2883 ut
1950 2852 2049 2893 prius,
2067 2860 2135 2881 non
2159 2859 2227 2881 esse
2250 2850 2483 2880 inconveniens

1412 2900 1500 2931 idern
1524 2910 1592 2931 esse
1615 2899 1779 2940 propriam
1803 2898 1961 2928 rationem
1984 2896 2136 2937 plurium,
2153 2894 2330 2934 unicuique
2353 2893 2483 2924 illorum

1412 2944 1671 2986 inadaequatam.

1466 2989 1699 3025 Veruntamen,
1723 2993 1760 3018 ut
1786 2987 1850 3018 iam
1874 2986 1948 3022 dixi,
1972 2986 2095 3025 primus
2125 2982 2242 3014 modus
2265 2981 2480 3021 respondendi

1413 3034 1538 3066 videtur
1554 3043 1623 3064 esse
1639 3033 1790 3064 securior.
1808 3049 1830 3054 —
1845 3029 2025 3069 Quomodo
2049 3033 2156 3059 autem
2178 3026 2266 3058 idem
2288 3026 2390 3066 possit
2413 3035 2482 3056 esse

1412 3079 1544 3119 propria
1565 3079 1647 3109 ratio
1671 3077 1824 3118 plurium,
1841 3081 2008 3106 ostensum
2029 3079 2076 3104 est
2096 3073 2128 3103 in
2144 3072 2262 3107 Primo,
2282 3070 2347 3100 ubi·
2361 3069 2402 3100 de
2425 3079 2480 3100 co-

1410 3123 1558 3163 gnitione
1582 3123 1644 3153 Dei
1666 3122 1817 3162 agebatur
1829 3121 1856 3150 ἦ

1467 3178 1499 3208 4.
1524 3168 1576 3198 Ad
1599 3166 1779 3198 secundum
1798 3164 1887 3195 Scoti
1907 3163 2022 3194 dicitur
2046 3160 2136 3202 quod
2151 3170 2218 3191 non
2234 3164 2328 3199 negat
2344 3158 2480 3189 Sanctus

1411 3212 1557 3243 Thomas
1583 3212 1677 3253 plura
1698 3219 1794 3251 posse
1817 3207 1914 3239 simul
1937 3213 1968 3238 et
1990 3216 2058 3237 uno
2082 3210 2156 3236 actu
2178 3203 2322 3243 intelligi,
2346 3202 2478 3243 quando

1411 3267 1469 3297 per
1491 3266 1591 3288 unam
1614 3256 1756 3297 speciem
1782 3252 2014 3292 intelliguntur,
2038 3255 2075 3280 ut
2095 3249 2257 3280 inferius*
2280 3246 2477 3278 ostendetur.

1466 3302 1612 3332 XXXIV.
1624 3300 1675 3331 Ad
1690 3300 1846 3330 rationem
1862 3295 1998 3327 Aureoli
2008 3296 2025 3312 ⁴*
2041 3294 2156 3325 dicitur
2170 3293 2287 3333 primo,
2304 3291 2395 3332 quod
2408 3301 2478 3322 non

1411 3345 1528 3377 sufficit
1540 3345 1656 3382 dicere,
1663 3343 1703 3375 ad
1714 3348 1857 3374 mentem
1869 3340 1977 3372 Sancti
1986 3339 2144 3374 Thomae,
2154 3346 2250 3378 posse
2262 3337 2361 3367 creari
2373 3345 2477 3367 unum

1411 3391 1563 3431 angelum
1579 3391 1680 3431 quise
1692 3397 1750 3429 per
1761 3396 1852 3418 suam
1868 3385 2037 3416 essentiam
2053 3387 2229 3423 cognoscat
2245 3386 2277 3411 et
2291 3380 2402 3411 omnia
2417 3380 2478 3411 alia

1410 3445 1469 3476 per
1484 3445 1584 3467 unam
1600 3434 1755 3475 speciem;
1773 3437 1804 3462 et
1827 3429 1926 3471 quod,
1943 3429 1970 3459 si
1990 3428 2136 3468 superior
2158 3426 2214 3456 illo
2227 3430 2407 3476 crearetur,
2423 3424 2478 3456 ille

1410 3489 1480 3511 non
1502 3480 1693 3519 intelligeret
1716 3477 1837 3516 absque
1860 3474 1977 3515 specie,
1993 3471 2051 3503 sed
2072 3480 2130 3512 per
2148 3479 2291 3511 speciem
2313 3478 2478 3500 universa—

1410 3525 1536 3562 liorem,
1545 3525 1738 3564 inquantum
1753 3530 1811 3561 per
1826 3519 1914 3550 illam
1929 3517 2036 3559 plures
2052 3516 2191 3546 rationes
2203 3520 2235 3545 et
2247 3514 2479 3554 conceptiones

1410 3579 1519 3600 rerum
1535 3570 1754 3608 cognosceret.
1763 3564 1851 3595 Tum
1867 3563 1953 3603 quia,
1962 3562 2045 3592 sicut
2059 3561 2155 3591 habet
2165 3567 2226 3600 pro
2237 3558 2479 3589 inconvenienti

1411 3613 1546 3645 Sanctus
1554 3613 1698 3643 Thomas
1711 3608 1801 3650 quod
1817 3608 1927 3639 omnia
1942 3615 2000 3647 per
2012 3614 2103 3637 suam
2119 3604 2290 3635 essentiam
2304 3603 2479 3634 substantia

2301 3664 2333 3698 75

2509 3132 2517 3140 ·
2532 3131 2590 3160 Cap.
2606 3138 2620 3153 1.
2635 3137 2687 3160 sqq.

2506 3255 2515 3264 ·
2529 3253 2586 3282 Cap.
2603 3259 2634 3276 ci.

2504 3299 2514 3309 ²
2529 3303 2599 3326 Num.
2610 3309 2675 3331 xxxi,
2688 3310 2709 3333 3.
