2768 4134
30 2501 39 2511 ·
54 2500 112 2528 Cap.
127 2506 179 2522 xcv.

273 298 349 345 594

269 377 412 414 separata
428 373 612 410 cognoscat,
625 368 668 398 ita
685 372 716 397 et
732 365 822 406 quod
837 375 895 406 per
911 373 1010 395 unam
1026 362 1169 403 speciem
1185 360 1342 400 intelligat

269 417 392 452 omnia,
401 420 437 445 ut
451 413 602 444 hocloco
619 416 760 452 apparet,
773 419 832 450 pro
848 407 1091 440 inconvenienti
1102 406 1209 436 habet.
1219 423 1242 427 -
1252 404 1341 435 Tum

269 462 344 502 quia
359 469 426 490 non
443 458 550 488 solum
566 456 672 497 inquit
690 455 872 495 superiores
896 452 1088 483 substantias
1103 460 1162 491 per
1177 450 1341 480 universa-

268 507 363 537 liores
390 503 512 544 species
536 500 723 540 intelligere,
748 497 804 529 sed
828 499 924 529 etiam
948 506 1006 537 per
1029 496 1209 536 pauciores.
1235 494 1340 524 Immo

267 559 334 581 non
357 548 450 589 ponit
476 547 560 587 ipsas
588 543 833 576 universaliores
860 542 921 572 nisi
945 541 1030 581 quia,
1053 549 1129 570 curn
1153 539 1264 570 omnia
1287 538 1341 568 illa

267 597 505 634 repraesentent
521 599 603 631 quae
620 598 678 629 per
693 588 815 629 species
837 586 1028 617 inferiorum
1051 587 1340 625 repraesentantur,

267 638 436 679 pauciores
458 641 565 666 tamen
590 634 651 664 illis
675 637 762 663 sunt:
793 641 831 662 ex
855 640 922 671 quo
950 630 1096 670 sequitur
1122 633 1274 668 oportere
1305 631 1341 657 ut

268 683 364 713 etiam
387 679 631 712 universaliores
655 677 728 707 sint.

323 726 447 756 Dicitur
465 722 621 759 secundo,
639 721 729 762 quod
752 721 897 761 loquitur
913 719 1048 750 Sanctus
1066 717 1212 748 Thomas
1228 716 1268 747 de
1285 726 1341 747 co-

266 771 411 812 gnitione
443 768 692 799 substantiarum
724 770 942 806 separatarum
975 762 1157 794 secundum
1192 761 1341 792 ordinem

266 825 354 847 nunc
377 815 459 845 inter
477 813 546 843 illas
563 812 788 846 constitutum,
805 819 863 850 per
878 808 1083 848 Dionysium,
1100 817 1144 837 xn
1160 815 1230 847 cap.
1251 805 1340 836 Cael.

266 860 372 895 Hier„
394 859 451 899 qui
474 856 615 888 creditur
637 856 717 886 haec
733 865 751 885 a
766 854 868 885 Paulo
885 852 1048 893 Apostolo
1073 851 1171 882 fuisse
1194 850 1340 887 edoctus,

267 905 361 935 nobis
383 902 634 934 manifestatum.
652 901 693 931 Et
709 899 794 935 ideo,
811 907 887 929 cum
911 898 979 937 ipse
996 896 1172 937 Dionysius
1195 895 1343 936 posuerit

267 949 448 989 superiores
472 947 589 978 habere
612 945 779 975 scientiam
802 943 904 983 magis
923 941 1149 977 universalem,
1165 940 1254 970 hunc
1270 949 1342 970 mo-

267 993 346 1024 dum
374 993 512 1033 explicat
539 991 674 1022 Sanctus
698 988 843 1019 Thomas
869 985 1026 1027 ponendo
1053 994 1240 1026 supremam
1266 984 1342 1015 sub-

267 1038 415 1068 stantiam
439 1041 616 1076 separatam
632 1043 690 1074 per
705 1033 828 1072 aliquas
847 1032 971 1071 species
995 1030 1189 1070 intelligere;
1213 1028 1341 1066 deinde,

268 1081 503 1117 descendendo,
517 1084 639 1120 quanto
657 1077 833 1108 substantia
849 1075 945 1107 fuerit
960 1075 1102 1112 inferior,
1115 1079 1207 1105 tanto
1222 1074 1257 1104 in
1273 1074 1343 1114 ipsa

267 1127 389 1167 species
413 1123 626 1165 intelligibiles
650 1121 867 1162 multiplicari.
887 1120 978 1159 Quid
1001 1125 1110 1151 autem
1127 1119 1216 1150 Deus
1240 1119 1343 1159 possit

267 1171 380 1207 facere,
405 1170 466 1210 ipsi
485 1169 612 1200 divinae
628 1166 849 1208 providentiae
873 1175 911 1196 ac
925 1165 1155 1206 praescientiae
1178 1164 1342 1204 relinquit.

322 1215 447 1245 Dicitur
458 1219 569 1244 tamen
582 1213 677 1243 tertio
694 1210 794 1252 quod,
808 1211 917 1251 posito
934 1209 991 1240 illo
1010 1219 1086 1240 casu
1102 1209 1273 1240 creationis
1289 1217 1343 1238 su·

267 1260 430 1300 periorum
455 1257 749 1298 intelligentiarum,
769 1264 897 1297 semper
919 1255 1068 1295 superior
1091 1263 1149 1295 per
1171 1253 1343 1294 pauciores

266 1305 389 1345 species
411 1303 613 1343 intelligeret.
631 1302 717 1340 Quia
736 1310 864 1341 semper
879 1301 913 1331 in
929 1299 1136 1330 inferioribus
1160 1303 1344 1329 crearentur

266 1358 370 1380 novae
396 1349 519 1389 species
546 1347 832 1388 repraesentativae
860 1354 1021 1376 novarum
1047 1350 1235 1375 naturarum
1259 1352 1343 1383 quae

662 288 850 327 SUMMA
879 285 1101 323 CONTRA
1129 282 1405 327 GENTILES,
1426 281 1528 318 ,LIB.
1550 281 1591 324 ΙΙ,
1622 279 1734 316 CAP.
1755 277 1921 325 XCVIII,
1942 277 2077 315 XCIX.

1397 363 1595 389 crearentur:
1609 363 1640 387 et
1651 358 1708 396 sic,
1720 356 1891 397 speciebus
1906 355 2099 387 inferiorum
2109 357 2340 398 multiplicatis,
2348 368 2477 400 semper

1395 403 1429 434 in
1453 402 1660 433 inferioribus
1683 401 1792 441 plures
1816 406 1922 431 essent
1945 409 2045 441 quam
2067 401 2102 431 in
2125 402 2356 442 superioribus.
2378 403 2477 434 Verbi

1395 448 1505 488 gratia,
1522 447 1548 477 si
1564 455 1716 486 suprema
1740 445 1917 476 substantia
1940 454 1999 485 per
2022 444 2102 476 duas
2125 446 2251 486 species
2273 447 2476 488 intelligeret,

1396 492 1505 533 posito
1529 490 1621 532 quod
1648 490 1756 530 aliqua
1782 490 1852 530 ipsa
1878 490 2028 530 superior
2054 495 2225 527 crearetur,
2248 490 2304 522 illa
2329 493 2478 533 superior

1396 546 1454 577 per
1477 536 1556 567 duas
1580 536 1678 566 etiam
1702 534 1827 575 species
1853 534 2060 575 intelligeret:
2084 535 2119 565 in
2142 543 2181 566 ea
2204 536 2292 566 enim
2316 545 2401 576 quae
2416 546 2478 568 >su-

1396 590 1508 621 prema
1524 585 1591 611 erat
1606 587 1639 610 et
1653 588 1712 620 per
1727 579 1807 610 duas
1823 579 1947 620 species
1970 579 2180 620 intelligebat,
2203 586 2383 620 poneretur
2405 590 2478 622 spe-

1397 626 1461 656 cies
1484 625 1681 656 substantiae
1703 624 1832 655 noviter
1859 629 1995 661 creatae,
2019 629 2052 655 et
2077 625 2123 655 sic
2149 634 2218 656 non
2250 625 2390 666 amplius
2420 635 2479 667 per

1396 669 1486 706 duas,
1503 669 1559 700 sed
1582 679 1641 709 per
1664 674 1728 700 tres
1751 669 1876 709 species
1899 669 2102 709 intelligeret,
2119 674 2151 700 et
2166 669 2212 700 sic
2229 668 2270 700 de
2286 670 2365 701 aliis.
2382 670 2478 702 Unde

1395 715 1590 755 relinquitur
1612 713 1704 754 quod
1727 722 1857 754 semper
1875 714 2024 754 superior
2040 713 2080 744 de
2096 723 2186 745 novo
2202 720 2308 746 creata
2324 724 2383 756 per
2397 724 2478 756 pau-

1397 760 1500 790 ciores
1516 759 1641 800 species
1663 757 1870 798 intelligeret:
1894 768 1963 789 non
1986 757 2121 799 quidem
2144 768 2203 799 per
2226 759 2479 792 diminutionem

1396 804 1511 835 binarii
1533 804 1567 834 in
1591 803 1770 834 substantia
1792 803 1919 834 noviter
1942 808 2059 839 creata,
2075 803 2133 834 sed
2155 813 2214 844 per
2236 805 2479 845 appositionem

1395 849 1517 890 speciei
1532 849 1567 879 in
1582 848 1760 879 substantia
1776 846 1932 879 inferiori.
1949 847 2039 879 Istud
2056 847 2167 879 haberi
2178 854 2288 889 potest
2303 859 2342 880 ex
2358 849 2478 881 Sancto

1397 893 1528 924 Thoma
1551 893 1668 930 Prima,
1685 902 1718 934 q.
1734 902 1796 929 ιη,
1812 902 1840 922 a.
1860 901 1890 929 2,
1907 891 1948 923 ad
1962 901 1995 932 4,
2019 893 2076 923 ubi
2091 893 2137 923 ait
2151 892 2254 933 quod,
2269 893 2300 924 si
2314 894 2406 925 Deus
2429 895 2479 925 in-

1395 938 1552 969 stituisset
1564 938 1686 980 facere
1703 937 1819 978 plures
1842 937 1982 978 angelos
1996 942 2056 968 aut
2067 937 2184 978 plures
2202 942 2342 969 naturas
2357 947 2478 975 rerum,

1390 983 1507 1024 plures
1522 983 1644 1023 species
1660 981 1882 1024 intelligibiles
1897 982 2058 1013 mentibus
2071 982 2234 1024 angelicis
2257 983 2479 1024 impressisset.

1396 1026 1642 1058 Advertendum
1659 1032 1769 1058 autem
1793 1025 1885 1067 quod
1907 1027 1942 1057 in
1957 1026 2013 1057 tali
2036 1036 2114 1058 casu
2136 1036 2205 1058 non
2229 1027 2338 1059 solum
2353 1028 2389 1059 in
2402 1029 2480 1059 sub-

1396 1073 1512 1103 stantia
1535 1072 1663 1103 noviter
1686 1078 1792 1103 creata
1816 1076 1924 1102 essent
1946 1072 2119 1112 pauciores
2141 1072 2277 1113 species,
2290 1071 2359 1104 'sed
2381 1073 2480 1104 etiam

1396 1116 1659 1148 universaliores:
1690 1125 1767 1147 nam
1790 1125 1849 1156 per
1872 1115 1941 1147 illas
1964 1117 2090 1157 species
2115 1116 2310 1158 intelligeret
2332 1118 2480 1149 substan-

1396 1163 1476 1193 tiam
1499 1160 1698 1198 inferiorem,
1719 1170 1803 1201 quae
1827 1170 1862 1191 se
1885 1161 2035 1202 intelligit
2058 1171 2116 1202 per
2139 1171 2232 1192 suam
2255 1162 2479 1200 substantiam,

1396 1216 1465 1238 non
1482 1211 1593 1238 autem
1608 1215 1666 1247 per
1681 1206 1835 1247 speciem.
1849 1205 2032 1237 Verisimile
2049 1207 2146 1237 etiam
2163 1211 2211 1237 est
2226 1206 2318 1248 quod
2333 1214 2392 1248 per
2406 1216 2481 1239 suas

1397 1252 1532 1292 species,
1549 1251 1646 1282 etiam
1670 1250 1809 1282 naturali
1832 1251 2032 1291 cognitione,
2049 1256 2086 1282 ut
2101 1250 2229 1282 videtur
2243 1252 2327 1283 velle
2342 1251 2480 1284 Sanetus

1398 1297 1545 1328 Thomas
1562 1296 1588 1327 Π
1605 1296 1706 1331 8εηι.,
1723 1295 1755 1326 d.
1772 1305 1817 1332 ιιι,
1834 1304 1866 1336 q.
1884 1305 1907 1326 11
1918 1296 1946 1332 ⁴²,
1963 1305 1991 1326 a.
2010 1305 2041 1332 2,
2058 1295 2100 1327 ad
2116 1306 2147 1333 2,
2162 1296 2356 1338 intelligeret
2370 1297 2481 1338 plures
2507 1305 2516 1314 ·

1398 1351 1507 1373 rerum
1531 1341 1671 1372 rationes
1695 1349 1796 1381 quam
1819 1339 1989 1371 inferiores
2012 1341 2220 1372 substantiae.

1101 1440 1640 1474 ——mlmffl—

645 1595 1131 1658 CAPITULUM
1167 1599 1777 1656 NONAGESIMUM
1813 1590 2104 1675 NONUM

417 1731 591 1784 QUOD
626 1730 1057 1773 SUBSTANTIAE
1091 1729 1461 1771 SEPARATAE
1497 1727 1917 1770 cocNochNT
1950 1727 2339 1769 MATER1AL1A

350 1883 353 1890 ,
389 1884 402 1891 2
483 1866 529 1891 ER
548 1853 666 1890 dictas
686 1852 799 1901 igitur
817 1853 961 1890 formas
983 1851 1234 1901 intelligibiles
1253 1851 1343 1888 sub-

306 1901 310 1915 “
349 1902 394 1941 <f
437 1908 467 1935 ‘⁴⁴
495 1906 632 1944 stantia
667 1914 842 1956 separata
875 1917 955 1942 non
991 1906 1121 1942 solum
1149 1904 1344 1954 cognoscit

495 1959 587 1997 alias
622 1959 853 1996 substantias
890 1966 1096 2008 separatas,
1126 1958 1193 1996 sed
1227 1957 1343 1995 etiam

495 2012 641 2063 species
670 2024 801 2050 rerum
830 2011 1105 2062 corporalium.

325 2066 426 2103 Cum
456 2066 561 2104 enim
589 2066 800 2104 intellectus
829 2077 966 2103 earum
994 2065 1040 2102 sit
1066 2065 1257 2115 perfectus
1277 2076 1343 2102 na·
1366 2092 1375 2112 s

269 2119 380 2157 turali
408 2119 652 2169 perfectione,
681 2127 815 2169 utpote
848 2126 952 2157 totus
981 2118 1021 2156 in
1049 2125 1137 2157 actu
1166 2117 1342 2164 existens,

270 2180 421 2223 oportet
449 2173 557 2223 quod
586 2186 704 2211 suum
733 2172 942 2219 obiectum,
970 2172 1111 2210 scilicet
1138 2184 1207 2209 ens
1236 2171 1343 2210 intel-

270 2226 420 2275 ligibile,
436 2227 703 2265 universaliter
723 2226 1043 2276 comprehendat.
1065 2225 1148 2264 Sub
1168 2233 1256 2264 ente
1275 2238 1343 2264 au-

270 2288 349 2318 tem
377 2280 599 2329 intelligibili
633 2280 1023 2330 comprehenduntur
1051 2279 1166 2317 etiam
1196 2279 1344 2329 species

395 1929 466 2001 a

447 1978 450 1987 l

449 1989 451 1996 l

421 1998 462 2025 ..ιῦ

426 2029 446 2039 sl·

270 2346 402 2371 rerum
436 2334 710 2384 corporalium.
741 2334 817 2371 Eas
853 2333 967 2384 igitur
993 2332 1206 2372 substantia
1234 2345 1343 2384 sepa·
1360 2357 1386 2371 ω

271 2394 351 2424 rata
379 2387 587 2436 cognoscit.
929 2399 937 2407 ¹

324 2440 476 2478 Adhuc.
499 2441 601 2479 Cum
621 2441 768 2491 species
792 2453 923 2478 rerum
943 2440 1228 2490 distinguantur
1246 2439 1344 2478 sicut

271 2493 418 2543 species
432 2503 753 2543 numerorum‚ut
767 2494 910 2545 supra*
925 2494 1102 2532 habitum
1118 2502 1184 2540 est,
1192 2501 1344 2544 oportet

271 2547 379 2596 quod
407 2547 447 2584 in
476 2548 603 2598 specie
636 2547 826 2598 superiori
860 2547 1104 2586 contineatur
1130 2547 1344 2598 aliqualiter

271 2601 378 2650 quod
403 2608 458 2638 est
482 2601 521 2639 in
545 2601 724 2649 inferiori,
754 2602 852 2639 sicut
880 2601 1006 2639 maior
1033 2613 1223 2639 numerus
1251 2613 1382 2643 con-15

270 2654 363 2691 tinet
390 2654 596 2693 minorem.
618 2655 722 2693 Cum
751 2655 864 2705 igitur
891 2655 1126 2693 substantiae
1145 2663 1343 2706 separatae

271 2707 344 2745 sint
377 2720 494 2758 supra
528 2708 759 2747 substantias
793 2711 1024 2760 corporales,
1054 2716 1208 2759 oportet
1235 2709 1344 2760 quod

271 2773 316 2798 ea
340 2773 440 2811 quae
468 2770 557 2800 sunt
576 2762 616 2800 in
636 2762 858 2801 substantiis
886 2762 1154 2814 corporalibus
1172 2775 1243 2814 per
1262 2775 1344 2801 mo-

270 2815 367 2852 dum
389 2815 638 2862 materialem,
659 2816 734 2854 sint
753 2817 793 2854 in
813 2817 1035 2855 substantiis
1063 2817 1247 2867 separatis
1275 2829 1345 2867 per

271 2868 437 2906 modurn
466 2869 755 2918 intelligibilem:
786 2870 895 2920 quod
925 2870 1030 2908 enim
1059 2878 1115 2908 est
1140 2870 1179 2909 in
1199 2871 1343 2921 aliqu0‚
1361 2890 1386 2904 ιο

271 2929 327 2958 est
354 2921 392 2959 in
420 2934 467 2960 eo
496 2935 567 2973 per
594 2923 761 2962 modum
790 2924 874 2962 eius
902 2923 941 2962 in
970 2936 1051 2974 quo
1079 2931 1146 2962 est.

323 2975 429 3012 Item.
452 2975 492 3014 Si
512 2976 746 3015 substantiae
766 2985 963 3028 separatae
989 2985 1152 3015 movent
1179 2989 1345 3029 corpora

271 3028 456 3075 caelestia,
476 3038 518 3067 ut
536 3030 761 3081 philosophi
779 3039 944 3082 ponunt,
958 3030 1146 3082 quicquid
1165 3030 1345 3082 provenit

271 3093 318 3118 ex
350 3090 461 3120 motu
498 3095 711 3134 corporum
748 3084 972 3123 caelestium
1000 3084 1219 3123 attribuitur
1253 3084 1345 3135 ipsis

271 3135 501 3184 corporibus
529 3137 626 3175 sicut
654 3137 930 3185 instrumentis,
960 3150 1008 3176 eo
1037 3139 1146 3188 quod
1183 3147 1346 3177 movent
1360 3157 1384 3177 ις

272 3196 392 3233 mota:
404 3190 624 3228 substantiis
639 3199 770 3229 autem
785 3192 969 3242 separatis
983 3192 1234 3230 moventibus
1249 3192 1347 3230 sicut

271 3241 546 3292 principalibus
575 3244 788 3293 agentibus.
818 3246 949 3295 Agunt
976 3252 1109 3283 autern
1128 3253 1165 3283 et
1184 3254 1346 3284 movent

272 3307 342 3344 per
356 3295 603 3334 intellectum.
616 3298 715 3336 Sunt
730 3298 842 3347 igitur
851 3306 1055 3338 causantes
1069 3311 1116 3338 ea
1129 3311 1230 3349 quae
1246 3299 1346 3338 fiunt

272 3360 341 3397 per
354 3357 508 3388 motum
522 3363 735 3400 corporum
755 3352 978 3390 caelestium
997 3352 1095 3391 sicut
1108 3353 1239 3391 artifex
1254 3365 1345 3404 ope-

274 3409 378 3439 ratur
395 3415 465 3452 per
489 3416 560 3442 sua
586 3403 852 3444 instrumenta.
873 3406 1042 3444 Formae
1067 3405 1181 3456 igitur
1205 3419 1345 3446 eorum
1361 3423 1387 3443 κο

274 3466 373 3504 quae
401 3465 632 3505 generantur
659 3466 695 3496 et
719 3468 1036 3510 corrumpuntur,
1056 3467 1147 3498 sunt
1174 3459 1345 3510 intelligi-

274 3506 397 3546 biliter
424 3508 463 3547 in
491 3511 710 3550 substantiis
739 3513 933 3563 separatis.
968 3513 1080 3552 Unde
1110 3521 1147 3552 et
1175 3514 1344 3561 Boetius,

331 3645 342 3664 ι
364 3639 451 3674 dictas]
472 3642 614 3674 praedictas
633 3643 807 3670 BCHWYPc.

897 3644 983 3679 igitur}
1003 3645 1081 3671 etiam
1100 3645 1133 3672 G.

332 3674 363 3700 15
383 3676 480 3710 earum]
501 3684 592 3703 eorum
611 3678 710 3705 «EGx.

803 3679 835 3705 30
854 3680 1001 3706 intellectus
1019 3688 1063 3707 om
1083 3681 1210 3707 enwxb.

1226 3645 1239 3672 5
1261 3645 1360 3682 earum}
1381 3654 1472 3673 eorum
1491 3646 1567 3673 aDX.

1399 1850 1440 1888 in
1476 1850 1597 1888 Libro
1635 1852 1680 1887 de
1719 1850 1948 1896 Trinitate*,
1992 1849 2082 1887 dicit
2119 1850 2227 1900 quod
2261 1862 2311 1888 ex
2336 1851 2484 1899 formis

1399 1916 1496 1954 quae
1512 1910 1597 1941 sunt
1615 1905 1697 1941 sine
1715 1905 1886 1950 materia,
1907 1909 2089 1942 venerunt
2110 1904 2266 1951 formae
2283 1916 2380 1953 quae
2396 1909 2482 1943 sum

1399 1959 1437 1994 in
1472 1959 1642 1995 materia.
1679 1957 1932 2006 Cognoscunt
1963 1956 2078 2006 igitur
2106 1956 2343 1995 substantiae
2371 1968 2482 2008 sepa·

1399 2018 1502 2048 ratae
1531 2022 1613 2048 non
1637 2011 1767 2048 solum
1788 2009 2021 2048 substantias
2044 2018 2252 2060 separatas,
2274 2010 2343 2048 sed
2362 2010 2480 2049 etiam

1399 2063 1547 2114 species
1576 2075 1706 2102 rerum
1737 2064 2008 2102 materialium.
2040 2064 2157 2111 Nam,
2181 2063 2212 2102 si
2241 2072 2482 2114 cognoscunt

1399 2117 1547 2169 species
1565 2117 1847 2167 generabilium
1867 2125 1905 2156 et
1923 2117 2235 2168 corruptibilium
2254 2129 2485 2170 corporum,

1398 2180 1588 2222 tanquam
1607 2171 1860 2222 propriorum
1875 2171 2099 2219 effectuum,
2117 2168 2242 2211 multo
2257 2171 2381 2222 magis
2394 2184 2480 2223 spe-

1399 2224 1476 2264 cies
1504 2237 1719 2275 corporum
1738 2225 1979 2273 caelestium,
2008 2225 2121 2276 quasi
2141 2225 2395 2276 propriorum
2422 2225 2480 2264 in-

1399 2287 1721 2317 strumentorum.
2480 2304 2483 2307 -

1454 2332 1559 2381 Quia
1583 2345 1678 2370 vero
1698 2332 1911 2371 intellectus
1934 2332 2174 2371 substantiae
2195 2340 2395 2384 separatae
2422 2340 2481 2371 est

1400 2386 1439 2424 in
1461 2394 1560 2434 actu,
1589 2387 1739 2425 habens
1767 2398 1907 2424 omnes
1931 2385 2201 2425 similitudines
2228 2386 2279 2425 ad
2306 2397 2405 2439 quas
2425 2393 2481 2425 est

1400 2439 1437 2478 in
1462 2440 1652 2491 potentia;
1682 2440 1799 2479 habet
1831 2448 1965 2479 autem
2003 2440 2187 2480 virtutem
2221 2439 2479 2492 comprehen-

1399 2493 1518 2532 dendi
1542 2506 1683 2532 omnes
1702 2493 1850 2545 species
1869 2502 1907 2532 et
1925 2493 2163 2534 differentias
2187 2493 2301 2533 entis:
2322 2505 2480 2534 necesse

1399 2556 1455 2586 est
1483 2548 1592 2598 quod
1620 2547 1834 2586 substantia
1854 2556 2031 2598 separata
2053 2547 2250 2599 quaelibet
2272 2555 2482 2597 cognoscat

1399 2613 1540 2640 omnes
1558 2613 1619 2639 res
1638 2603 1832 2640 naturales
1851 2610 1888 2639 et
1906 2610 2034 2640 totum
2055 2601 2236 2640 ordinem
2261 2613 2410 2640 earum.

1454 2655 1558 2693 Cum
1587 2663 1719 2694 autem
1745 2655 1947 2694 intellectus
1965 2657 2003 2694 in
2023 2662 2108 2694 actu
2123 2655 2294 2707 perfecto
2311 2657 2358 2694 sit
2376 2654 2487 2694 intel-⁴

1399 2710 1534 2747 lectum
1549 2711 1587 2747 in
1603 2715 1688 2747 actu
1695 2709 1726 2756 ²⁸¹,
1735 2716 1862 2760 potest
1876 2708 1990 2748 alicui
2004 2708 2128 2748 videri
2142 2709 2251 2760 quod
2267 2707 2481 2748 substantia

1399 2771 1576 2813 separata
1590 2775 1671 2802 non
1686 2762 1868 2813 intelligat
1877 2775 1938 2802 res
1948 2762 2181 2802 materiales:
2197 2762 2480 2802 inconveniens

1399 2816 1506 2855 enim
1525 2816 1681 2855 videtur
1698 2817 1808 2867 quod
1823 2829 1884 2855 res
1898 2817 2106 2856 materialis
2120 2816 2167 2855 sit
2184 2815 2368 2868 perfectio
2387 2816 2479 2854 sub-

1400 2870 1560 2909 stantiae
1584 2878 1795 2921 separatae.

1454 2924 1533 2963 Sed
1553 2924 1584 2962 si
1604 2932 1706 2962 recte
1729 2924 2007 2971 consideretur,
2027 2936 2089 2962 res
2108 2923 2298 2963 intellecta
2317 2930 2375 2962 est
2391 2933 2479 2975 per-

1399 2977 1512 3016 fectio
1536 2977 1778 3028 intelligentis
1801 2977 2022 3016 secundum
2045 2989 2159 3017 suam
2186 2975 2480 3017 similitudinem

1400 3044 1522 3082 quam
1551 3031 1668 3070 habet
1687 3031 1728 3070 in
1747 3031 1958 3070 intellectu:
1983 3043 2067 3070 non
2090 3031 2198 3070 enim
2217 3030 2315 3082 lapis
2333 3029 2403 3081 qui
2422 3037 2480 3070 est

1401 3093 1507 3124 extra
1533 3085 1720 3132 animam,
1749 3093 1807 3124 est
1833 3085 2017 3136 perfectio
2045 3085 2259 3124 intellectus
2286 3082 2482 3136 possibilis

1400 3138 1532 3177 nostri.
1564 3139 1786 3178 Similitudo
1819 3147 1953 3177 autem
1985 3138 2041 3177 rei
2068 3138 2276 3178 materialis
2303 3137 2344 3176 in
2371 3137 2481 3176 intel-

1400 3194 1501 3231 lectu
1521 3192 1758 3231 substantiae
1786 3200 1986 3244 separatae
2013 3200 2071 3232 est
2088 3191 2401 3238 immaterialiter,
2421 3201 2479 3228 se-

1400 3246 1579 3285 cundum
1593 3247 1761 3286 modum
1775 3245 2012 3286 substantiae
2027 3253 2238 3297 separatae,
2246 3257 2327 3284 non
2341 3254 2479 3283 secun-

1401 3300 1498 3339 dum
1518 3299 1687 3339 modum
1706 3298 1942 3339 substantiae
1962 3298 2180 3339 materialis.
2195 3297 2310 3338 Unde
2324 3309 2406 3336 non
2422 3304 2479 3335 est

1401 3353 1683 3392 inconveniens
1701 3353 1733 3392 si
1752 3354 1851 3392 haec
1875 3353 2088 3392 similitudo
2111 3352 2261 3392 dicamr
2283 3363 2368 3389 esse
2391 3362 2478 3401 per·

1400 3407 1513 3445 fectio
1523 3407 1737 3446 intellectus
1746 3407 1983 3446 substantiae
1993 3412 2202 3457 separatae,
2209 3404 2307 3443 sicut
2320 3403 2479 3456 propn'a

1399 3461 1525 3499 forma
1548 3461 1643 3499 eius.

1657 3654 1674 3680 7
1694 3644 1802 3681 seilicet]
1821 3645 1856 3671 sit
1874 3644 1923 3671 nx.

2509 1858 2518 1867 ·
2533 1856 2592 1885 cup.
2601 1861 2629 1879 n.

2764 2383 2768 2387 .
2764 2364 2768 2373 ,,
2759 1830 2768 2355 Λψρ-ψ--,-“-
2763 1742 2768 1819 “--
2762 1565 2768 1731 -fi—Q..

2507 2713 2517 2723 '
2532 2712 2565 2736 m
2578 2713 2609 2736 de
2626 2712 2722 2740 Διά-α,

2506 2745 2539 2765 ιν.
2556 2745 2593 2766 1⁸3
2608 2746 2629 2766 v.
2645 2745 2667 2762 a.
