2768 4134
53 545 61 554 '‘
77 543 132 571 Cap.
146 548 202 563 xvii.

51 2300 60 2308 '
79 2297 115 2320 Cf.
130 2297 263 2329 Comme'nt.

51 2330 101 2351 cap.
117 2331 185 2350 xxxv,
202 2329 264 2351 ming

51 2355 73 2372 et
88 2357 137 2379 cap.
154 2357 231 2373 xxxiv.

52 2744 61 2753 ·
76 2743 111 2765 Cf.
130 2743 261 2766 Commeat.

51 2776 102 2797 cap.
113 2776 160 2797 xxi,
175 2776 198 2792 n.
209 2777 255 2793 xvi.

295 302 371 349 354

291 388 440 425 verunt,
460 390 552 415 cum
571 388 717 414 nomen
726 376 909 424 factionis
924 381 1077 411 motum
1102 375 1164 410 vel
1184 372 1362 410 mutatio-

291 432 382 481 nem
404 433 595 481 importet,
616 429 656 466 in
684 429 757 466 hac
786 435 917 465 autem
945 426 1062 463 totius
1090 425 1187 463 entis
1216 425 1362 474 origine

291 487 339 524 ab
359 497 439 523 uno
468 484 595 533 primo
624 490 710 520 ente
735 480 888 529 intelligi
912 492 993 517 non
1016 487 1142 529 potest
1170 486 1362 516 transmu-

290 539 380 577 tatio
400 537 517 575 unius
541 536 637 574 entis
656 535 695 572 in
715 534 830 580 aliud,
851 542 893 571 ut
913 541 1114 571 ostensum
1133 540 1189 569 est
1207 532 1238 569 ³⁸.
1269 533 1362 570 Pro-

753 296 942 334 SUMMA
971 295 1193 333 CONTRA
1221 295 1496 340 GENTILES,
1525 295 1620 331 LIB.
1641 295 1682 339 ΙΙ,
1712 295 1823 332 CAP.
1845 297 2034 334 XXXVII.

1418 373 1681 410 necessarium
1701 373 1740 411 in
1759 373 1829 410 illis
1844 386 1946 423 quae
1965 386 2036 424 per
2049 383 2204 413 motum
2218 378 2371 416 essendi
2389 379 2492 429 prin-

1418 426 1566 476 cipium
1586 435 1762 464 sumunt:
1782 438 1830 464 eo
1845 427 1954 476 quod
1969 435 2101 465 motus
2120 436 2177 466 est
2190 435 2293 468 actus
2307 433 2493 470 existentis

1418 481 1455 516 in
1480 481 1647 530 potentia
1668 480 1699 516 ²⁸.
1730 479 1916 518 Possibile
1952 488 2084 519 autem
2118 481 2189 519 fuit
2223 495 2292 520 ens
2319 493 2492 523 creatum

1418 545 1512 579 esse,
1534 541 1746 582 antequam
1769 541 1878 579 esset,
1907 546 1978 583 per
2005 534 2218 584 potentiam
2245 537 2400 584 agentis,
2423 550 2494 587 per

290 600 374 642 pter
401 591 509 641 quod
537 601 610 627 nec
628 589 677 626 ad
706 589 931 626 Naturalem
962 586 1249 635 Philosophum
1277 598 1362 635 per·
1385 603 1393 622 ε
1418 599 1539 636 quam
1568 594 1605 623 et
1633 599 1716 624 esse
1736 586 1916 636 incoepit.
1938 588 2008 625 Vel
2037 596 2195 638 propter
2222 588 2492 628 habitudinem

289 646 382 682 tinet
423 642 650 681 huiusmodi
692 653 823 679 rerum
867 640 1056 689 originem
1094 638 1360 676 considerare:

290 698 359 736 sed
377 697 426 735 ad
446 696 733 746 Philosophum
752 694 940 739 Primum,
961 693 1028 743 qui
1051 692 1270 730 considerat
1292 704 1361 729 ens

290 762 502 789 commune
535 757 571 787 et
604 761 650 787 ea
679 760 779 799 quae
808 755 898 785 sunt
926 753 1099 796 separata
1127 758 1150 783 a
1182 753 1305 783 motu.
1336 768 1362 772 -

289 806 375 842 Nos
402 812 534 842 tamen
569 803 642 841 sub
678 802 849 852 quadam
883 798 1130 837 similitudine
1164 799 1281 837 etiam
1312 799 1361 837 ad

290 858 395 896 illam
423 857 612 906 originem
631 867 778 893 nomen
796 855 978 903 factionis
1009 852 1285 898 transferimus,
1320 860 1363 890 ut

290 911 466 949 dicamus
485 922 531 948 ea
539 911 650 958 facta
669 919 1013 958 quorumcumque
1035 906 1200 943 essentia
1219 907 1281 943 vel
1296 918 1362 943 na-

290 973 377 1002 tura
405 965 454 1002 ab
483 963 563 1001 aliis
592 962 780 1011 originem
809 961 935 998 habet.

345 1018 404 1055 Ex
432 1030 512 1067 quo
540 1023 644 1066 patet
672 1015 779 1065 quod
807 1026 880 1051 nec
907 1013 1079 1051 secunda
1107 1013 1203 1050 ratio
1229 1013 1277 1051 de
1296 1025 1362 1050 ne-

291 1071 462 1108 cessitate
491 1069 695 1115 concludit,
716 1080 816 1118 quae
837 1080 883 1104 ex
908 1066 1055 1104 ratione
1084 1074 1215 1104 motus
1234 1079 1362 1104 sume-

291 1125 414 1162 batur.
444 1125 550 1161 Nam
577 1122 717 1160 creatio
747 1120 909 1158 mutatio
938 1119 1014 1158 dici
1041 1132 1123 1158 non
1146 1128 1272 1170 potest
1290 1120 1363 1157 nisi

291 1178 508 1215 secundum
537 1176 820 1225 metaphoram,
849 1182 965 1224 prout
988 1181 1162 1211 creatum
1188 1173 1363 1211 conside-

291 1238 396 1268 ratur
423 1230 565 1267 habere
595 1241 678 1266 esse
706 1236 794 1278 post
829 1239 910 1265 non
944 1239 1046 1264 esse:
1077 1227 1224 1264 ratione
1253 1226 1364 1264 cuius

291 1283 435 1333 aliquid
454 1295 501 1320 ex
520 1282 594 1320 alio
614 1281 699 1320 fieri
717 1281 856 1319 dicitur
884 1281 1000 1319 etiam
1029 1292 1168 1318 eorum
1187 1293 1288 1330 quae
1308 1280 1364 1318 in-

290 1337 417 1375 vicem
441 1335 804 1374 transmutationem
834 1347 914 1372 non
934 1335 1090 1380 habent,
1113 1347 1160 1372 ex
1184 1335 1261 1372 hoc
1280 1335 1364 1372 solo

291 1391 399 1440 quod
423 1403 556 1433 ⁴unum
583 1401 723 1427 eorum
752 1397 808 1426 est
835 1396 924 1439 post
951 1390 1127 1434 alterum,
1157 1388 1254 1426 sicut
1288 1388 1364 1426 dies

291 1457 341 1482 ex
370 1450 486 1481 nocte.
520 1444 606 1481 Nec
634 1443 730 1481 ratio
759 1451 890 1480 motus
919 1442 1076 1480 inducta
1111 1442 1160 1479 ad
1196 1442 1273 1479 hoc
1300 1441 1366 1479 ali-

291 1497 387 1547 quid
418 1498 541 1535 facere
570 1505 710 1547 potest:
745 1496 975 1546 nam'quod
1007 1496 1115 1533 nullo
1148 1495 1270 1533 modo
1300 1503 1365 1541 est,

292 1563 372 1589 non
401 1563 441 1588 se
470 1550 587 1588 habet
621 1551 752 1600 aliquo
788 1549 929 1596 modo;
959 1557 1002 1587 ut
1036 1548 1157 1599 possit
1185 1548 1366 1587 concludi

292 1604 411 1654 quod,
440 1603 599 1654 quando
624 1603 755 1654 incipit
783 1616 877 1649 esse,
914 1603 989 1641 alio
1023 1603 1136 1641 modo
1167 1615 1208 1640 se
1234 1601 1373 1641 habeat

293 1671 393 1696 nunc
421 1665 454 1696 et
476 1660 596 1708 prius}

347 1713 405 1749 Ex
434 1712 510 1749 hoc
539 1710 654 1748 etiam
674 1718 777 1760 patet
795 1711 904 1760 quod
925 1722 1005 1747 non
1025 1717 1177 1759 oportet
1196 1710 1368 1759 aliquam

292 1764 505 1814 potentiam
534 1763 729 1814 passivam
757 1764 990 1814 praecedere
1019 1775 1102 1801 esse
1130 1763 1248 1800 totius
1272 1763 1369 1800 entis

293 1818 418 1864 creati,
448 1826 491 1855 ut
518 1817 626 1855 tertia
655 1817 749 1854 ratio
779 1817 1046 1854 concludebat.
1078 1817 1165 1854 Hoc
1187 1816 1293 1854 enirn
1313 1824 1369 1853 est

349 1957 376 1976 ιι
400 1949 522 1984 essentia]
543 1950 621 1975 etiam
640 1950 753 1975 essentia
772 1949 826 1976 EG.

349 1993 358 2011 ι
382 1985 569 2019 necessarium]
590 1993 682 2010 verum
701 1985 804 2010 GNYZ.

920 1956 950 1974 ια
971 1949 1058 1982 habet]
1080 1950 1161 1974 sumit
1179 1949 1212 1974 D.

878 1984 910 2010 18
931 1983 1018 2018 etiam]
1038 1985 1116 2018 igitur
1135 1985 1214 2010 etiam
1234 1984 1277 2010 Pc.

1417 639 1687 686 terminorum,
1717 639 1757 677 in
1786 640 1930 689 quibus
1957 642 2064 678 nulla
2100 642 2354 691 repugnantia
2386 643 2493 680 inve-

1417 693 1536 730 nitur:
1565 692 1675 743 quod
1703 692 1866 743 quidem
1897 694 2079 743 possibile
2116 695 2320 733 secundum
2349 697 2492 734 nullam

1412 748 1618 796 potentiam
1647 747 1793 793 dicitur,
1823 754 1866 784 ut
1893 755 1996 797 patet
2023 760 2094 797 per
2121 748 2419 799 Philosophum,
2453 749 2493 787 in

1417 801 1631 850 VMetaph.
1647 799 1667 822 ²¹²
1686 800 1775 837 Hoc
1794 799 1900 842 enim
1918 800 2186 850 praedicatum
2201 803 2308 852 quod
2329 811 2385 840 est
2403 815 2492 850 esse,

1379 869 1404 884 ιο
1418 865 1499 891 non
1528 861 1716 903 repugnat
1745 853 1838 891 huic
1856 853 2030 891 subiecto
2049 855 2159 903 quod
2177 863 2234 892 est
2251 857 2413 894 mundus
2432 858 2494 894 vel

1417 908 1542 952 homo,
1563 907 1661 944 sicut
1675 908 2014 945 commensurabile
2028 916 2217 957 repugnat
2235 909 2438 947 diametro.-
2457 918 2493 948 et

1418 960 1472 998 sic
1491 960 1666 1010 sequitur
1693 961 1801 1010 quod
1822 972 1904 998 non
1923 960 1969 998 sit
1988 961 2226 1011 impossibile
2251 974 2345 1008 esse,
2369 971 2407 1000 et
2424 975 2495 1013 per

1418 1026 1664 1064 consequens
1678 1013 1787 1064 quod
1802 1014 1848 1052 sit
1862 1013 2044 1064 possibile
2060 1026 2143 1052 esse
2158 1023 2369 1065 antequam
2383 1024 2492 1064 esset,

1419 1066 1535 1105 etiam
1554 1069 1660 1105 nulla
1679 1067 1851 1118 potentia
1870 1067 2066 1106 existente.
2091 1069 2134 1106 In
2156 1068 2217 1106 his
2240 1076 2372 1106 autem
2391 1082 2493 1118 quae

1379 1140 1402 1160 ις
1418 1132 1490 1170 per
1516 1129 1672 1158 motum
1699 1121 1810 1167 fiunt,
1840 1129 1992 1172 oportet
2024 1121 2132 1172 prius
2163 1122 2280 1160 fuisse
2313 1123 2494 1172 possibile

1419 1186 1490 1224 per
1516 1174 1688 1224 aliquam
1706 1175 1903 1224 passivam
1922 1175 2156 1225 potentiam:
2177 1175 2218 1213 in
2236 1175 2380 1225 quibus
2406 1176 2495 1214 Phi·

1420 1228 1620 1277 losophus,
1649 1227 1690 1265 in
1713 1229 1778 1265 VII
1797 1230 2014 1279 Metaphys.
2035 1230 2065 1276 *,
2094 1229 2168 1266 hac
2195 1229 2316 1267 utitur
2334 1229 2493 1268 ratione.

1474 1282 1582 1319 Patet
1610 1281 1727 1319 etiam
1755 1293 1802 1319 ex
1831 1283 1907 1320 hoc
1935 1283 2045 1332 quod
2072 1294 2146 1320 nec
2173 1291 2311 1332 quarta
2330 1283 2426 1320 ratio
2445 1283 2496 1322 ad

1420 1334 1668 1384 propositum
1696 1334 1902 1373 concludit.
1938 1336 2045 1374 Nam
2071 1335 2158 1374 fieri
2185 1349 2267 1374 non
2295 1336 2412 1374 simul
2439 1344 2496 1375 est

1381 1407 1407 1422 ιο
1421 1401 1514 1426 curn
1542 1401 1625 1426 esse
1654 1388 1708 1426 rei
1737 1388 1777 1426 in
1805 1388 1864 1426 his
1893 1401 1994 1439 quae
2022 1402 2093 1439 per
2125 1398 2280 1428 motum
2315 1389 2426 1436 fiunt,
2455 1390 2496 1428 in

1421 1454 1594 1492 quorum
1622 1441 1707 1479 fieri
1735 1442 1929 1480 successio
1958 1442 2164 1480 invenitur.
2194 1444 2237 1480 ln
2270 1443 2331 1480 his
2364 1451 2496 1481 autem

1422 1508 1522 1546 quae
1551 1507 1632 1533 non
1661 1495 1763 1533 fiunt
1789 1508 1860 1546 per
1887 1503 2053 1544 motum,
2082 1508 2164 1534 non
2192 1504 2250 1534 est
2276 1497 2384 1547 prius
2411 1496 2496 1534 fieri

1422 1561 1542 1599 quam
1573 1561 1668 1587 esse.

1478 1602 1541 1641 Sic
1560 1602 1674 1651 igitur
1687 1602 1887 1641 evidenter
1905 1612 2065 1654 apparet
2083 1604 2193 1654 quod
2207 1603 2303 1642 nihil
2316 1602 2498 1654 prohibet

1383 1675 1406 1695 ις
1423 1668 1570 1706 ponere
1599 1657 1796 1694 mundum
1815 1669 1898 1694 non
1916 1670 2072 1707 semper
2098 1658 2227 1696 fuisse.
2257 1647 2497 1705 Quod'fidoe

1425 1709 1623 1747 Catholica
1638 1710 1765 1759 ponit:
1791 1711 1884 1748 Gen.
1897 1716 1942 1748 1¹:
1960 1713 2010 1748 ·In
2026 1713 2217 1761 principio
2235 1713 2377 1749 creavit
2393 1712 2496 1749 Deus

1423 1763 1569 1800 caelum
1599 1768 1632 1800 et
1645 1769 1811 1801 ‘ter-ram.
1843 1765 1891 1801 Et
1918 1765 2030 1802 Prov.
2051 1777 2108 1802 vm
2122 1768 2145 1784 ¹²
2164 1765 2212 1802 de
2233 1765 2318 1802 Deo
2338 1764 2495 1802 dicitur:

1424 1817 1635 1866 Antequam
1665 1818 1863 1867 quicquam
1881 1818 2033 1866 faceret
2060 1831 2084 1856 a
2107 1819 2297 1868 principio
2326 1826 2396 1856 etc.

1313 1956 1345 1982 ¹9
1365 1955 1396 1973 ex
1415 1948 1466 1974 hoc
1484 1948 1552 1982 solo]
1573 1955 1604 1974 ex
1622 1949 1682 1974 solo
1700 1948 1751 1974 hoc
1770 1948 1825 1980 EG,
1844 1956 1876 1974 ex
1893 1948 1944 1975 hoc
1962 1950 2050 1975 solum
2069 1949 2139 1975 WY.

1363 1991 1395 2008 20
1414 1983 1483 2018 cum]
1505 1992 1583 2010 causa
1603 1984 1651 2010 Pa.

1726 1991 1755 2010 αι
1779 1992 1893 2018 quorum
1911 1983 1975 2019 fieri]
1997 1992 2112 2019 quorum
2129 1985 2242 2011 factione
2260 1985 2332 2017 sz,
2350 1985 2448 2019 quibua
2468 1985 2497 2012 Z.

1052 2124 1389 2159 commentaria
1419 2125 1733 2159 Fen-ariensis

352 2261 444 2282 mmo
478 2251 563 2287 loco,
597 2249 812 2291 respondetur
835 2250 1013 2281 rationibus
1037 2251 1174 2291 sumptis
1205 2260 1243 2281 ex
1275 2256 1364 2291 parte

353 2296 500 2327 factionis
524 2305 631 2326 rerum
647 2297 674 2326 ἦ

348 2341 370 2371 1.
391 2341 441 2371 Ad
459 2341 602 2381 primum
628 2341 715 2370 enim
732 2339 849 2370 dicitur
864 2340 982 2380 primo,
1000 2338 1091 2379 quod
1107 2349 1149 2370 ex
1164 2339 1266 2370 nihilo
1284 2339 1366 2370 nihil

281 2386 364 2427 fieri
387 2386 483 2416 habet
505 2386 671 2415 veritatem
695 2386 728 2415 in
753 2384 893 2415 factione
917 2384 1111 2424 particulari,
1136 2383 1175 2414 de
1201 2394 1265 2424 qua
1294 2384 1365 2424 phi-

292 2431 422 2470 losophi
457 2429 718 2460 considerabant:
750 2438 819 2460 non
854 2434 963 2459 autem
998 2429 1032 2459 in
1066 2428 1282 2469 productione
1315 2434 1366 2459 to-

292 2475 355 2506 tius
379 2475 470 2505 entis.

348 2520 473 2550 Dicitur
489 2518 644 2555 secund0‚
662 2517 753 2559 quod
769 2527 892 2549 nomen
898 2517 1063 2560 factionis
1078 2518 1209 2558 proprie
1226 2518 1277 2548 isti
1293 2517 1365 2548 uni·
1390 2520 1392 2528 '

291 2563 404 2594 versali
428 2573 536 2594 rerum
559 2563 769 2604 productioni
792 2572 859 2593 non
884 2562 1048 2598 convenit,
1066 2571 1142 2593 cum
1165 2562 1227 2593 tale
1243 2571 1366 2592 nomen

291 2614 420 2639 motum
436 2608 487 2639 vel
503 2608 718 2639 mutationem
741 2608 912 2648 importet:
938 2606 1013 2637 licet
1036 2606 1077 2637 ad
1099 2607 1187 2637 illam
1207 2607 1365 2648 originem

291 2663 349 2693 per
378 2652 541 2694 quandam
571 2651 816 2683 similitudinem
845 2650 1062 2687 transferatur,
1086 2657 1122 2681 ut
1153 2650 1298 2682 dicamus
1328 2661 1366 2682 ea

282 2698 382 2739 sacta
406 2706 549 2738 quorum
571 2703 685 2728 natura
708 2697 748 2727 ab
772 2696 840 2727 aliis
864 2696 1024 2736 originem
1047 2696 1152 2726 trahit.

346 2741 591 2773 Advertendum
621 2747 745 2778 autem,
770 2747 807 2772 ut
837 2741 985 2781 superius
1008 2741 1024 2757 ⁴*
1047 2741 1250 2780 tangebatur,
1275 2740 1367 2781 quod

292 2786 388 2818 factio
405 2787 513 2827 aliqua
529 2791 636 2827 potest
652 2786 715 2818 dici
740 2785 939 2826 particularis
963 2784 1143 2825 dupliciter.
1161 2785 1236 2816 Uno
1253 2785 1365 2822 modo,

291 2841 348 2871 per
371 2831 650 2873 comparationem
675 2829 714 2861 ad
738 2830 881 2871 primum
905 2835 936 2860 et
967 2839 1025 2870 per
1055 2839 1088 2860 se
1117 2830 1291 2860 terminum
1321 2829 1366 2860 fa-

292 2876 418 2906 ctionis.
443 2875 484 2906 Et
507 2876 552 2906 sic
577 2874 694 2906 dicitur
723 2874 821 2905 factio
852 2874 1050 2914 particularis
1082 2875 1174 2904 cuius
1205 2875 1311 2914 primo
1335 2880 1367 2905 et

291 2929 348 2960 per
374 2930 408 2951 se
439 2921 596 2951 terminus
624 2926 671 2950 est
699 2928 756 2950 ens
787 2919 995 2959 particulare:
1028 2919 1215 2949 universalis
1246 2925 1365 2955 autem,

291 2965 383 2995 cuius
406 2965 514 3005 primo
539 2970 570 2995 et
593 2973 651 3004 per
674 2973 707 2994 se
731 2964 888 2994 terminus
912 2969 959 2994 est
982 2963 1116 3003 aliquod
1138 2964 1328 2995 universale.
1344 2982 1366 2986 -

291 3009 366 3040 Alio
390 3008 502 3046 modo,
523 3018 580 3049 per
604 3009 883 3049 comparationem
907 3008 947 3038 ad
970 3013 1075 3048 partes
1099 3008 1282 3038 essentiales
1305 3014 1368 3039 ter-

291 3054 371 3084 mini
394 3053 599 3084 materialiter
615 3053 776 3094 producti.
802 3053 843 3084 Et
860 3053 904 3083 sic
922 3051 1038 3083 dicitur
1053 3051 1151 3083 factio
1168 3053 1368 3092 particularis

292 3107 348 3138 per
372 3107 471 3138 quam
494 3107 562 3128 non
586 3097 670 3128 fiunt
698 3107 813 3128 omnes
845 3102 949 3137 partes
978 3097 1117 3133 termini,
1142 3096 1198 3127 sed
1221 3097 1365 3138 aliquae:

292 3142 478 3173 universalis
494 3147 613 3178 autem,
626 3151 684 3183 per
700 3151 799 3183 quam
815 3150 930 3172 omnes
946 3142 992 3171 rei
1008 3146 1114 3181 partes
1131 3140 1365 3181 producuntur.

350 3186 383 3218 Si
415 3187 522 3227 primo
555 3186 656 3218 modo
690 3187 887 3227 accipiamus
921 3186 1145 3226 particularem
1181 3185 1365 3222 factionem,

293 3232 411 3262 creatio
441 3241 510 3262 non
543 3237 589 3262 est
620 3231 717 3262 factio
749 3231 958 3272 particulam,
983 3230 1039 3261 sed
1063 3230 1265 3261 universalis:
1291 3232 1367 3271 quia

293 3284 360 3305 esse
384 3275 531 3306 absolute
555 3281 586 3307 et
610 3276 767 3307 illimitate
791 3280 960 3316 sumptum
977 3280 1024 3305 est
1043 3275 1200 3305 terminus
1225 3274 1367 3306 formalis

294 3320 462 3351 creationis
487 3321 592 3361 primo
618 3325 649 3351 et
671 3330 729 3361 per
752 3330 796 3357 se,
813 3329 882 3350 non
898 3325 1008 3350 autem
1027 3318 1207 3350 secundum
1225 3320 1366 3360 aliquam

294 3364 517 3403 particularem
541 3365 700 3395 rationem
724 3370 902 3405 sumptum.
928 3363 961 3395 Si
985 3363 1081 3394 etiam
1101 3364 1298 3404 accipiamus
1318 3374 1367 3395 se-

294 3407 402 3439 cundo
426 3409 538 3445 modo,
563 3409 607 3439 sic
632 3409 751 3439 creatio
780 3418 848 3440 non
879 3414 926 3439 est
958 3407 1055 3439 factio
1079 3408 1287 3448 particularis,
1311 3408 1367 3439 sed

294 3452 496 3483 universalis:
522 3453 598 3493 quia
622 3462 679 3493 per
702 3454 805 3493 ipsam
830 3462 899 3484 non
916 3452 1106 3493 producitur
1121 3457 1247 3483 tantum
1264 3453 1367 3484 forma

295 3496 349 3531 rei,
367 3502 402 3526 ut
418 3497 451 3527 in
468 3498 536 3527 aliis
561 3497 764 3534 factionibus,
790 3507 873 3538 quae
897 3498 1063 3528 materiam
1088 3504 1366 3538 praesupponunt,

296 3540 418 3577 accidit,
436 3541 491 3571 sed
508 3551 621 3572 omnes
646 3543 690 3572 rei
715 3548 838 3572 creatae
862 3547 978 3582 partes,
1003 3547 1068 3572 tam
1092 3542 1213 3572 scilicet
1236 3543 1367 3573 materia

297 3592 394 3622 quam
418 3583 531 3621 forma,
556 3585 789 3625 producuntur.
818 3586 870 3617 Ad
893 3587 980 3617 hunc
1005 3595 1136 3617 sensum
1160 3586 1265 3626 inquit
1289 3586 1367 3618 San-

298 3632 367 3657 ctus
394 3627 537 3659 Thomas
562 3631 758 3661 creationem
783 3640 850 3661 non
875 3640 943 3661 esse
967 3630 1202 3671 particularem,
1221 3630 1276 3661 sed
1296 3632 1367 3662 uni-

297 3671 450 3702 versalem
475 3672 659 3704 factionem.

1475 2248 1513 2280 11.
1538 2248 1589 2279 Ad
1611 2247 1800 2285 secundum,
1825 2248 1942 2281 dicitur
1964 2250 2081 2291 primo,
2102 2250 2194 2291 quod
2213 2252 2333 2282 creatio
2357 2261 2426 2283 non
2449 2257 2498 2284 est

1418 2293 1557 2325 mutatio
1581 2294 1643 2324 nisi
1666 2293 1848 2325 secundum
1871 2295 2108 2336 metaphoram.

1475 2338 1602 2369 Dicitur
1623 2337 1779 2375 secundo,
1805 2338 1895 2379 quod
1925 2338 1959 2370 id
1983 2338 2074 2380 quod
2103 2339 2196 2370 nullo
2220 2339 2322 2371 modo
2347 2345 2404 2377 est,
2428 2349 2496 2372 non

1419 2392 1453 2414 se
1477 2383 1573 2413 habet
1597 2383 1708 2424 aliquo
1732 2383 1848 2414 modo:
1874 2389 1910 2414 ut
1932 2385 2035 2424 possit
2059 2384 2214 2415 concludi
2237 2384 2337 2425 quod,
2361 2385 2494 2426 quando

1419 2428 1533 2468 incipit
1548 2437 1628 2464 esse,
1645 2428 1713 2458 alio
1738 2428 1834 2459 modo
1857 2438 1892 2460 se
1913 2428 2031 2460 habeat
2045 2438 2134 2460 nunc
2147 2434 2180 2460 et
2190 2429 2297 2470 prius.
2313 2428 2392 2465 Ideo
2414 2430 2495 2462 ratio

1419 2481 1488 2503 non
1504 2473 1668 2513 sequitur.
2378 2507 2384 2509 ,
2440 2471 2447 2503 ,'
2466 2485 2469 2487 ’
2490 2505 2496 2508 .

1475 2515 1770 2553 Considerandum,
1787 2526 1863 2548 cum
1880 2516 1997 2549 dicitur
2012 2518 2047 2549 in
2063 2523 2266 2558 argumento,
2286 2515 2497 2570 Omne-'aod

1420 2560 1459 2591 de
1489 2570 1574 2591 ηονο
1604 2561 1716 2602 incipit
1747 2571 1825 2597 esse,
1854 2571 1919 2592 non
1950 2561 2062 2593 eodem
2094 2561 2191 2593 modo
2221 2571 2256 2593 se
2285 2562 2381 2594 habet
2405 2570 2501 2606 suque,

1420 2610 1452 2636 et
1469 2606 1575 2646 prius,
1600 2612 1632 2637 et
1662 2605 1753 2646 quod
1776 2615 1875 2642 omne
1905 2606 1968 2638 tale
1992 2612 2122 2648 oportet
2153 2616 2222 2638 esse
2253 2607 2363 2648 aliquo
2393 2600 2496 2639 modb

1419 2656 1598 2681 mutatum:
1625 2650 1716 2691 quod
1738 2651 1803 2682 hoc
1826 2651 1918 2692 quod
1940 2651 2025 2688 dico,
2050 2661 2116 2682 non
2141 2651 2253 2682 eodem
2276 2651 2374 2682 modo
2388 2661 2424 2683 se
2437 2652 2496 2683 Ιιι-

1419 2695 1494 2726 bere
1518 2704 1605 2726 nunc
1628 2701 1659 2726 et
1675 2695 1782 2736 prius,
1806 2695 1883 2727 licet
1905 2702 2066 2737 quantum
2089 2695 2130 2728 ad
2152 2705 2270 2727 vocem
2288 2697 2497 2737 negationem

1420 2739 1515 2776 dicat,
1532 2745 1642 2771 tamen
1665 2746 1826 2781 quantum
1842 2740 1883 2771 ad
1897 2749 2030 2772 sensum
2051 2746 2160 2782 potest
2183 2741 2287 2782 accipi
2309 2741 2497 2782 simpliciter

1420 2785 1584 2825 negative;
1610 2790 1642 2815 et
1665 2790 1773 2826 potest
1802 2785 1906 2826 accipi
1935 2786 2032 2817 etiam
2063 2784 2262 2817 affirmative.
2292 2785 2327 2816 Si
2349 2786 2496 2827 negative

1420 2830 1606 2870 accipiatur,
1631 2829 1672 2860 ad
1694 2829 1758 2860 hoc
1782 2835 1818 2860 ut
1841 2829 1963 2870 aliquid
1987 2839 2056 2861 non
2080 2829 2198 2861 eodem
2214 2829 2316 2861 modo
2332 2839 2366 2861 se
2381 2830 2496 2862 habeat

1420 2883 1508 2904 nunc
1533 2879 1564 2905 et
1591 2874 1690 2914 prius,
1715 2873 1834 2905 sufficit
1864 2879 1900 2905 ut
1929 2883 2019 2905 nunc
2049 2873 2187 2906 modum
2216 2874 2359 2915 aliquem
2382 2874 2497 2906 habeat

1421 2927 1521 2959 quem
1545 2919 1633 2959 prius
1656 2927 1726 2949 non
1748 2919 1870 2950 habuit.
1895 2918 1937 2950 Et
1951 2920 1998 2950 sic
2013 2918 2104 2959 quod
2118 2919 2212 2950 nuno
2227 2918 2330 2950 modo
2346 2918 2408 2950 fuit
2422 2924 2496 2950 ante

1420 2963 1484 2994 hoc
1508 2964 1630 2994 instans
1654 2970 1685 2994 et
1707 2964 1742 2994 in
1764 2963 1828 2994 hoc
1851 2964 1983 2994 instanti
1998 2969 2056 3000 est,
2073 2969 2181 3004 potest
2199 2962 2264 2995 dici
2285 2973 2355 2995 non
2378 2963 2499 2996 eodem.

1420 3007 1522 3039 modo
1539 3017 1572 3038 se
1589 3008 1706 3039 habere
1729 3017 1818 3039 nunc
1842 3014 1874 3039 et
1896 3009 2001 3049 prius:
2026 3009 2053 3039 si
2077 3009 2165 3040 enim
2180 3008 2269 3049 prius
2285 3008 2378 3040 nullo
2393 3008 2496 3040 modo

1420 3058 1497 3088 erat,
1521 3051 1730 3083 manifestum
1753 3058 1801 3083 est
1825 3052 1915 3093 quod
1938 3062 2007 3084 non
2030 3058 2097 3084 erat
2119 3052 2221 3084 modo
2245 3062 2314 3094 quo
2333 3062 2422 3084 nunc
2437 3057 2495 3090 ent.

1421 3097 1462 3127 Et
1485 3097 1540 3133 sic,
1566 3096 1656 3137 quod
1680 3102 1805 3128 creatur
1828 3106 1897 3128 non
1921 3096 2039 3128 eodem
2062 3097 2164 3129 modo
2181 3106 2215 3128 se
2233 3097 2330 3128 habet
2352 3105 2440 3128 nunc
2454 3097 2497 3128 ‘et

1420 3141 1519 3182 prius.
1545 3140 1609 3172 Sed
1639 3141 1703 3172 hoc
1733 3150 1802 3172 non
1831 3147 1880 3173 est
1909 3140 1997 3172 idem
2026 3141 2118 3182 quod
2147 3141 2280 3177 mutari,
2303 3130 2494 3182 accipiendo

1420 3186 1550 3226 proprie
1581 3186 1808 3216 mutationem.
1836 3203 1860 3209 -
1887 3186 1921 3217 Si
1950 3191 2061 3217 autem
2090 3186 2267 3227 accipiatur
2297 3184 2493 3220 affirmative,

1421 3236 1499 3261 tunc
1523 3230 1640 3261 dicitur
1666 3239 1735 3261 non
1763 3230 1882 3262 eodem
1911 3230 2013 3262 modo
2037 3240 2072 3262 se
2099 3231 2218 3262 habere
2239 3238 2328 3261 nunc
2351 3234 2384 3260 et
2405 3229 2495 3269 prius

1421 3275 1513 3316 quod
1535 3284 1623 3306 nunc
1648 3275 1743 3306 habet
1766 3284 1870 3306 unum
1893 3275 2031 3307 modum
2055 3281 2088 3306 et
2109 3275 2199 3316 prius
2227 3273 2366 3305 habebat
2394 3273 2494 3304 alium

1421 3319 1569 3350 modum.
1594 3319 1635 3350 Et
1650 3319 1714 3350 hoc
1731 3325 1778 3351 est
1797 3321 1928 3361 proprie
1952 3319 2092 3351 mutari:
2115 3317 2207 3360 quod
2229 3318 2317 3349 enim
2340 3323 2493 3354 mutatur,

1421 3375 1439 3394 a
1455 3363 1556 3395 modo
1581 3363 1771 3404 imperfecto
1788 3363 1828 3395 ad
1848 3364 2075 3405 perfectiorem
2090 3361 2202 3399 tendit,
2219 3367 2275 3393 aut
2290 3371 2308 3393 e
2324 3371 2492 3393 converso.

1421 3408 1485 3440 Sed
1501 3409 1565 3439 hoc
1581 3417 1649 3439 non
1666 3409 1820 3440 convenit
1834 3409 1896 3440 nisi
1912 3408 1943 3439 ei
1958 3406 2048 3449 quod
2071 3406 2160 3447 prius
2182 3405 2292 3447 aliquo
2312 3405 2413 3437 modo
2430 3411 2492 3437 est:

1421 3453 1509 3494 quod
1538 3453 1623 3483 enim
1656 3453 1747 3484 nullo
1779 3453 1876 3494 moda
1901 3458 1957 3488 est,
1981 3457 2018 3483 ut
2045 3451 2151 3491 inquit
2178 3451 2313 3482 Sanctus
2337 3450 2493 3487 Thomas,

1422 3507 1487 3528 non
1512 3502 1559 3528 est
1581 3498 1649 3527 alio
1675 3497 1782 3528 modo.
1807 3495 1926 3533 Et'sic,
1951 3494 2042 3536 quod
2065 3501 2190 3526 creatur
2209 3505 2277 3526 non
2301 3501 2408 3535 potest
2430 3494 2492 3526 dici

1421 3542 1511 3582 quod
1535 3551 1603 3572 non
1627 3541 1745 3573 eodem
1776 3541 1877 3573 modo
1909 3546 1956 3572 est
1985 3548 2073 3571 nunc
2105 3545 2136 3570 et
2165 3540 2264 3580 prius,
2289 3539 2492 3571 affirmative:

1420 3596 1488 3617 non
1513 3587 1599 3617 enim
1624 3587 1712 3626 prius
1735 3585 1846 3626 aliquo
1869 3583 1970 3615 modo
1995 3589 2071 3615 erat.
2104 3584 2238 3624 Propter
2266 3584 2330 3615 hoc
2358 3583 2493 3616 Sanctus

1421 3631 1577 3667 Thomas,
1602 3629 1841 3671 respondendo,
1865 3635 1902 3660 ut
1924 3637 2037 3659 verum
2061 3637 2192 3659 sensum
2223 3629 2255 3659 in
2280 3638 2348 3669 quo
2379 3637 2493 3669 proce-

1421 3675 1516 3706 debat
1539 3680 1766 3715 argumentum
1789 3674 1957 3713 acciperet,
1974 3673 2102 3713 negavit
2123 3671 2155 3704 id
2171 3672 2261 3713 quod
2282 3678 2407 3704 creatur
2429 3672 2492 3703 alio

2521 492 2530 501 ·
2546 491 2578 512 ΙΠ
2587 491 2668 519 Phys„
2680 497 2696 518 ι,
2707 491 2733 518 63

2521 524 2540 538 s.
2551 517 2596 539 Th.
2613 518 2626 540 l.
2639 523 2659 539 2.

2521 805 2530 814 ·
2546 804 2570 827 S.
2585 804 2631 826 Th.
2654 804 2668 826 1.
2694 810 2735 831 ¹4:

2521 831 2574 852 Did.
2587 831 2627 857 lv,
2641 837 2684 858 ιιι,
2699 837 2736 854 ωε
