2742 4152
58 1009 70 1020 ·
82 1007 155 1031 Num.
167 1014 203 1030 ιιι.

58 1233 71 1246 ·
82 1233 156 1257 Num.
166 1240 199 1256 nv.

63 2259 75 2271 ·
89 2258 138 2288 Qu.
149 2264 173 2286 x,
183 2264 206 2282 ι.
218 2264 250 2282 12.

65 2751 76 2763 ·
89 2750 163 2775 Nm.
172 2757 204 2779 tv,
214 2757 236 2774 a.

65 3155 76 3166 ·
89 3153 147 3178 Loe-
157 3154 197 3177 eit.
208 3160 260 3177 aa.

911 264 1101 302 SUMMA
1130 265 1352 303 CONTRA
1381 267 1656 316 GENTILES,
1687 269 1797 306 CAP.
1824 270 1888 307 XI.

352 342 402 373 Ex
426 342 494 382 quo
518 343 664 383 sequitur
688 342 779 383 quod
793 343 876 375 inter
891 342 1062 374 definitum
1086 348 1117 373 et
1139 344 1278 383 primam
1301 354 1373 384 pas-

300 387 427 418 sionem
449 396 519 418 non
541 387 663 419 mediat
685 386 844 424 definitio,
868 387 894 418 si
919 392 950 417 et
977 386 1123 418 definitio
1148 393 1179 418 et
1202 387 1374 419 definitum

299 431 504 462 materialiter
532 438 715 463 sumantur:
744 432 828 462 inter
856 433 1027 462 essentiam
1059 432 1147 462 enim
1176 432 1222 462 rei
1247 437 1278 462 et
1301 442 1373 472 pas-

299 476 428 508 sionem
450 476 671 509 immediatam
685 476 776 508 nulla
790 486 841 507 res
857 482 905 508 est
927 475 1044 507 media.
1069 475 1134 507 Sed
1156 477 1183 506 si
1198 475 1374 507 formaliter

299 525 478 557 sumantur,
506 521 589 552 inter
611 521 796 552 subiectum
819 527 851 551 et
873 520 1095 561 praedicatum
1117 520 1224 551 media
1248 526 1296 551 est
1319 521 1374 551 de-

300 563 405 595 finitio
428 565 582 598 subiecti:
613 566 756 606 primum
789 565 878 596 enim
909 571 956 596 est
985 575 1036 596 res
1064 570 1101 596 ut
1127 564 1264 596 confuse
1295 574 1374 596 con-

300 614 409 650 cepta:
432 609 613 640 secundum
635 619 685 640 res
705 614 742 640 ut
758 609 906 640 distincte
922 615 1096 650 concepta;
1114 610 1246 640 tertium
1265 610 1374 650 passio

300 662 450 693 sequens.
1193 683 1195 686 ⁴

354 696 509 738 Sequitur
529 696 688 733 secundo,
705 697 796 738 quod
810 699 915 739 prima
931 704 963 729 et
985 697 1171 729 immediata
1193 698 1301 739 passio
1316 706 1376 738 per

300 740 526 776 definitionem
550 742 700 778 subiecti,
729 748 887 783 tanquam
916 752 976 783 per
1006 752 1139 774 causam
1166 742 1320 778 mediam,
1348 742 1375 772 si

299 785 506 821 materialiter
536 792 692 824 sumatur,
720 787 934 819 demonstrari
963 796 1032 818 non
1055 792 1180 827 potest:
1205 796 1283 817 cum
1305 787 1375 826 ipsa

300 829 447 864 definitio
470 831 676 862 materialiter
699 837 830 873 sumpta
859 841 929 863 non
956 832 996 862 sit
1018 830 1166 862 medium
1189 831 1272 862 inter
1295 829 1375 862 defi-

299 874 407 907 nitum
423 880 455 905 et
477 875 675 915 passionem,
691 876 748 908 sed
763 877 803 908 sit
825 876 913 908 idem
925 875 1017 916 quod
1031 875 1213 907 definitum.
1230 875 1272 906 Et
1285 875 1376 906 hunc

300 927 433 953 sensum
455 919 576 951 habent
598 921 696 952 verba
711 921 820 953 Sancti
836 920 985 951 Thomae
1009 929 1087 951 cum
1110 921 1194 951 inter
1216 920 1376 960 principia

299 962 599 996 indemonstrabilia
613 965 708 1005 ponit
730 965 992 1006 propositionem
1007 965 1041 995 in
1065 974 1131 1005 qua
1152 965 1260 1005 passio
1283 973 1376 1005 prae-

301 1006 426 1039 dicatur
441 1007 482 1040 de
496 1009 632 1049 proprio
648 1015 682 1041 et
694 1009 884 1041 immediato
902 1010 1051 1040 subiecto
1067 1010 1095 1040 *.
1119 1009 1154 1040 Si
1177 1015 1287 1040 autem
1311 1007 1377 1039 for-

299 1052 426 1084 maliter
448 1058 595 1085 sumatur
616 1053 774 1091 definitio,
797 1054 844 1085 sic
866 1063 925 1094 per
946 1054 1052 1094 ipsam
1075 1063 1094 1084 a
1115 1054 1217 1094 priori
1239 1053 1377 1085 demon-

301 1097 391 1128 strari
407 1097 478 1128 talis
499 1098 608 1138 passio
623 1103 742 1139 potest,
756 1103 915 1139 tanquam
929 1107 989 1139 per
1011 1107 1142 1129 causam
1165 1099 1376 1139 cognitionis3

301 1146 334 1172 et
355 1150 415 1182 per
441 1150 574 1174 causam
603 1143 716 1183 aliquo
742 1142 846 1174 modo
868 1143 902 1174 in
933 1142 1082 1180 essendo,
1108 1153 1149 1174 eo
1177 1143 1280 1174 modo
1308 1152 1377 1184 quo

299 1185 390 1226 prior
410 1186 494 1219 ratio
516 1187 564 1219 rei
587 1192 635 1218 est
656 1188 739 1218 ratio
763 1197 863 1228 quare
885 1187 947 1218 sibi
969 1187 1112 1219 secunda
1134 1188 1220 1218 insit.

357 1229 411 1260 VI.
435 1230 488 1261 Aa
512 1231 657 1272 primum
688 1241 766 1272 ergo
799 1232 889 1263 Scoti
913 1238 1026 1263 contra
1050 1233 1195 1273 primum
1225 1231 1378 1263 dictum·

299 1274 516 1315 reupondetur
538 1275 630 1317 quod
652 1276 822 1308 conclusio
846 1277 1131 1308 demonstrationis
1153 1277 1225 1308 talis
1253 1282 1300 1307 est
1323 1276 1378 1307 de-

261 1359 271 1361 *
300 1324 489 1357 mensa-ata,
513 1326 546 1352 et
570 1330 642 1352 non
673 1326 722 1352 est
747 1330 808 1362 per
833 1331 868 1352 se
897 1327 987 1358 nota,
1012 1322 1038 1352 si
1062 1322 1174 1352 omnia
1202 1321 1379 1352 formaliter

301 1370 482 1401 sumantur,
505 1372 538 1397 et
552 1365 641 1407 quod
663 1366 742 1407 quid
756 1371 805 1397 est
818 1375 854 1397 se
875 1366 974 1397 habet
988 1371 1026 1397 ut
1040 1366 1198 1402 medium,
1214 1372 1250 1397 ut
1270 1371 1379 1397 osten-

302 1408 420 1443 dimus.
443 1409 479 1442 Si
502 1415 612 1442 autem
632 1411 839 1442 materialiter
860 1416 1041 1447 sumantur,
1064 1411 1111 1442 sic
1137 1411 1307 1442 conclusio
1332 1416 1380 1442 eet

301 1452 606 1492 indemonstrabilis,
622 1461 655 1486 et
668 1455 757 1496 quod
771 1456 850 1497 quid
873 1461 921 1487 est
935 1465 1004 1487 non
1020 1461 1068 1486 est
1081 1455 1239 1487 medium.
1255 1455 1380 1487 Eadem

300 1506 380 1539 engo
407 1499 590 1540 propositio
616 1509 687 1531 non
711 1506 760 1532 est
781 1510 840 1541 per
862 1509 898 1532 se
919 1506 999 1531 nota
1025 1509 1063 1531 ea
1085 1501 1211 1531 ratione
1235 1509 1301 1541 qua
1324 1500 1380 1531 de-

301 1548 510 1581 monstratur,
533 1553 611 1576 cum
632 1544 784 1576 videlicet
799 1546 911 1576 omnia
934 1545 1111 1576 formaliter
1133 1550 1324 1576 sumuntur:
1349 1550 1381 1576 et

302 1593 351 1620 est
373 1597 432 1630 pff
454 1597 489 1621 se
509 1594 591 1621 nota
613 1594 646 1620 et
668 1589 974 1627 indemonstrabilis,
999 1591 1153 1621 omnibus
1175 1590 1382 1621 materialiter

302 1633 450 1673 sumptis.
465 1649 490 1655 —
507 1633 560 1664 Aa
582 1634 867 1676 confirmationem
890 1635 1006 1666 dicitur
1029 1634 1131 1676 quod,
1155 1635 1183 1666 si
1205 1633 1382 1666 formaliter

302 1682 473 1710 amantia
495 1679 617 1715 omnia,
631 1688 702 1710 non
717 1685 766 1710 est
788 1680 833 1711 ibi
847 1680 964 1720 petitio
982 1680 1150 1721 principii:
1166 1679 1244 1720 quia
1267 1679 1382 1711 eadem

302 1729 354 1753 res
376 1721 526 1755 distincte
541 1729 702 1765 concepta
717 1723 895 1757 formaliter
910 1724 1118 1765 distinguitur
1140 1734 1159 1754 a
1180 1724 1286 1765 seipsa
1302 1733 1382 1755 con-

302 1764 375 1800 fune
400 1772 572 1808 concepta.
599 1767 634 1800 Si
666 1774 776 1801 autem
799 1769 1013 1800 materialiter
1042 1774 1225 1805 sumantur.
1256 1769 1302 1800 sic
1334 1774 1383 1800 est

302 1810 418 1851 petitio
440 1811 605 1854 principii,
634 1819 667 1844 et
697 1819 773 1845 sunt
801 1819 930 1845 tantum
958 1814 1004 1845 ibi
1035 1813 1102 1845 duo
1131 1814 1280 1844 termini:
1305 1814 1383 1854 quia

302 1854 450 1890 medium
465 1862 497 1888 et
519 1858 704 1890 subiectum
719 1859 940 1891 conclusionis
962 1858 1167 1890 materialiter
1189 1863 1266 1890 sunt
1283 1858 1382 1889 idem.

303 1899 400 1931 Unde
432 1900 569 1933 Sanctus
595 1902 752 1940 Thomas,
779 1903 814 1934 in
835 1909 973 1935 tractatu
995 1903 1222 1934 Fallaciarum
1237 1903 1264 1939 ⁹,
1289 1903 1384 1943 ponit

271 1946 278 1954 ’
304 1945 467 1996 committi
482 1947 676 1987 petitionem
693 1948 844 1989 principii
860 1957 938 1980 cum
952 1948 1109 1989 probatur
1123 1947 1247 1988 aliquid
1262 1957 1383 1979 conve-

304 1998 375 2022 mre
394 1990 542 2022 subiecto
567 1992 644 2032 quia
667 1993 822 2024 convenit
845 1992 1045 2025 definitioni:
1071 2001 1274 2033 cognoscens
1294 1994 1382 2024 enim

307 2033 444 2065 eandem
467 2045 537 2067 rem
559 2045 618 2077 per
641 2036 866 2068 definitionem
890 2043 922 2069 et
952 2037 1124 2068 definitum
1147 2035 1331 2078 significari,
1355 2037 1383 2068 si

304 2084 402 2130 negat
417 2079 540 2121 aliquid
555 2082 731 2113 convenire
747 2081 894 2119 definito,
911 2088 943 2114 et
962 2081 1143 2113 definitioni
1158 2082 1288 2122 negabit
1304 2091 1383 2113 con-

305 2132 425 2155 venire.

361 2168 413 2198 Ad
434 2168 610 2200 secundum
635 2169 752 2201 dicitur
776 2170 867 2211 quod
890 2180 959 2202 non
983 2177 1058 2202 sunt
1082 2171 1135 2202 alii
1158 2171 1287 2202 termini
1304 2169 1385 2202 defi-·

304 2212 387 2244 nitio
404 2218 436 2243 et
459 2213 630 2245 definitum
654 2215 681 2245 si
703 2216 909 2247 materialiter
931 2221 1110 2247 sumantur.
1127 2215 1223 2247 Unde
1246 2215 1383 2247 Sanctus

306 2256 462 2294 Thomas,
478 2259 514 2289 in
530 2260 775 2299 quaestionibus
791 2260 831 2291 de
848 2260 988 2292 Ver-itate
999 2262 1016 2278 ⁴*
1033 2266 1064 2292 et
1083 2261 1117 2291 in
1133 2261 1202 2291 aliis
1218 2261 1309 2297 locis,
1325 2270 1384 2301 per

305 2302 370 2333 hoc
392 2302 510 2343 probat
532 2312 601 2334 esse
620 2304 654 2334 in
678 2303 869 2336 definitione
883 2305 947 2336 Dei
969 2306 1060 2346 poni,
1078 2311 1239 2345 quantum
1261 2305 1384 2336 scilicet

306 2351 354 2378 est
378 2355 417 2377 ex
439 2353 531 2389 parte
549 2348 622 2384 Dei,
638 2349 714 2389 quia
730 2349 952 2390 praedicatum
966 2355 1014 2381 est
1027 2349 1115 2382 idem
1130 2350 1289 2386 subiecto,
1306 2359 1383 2381 cum

305 2392 442 2422 essentia
465 2398 497 2423 et
520 2402 590 2424 esse
612 2393 646 2423 in
670 2394 743 2425 Deo
767 2404 872 2425 unum
895 2396 968 2426 sint.

359 2435 411 2467 Ad
434 2432 589 2474 tertium,'
599 2443 736 2478 negatur
763 2439 1008 2481 consequentia.
1036 2438 1123 2478 Quia
1149 2444 1211 2470 stat
1235 2438 1327 2480 quod
1348 2439 1383 2470 in

304 2481 527 2522 metaphysica
550 2483 613 2513 sint
635 2483 706 2514 noti
728 2484 854 2525 proprii
877 2489 1057 2524 conceptus
1080 2484 1139 2524 qui
1162 2493 1201 2514 ex
1224 2490 1315 2525 parte
1337 2484 1384 2515 rei

306 2534 340 2555 se
355 2530 477 2563 tenent,
494 2536 533 2557 ex
552 2527 672 2567 quibus
685 2529 869 2569 propositio
884 2528 1028 2560 redditur
1043 2527 1225 2559 secundum
1244 2538 1279 2560 se
1294 2533 1382 2565 nota,

306 2574 338 2600 et
360 2574 469 2601 tamen
492 2572 526 2602 in
549 2572 691 2603 scientiis
714 2573 960 2614 particularibus
974 2583 1044 2604 non
1067 2573 1131 2604 sint
1153 2573 1234 2604 noti.
1250 2591 1273 2596 —
1288 2572 1384 2604 Simi-

304 2613 377 2645 liter
399 2614 517 2647 falsum
541 2622 588 2647 est
611 2616 702 2657 quod
724 2623 891 2659 geometer
913 2623 1021 2649 utatur
1045 2618 1153 2649 solum
1176 2618 1237 2648 illis
1260 2627 1383 2659 propo—

305 2659 478 2691 sitionibus
492 2666 650 2702 tanquam
671 2671 731 2702 per
745 2672 780 2694 se
802 2663 890 2694 notis
905 2672 990 2704 quae
1009 2661 1194 2694 evidentem
1216 2663 1384 2693 veritatem

305 2703 426 2736 habent
449 2714 488 2736 ex
510 2706 656 2737 terminis
678 2706 816 2739 confuse
835 2708 932 2739 notis.

361 2748 430 2780 VII.
455 2748 508 2781 Ad
531 2757 760 2791 argumentum
790 2757 903 2783 contra
933 2751 1115 2783 secundum
1138 2751 1263 2782 dictum
1274 2752 1302 2787 “,
1325 2760 1384 2782 ne-

273 2805 276 2807 ·
306 2798 400 2834 gatur
423 2796 666 2837 consequentia.
691 2796 740 2827 Ex
763 2796 828 2827 hoc
851 2796 939 2827 enim
956 2795 1047 2838 quod
1070 2796 1178 2836 aliqua
1199 2796 1383 2836 propositio

307 2836 431 2870 dicatur
456 2848 515 2880 per
542 2850 576 2871 se
599 2845 679 2871 nota
703 2841 790 2881 quia,
817 2846 977 2881 quantum
1001 2846 1048 2872 est
1071 2839 1112 2871 de
1137 2846 1251 2871 natura
1273 2841 1384 2872 termi-

305 2891 436 2920 norum,
455 2889 530 2915 nata
549 2889 597 2916 est
619 2885 738 2916 habere
762 2885 945 2916 evidentem
963 2885 1140 2921 veritatem,
1157 2890 1199 2921 et,
1223 2890 1384 2926 quantum

307 2932 356 2958 est
378 2937 418 2959 ex
440 2937 486 2965 se,
512 2929 553 2960 sit
579 2934 659 2960 nota
681 2930 708 2960 si
731 2930 861 2960 termini
887 2930 1124 2970 concipiantur,
1143 2938 1213 2960 non
1237 2930 1384 2970 sequitur

307 2971 399 3011 quod
421 2973 517 3003 nobis
539 2974 580 3004 sit
601 2979 690 3004 nota.
716 2973 821 3004 Immo
835 2975 982 3014 sequitur
996 2973 1097 3015 quod,
1113 2974 1190 3015 quia
1213 2979 1260 3004 est
1275 2974 1384 3015 aliqua

305 3016 377 3047 talis
405 3018 604 3057 propositio,
632 3018 814 3049 secundum
842 3024 991 3050 naturam
1020 3027 1114 3049 suam
1143 3027 1202 3058 per
1230 3027 1264 3049 se
1293 3024 1383 3055 nota,

307 3061 401 3095 cuius
424 3067 603 3103 conceptus
619 3072 653 3093 se
675 3067 823 3094 tenentes
841 3072 880 3094 ex
902 3069 992 3104 parte
1014 3063 1062 3094 rei
1084 3072 1103 3093 a
1124 3063 1220 3094 nobis
1242 3072 1312 3094 non
1326 3063 1384 3094 ha-

306 3106 434 3143 bentur,
458 3106 534 3138 ideo
558 3112 606 3137 est
629 3106 810 3138 secundum
833 3117 868 3138 se
890 3112 969 3138 nota
986 3117 1056 3138 non
1080 3112 1190 3138 autem
1212 3107 1318 3139 nobis.
1342 3108 1384 3139 Et

307 3150 425 3192 aliqua,
448 3156 486 3182 ut
508 3152 615 3192 inquit
629 3152 774 3188 Boetius,
790 3152 825 3182 in
839 3151 922 3182 libro
941 3151 981 3182 de
994 3151 1100 3183 Hebd.
1112 3152 1140 3188 ⁴,
1157 3161 1241 3192 quae
1257 3152 1384 3193 sapien-

305 3195 392 3226 tibus
415 3201 491 3227 sunt
513 3205 572 3237 per
594 3206 629 3227 se
651 3201 740 3233 nota,
765 3197 823 3237 qui
845 3196 1059 3227 terminorum
1081 3196 1241 3228 rationem
1266 3197 1384 3228 intelli-

283 3245 288 3254 *
306 3245 399 3281 gunt,
421 3241 522 3282 vulgo
537 3249 607 3272 non
629 3246 705 3272 sunt
719 3250 778 3282 per
801 3250 835 3272 se
854 3246 943 3277 nota,
959 3246 996 3272 ut
1019 3241 1234 3281 incorporalia
1252 3241 1287 3272 in
1305 3242 1383 3273 loco

306 3294 376 3316 non
399 3294 479 3317 esse.

362 3329 416 3361 Ad
430 3330 613 3362 Aureolum
628 3329 766 3361 dicimus
781 3329 882 3371 quod,
899 3339 976 3360 cum
992 3329 1130 3361 dicimus
1154 3329 1291 3361 eandem
1306 3340 1383 3372 pro-

306 3375 506 3416 positionem
522 3384 590 3412 esse
606 3375 794 3415 simpliciter
807 3380 920 3405 notam
936 3383 994 3415 per
1010 3383 1055 3411 se,
1070 3374 1165 3405 nobis
1189 3380 1298 3406 autem
1313 3385 1383 3407 non

306 3429 365 3461 per
388 3429 422 3450 se
444 3425 568 3456 notam,
585 3420 612 3450 si
631 3418 807 3450 referamus
831 3419 871 3450 ad
895 3428 952 3450 eos
968 3419 1025 3459 qui
1048 3418 1140 3450 nullo
1156 3418 1259 3450 modo
1273 3421 1383 3451 termi-

306 3473 427 3495 norum
450 3463 627 3505 significata
657 3464 852 3504 intelligunt,
881 3464 964 3494 sicut
988 3472 1064 3494 cum
1089 3462 1233 3494 Graecus
1257 3463 1297 3495 ad
1320 3465 1383 3495 La-

307 3510 413 3539 tinum
435 3509 592 3550 loquitur,
606 3514 687 3539 tunc
711 3509 868 3549 accipitur
882 3508 996 3539 eadem
1019 3508 1202 3548 propositio
1227 3513 1259 3539 et
1281 3514 1382 3540 mate-

306 3553 423 3584 rialiter
447 3558 478 3584 et
501 3553 692 3584 formaliter:
718 3553 795 3593 quia
809 3553 879 3593 ipsa
894 3552 1076 3584 secundum
1099 3562 1134 3583 se
1156 3558 1235 3583 nota
1251 3559 1309 3590 est,
1325 3553 1382 3584 sed

307 3598 346 3628 ab
361 3598 428 3628 istis
442 3607 512 3629 non
527 3597 751 3638 intelliguntur
765 3598 906 3628 termini.
931 3597 964 3628 Si
980 3603 1089 3628 autem
1105 3596 1145 3628 ad
1167 3597 1382 3638 intelligentes

307 3642 417 3683 aliquo
440 3641 542 3673 modo
566 3642 722 3673 terminos
745 3641 909 3678 referatur,
927 3641 1043 3672 dicitur
1063 3641 1175 3672 eadem
1199 3642 1381 3683 propositio

2446 284 2493 321 27

1426 346 1640 383 materialiter,
1657 347 1778 377 scilicet
1801 354 1959 387 quantum
1975 349 2015 379 ad
2029 359 2145 381 vocem
2161 357 2193 382 et
2205 361 2274 382 rem
2295 352 2441 384 ultimate
2455 355 2496 385 si-

1427 388 1625 428 gnificatam;
1649 399 1718 420 non
1740 397 1850 422 autem
1873 391 2047 424 formaliter
2071 401 2228 434 quantum
2243 396 2284 426 ad
2299 403 2496 438 conceptum

1427 433 1648 472 importatum.
1665 434 1752 465 Cum
1767 444 1843 474 ergo
1858 436 2039 467 intellectus
2053 439 2194 479 concipit
2218 446 2249 471 et
2268 441 2379 482 aliquo
2394 443 2495 474 modo

1427 476 1576 516 intelligit
1590 478 1850 517 propositionem
1864 488 1922 518 per
1936 489 1969 510 se
1984 482 2169 521 simpliciter
2182 490 2293 515 notam
2307 495 2375 516 non
2387 493 2496 518 autem

1428 521 1499 556 sibi,
1523 520 1642 551 format
1665 521 1745 551 alios
1768 529 1946 562 conceptus
1962 534 1981 554 a
2004 528 2214 566 conceptibus
2238 530 2354 568 quibus
2379 537 2425 561 est
2448 541 2496 562 se-

1429 564 1574 595 cundum
1597 574 1631 595 se
1654 571 1742 595 nota.
1767 566 1809 596 Et
1823 566 1898 597 ideo
1913 568 1973 598 alia
1997 574 2043 599 est
2066 572 2244 610 propositio
2268 573 2443 606 formaliter
2456 577 2496 606 ab

1429 617 1467 638 ea
1491 617 1574 648 quae
1598 609 1785 649 simpliciter
1808 616 1856 640 est
1882 620 1940 651 per
1962 621 1996 642 se
2025 619 2117 643 nota:
2142 615 2198 645 sed
2225 619 2426 650 materialiter
2449 626 2497 651 est

1430 651 1553 688 eadem,
1569 658 1636 683 tam
1659 662 1698 684 ex
1712 659 1802 693 parte
1824 655 1871 684 rei
1886 655 2080 694 significatae
2103 667 2201 698 quam
2225 669 2262 690 ex
2285 668 2374 701 parte
2396 665 2496 695 vocis.

1482 696 1565 727 VIII.
1591 697 1659 727 Istis
1675 699 1855 737 praemissis
1867 700 1894 735 *,
1919 699 1962 729 ad
1979 701 2122 739 primam
2147 703 2305 735 rationem
2321 707 2353 736 in
2369 717 2497 747 praece·

1430 740 1518 771 denti
1535 742 1639 781 capite
1663 741 1780 772 factam
1802 743 1978 783 respondet
2001 744 2171 785 dupliciter
2194 747 2328 779 Sanctus
2343 750 2496 783 Thomas.

1429 784 1549 822 Primo,
1566 785 1657 825 quod
1679 795 1749 816 non
1764 788 1916 818 omnibus
1930 793 2048 819 notum
2064 795 2120 826 est,
2138 791 2233 822 etiarn
2249 794 2498 827 concedentibus

1430 829 1538 860 Deum
1555 839 1634 866 esse,
1659 829 1750 870 quod
1765 830 1854 861 Deus
1877 833 1917 862 sit
1933 841 2001 872 quo
2025 834 2129 864 maius
2145 836 2277 875 cogitari
2299 847 2367 868 non
2383 846 2497 879 potest.

1430 873 1499 904 Nec
1522 874 1587 904 hoc
1611 884 1650 905 ex
1677 875 1870 906 Damasceni
1898 877 2215 917 interpretationibus
2242 881 2375 922 intelligi
2398 883 2499 915 datur.

1487 917 1639 949 Secundo
1664 920 1750 959 quia,
1767 920 1863 951 etiam
1886 921 1943 951 illo
1967 921 2054 958 dato,
2073 932 2141 953 non
2165 929 2212 954 est
2234 934 2365 956 necesse
2380 928 2500 968 aliquid

1431 971 1500 993 esse
1517 972 1584 1003 quo
1600 964 1705 994 maius
1717 964 1850 1004 cogitari
1865 974 1934 995 non
1946 966 2058 1006 possit,
2073 967 2106 997 in
2118 977 2225 998 rerum
2237 975 2358 1001 natura.
2375 972 2501 1003 Eodem

1432 1007 1520 1037 enim
1547 1007 1649 1038 modo
1678 1018 1809 1039 necesse
1833 1015 1879 1039 est
1902 1011 1983 1050 poni
2010 1020 2089 1047 rem,
2115 1017 2146 1042 et
2168 1014 2310 1044 nominis
2333 1016 2500 1047 rationem.

1431 1051 1501 1082 Nec
1524 1053 1670 1092 sequitur
1692 1053 1753 1083 nisi
1777 1053 1868 1093 quod
1890 1054 1980 1085 Deus
2002 1055 2043 1085 sit
2065 1056 2098 1086 in
2121 1056 2298 1088 intellectu.

1487 1096 1540 1127 Ad
1563 1097 1660 1127 huius
1684 1103 1792 1128 autem
1807 1099 2080 1139 improbationem
2105 1099 2220 1131 dicitur
2244 1103 2333 1142 quod
2348 1103 2502 1135 inconve-

1431 1141 1525 1171 niens
1551 1151 1621 1171 non
1648 1147 1705 1178 est,
1733 1142 1880 1182 quolibet
1904 1143 1979 1174 dato
2003 1145 2054 1175 vel
2085 1145 2118 1175 in
2143 1155 2179 1175 re
2202 1147 2252 1176 vel
2279 1147 2311 1177 in
2340 1148 2501 1179 intellectu

1432 1185 1556 1226 aliquid
1578 1187 1684 1216 maius
1700 1188 1832 1227 cogitari
1854 1197 1961 1228 posse,
1977 1189 2039 1219 nisi
2062 1190 2092 1219 ei
2115 1190 2172 1230 qui
2188 1191 2336 1222 concedit
2360 1201 2427 1223 esse
2447 1194 2502 1224 ali-

1433 1229 1514 1270 quid
1537 1239 1605 1271 quo
1627 1232 1732 1262 maius
1755 1232 1889 1272 cogitari
1911 1242 1980 1263 non
2003 1234 2104 1273 possit
2128 1235 2160 1265 in
2185 1244 2296 1266 rerum
2320 1242 2448 1268 natura.

1491 1284 1521 1306 2.
1546 1274 1641 1306 Circa
1668 1276 1845 1306 secundam
1872 1278 2128 1317 responsionem,
2157 1288 2221 1320 qua
2244 1280 2421 1312 admittitur
2443 1292 2503 1313 no-

1433 1320 1522 1351 mine
1549 1320 1614 1351 Dei
1642 1320 1814 1361 significari
1841 1321 1874 1352 id
1902 1331 1969 1362 quo
1996 1323 2101 1353 maius
2131 1325 2263 1364 cogitari
2290 1336 2358 1357 non
2386 1332 2502 1367 potest,

1433 1370 1570 1405 negatur
1594 1370 1704 1396 tamen
1729 1366 1793 1396 tale
1816 1365 1895 1406 quid
1923 1372 2072 1407 oportere
2099 1377 2167 1399 esse
2189 1370 2223 1399 in
2247 1379 2353 1401 rerum
2379 1378 2502 1408 natura,

1434 1408 1574 1446 adverte,
1601 1410 1686 1441 circa
1708 1410 1797 1441 illam
1818 1412 2089 1451 propositionem,
2114 1413 2236 1443 Eodem
2257 1416 2352 1446 modo
2378 1426 2504 1447 necesse

1434 1459 1482 1484 est
1490 1454 1575 1495 poni
1591 1464 1659 1485 rem
1675 1460 1707 1486 et
1721 1456 1863 1487 nominis
1879 1457 2050 1492 rationem,
2062 1456 2153 1496 quod
2169 1457 2286 1498 duplex
2302 1466 2348 1491 est
2363 1462 2504 1491 nominis

1434 1499 1532 1529 ratio:
1547 1499 1711 1541 formalis
1735 1501 1865 1537 scilicet,
1891 1506 1923 1531 et
1946 1501 2153 1532 obiectivalis.
2178 1502 2334 1534 Formalis
2357 1511 2403 1535 est
2426 1515 2504 1536 con-

1435 1549 1549 1584 ceptus
1561 1553 1661 1584 quem
1677 1545 1711 1575 in
1726 1546 1834 1585 seipso
1851 1545 1969 1577 format
1983 1546 2179 1577 intellectus:
2200 1548 2395 1579 obiectivalis
2411 1555 2457 1580 est
2472 1549 2505 1580 id

1436 1587 1527 1628 quod
1543 1597 1582 1619 ex
1597 1594 1687 1629 parte
1702 1590 1749 1620 rei
1765 1591 1940 1630 conceptui
1958 1590 2140 1622 intellectus
2156 1593 2394 1633 correspondet.
2411 1594 2504 1624 Ratio

1435 1638 1546 1664 autem
1568 1632 1712 1664 formalis
1735 1633 1852 1665 dicitur
1874 1635 1955 1675 poni
1975 1635 2008 1666 in
2024 1644 2068 1672 re,
2085 1635 2217 1675 quando
2240 1637 2274 1667 in
2297 1646 2330 1667 re
2353 1638 2412 1668 sibi
2436 1647 2506 1669 cor-

1435 1677 1612 1718 respondet
1627 1678 1735 1719 aliqua
1750 1680 1831 1710 ratio
1856 1679 2064 1716 obiectivalis,
2081 1689 2165 1721 quae
2184 1686 2231 1711 est
2246 1690 2296 1711 res
2314 1691 2371 1721 per
2385 1692 2507 1713 nomen

1436 1721 1624 1763 significata.
1648 1723 1833 1764 Propositio
1850 1733 1927 1764 ergo
1943 1724 2023 1755 haec
2045 1724 2252 1765 intelligenda
2268 1731 2315 1756 est
2330 1726 2370 1756 de
2385 1728 2508 1757 ratione

1436 1765 1575 1798 formali.
1599 1767 1686 1806 Quia
1702 1769 1801 1805 enim,
1817 1774 1855 1799 ut
1878 1768 2001 1800 dictum
2025 1774 2073 1799 est
2084 1770 2112 1806 *,
2129 1768 2275 1800 definitio
2293 1775 2324 1800 et
2340 1770 2508 1802 definitum

1436 1811 1641 1843 materialiter
1664 1821 1703 1843 ex
1725 1818 1816 1853 parte
1838 1813 1885 1843 rei
1908 1819 1984 1844 sunt
2006 1813 2104 1850 idem,
2128 1815 2155 1844 si
2178 1823 2228 1845 res
2254 1814 2430 1854 significata
2452 1825 2509 1856 per

1436 1865 1560 1887 nomen
1578 1858 1712 1897 ponitur
1726 1858 1761 1888 in
1776 1867 1821 1894 re,
1837 1867 1970 1889 necesse
1986 1863 2034 1889 est
2049 1863 2081 1889 et
2098 1859 2257 1889 rationem
2273 1860 2414 1890 nominis
2430 1861 2509 1900 poni

1436 1901 1470 1931 in
1493 1910 1538 1937 re,
1561 1900 1595 1932 id
1618 1907 1676 1938 est,
1700 1902 1817 1933 rationi
1839 1903 1983 1933 nominis
2010 1902 2132 1943 aliquid
2159 1904 2296 1934 existens
2318 1904 2352 1934 in
2378 1914 2412 1935 re
2439 1914 2509 1935 cor-

1437 1945 1651 1986 respondere:
1675 1955 1752 1978 cum
1768 1946 1855 1978 idem
1870 1946 2070 1987 significetur
2085 1957 2124 1978 ex
2139 1953 2230 1988 parte
2245 1949 2291 1979 rei
2307 1957 2364 1988 per
2387 1958 2509 1980 nomen

1437 1996 1470 2021 et
1491 1999 1550 2031 per
1572 1991 1716 2022 nominis
1739 1990 1975 2028 definitionem,
1991 1992 2066 2023 licet
2087 2001 2147 2032 per
2169 2001 2291 2023 nomen
2315 1993 2511 2033 significetur

1437 2034 1585 2072 confuse,
1609 2044 1668 2076 per
1689 2036 1850 2066 rationem
1877 2041 1986 2067 autem
2008 2038 2152 2068 nominis
2176 2035 2376 2069 definitivam
2392 2038 2510 2078 signifi-

1438 2085 1528 2110 cetur
1551 2079 1710 2111 distincte.
1734 2079 1862 2111 Eodem
1886 2081 1974 2111 enim
1997 2081 2099 2112 modo
2123 2091 2254 2112 necesse
2279 2087 2326 2112 est
2349 2083 2429 2123 poni
2451 2083 2510 2113 ho-

1436 2124 1560 2155 minem
1590 2130 1621 2155 et
1651 2124 1777 2155 animal
1801 2125 1983 2156 rationale:
2004 2135 2081 2156 nam
2105 2126 2131 2156 si
2158 2126 2260 2157 homo
2285 2127 2324 2157 sit
2347 2127 2380 2157 in
2404 2137 2510 2158 rerum

1436 2174 1561 2205 natura,
1586 2169 1705 2200 animal
1734 2170 1890 2200 rationale
1920 2170 1954 2200 in
1981 2179 2090 2201 rerum
2116 2176 2230 2201 natura
2253 2171 2329 2207 erit;
2353 2172 2379 2201 si
2403 2178 2510 2202 autem

1437 2214 1471 2244 in
1498 2213 1664 2244 intellectu
1691 2219 1818 2245 tantum
1848 2213 1943 2244 fuerit
1966 2214 2080 2252 homo,
2105 2221 2136 2245 et
2160 2215 2277 2246 animal
2300 2216 2454 2247 rationale
2477 2218 2510 2247 in

1437 2258 1603 2289 intellectu
1620 2259 1688 2289 erit.
1709 2258 1757 2289 Ex
1773 2259 1837 2289 hoc
1853 2264 1963 2289 autem
1980 2259 2071 2299 quod
2085 2265 2195 2290 mente
2216 2260 2398 2300 concipitur
2421 2261 2510 2301 quod

1438 2303 1503 2334 hoc
1525 2303 1661 2334 nomine
1684 2303 1774 2334 Deus
1797 2302 1970 2344 profertur,
1986 2313 2055 2334 non
2072 2304 2217 2344 sequitur
2240 2304 2347 2335 Deum
2367 2315 2435 2335 esse
2450 2306 2510 2336 nisi

1437 2348 1471 2378 in
1491 2347 1675 2378 intellectu:
1700 2348 1784 2379 sicut
1807 2357 1845 2378 ex
1860 2348 1930 2379 hoc·
1942 2347 2033 2389 quod
2049 2349 2231 2389 concipitur
2246 2349 2336 2389 quod
2350 2349 2510 2390 profertur

1437 2393 1502 2423 hoc
1529 2393 1665 2423 nomine
1689 2402 1838 2428 vacuum,
1862 2402 1931 2423 non
1955 2393 2101 2434 sequitur
2123 2403 2263 2424 vacuum
2295 2403 2363 2424 esse
2393 2395 2453 2424 nisi
2476 2396 2509 2425 in

1437 2436 1613 2468 intellectu.
1645 2437 1740 2468 Unde
1770 2446 1839 2468 non
1871 2442 2000 2477 oportet
2025 2442 2158 2478 propter
2183 2438 2371 2469 huiusmodi
2393 2447 2509 2470 conce-

1437 2483 1586 2523 ptionem
1618 2491 1687 2512 esse
1710 2481 1742 2512 id
1766 2491 1834 2522 quo
1864 2483 1969 2513 maius
2000 2482 2132 2522 cogitari
2160 2492 2229 2513 non
2252 2488 2368 2523 potest,
2393 2483 2452 2513 nisi
2475 2483 2508 2513 in

1437 2527 1614 2558 intellectu.

1494 2571 1582 2602 Cum
1605 2576 1715 2602 autem
1738 2571 1886 2602 instatur:
1912 2570 2012 2608 Quod
2036 2576 2083 2602 est
2105 2571 2139 2601 in
2162 2571 2326 2601 intellectu
2350 2576 2381 2602 et
2403 2572 2436 2601 in
2460 2581 2507 2602 re-

1437 2625 1511 2647 rum
1533 2621 1658 2652 natura,
1683 2615 1788 2646 maius
1813 2620 1860 2646 est
1884 2624 1924 2645 eo
1946 2615 2036 2655 quod
2059 2620 2106 2646 est
2128 2616 2162 2645 in
2184 2615 2349 2646 intellectu
2371 2620 2505 2646 tantum.

1438 2660 1503 2692 Sed
1525 2660 1598 2691 Deo
1621 2660 1702 2691 nihil
1725 2665 1773 2690 est
1795 2660 1917 2690 maius:
1941 2665 1978 2690 ut
2001 2668 2039 2690 ex
2061 2659 2203 2690 nominis
2225 2660 2348 2690 ratione
2372 2665 2505 2690 constat.

1438 2705 1526 2746 Ergo
1549 2714 1588 2735 ex
1612 2705 1682 2745 ipsa
1703 2704 1846 2735 nominis
1861 2704 1985 2735 ratione
2001 2709 2125 2734 constat
2140 2703 2247 2734 Deum
2271 2713 2339 2734 esse
2362 2704 2457 2734 etiam
2472 2704 2506 2734 in

1437 2758 1546 2781 rerum
1565 2754 1689 2786 natura,
1706 2754 1738 2780 et
1753 2758 1822 2780 non
1847 2748 1954 2779 solum
1976 2749 2011 2780 in
2033 2748 2213 2778 intellectu:
2237 2766 2260 2770 -
2282 2747 2397 2778 dicitur
2416 2748 2506 2788 quod

1437 2794 1546 2825 minor
1556 2794 1740 2835 propositio
1755 2803 1824 2824 non
1841 2798 1888 2824 est
1899 2803 1973 2823 vera
1987 2793 2048 2823 nisi
2064 2792 2232 2832 supposito
2246 2791 2335 2832 quod
2349 2793 2383 2829 in
2398 2801 2505 2823 rerum

1437 2844 1551 2870 natura
1567 2839 1606 2870 sit
1621 2838 1721 2875 Deus,
1739 2843 1794 2869 aut
1809 2837 1930 2878 aliquid
1950 2846 2016 2877 quo
2039 2837 2142 2868 maius
2159 2837 2290 2877 cogitari
2312 2846 2379 2867 non
2393 2837 2504 2876 possit.

1438 2883 1495 2915 Ille
1523 2883 1612 2914 enim
1640 2883 1698 2924 qui
1728 2887 1858 2923 negaret
1888 2882 1996 2912 Deum
2027 2891 2105 2917 esse,
2130 2881 2195 2911 sive
2224 2890 2292 2911 esse
2321 2879 2441 2921 aliquid
2470 2881 2504 2911 in

1437 2937 1546 2959 rerum
1568 2932 1683 2958 natura
1699 2936 1766 2967 quo
1783 2927 1887 2957 maius
1911 2926 2042 2967 cogitari
2061 2934 2130 2956 non
2148 2926 2258 2966 possit,
2275 2924 2393 2956 diceret
2415 2924 2504 2965 quod

1438 2973 1511 3004 Deo
1527 2972 1650 3013 aliquid
1671 2972 1776 3002 maius
1792 2981 1861 3002 esse
1876 2976 1993 3011 potest,
2010 2970 2130 3001 scilicet
2151 2969 2230 3000 illud
2246 2969 2336 3010 quod
2350 2969 2383 2999 in
2398 2978 2504 3000 rerum

1437 3023 1552 3049 natura
1575 3022 1631 3048 est.
1656 3016 1698 3047 Et
1721 3025 1797 3047 cum
1824 3016 1978 3056 probatur
2002 3024 2040 3045 ex
2067 3015 2207 3045 nominis
2234 3014 2366 3050 ratione,
2391 3013 2505 3044 dicitur

1439 3061 1538 3103 quod,
1554 3062 1630 3092 licet
1645 3061 1707 3092 Dei
1730 3061 1863 3091 nomine
1879 3059 2075 3100 significetur
2091 3068 2157 3099 quo
2172 3059 2276 3089 maius
2292 3058 2422 3098 cogitari
2437 3067 2503 3088 non

1437 3111 1555 3148 potest,
1579 3105 1660 3136 illud
1682 3111 1791 3136 tamen
1814 3105 1848 3136 in
1870 3114 1978 3135 rerum
2001 3109 2113 3134 natura
2135 3112 2203 3133 non
2227 3107 2282 3133 est.

1494 3150 1558 3182 Sed
1582 3149 1824 3185 advertendum,
1849 3167 1872 3172 -
1896 3149 2052 3189 quoniam
2074 3148 2178 3187 inquit
2203 3146 2337 3177 Sanctus
2360 3145 2503 3175 Thomas

1438 3195 1530 3236 quod
1553 3195 1700 3235 quolibet
1723 3193 1798 3224 dato
1821 3194 1856 3224 in
1878 3203 1912 3223 re
1935 3192 1986 3223 vel
2009 3192 2043 3222 in
2066 3191 2230 3221 intellectu
2253 3191 2355 3220 maius
2382 3188 2504 3229 aliquid

1437 3249 1535 3281 posse
1559 3239 1692 3280 cogitari
1717 3248 1786 3269 non
1810 3243 1857 3268 est
1878 3236 2110 3268 inconveniens
2133 3235 2194 3265 nisi
2218 3235 2247 3264 ei
2271 3234 2327 3274 qui
2355 3232 2504 3264 concedit

1438 3294 1507 3316 esse
1531 3283 1653 3324 aliquid
1676 3293 1743 3324 quo
1767 3283 1870 3313 maius
1894 3281 2026 3321 cogitari
2048 3289 2116 3310 non
2139 3279 2239 3319 possit
2261 3279 2295 3308 in
2318 3286 2425 3308 rerum
2447 3286 2504 3307 na-

1437 3335 1518 3366 tura,
1531 3347 1554 3352 -
1570 3327 1670 3370 quod,
1687 3328 1714 3358 si
1728 3337 1798 3358 non
1813 3325 2008 3357 concedatur
2023 3323 2236 3364 significatum
2251 3322 2346 3353 huius
2361 3322 2504 3352 nominis

1436 3374 1527 3405 Deus
1550 3374 1584 3404 in
1607 3382 1715 3403 rerum
1743 3377 1858 3402 natura
1888 3379 1966 3405 esse,
1990 3368 2069 3399 illud
2099 3372 2146 3398 est
2174 3366 2254 3398 nihil
2284 3366 2445 3397 entitative
2472 3371 2504 3396 et

1436 3418 1571 3454 realiter,
1588 3417 1663 3448 licet
1679 3417 1718 3447 sit
1733 3414 1856 3456 aliquid
1871 3415 1904 3445 in
1921 3423 1988 3444 esse
2005 3412 2162 3452 cogitato:
2187 3411 2270 3441 sicut
2285 3415 2332 3441 est
2348 3409 2388 3440 de
2407 3410 2503 3450 signi-

1437 3462 1534 3494 ficato
1562 3462 1658 3492 huius
1688 3460 1830 3491 nominis
1853 3467 2000 3490 vacuum.
2032 3456 2108 3486 Ideo
2131 3464 2199 3486 non
2221 3455 2409 3486 inconvenit
2430 3455 2502 3494 ipso

1436 3508 1541 3538 maius
1564 3504 1685 3546 aliquid
1708 3504 1858 3544 cogitari:
1883 3503 1958 3542 quia
1982 3499 2213 3541 quodcumque
2244 3508 2300 3529 ens
2329 3498 2423 3534 reale,
2447 3498 2503 3528 ha-

1437 3553 1516 3583 bens
1540 3552 1573 3582 in
1597 3555 1710 3581 natura
1725 3558 1804 3583 esse,
1821 3548 1987 3587 cogitetur,
2004 3543 2083 3575 illud
2107 3544 2164 3574 erit
2188 3543 2315 3583 dignius
2336 3548 2367 3573 et
2381 3543 2501 3573 maius:

1437 3598 1520 3628 sicut
1537 3605 1599 3628 ens
1621 3600 1668 3625 est
1686 3603 1755 3624 non
1771 3597 1844 3623 ente
1859 3590 2009 3622 nobilius.
2033 3588 2127 3619 Unde
2143 3587 2223 3618 illud
2239 3597 2295 3618 ens
2314 3587 2408 3623 reale,
2425 3592 2502 3627 puta

1436 3642 1549 3676 homo,
1575 3644 1621 3670 est
1644 3637 1784 3669 nobilius
1808 3634 1976 3675 cogitabile
1999 3633 2082 3669 Deo,
2102 3632 2271 3672 supposito
2295 3630 2385 3671 quod
2408 3631 2503 3661 huius

2525 708 2533 716 ·
2550 707 2585 729 Cf.
2598 707 2648 729 init.
2665 708 2737 730 Com-

2526 737 2595 755 ment.

2535 1769 2544 1778 ‘
2559 1768 2630 1790 Num.
2641 1775 2665 1790 v.
