2768 4134
21 1085 34 1095 '
55 1082 108 1106 1²01.
131 1083 146 1106 ⁶
169 1083 237 1112 (Ven.

0 1119 3 1127 ·
21 1109 95 1140 0⁴97).

0 1899 234 1963 hamt„

0 2173 9 2337 »mmmm—v—
0 2143 6 2167 ..—
0 2017 10 2138 ww-

0 2593 11 2832 —a--vu-W
0 2521 9 2592 ωτι-’,ι
0 2494 7 2510 φ,
0 2446 2 2459 Α-
0 2347 8 2437 ῐ..,,.,,,,-

9 2946 18 2967 .·
30 2958 161 2985 'Al-ma,
175 2963 244 2986 quae-

15 2985 74 3008 ¹dto
87 2984 202 3008 mdo.

19 3621 166 3678 ’ἔκρῖιιέἔὲ
182 3629 246 3671 ,ῗῑηζ

36 3681 68 3698 lv.

645 284 832 322 SUMMA
863 285 1086 323 CONTRA
1114 286 1388 333 GENTILES,
1418 287 1512 324 LIB.
1534 288 1574 333 ΙΙ,
1606 288 1716 325 CAP.
1738 289 1892 334 LXXX,
1921 289 2092 326 LXXXI.

269 375 369 410 quam
392 374 480 396 nunc
504 365 553 401 sit,
577 373 674 405 posse
698 374 755 405 per
786 364 928 396 divinam
957 366 1139 406 potentiam
1163 375 1242 403 esse,
1266 367 1341 398 licet

268 421 330 442 nos
353 411 445 442 illurn
469 408 618 440 ordinem
641 418 839 450 cognoscere
863 409 1011 453 distincte
1035 420 1246 451 nequeamus
1271 411 1340 442 Nec

269 460 399 497 oportet
423 454 463 485 de
486 455 549 485 isto
573 452 687 484 ordine
710 453 886 485 sollicitum
910 460 993 485 esset
1017 455 1166 495 quisnam
1190 461 1283 487 esset.

326 510 356 531 2.
381 500 494 530 Posset
508 497 654 529 secundo
671 497 734 529 dici
757 498 857 538 quod,
881 498 1062 530 secundum
1078 499 1232 531 Sanctum
1249 500 1340 530 Tho-

267 554 366 582 mam,
383 545 458 575 licet
469 542 613 574 mundus
628 548 787 583 quantum
803 543 843 574 ad
859 543 967 584 aliqua
982 545 1085 584 possit
1096 554 1165 575 esse
1181 550 1339 581 aetemus‚

267 599 335 621 non
351 595 460 620 tamen
477 593 636 628 quantum
652 586 692 617 ad
715 588 888 618 hominurn
907 589 1161 628 generationem.
1181 589 1276 620 Unde
1299 588 1340 620 de

267 635 328 666 hac
344 633 531 665 difficultate
546 632 611 662 hoc
635 631 710 662 loco
727 641 761 663 se
778 633 916 673 explicat
931 632 1070 663 dicendo
1091 633 1182 674 quod
1197 633 1340 664 mundus

266 689 336 710 non
353 683 401 709 est
423 683 582 708 aeternus.
599 675 641 706 Et
663 676 770 707 Prima
785 677 888 713 Parte,
913 686 944 718 q.
961 687 1044 714 var,
1063 687 1091 708 a.
1110 687 1140 714 2,
1157 677 1197 708 ad
1221 678 1251 715 8,
1276 678 1340 709 sol-

266 733 345 754 vens
361 723 444 753 hanc
460 722 620 752 rationem
638 721 834 761 inquantum
850 721 976 752 videtur
990 722 1103 752 tollere
1120 723 1340 753 aeternitatem

265 766 392 803 mundi,
415 766 523 807 inquit
546 765 637 807 quod
659 766 739 796 haec
762 766 848 796 ratio
872 771 920 797 est
935 767 1162 807 particularis,
1184 766 1275 803 idest,
1299 766 1339 798 de

267 813 378 853 aliquo
394 816 521 842 tantum
537 810 720 852 particulari
737 810 903 842 concludit
915 810 1005 851 quod
1016 821 1086 842 non
1101 812 1142 842 sit
1157 817 1338 842 aeternum:

266 855 323 888 sed
345 857 410 887 hoc
433 865 501 886 non
525 861 683 896 repugnat
706 856 888 896 proposito,
911 856 945 886 in
970 865 1037 896 quo
1056 856 1244 897 quaerimus
1267 856 1339 886 uni-

266 901 439 933 versaliter
461 910 504 931 an
528 901 641 941 aliqua
671 905 826 931 creatura
847 900 960 941 suerit
988 901 1029 931 ab
1052 905 1209 931 aeterno:
1229 906 1342 942 posset

266 946 352 977 enim
375 945 495 986 aliquis
510 944 618 976 dicere
633 944 721 986 quod
736 945 876 975 mundus
881 945 957 987 suit
971 950 1134 981 aeternus,
1152 945 1204 975 vel
1226 945 1340 976 saltem

266 991 378 1032 aliqua
402 995 566 1024 creatura,
592 999 658 1020 non
685 995 793 1020 autem
816 989 924 1020 homo.
949 1007 971 1012 —
998 989 1113 1020 Dicere
1139 999 1218 1020 vero
1250 989 1341 1030 quod

265 1036 368 1066 homo
391 1036 529 1066 stetisset
550 1043 609 1075 per
630 1033 794 1064 infinitum
817 1039 947 1074 tempus
969 1039 1144 1074 antequam
1167 1035 1340 1074 genuisset,

265 1086 302 1112 ut
315 1080 392 1112 dicit
407 1079 535 1115 Scotus‚
551 1079 585 1109 in
598 1078 625 1108 11
641 1078 742 1115 Sent„
754 1078 784 1109 d.
799 1088 821 1115 1,
834 1088 866 1119 q.
881 1079 898 1109 3
907 1079 934 1114 *,
948 1077 988 1109 de
1001 1079 1102 1115 asino,
1119 1078 1252 1110 salvaret
1268 1079 1340 1119 qui·

265 1125 342 1156 dem
364 1124 534 1155 hominem
557 1123 596 1154 ab
620 1127 752 1153 aeterno
776 1122 884 1159 fuisse,
906 1122 963 1153 sed
985 1132 1053 1153 non
1081 1123 1216 1154 salvaret
1238 1129 1339 1154 aeter-

265 1179 340 1201 nam
363 1169 537 1200 hominum
560 1168 813 1208 generationem.

322 1214 352 1245 3.
377 1213 501 1245 Caveto
525 1218 634 1243 autem
657 1212 711 1242 hic
733 1221 775 1242 ne
798 1212 1046 1252 responsionem
1076 1212 1164 1242 illam
1192 1211 1339 1243 admittas

265 1259 427 1290 dicentem
452 1256 552 1298 quod,
567 1256 722 1287 omnibus
737 1256 799 1287 illis
814 1256 938 1296 positis,
954 1265 1023 1286 non
1039 1257 1184 1297 sequitur
1199 1257 1267 1287 dari
1290 1257 1339 1287 in-

264 1303 394 1335 finitum
417 1303 451 1333 in
475 1307 567 1338 actu;
592 1301 678 1341 quia,
702 1301 778 1331 licet
799 1310 867 1331 non
891 1300 984 1331 detur
1007 1301 1111 1341 prima
1133 1302 1240 1332 anima
1263 1310 1338 1341 pro-

263 1346 489 1385 ducta5'datur
510 1351 621 1377 tamen
636 1345 760 1381 ultima,
777 1345 830 1376 cui
853 1350 962 1385 potest
976 1343 1046 1375 fieri
1064 1345 1186 1376 additio
1203 1345 1337 1376 aliarum

264 1393 461 1428 animarum3
484 1389 613 1421 infinito
637 1395 745 1420 autem
769 1394 927 1430 repugnat
951 1389 1017 1420 dari
1041 1390 1183 1430 primum
1207 1395 1263 1421 aut
1290 1390 1339 1420 ul-

263 1438 392 1469 timum.
422 1436 508 1467 Nam
537 1436 618 1466 haec
645 1435 815 1475 responsio
844 1434 911 1464 vim
942 1435 1124 1474 argumenti
1150 1444 1218 1465 non
1243 1434 1336 1465 tollit.

264 1481 356 1513 Licet
379 1481 468 1512 enim
490 1480 531 1510 sit
554 1479 705 1510 devenire
734 1478 774 1509 ad
796 1478 944 1509 ultimam
969 1479 1109 1509 animam
1133 1479 1337 1519 productam,

262 1534 333 1558 non
354 1531 464 1556 tamen
488 1523 528 1554 ad
551 1524 690 1564 primam
717 1522 861 1553 deveniri
891 1523 1020 1563 poterit.
1044 1523 1087 1553 Et
1116 1524 1161 1553 sic
1185 1529 1339 1564 sequetur

264 1570 356 1612 quod
377 1570 438 1600 ista
463 1567 640 1599 multitudo
669 1567 728 1597 erit
751 1566 885 1607 quidem
912 1576 1023 1597 versus
1046 1576 1107 1597 nos
1134 1567 1234 1604 finita,
1261 1577 1337 1598 cum

262 1615 380 1646 habeat
402 1613 592 1644 terminum:
618 1611 674 1642 sed
702 1610 907 1641 ascendendo
931 1611 991 1641 erit
1017 1611 1151 1648 infinita,
1179 1612 1266 1652 quia,
1289 1612 1338 1642 in-

264 1657 416 1700 cipiendo
435 1657 475 1688 ab
498 1657 559 1687 hac
581 1656 705 1692 ultima,
726 1654 933 1686 ascendendo
957 1664 1127 1695 nunquam
1154 1657 1275 1696 poterit
1298 1655 1338 1686 ad

262 1703 402 1746 primam
429 1707 462 1732 et
489 1700 529 1732 ad
554 1700 730 1731 terminum
761 1700 932 1740 perveniri.
964 1699 1026 1730 Ista
1056 1705 1166 1730 autem
1197 1699 1338 1731 infinitas

262 1748 443 1779 animarum
460 1744 666 1776 ascendendo
681 1753 793 1775 versus
808 1744 1056 1785 producentem,
1078 1743 1196 1775 sufficit
1211 1744 1250 1775 ad
1274 1746 1338 1776 hoc

261 1797 300 1824 ut
321 1792 362 1823 sit
382 1789 560 1823 multitudo
577 1795 651 1820 actu
674 1788 809 1820 infinita.
826 1788 913 1827 Quia
935 1788 1178 1820 multitudinem
1203 1794 1276 1821 actu
1300 1789 1338 1820 fi-

261 1837 364 1869 nitam
386 1844 543 1867 vocamus
565 1835 655 1865 illam
682 1843 766 1875 quae
791 1839 839 1864 est
868 1833 1057 1874 simpliciter
1085 1834 1264 1871 terminata,
1295 1835 1338 1865 ita

262 1881 354 1924 quod
384 1885 432 1912 est
461 1881 495 1911 in
528 1879 637 1919 aliqua
663 1878 773 1919 specie
802 1883 986 1909 mensurata
1017 1883 1050 1908 et
1077 1877 1250 1909 certificata
1280 1888 1338 1919 per

261 1934 378 1962 unum,
395 1926 462 1955 sive
469 1924 570 1967 sacta
581 1925 609 1962 *,
627 1929 664 1954 ut
678 1923 843 1964 possimus
858 1922 966 1953 dicere
981 1921 1072 1962 quod
1090 1923 1171 1953 haec
1194 1929 1270 1954 sunt
1289 1928 1338 1953 tot

263 1975 296 2003 et
317 1979 387 2001 non
410 1969 529 2010 plures.
554 1968 629 1998 Hoc
645 1972 755 1998 autem
770 1976 839 1997 non
862 1972 971 2007 potest
993 1966 1194 1997 multitudini
1218 1977 1256 1998 ex
1271 1977 1337 1998 una

262 2020 353 2057 parte
372 2013 526 2050 infinitae,
543 2013 621 2048 sive,
637 2012 782 2052 inquam,
800 2021 818 2042 a
833 2016 923 2052 parte
939 2016 1013 2041 ante
1029 2011 1096 2041 sive
1112 2020 1130 2041 a
1146 2018 1235 2052 parte
1251 2017 1336 2052 post,

263 2059 449 2091 convenire.
473 2057 550 2089 Non
574 2057 672 2093 enim,
689 2056 795 2097 posita
818 2056 1004 2086 aeternitate
1027 2056 1183 2096 temporis
1207 2066 1224 2086 a
1247 2061 1337 2097 parte

263 2109 348 2141 ante,
372 2108 405 2134 et
426 2112 485 2144 per
507 2110 713 2141 consequens
737 2101 851 2142 positis
875 2110 893 2130 a
916 2105 1006 2141 parte
1029 2106 1104 2130 ante
1127 2099 1241 2132 diebus
1264 2100 1337 2131 infi-

262 2149 348 2186 nitis,
372 2155 548 2189 possumus
564 2145 671 2176 dicere
687 2145 778 2186 quod
794 2149 1036 2185 praecesserunt
1058 2150 1108 2174 tot
1130 2144 1198 2175 dies
1221 2151 1253 2176 et
1268 2155 1336 2176 non

263 2193 388 2235 plures:
412 2192 489 2223 licet
510 2201 529 2222 a
544 2196 634 2232 parte
657 2196 732 2231 post
747 2189 814 2220 dies
830 2190 893 2220 sint
917 2188 1008 2225 finiti,
1033 2195 1064 2219 et
1088 2189 1181 2220 detur
1203 2190 1337 2221 ultimus

263 2238 342 2270 dies.
366 2237 529 2271 Similiter,
554 2236 659 2276 posita
683 2235 851 2265 duratione
875 2234 1032 2274 temporis
1054 2239 1184 2264 aeterna
1207 2244 1225 2264 a
1248 2240 1337 2275 parte

263 2287 348 2325 post,
373 2287 405 2313 et
428 2285 668 2321 consequenter
684 2289 701 2310 a
724 2284 814 2320 parte
837 2284 912 2318 post
926 2277 1060 2309 infinitis
1075 2278 1190 2318 positis
1212 2278 1336 2316 diebus,

263 2336 331 2358 non
356 2335 532 2367 possumus
556 2324 662 2355 dicere
686 2323 783 2365 quod
807 2323 874 2353 dies
897 2322 998 2354 futuri
1025 2329 1101 2353 sunt
1130 2328 1179 2354 tot
1209 2329 1242 2354 et
1268 2333 1337 2354 non

263 2372 387 2413 plures:
408 2371 483 2401 licet
506 2379 524 2399 a
547 2374 637 2410 parte
661 2374 734 2399 ante
757 2368 821 2398 sint
836 2367 917 2398 finiti
941 2373 974 2398 et
996 2367 1090 2398 detur
1112 2368 1236 2408 primus
1259 2367 1337 2405 dies,

263 2415 452 2457 incipiendo
468 2425 486 2445 a
501 2413 553 2445 die
569 2413 739 2444 hodierno.
756 2412 812 2443 Illa
827 2421 905 2452 ergo
921 2412 1090 2452 responsio
1106 2421 1173 2442 non
1190 2412 1339 2444 evaderet

265 2461 345 2502 quin
369 2464 535 2501 oporteret
559 2458 623 2488 dari
647 2457 808 2488 infinitam
830 2457 1074 2488 multitudinem
1096 2457 1129 2487 in
1149 2462 1237 2487 actu:
1262 2458 1338 2498 quia

265 2506 319 2537 illa
342 2514 441 2546 quam
458 2502 537 2534 dicis
560 2503 719 2539 ultimam,
740 2511 808 2532 non
832 2507 879 2532 est
902 2501 1016 2532 ultima
1031 2510 1090 2541 per
1112 2501 1250 2532 modum
1273 2501 1338 2532 for-

265 2559 338 2581 mae
361 2548 528 2580 limitantis
552 2547 591 2578 ad
614 2546 860 2578 determinatam
883 2547 1026 2587 speciem
1050 2545 1278 2577 multitudinis.

321 2594 390 2625 VII.
409 2593 472 2624 Sed
488 2593 572 2623 circa
587 2591 750 2633 praedicta
766 2591 907 2622 occurrit
929 2590 1076 2622 dubium.
1099 2590 1236 2622 Videtur
1251 2591 1338 2622 enim

266 2640 300 2670 in
324 2638 495 2680 praedictis
518 2636 785 2677 responsionibus
800 2636 902 2666 teneri
926 2645 986 2676 pro
1005 2634 1100 2666 firmo
1125 2641 1156 2666 et
1179 2636 1339 2666 constanti

267 2683 427 2714 infinitam
450 2680 693 2713 multitudinem
716 2681 750 2711 in
774 2686 847 2710 actu
873 2679 938 2710 dari
962 2690 1030 2710 nou
1054 2688 1160 2720 posse,
1185 2681 1281 2711 etiam
1306 2680 1339 2710 in

268 2729 364 2759 rebus
379 2726 656 2758 immaterialibus.
673 2726 748 2756 Hoc
765 2730 874 2755 autem
890 2725 987 2755 habet
1003 2723 1223 2755 difficultatem
1239 2725 1273 2755 in
1289 2724 1340 2754 via

269 2773 378 2805 Sancti
401 2772 562 2803 Thomae.
593 2771 678 2801 Nam
705 2770 738 2800 in
761 2769 836 2807 QQ.
866 2769 972 2805 Ver-it„
994 2778 1026 2809 q.
1049 2778 1082 2805 n,
1106 2778 1133 2799 a.
1161 2777 1211 2805 10,
1235 2769 1340 2809 inquit

270 2816 371 2859 quod,
394 2817 424 2848 si
446 2825 515 2847 esse
541 2820 617 2845 actu
645 2819 806 2855 repugnet
828 2814 955 2855 infinito
978 2813 1154 2844 secundum
1180 2813 1340 2843 rationem

269 2871 373 2898 suam,
397 2861 489 2892 Deus
510 2860 573 2890 hoc
585 2859 707 2901 facere
730 2868 795 2888 non
814 2863 940 2898 potest:
962 2859 991 2888 si
1018 2863 1125 2888 autem
1156 2867 1222 2888 non
1246 2867 1340 2898 repu-

269 2912 358 2949 gnet,
377 2905 599 2947 potestDeus
613 2905 743 2946 facere.
769 2902 832 2934 Sed
847 2902 975 2933 videtur
997 2902 1079 2933 velle
1102 2902 1160 2933 XII
1179 2902 1340 2939 Quolibet,

271 2957 328 2983 art.
354 2951 372 2982 3
385 2952 413 2988 “,
433 2949 524 2991 quod
540 2958 610 2980 esse
625 2954 700 2979 actu
715 2957 782 2978 non
798 2953 957 2988 repugnet
972 2947 1115 2977 infinito:
1132 2947 1239 2987 inquit
1254 2947 1341 2977 enim

271 2995 392 3027 ibidem
415 2994 506 3035 quod
529 3003 599 3024 esse
613 2992 739 3034 aliquid
755 2992 916 3033 infinitum
933 2992 966 3022 in
991 2996 1065 3022 actu
1090 3001 1156 3022 non
1180 2996 1343 3033 repugnat

265 3040 435 3082 potentiae
449 3039 513 3070 Dei
528 3038 685 3074 absolute,
702 3037 780 3078 quia
797 3046 861 3066 non
883 3036 1027 3076 implicat
1041 3035 1341 3067 contradictionem.

271 3086 359 3126 Ergo
382 3089 489 3125 potest
511 3083 601 3114 Deus
624 3081 729 3113 facere
752 3080 877 3112 infinita
900 3081 933 3111 in
957 3086 1041 3111 actu.

326 3127 565 3170 Respondetur,
589 3137 627 3158 ex
654 3127 692 3157 iis
716 3135 800 3166 quae
826 3125 978 3156 dicuntur
1001 3125 1045 3156 IX
1071 3125 1232 3162 Quolibet,
1257 3135 1285 3156 a.
1315 3133 1341 3162 ι,

271 3173 363 3216 quod
374 3173 546 3214 dupliciter
560 3177 668 3213 potest
678 3170 813 3210 intelligi
827 3169 991 3200 infinitum
1004 3179 1072 3200 esse
1085 3170 1118 3200 in
1131 3175 1206 3200 actu
1217 3175 1343 3200 contra-

272 3219 449 3250 dictionem
473 3217 648 3258 implicare.
668 3216 744 3247 Uno
768 3214 880 3251 modo,
900 3215 943 3245 ita
967 3214 1057 3255 quod
1079 3214 1160 3244 ratio
1175 3214 1266 3256 sacti
1288 3215 1343 3245 ab·

272 3263 379 3295 solute
395 3263 436 3293 sit
451 3271 547 3293 causa
562 3261 653 3292 istius
669 3260 913 3301 implicationis:
931 3259 1007 3299 quia
1022 3258 1171 3289 videlicet
1187 3268 1255 3290 esse
1271 3259 1343 3301 infi-

274 3308 377 3339 nilum
404 3311 569 3349 repugnat
592 3306 691 3347 sacto
723 3305 914 3345 inquantum
948 3309 995 3334 est
1017 3304 1161 3345 factum,
1193 3305 1268 3344 quia
1297 3309 1344 3335 est

273 3358 386 3383 contra
401 3353 559 3383 rationem
581 3356 743 3381 creaturae
760 3348 849 3389 quod
866 3348 1054 3379 Creatorem
1066 3348 1234 3389 adaequet,
1251 3348 1344 3379 adae-

274 3402 388 3437 quaret
410 3402 519 3427 autem
535 3397 561 3427 si
578 3400 754 3436 poneretur
769 3393 893 3424 infinita
910 3394 942 3423 in
967 3398 1050 3423 actu.
1074 3392 1150 3423 Alio
1173 3392 1285 3429 modo,
1300 3393 1345 3423 ita

275 3441 366 3482 quod
381 3441 462 3472 ratio
480 3440 600 3482 infiniti
616 3441 656 3470 sit
680 3448 775 3470 causa
790 3439 887 3469 huius
902 3437 1146 3478 implicationis:
1164 3438 1240 3477 quia
1256 3436 1344 3468 vide-

274 3486 350 3517 licet
372 3486 448 3516 huic
463 3485 551 3526 quod
567 3490 614 3515 est
630 3484 791 3525 infinitum
809 3487 971 3524 repugnat
986 3491 1054 3512 esse
1073 3486 1158 3512 actu.
1175 3499 1198 3504 —
1213 3481 1246 3512 Si
1262 3482 1345 3512 acci-

275 3531 402 3571 piamus
426 3529 571 3561 seeundo
587 3529 701 3565 modo,
725 3529 770 3559 sic
787 3537 855 3558 esse
871 3533 943 3558 actu
960 3526 1085 3557 infinita
1108 3526 1252 3566 implicat
1267 3535 1347 3556 con-

273 3575 510 3611 tradictionem,
532 3579 564 3605 et
578 3584 646 3604 non
662 3578 770 3614 potest
785 3572 854 3603 fieri
874 3582 930 3612 per
942 3572 1122 3612 potentiam
1137 3570 1293 3601 divinam:
1312 3575 1347 3601 ut

2389 290 2465 338 509

1395 368 1443 399 Ex
1466 369 1530 399 hoc
1554 369 1641 399 enim
1658 368 1748 409 quod
1770 369 1903 409 ponitur
1918 369 2026 409 aliqua
2048 368 2223 400 multitudo
2248 371 2281 400 in
2305 375 2388 407 actu,
2406 380 2466 411 po-

1394 413 1481 443 nitur
1503 412 1594 453 quod
1618 413 1657 443 sit
1680 414 1714 443 in
1738 413 1845 453 aliqua
1861 414 1967 453 specie
1991 413 2221 451 multitudinis;
2247 419 2278 445 et
2305 424 2362 455 per
2386 424 2465 446 con-

1394 466 1533 497 sequens
1557 457 1691 497 ponitur
1713 456 1813 494 finita,
1838 458 1914 498 quia
1936 458 2026 488 nulla
2041 459 2164 498 species
2179 458 2394 490 multitudinis
2418 465 2465 491 est

1394 501 1534 532 infinita:
1560 507 1597 531 ut
1620 506 1667 531 est
1697 502 1844 542 superius
1859 503 1876 518 ⁴*
1901 501 2108 533 declaratum.
2128 500 2174 533 Et
2204 504 2249 534 sic
2276 509 2465 544 sequeretur

1393 545 1558 576 infinitum
1574 555 1642 576 non
1658 555 1726 576 esse
1742 545 1916 577 infinitum.
1932 563 1955 568 -
1971 546 2005 577 Si
2021 552 2129 577 autem
2145 548 2341 588 accipiamus
2357 549 2464 588 primo

1394 589 1506 627 modo,
1534 590 1579 620 sic
1610 599 1678 620 non
1709 590 1852 630 implicat
1882 590 2182 622 contradictionem.
2215 592 2291 622 Non
2316 593 2413 629 enim,
2438 594 2463 624 si

1394 640 1539 666 creatura
1562 639 1702 674 ponatur
1724 633 1850 664 infinita
1872 644 2010 665 numero
2033 641 2087 666 aut
2114 637 2301 676 quantitate,
2319 637 2464 677 sequitur

1394 679 1485 720 quod
1508 678 1667 719 adaequet
1689 678 1892 709 Creatorem:
1910 679 1986 719 quia
2008 689 2075 709 non
2101 686 2183 710 esset
2198 679 2322 711 infinita
2337 682 2399 712 nisi
2415 691 2463 713 se-

1394 723 1539 754 cundum
1557 722 1645 763 quid.
1662 723 1753 754 Patet
1768 728 1877 753 autem
1897 723 1981 754 hanc
2004 733 2073 754 esse
2089 730 2232 755 mentem
2248 725 2356 756 Sancti
2372 726 2463 757 Tho-

1394 778 1466 799 mae
1493 769 1527 798 in
1556 767 1709 804 Quolibet
1726 767 1779 804 lx,
1808 768 1884 808 quia
1906 768 2013 808 inquit
2036 768 2126 808 quod
2149 769 2239 799 Deus
2264 779 2333 800 non
2357 776 2464 810 potest

1395 813 1499 844 facere
1511 822 1568 843 ens
1583 818 1657 843 actu
1670 821 1739 843 esse
1754 811 1918 842 infinitum
1927 812 2012 843 sicut
2027 822 2092 842 non
2102 818 2211 852 potest
2216 814 2336 854 facere
2348 824 2462 855 equum

1395 858 1601 888 rationalem.
1626 857 1661 887 In
1686 856 1804 887 eodem
1827 861 1937 887 autem
1960 857 2035 887 loco
2052 856 2139 893 dicit,
2157 857 2247 898 quod
2271 867 2338 888 esse
2362 860 2463 890 ratio-

1395 902 1501 933 nalem
1527 911 1592 932 non
1610 906 1774 943 repugnat
1779 901 1878 943 sacto
1896 901 2087 942 inquantum
2107 906 2154 932 est
2167 902 2310 943 sactum,
2333 903 2390 934 sed
2413 914 2463 935 re-

1389 951 1522 989 pugnat
1544 955 1626 987 equo
1651 946 1841 987 inquantum
1866 955 1975 987 equus.

1450 991 1502 1022 Ad
1526 996 1753 1031 argumentum
1776 999 1853 1030 ergo
1870 990 1986 1021 dicitur
2002 989 2092 1031 quod
2109 989 2245 1021 Sanctus
2266 990 2411 1022 Thomas
2430 993 2462 1022 in

1394 1035 1468 1074 QQ.
1491 1035 1587 1066 Verit.
1605 1035 1675 1065 vult
1690 1034 1790 1075 quod,
1807 1035 1833 1065 si
1848 1035 1992 1075 implicat
2013 1034 2304 1065 contradictionem
2321 1045 2463 1076 quomo-

1395 1080 1592 1121 documque,
1617 1081 1694 1116 sive,
1716 1080 1867 1119 inquam,
1880 1089 1917 1110 ex
1941 1080 2064 1110 ratione
2089 1078 2163 1110 facti
2187 1080 2253 1110 sive
2277 1089 2316 1110 ex
2338 1081 2463 1112 ratione

1394 1124 1522 1161 infiniti,
1537 1134 1606 1155 non
1623 1129 1730 1165 potest
1748 1134 1766 1154 a
1782 1124 1854 1154 Deo
1877 1123 1957 1154 fieri.
1981 1123 2015 1154 Si
2031 1129 2140 1154 autem
2162 1124 2254 1155 nullo
2277 1124 2379 1155 modo
2402 1125 2463 1156 im-

1394 1170 1503 1211 plicat,
1526 1168 1596 1200 fieri
1619 1173 1736 1209 potest.
1762 1167 1874 1204 Modo,
1899 1168 1939 1199 ad
1962 1169 2122 1199 minorem
2143 1167 2259 1199 dicitur
2282 1168 2383 1209 quod,
2407 1170 2462 1200 ubi

1394 1214 1557 1254 allegatur,
1574 1223 1642 1243 non
1665 1212 1802 1243 intendit
1822 1212 1913 1253 quod
1935 1213 2027 1243 nullo
2046 1212 2147 1243 modo
2168 1213 2312 1254 implicet
2336 1219 2463 1244 contra-

1394 1259 1586 1289 dictionem:
1612 1257 1668 1288 sed
1684 1256 1775 1297 quod
1790 1267 1858 1287 non
1877 1257 2022 1298 implicat
2037 1258 2143 1298 primo
2162 1257 2263 1288 modo
2288 1257 2385 1294 dicto,
2402 1259 2461 1289 sci-

1393 1303 1469 1334 licet
1499 1312 1537 1333 ex
1569 1302 1692 1332 ratione
1724 1301 1798 1332 facti
1831 1302 1988 1332 absolute.
2017 1302 2164 1342 Implicat
2199 1308 2307 1333 tamen
2338 1303 2462 1334 ratione

1393 1348 1490 1378 huius
1513 1346 1598 1383 facti,
1617 1345 1708 1387 quod
1731 1351 1907 1386 poneretur
1929 1345 2102 1377 infinitum.
2421 1382 2425 1386 ἱ

1448 1391 1531 1422 v111.
1557 1391 1608 1422 Aa
1629 1395 1779 1431 quartam
1793 1391 1810 1407 ⁴*
1825 1390 2000 1431 respondet
2014 1391 2163 1431 negando
2184 1391 2460 1431 consequentiam.

1393 1436 1445 1466 Ad
1466 1436 1559 1467 cuius
1582 1436 1809 1476 probationem
1834 1434 1911 1465 dicit
1934 1435 2024 1475 quod
2044 1436 2077 1466 in
2100 1435 2153 1466 illa
2170 1434 2386 1476 descriptione
2410 1445 2461 1466 ac-

1393 1480 1528 1511 cidentis
1552 1481 1686 1511 nomine
1709 1479 1842 1510 subiecti
1868 1479 2055 1519 intelligitur
2085 1479 2296 1520 compositum
2324 1490 2365 1510 ex
2393 1490 2462 1510 ma-

1393 1525 1477 1555 teria
1501 1529 1532 1555 et
1545 1525 1684 1566 forma:
1706 1533 1774 1554 non
1791 1529 1899 1554 autem
1909 1524 2108 1564 principium
2126 1525 2299 1565 compositi
2315 1525 2461 1555 subiecti.

1393 1569 1545 1599 Materiae
1570 1569 1656 1599 enim
1680 1569 1801 1608 primae
1825 1568 1954 1598 advenit
1977 1568 2091 1605 forma,
2108 1574 2140 1599 et
2163 1569 2202 1599 ab
2225 1569 2294 1609 ipsa
2317 1570 2462 1599 incorru-

1393 1613 1497 1654 ptibili
1520 1618 1672 1643 manente
1697 1612 1827 1648 recedit,
1852 1618 1883 1642 et
1906 1618 2015 1642 tamen
2045 1613 2105 1643 sibi
2129 1623 2196 1643 non
2225 1612 2462 1644 accidentaliter

1392 1658 1565 1688 uniebatur
1587 1656 1702 1693 forma,
1726 1656 1783 1687 sed
1807 1657 2029 1687 essentialiter:
2055 1658 2131 1697 quia
2155 1657 2334 1687 secundum
2359 1667 2463 1688 unum

1393 1711 1472 1733 esse.
1497 1701 1650 1732 Similiter
1673 1706 1704 1731 et
1727 1701 1833 1731 anima
1857 1700 2037 1731 secundum
2055 1711 2158 1732 unum
2177 1710 2245 1731 esse
2261 1702 2372 1731 unitur
2392 1711 2463 1732 cor-

1393 1747 1475 1787 pori.
1500 1746 1542 1776 Et
1564 1745 1650 1782 ideo,
1667 1745 1742 1776 licet
1764 1750 1839 1786 post
1858 1754 1977 1785 corpus
1999 1751 2173 1782 remaneat,
2190 1755 2258 1776 non
2278 1750 2386 1776 tamen
2403 1746 2462 1776 sibi

1393 1790 1632 1822 accidentaliter
1647 1799 1766 1830 corpus
1781 1790 1900 1820 unitur.

1448 1835 1587 1866 Additur
1617 1844 1752 1875 quoque
1777 1833 1877 1874 quod,
1904 1834 1980 1865 licet
2009 1835 2142 1865 materia
2170 1835 2273 1875 prima
2300 1840 2464 1866 remaneat

1393 1885 1467 1910 actu
1491 1885 1566 1920 post
1589 1878 1738 1915 formam,
1756 1884 1788 1909 et
1803 1878 1948 1909 similiter
1971 1879 2078 1909 anima
2093 1884 2168 1919 post
2184 1888 2312 1919 corpus,
2337 1880 2401 1910 hoc
2416 1886 2463 1910 ta-

1392 1933 1468 1954 men
1486 1929 1534 1954 est
1549 1923 1745 1954 differenter:
1763 1923 1839 1963 quia
1854 1923 1987 1953 materia
2005 1928 2150 1954 remanet
2161 1923 2341 1954 secundum
2354 1930 2462 1954 actum

1392 1968 1521 1999 alterius
1545 1967 1686 2004 formae3
1706 1968 1813 1998 anima
1836 1973 1945 1998 autem
1968 1973 2112 1998 remanet
2134 1968 2168 1998 in
2192 1973 2265 1998 actu
2290 1967 2416 1998 eodem.

1447 2012 1587 2043 Adverte
1619 2011 1718 2052 quod,
1747 2021 1823 2042 cum
1846 2021 1951 2042 unum
1981 2021 2050 2042 esse
2078 2012 2265 2053 simpliciter
2294 2012 2334 2042 sit
2365 2013 2461 2043 unius

1392 2057 1558 2093 essentiae,
1571 2057 1597 2087 si
1614 2057 1720 2097 aliqua
1737 2056 1871 2087 unicum
1888 2065 1956 2086 esse
1969 2056 2156 2097 simpliciter
2171 2057 2319 2093 habeant,
2332 2062 2462 2097 oportet

1392 2107 1427 2132 ut
1439 2102 1492 2132 illa
1508 2111 1608 2132 unam
1625 2101 1797 2132 essentiam
1813 2101 2020 2131 constituant.
2035 2101 2172 2141 Propter
2183 2102 2247 2131 hoc
2263 2102 2366 2141 arguit
2381 2101 2461 2132 San-

1392 2151 1462 2177 ctus
1493 2146 1638 2176 Thomas
1669 2145 1807 2176 formam
1838 2145 1923 2175 uniri
1953 2145 2161 2176 essentialiter
2190 2146 2352 2182 materiae,
2385 2146 2461 2186 quia

1392 2191 1502 2221 unitur
1525 2191 1554 2221 ei
1570 2190 1751 2221 secundum
1768 2199 1871 2220 unum
1887 2199 1966 2220 esse.
1990 2190 2108 2220 Forma
2125 2195 2233 2220 autem
2257 2189 2461 2221 accidentalis

1391 2245 1459 2265 non
1491 2235 1602 2265 unitur
1632 2235 1778 2265 subiecto
1809 2234 1990 2264 secundum
2020 2244 2123 2265 unum
2154 2244 2239 2265 esse:
2271 2235 2347 2275 quia
2374 2234 2462 2265 aliud

1392 2285 1440 2310 est
1463 2289 1531 2310 esse
1554 2289 1621 2320 quo
1645 2279 1787 2309 subsistit
1805 2279 1997 2315 subiectum,
2021 2284 2053 2309 et
2076 2278 2163 2309 aliud
2185 2289 2255 2309 esse
2278 2279 2460 2310 accidentis.

1392 2323 1470 2355 Ideo
1485 2333 1552 2354 non
1569 2324 1679 2354 unitur
1699 2333 1760 2354 suo
1777 2323 1922 2354 subiecto
1947 2323 2164 2360 essentialiter,
2180 2329 2334 2364 tanquam
2358 2333 2462 2354 unum

1393 2378 1468 2399 curn
1493 2369 1564 2409 ipso
1581 2369 1751 2399 essentiam
1768 2368 1978 2404 constituens,
1999 2367 2055 2398 sed
2071 2373 2197 2398 tantum
2214 2367 2461 2399 accidentaliter.

1447 2413 1500 2443 lx.
1525 2412 1588 2444 Sed
1611 2414 1645 2443 in
1668 2413 1728 2443 hac
1752 2413 1964 2452 responsione
1987 2413 2127 2443 occurrit
2151 2412 2297 2443 dubium.
2327 2412 2412 2451 Quia
2435 2414 2461 2443 si

1384 2458 1526 2501 vnomine
1541 2457 1675 2489 subiecti
1690 2457 1884 2497 intelligatur
1900 2457 1932 2487 in
1949 2456 2165 2497 descriptione
2182 2456 2354 2487 accidentis
2370 2467 2462 2488 com-

1392 2503 1536 2543 positum
1561 2512 1599 2533 ex
1621 2502 1754 2533 materia
1771 2507 1804 2532 et
1818 2501 1931 2537 forma,
1949 2507 1985 2532 ut
2000 2502 2045 2532 sic
2061 2501 2256 2541 intelligatur
2277 2501 2460 2542 descriptio,

1392 2546 1549 2578 Accidens
1572 2552 1620 2577 est
1641 2546 1728 2587 quod
1746 2551 1854 2586 potest
1877 2546 1989 2576 adesse
2012 2551 2042 2576 et
2064 2546 2173 2576 abesse
2190 2550 2325 2586 praeter
2347 2555 2462 2576 corru-

1389 2592 1533 2632 ptionem
1557 2591 1691 2622 subiecti
1713 2590 1884 2630 compositi
1901 2599 1944 2620 ex
1959 2591 2096 2620 materia
2118 2595 2150 2620 et
2162 2590 2292 2631 forma,
2318 2591 2462 2630 sequitur

1393 2636 1484 2676 quod
1507 2636 1635 2666 nullum
1654 2634 1802 2666 accidens
1826 2635 1866 2664 sit
1888 2634 1922 2664 in
1939 2635 2060 2665 anima:
2086 2635 2192 2664 anima
2216 2635 2302 2664 enim
2326 2643 2394 2664 non
2414 2639 2462 2665 est

1394 2681 1575 2720 composita
1592 2690 1629 2710 ex
1652 2680 1784 2710 materia
1801 2684 1832 2709 et
1848 2678 1960 2714 forma,
1977 2678 2033 2709 sed
2049 2684 2096 2709 est
2112 2679 2308 2719 principium
2324 2688 2461 2719 compo-

1394 2725 1443 2755 siti
1468 2734 1506 2755 ex
1530 2724 1662 2755 materia
1677 2729 1709 2754 et
1731 2722 1846 2753 forma.
1870 2723 1912 2753 Et
1934 2724 1979 2753 sic
1997 2723 2242 2759 intellectiones,
2259 2732 2342 2763 quae
2366 2722 2461 2753 adve-

1393 2770 1488 2800 niunt
1504 2770 1629 2799 animae
1646 2774 1678 2799 et
1692 2767 1848 2798 recedunt
1864 2768 1903 2797 ab
1919 2776 1966 2804 ea,
1980 2773 2012 2798 et
2027 2767 2172 2798 similiter
2183 2766 2379 2803 affectiones,
2392 2777 2460 2798 non

1395 2819 1488 2844 erunt
1512 2813 1698 2849 accidentia,
1716 2812 1771 2843 sed
1788 2812 1993 2843 substantiae.
2010 2811 2043 2843 Si
2059 2812 2146 2842 enim
2162 2811 2216 2842 illa
2233 2812 2273 2841 sit
2289 2811 2460 2852 descriptio

1395 2857 1578 2894 accidentis,
1609 2862 1739 2898 oportet
1768 2862 1804 2887 ut
1835 2861 2063 2887 convertantur
2090 2855 2130 2886 ad
2158 2857 2312 2886 invicem:
2341 2856 2462 2886 scilicet

1396 2902 1486 2944 quod
1510 2911 1609 2933 omne
1633 2901 1781 2932 accidens
1798 2900 1946 2931 adveniat
1969 2906 2000 2931 et
2022 2900 2150 2931 recedat
2173 2910 2191 2930 a
2215 2901 2399 2941 composito
2423 2910 2461 2931 ex

1395 2947 1527 2978 materia
1551 2952 1583 2977 et
1605 2946 1726 2982 forma;
1751 2951 1783 2976 et
1805 2954 1823 2976 e
1847 2946 2008 2976 contrario
2032 2954 2130 2975 omne
2153 2945 2216 2975 tale
2240 2946 2279 2975 sit
2302 2944 2460 2975 accidens.

1453 3001 1482 3022 2.
1499 2990 1727 3032 Respondetur
1743 2989 1833 3031 quod
1849 2989 2007 3026 accidens
2025 2995 2061 3020 ut
2077 2995 2124 3019 est
2140 2998 2243 3020 unum
2260 2989 2299 3020 de
2316 2990 2461 3029 quinque

1396 3035 1674 3077 praedicabilibus,
1697 3034 1738 3066 de
1762 3043 1830 3075 quo
1854 3034 1946 3065 datur
1973 3034 2057 3064 dicta
2080 3033 2263 3074 descriptio,
2288 3043 2356 3064 non
2379 3034 2462 3064 acci-

1396 3082 1483 3122 pitur
1506 3085 1542 3111 ut
1563 3080 1721 3111 dividitur
1743 3084 1859 3110 contra
1881 3079 2103 3113 substantiam,
2132 3084 2285 3119 tanquam
2317 3077 2463 3109 videlicet

1397 3126 1566 3156 continens
1589 3125 1647 3155 sub
1662 3135 1696 3155 se
1720 3133 1834 3155 novem
1856 3133 1981 3165 genera
1998 3133 2118 3158 rerum,
2135 3124 2180 3153 sic
2204 3123 2291 3153 enim
2315 3122 2462 3153 accidens

1396 3180 1464 3201 non
1481 3169 1686 3210 distinguitur
1701 3174 1813 3199 contra
1823 3169 2015 3209 proprium:
2030 3167 2086 3198 sed
2102 3168 2265 3207 accipitur,
2289 3172 2326 3197 ut
2348 3166 2464 3197 dicitur

1397 3215 1628 3255 Spiritualibus
1653 3213 1833 3250 Creaturis,
1857 3219 1912 3243 art.
1937 3212 2006 3248 ult.,
2026 3217 2124 3252 prout
2147 3211 2224 3242 dicit
2245 3211 2462 3242 habitudinem

1397 3259 1628 3290 accidentalem
1646 3258 1831 3299 praedicati
1854 3257 1898 3288 ad
1919 3257 2104 3287 subiectum.
2122 3255 2216 3287 Unde
2238 3255 2325 3286 idem
2349 3261 2396 3286 est
2412 3265 2464 3286 ac-

1398 3303 1507 3334 cidens
1530 3305 1575 3334 sic
1600 3308 1769 3344 acceptum
1793 3301 1883 3342 quod
1900 3301 2127 3342 praedicatum
2147 3300 2355 3334 accidentale,
2373 3299 2462 3340 quod

1397 3348 1518 3379 scilicet
1533 3357 1641 3388 neque
1657 3353 1705 3378 est
1717 3347 1756 3378 de
1772 3347 1908 3377 essentia
1920 3347 1976 3381 rei,
1989 3354 2097 3386 neque
2110 3354 2148 3375 ex
2161 3345 2325 3385 principiis
2345 3345 2464 3385 speciei

1398 3398 1555 3424 causatur.

1453 3436 1517 3468 Sed
1533 3442 1642 3468 tamen
1659 3435 1889 3466 advertendum
1911 3433 2011 3474 quod,
2028 3433 2054 3463 si
2070 3432 2219 3464 accidens
2239 3433 2414 3473 accipiatur
2429 3437 2466 3463 ut

1399 3486 1446 3512 est
1461 3490 1639 3512 commune
1662 3480 1808 3511 absolute
1831 3479 1871 3509 ad
1895 3488 1993 3509 omne
2016 3477 2212 3508 accidentale
2235 3476 2464 3517 praedicatum,

1398 3526 1475 3562 sive,
1498 3527 1643 3566 inquam,
1667 3525 1707 3555 sit
1733 3523 1876 3554 naturale
1901 3529 1932 3554 et
1954 3522 2127 3558 materiale,
2151 3522 2217 3552 sive
2241 3522 2280 3552 sit
2299 3521 2465 3562 spirituale

1400 3575 1432 3601 et
1461 3569 1669 3610 intelligibile,
1700 3569 1733 3599 in
1763 3568 1818 3599 illa
1850 3567 2064 3607 descriptione
2093 3566 2227 3597 nomine
2254 3566 2388 3597 subiecti
2414 3575 2466 3596 ac-

274 3619 402 3650 videtur
423 3619 505 3650 velle
529 3619 665 3650 Sanctus
688 3618 833 3648 Thomas
856 3617 960 3647 Prima
982 3616 1083 3652 Parte,
1105 3615 1179 3645 loco
1199 3615 1346 3655 superius
1400 3615 1517 3655 cipitur
1543 3614 1767 3655 quodcumque
1788 3612 1963 3643 subiectum
1977 3611 2237 3652 propositionis:
2262 3611 2338 3651 quia
2366 3619 2465 3641 omne

275 3664 412 3704 allegato
425 3665 458 3700 ’ς
477 3669 509 3694 et
523 3663 675 3700 Quolibet
690 3662 749 3699 lX;
763 3667 795 3692 et
808 3662 820 3693 1
834 3661 932 3697 Sent.,
946 3660 975 3691 d.
989 3670 1073 3696 me,
1090 3669 1121 3700 q.
1135 3670 1155 3696 1,
1173 3669 1200 3689 a.
1217 3667 1244 3695 1,
1258 3659 1298 3690 ad
1315 3659 1344 3690 5.

1397 3659 1460 3689 tale
1484 3658 1679 3690 accidentale
1703 3655 1922 3697 praedicatum
1945 3661 2052 3697 potest
2075 3661 2106 3686 et
2131 3655 2279 3686 affirmari
2302 3661 2334 3686 et
2356 3655 2466 3695 negari

2492 507 2502 515 ·
2517 505 2588 527 Num.
2603 511 2626 526 v.

2490 1394 2498 1403 ·
2514 1393 2549 1415 Cf.
2566 1399 2589 1416 n.
2601 1399 2616 1416 ι.
