<?xml version="1.0" encoding="UTF-8"?>
<!DOCTYPE html PUBLIC "-//W3C//DTD XHTML 1.0 Transitional//EN"
    "http://www.w3.org/TR/xhtml1/DTD/xhtml1-transitional.dtd">
<html xmlns="http://www.w3.org/1999/xhtml" xml:lang="en" lang="en">
 <head>
  <title>
</title>
<meta http-equiv="Content-Type" content="text/html;charset=utf-8" />
  <meta name='ocr-system' content='tesseract 3.04.00' />
  <meta name='ocr-capabilities' content='ocr_page ocr_carea ocr_par ocr_line ocrx_word'/>
</head>
<body>
  <div class='ocr_page' id='page_1' title='image "./operaomniaiussui13thom/operaomniaiussui13thom_0087.png"; bbox 0 0 2742 4152; ppageno 0'>
   <div class='ocr_carea' id='block_1_1' title="bbox 12 1391 149 1417">
    <p class='ocr_par' dir='ltr' id='par_1_1' title="bbox 12 1391 149 1417">
     <span class='ocr_line' id='line_1_1' title="bbox 12 1391 149 1417; baseline -0.022 0"><span class='ocrx_word' id='word_1_1' title='bbox 12 1391 50 1417; x_wconf 73' lang='grc' dir='ltr'>α.</span> <span class='ocrx_word' id='word_1_2' title='bbox 67 1398 91 1415; x_wconf 83' lang='grc' dir='ltr'>ιι.</span> <span class='ocrx_word' id='word_1_3' title='bbox 105 1398 149 1415; x_wconf 80' lang='lat' dir='ltr'>vn.</span> 
     </span>
    </p>
   </div>
   <div class='ocr_carea' id='block_1_2' title="bbox 0 2732 120 2757">
    <p class='ocr_par' dir='ltr' id='par_1_2' title="bbox 0 2732 120 2757">
     <span class='ocr_line' id='line_1_2' title="bbox 0 2732 120 2757; baseline 0 -2"><span class='ocrx_word' id='word_1_4' title='bbox 0 2735 2 2743; x_wconf 77' lang='grc'><em>’</em></span> <span class='ocrx_word' id='word_1_5' title='bbox 13 2732 88 2757; x_wconf 72' lang='lat' dir='ltr'>Num.</span> <span class='ocrx_word' id='word_1_6' title='bbox 95 2739 120 2756; x_wconf 71' lang='grc' dir='ltr'>ν.</span> 
     </span>
    </p>
   </div>
   <div class='ocr_carea' id='block_1_3' title="bbox 0 2995 206 3056">
    <p class='ocr_par' dir='ltr' id='par_1_3' title="bbox 0 2995 206 3056">
     <span class='ocr_line' id='line_1_3' title="bbox 0 2995 206 3056; baseline 0 -33"><span class='ocrx_word' id='word_1_7' title='bbox 0 2995 126 3056; x_wconf 54' lang='grc' dir='ltr'>’,Ἥιῖ</span> <span class='ocrx_word' id='word_1_8' title='bbox 134 3008 158 3056; x_wconf 56' lang='lat'>¹3</span> <span class='ocrx_word' id='word_1_9' title='bbox 163 3007 206 3056; x_wconf 71' lang='lat' dir='ltr'>v⁵n,</span> 
     </span>
    </p>
   </div>
   <div class='ocr_carea' id='block_1_4' title="bbox 845 280 1813 333">
    <p class='ocr_par' dir='ltr' id='par_1_4' title="bbox 845 280 1813 333">
     <span class='ocr_line' id='line_1_4' title="bbox 845 280 1813 333; baseline 0.009 -16"><span class='ocrx_word' id='word_1_10' title='bbox 845 280 1035 319; x_wconf 88' lang='lat' dir='ltr'>SUMMA</span> <span class='ocrx_word' id='word_1_11' title='bbox 1064 280 1286 320; x_wconf 91' lang='lat' dir='ltr'>CONTRA</span> <span class='ocrx_word' id='word_1_12' title='bbox 1314 283 1588 333; x_wconf 90' lang='lat' dir='ltr'>GENTILES,</span> <span class='ocrx_word' id='word_1_13' title='bbox 1620 287 1730 325; x_wconf 89' lang='lat' dir='ltr'>CAP.</span> <span class='ocrx_word' id='word_1_14' title='bbox 1752 289 1813 326; x_wconf 94' lang='lat' dir='ltr'>IV.</span> 
     </span>
    </p>
   </div>
   <div class='ocr_carea' id='block_1_5' title="bbox 228 358 1308 1565">
    <p class='ocr_par' dir='ltr' id='par_1_5' title="bbox 228 358 1306 535">
     <span class='ocr_line' id='line_1_5' title="bbox 228 358 1306 400; baseline 0.002 -10"><span class='ocrx_word' id='word_1_15' title='bbox 228 360 341 391; x_wconf 89' lang='lat' dir='ltr'>locum</span> <span class='ocrx_word' id='word_1_16' title='bbox 357 365 456 396; x_wconf 83' lang='lat' dir='ltr'>tenet,</span> <span class='ocrx_word' id='word_1_17' title='bbox 477 365 591 400; x_wconf 92' lang='lat' dir='ltr'>estque</span> <span class='ocrx_word' id='word_1_18' title='bbox 614 358 932 400; x_wconf 84' lang='lat' dir='ltr'>imperfectissimum</span> <span class='ocrx_word' id='word_1_19' title='bbox 948 358 1113 399; x_wconf 85' lang='lat' dir='ltr'><strong>quiddam,</strong></span> <span class='ocrx_word' id='word_1_20' title='bbox 1138 361 1221 391; x_wconf 89' lang='lat' dir='ltr'>sicut</span> <span class='ocrx_word' id='word_1_21' title='bbox 1238 371 1306 392; x_wconf 90' lang='lat' dir='ltr'>ma-</span> 
     </span>
     <span class='ocr_line' id='line_1_6' title="bbox 230 404 1306 447; baseline 0.003 -12"><span class='ocrx_word' id='word_1_22' title='bbox 230 405 309 435; x_wconf 91' lang='lat' dir='ltr'>teria</span> <span class='ocrx_word' id='word_1_23' title='bbox 338 405 443 445; x_wconf 89' lang='lat' dir='ltr'>prima</span> <span class='ocrx_word' id='word_1_24' title='bbox 471 405 506 436; x_wconf 91' lang='lat' dir='ltr'>in</span> <span class='ocrx_word' id='word_1_25' title='bbox 536 413 656 445; x_wconf 83' lang='lat' dir='ltr'>genere</span> <span class='ocrx_word' id='word_1_26' title='bbox 684 413 794 435; x_wconf 89' lang='lat' dir='ltr'>rerum</span> <span class='ocrx_word' id='word_1_27' title='bbox 825 404 1054 440; x_wconf 85' lang='lat' dir='ltr'>materialium,</span> <span class='ocrx_word' id='word_1_28' title='bbox 1087 404 1162 435; x_wconf 91' lang='lat' dir='ltr'>ideo</span> <span class='ocrx_word' id='word_1_29' title='bbox 1193 413 1306 447; x_wconf 90' lang='lat' dir='ltr'>suapte</span> 
     </span>
     <span class='ocr_line' id='line_1_7' title="bbox 229 448 1305 489; baseline 0 -8"><span class='ocrx_word' id='word_1_30' title='bbox 229 455 345 482; x_wconf 89' lang='lat' dir='ltr'>natura</span> <span class='ocrx_word' id='word_1_31' title='bbox 366 449 464 481; x_wconf 89' lang='lat' dir='ltr'>habet</span> <span class='ocrx_word' id='word_1_32' title='bbox 486 455 523 480; x_wconf 92' lang='lat' dir='ltr'>ut</span> <span class='ocrx_word' id='word_1_33' title='bbox 545 448 586 480; x_wconf 90' lang='lat' dir='ltr'>ad</span> <span class='ocrx_word' id='word_1_34' title='bbox 608 449 776 481; x_wconf 89' lang='lat' dir='ltr'>veritatem</span> <span class='ocrx_word' id='word_1_35' title='bbox 798 448 1035 489; x_wconf 85' lang='lat' dir='ltr'>capescendam</span> <span class='ocrx_word' id='word_1_36' title='bbox 1063 449 1232 481; x_wconf 90' lang='lat' dir='ltr'>imbecillis</span> <span class='ocrx_word' id='word_1_37' title='bbox 1256 452 1305 487; x_wconf 90' lang='lat' dir='ltr'>sit,</span> 
     </span>
     <span class='ocr_line' id='line_1_8' title="bbox 230 488 1019 535; baseline -0.004 -9"><span class='ocrx_word' id='word_1_38' title='bbox 230 494 404 535; x_wconf 88' lang='lat' dir='ltr'>decipique</span> <span class='ocrx_word' id='word_1_39' title='bbox 427 493 521 526; x_wconf 79' lang='lat' dir='ltr'>facile</span> <span class='ocrx_word' id='word_1_40' title='bbox 543 488 656 535; x_wconf 69' lang='lat' dir='ltr'>possii.</span> <span class='ocrx_word' id='word_1_41' title='bbox 1015 514 1019 518; x_wconf 89' lang='lat'><em>-</em></span> 
     </span>
    </p>

    <p class='ocr_par' dir='ltr' id='par_1_6' title="bbox 228 536 1307 1160">
     <span class='ocr_line' id='line_1_9' title="bbox 285 536 1307 579; baseline 0 -9"><span class='ocrx_word' id='word_1_42' title='bbox 285 538 477 570; x_wconf 77' lang='lat' dir='ltr'><strong>Notandum</strong></span> <span class='ocrx_word' id='word_1_43' title='bbox 498 537 644 570; x_wconf 87' lang='lat' dir='ltr'>secundo</span> <span class='ocrx_word' id='word_1_44' title='bbox 668 536 770 579; x_wconf 87' lang='lat' dir='ltr'>quod,</span> <span class='ocrx_word' id='word_1_45' title='bbox 794 537 870 569; x_wconf 90' lang='lat' dir='ltr'>licet</span> <span class='ocrx_word' id='word_1_46' title='bbox 883 538 1107 579; x_wconf 78' lang='lat' dir='ltr'><strong>phantasmata</strong></span> <span class='ocrx_word' id='word_1_47' title='bbox 1129 538 1307 570; x_wconf 89' lang='lat' dir='ltr'>intellectui</span> 
     </span>
     <span class='ocr_line' id='line_1_10' title="bbox 229 582 1307 624; baseline 0 -10"><span class='ocrx_word' id='word_1_48' title='bbox 229 589 343 615; x_wconf 90' lang='lat' dir='ltr'>nostro</span> <span class='ocrx_word' id='word_1_49' title='bbox 375 582 417 614; x_wconf 89' lang='lat' dir='ltr'>ad</span> <span class='ocrx_word' id='word_1_50' title='bbox 445 582 693 624; x_wconf 89' lang='lat' dir='ltr'>intelligendum</span> <span class='ocrx_word' id='word_1_51' title='bbox 716 582 907 619; x_wconf 85' lang='lat' dir='ltr'>deserviant,</span> <span class='ocrx_word' id='word_1_52' title='bbox 931 584 1002 624; x_wconf 91' lang='lat' dir='ltr'>ipsa</span> <span class='ocrx_word' id='word_1_53' title='bbox 1024 589 1134 614; x_wconf 86' lang='lat' dir='ltr'>tamen</span> <span class='ocrx_word' id='word_1_54' title='bbox 1156 584 1307 623; x_wconf 87' lang='lat' dir='ltr'>phantas-</span> 
     </span>
     <span class='ocr_line' id='line_1_11' title="bbox 229 627 1306 669; baseline 0 -10"><span class='ocrx_word' id='word_1_55' title='bbox 229 633 356 659; x_wconf 87' lang='lat' dir='ltr'><strong>matum</strong></span> <span class='ocrx_word' id='word_1_56' title='bbox 372 629 544 669; x_wconf 87' lang='lat' dir='ltr'>permixtio</span> <span class='ocrx_word' id='word_1_57' title='bbox 561 627 650 668; x_wconf 91' lang='lat' dir='ltr'>apud</span> <span class='ocrx_word' id='word_1_58' title='bbox 664 627 788 658; x_wconf 93' lang='lat' dir='ltr'>multos</span> <span class='ocrx_word' id='word_1_59' title='bbox 810 628 878 658; x_wconf 91' lang='lat' dir='ltr'>veri</span> <span class='ocrx_word' id='word_1_60' title='bbox 901 628 1125 668; x_wconf 90' lang='lat' dir='ltr'>cognitionem</span> <span class='ocrx_word' id='word_1_61' title='bbox 1147 627 1188 658; x_wconf 93' lang='lat' dir='ltr'>de</span> <span class='ocrx_word' id='word_1_62' title='bbox 1210 628 1306 659; x_wconf 88' lang='lat' dir='ltr'>rebus</span> 
     </span>
     <span class='ocr_line' id='line_1_12' title="bbox 229 671 1307 713; baseline -0.002 -9"><span class='ocrx_word' id='word_1_63' title='bbox 229 672 495 704; x_wconf 75' lang='lat' dir='ltr'>immaterialibus</span> <span class='ocrx_word' id='word_1_64' title='bbox 517 671 664 713; x_wconf 89' lang='lat' dir='ltr'>impedit.</span> <span class='ocrx_word' id='word_1_65' title='bbox 695 671 780 703; x_wconf 91' lang='lat' dir='ltr'>Nam</span> <span class='ocrx_word' id='word_1_66' title='bbox 811 682 888 703; x_wconf 91' lang='lat' dir='ltr'>cum</span> <span class='ocrx_word' id='word_1_67' title='bbox 918 673 982 704; x_wconf 91' lang='lat' dir='ltr'>sint</span> <span class='ocrx_word' id='word_1_68' title='bbox 1009 682 1119 704; x_wconf 90' lang='lat' dir='ltr'>rerum</span> <span class='ocrx_word' id='word_1_69' title='bbox 1141 671 1307 703; x_wconf 88' lang='lat' dir='ltr'><strong>dumtaxat</strong></span> 
     </span>
     <span class='ocr_line' id='line_1_13' title="bbox 229 716 1306 758; baseline -0.001 -9"><span class='ocrx_word' id='word_1_70' title='bbox 229 717 446 749; x_wconf 83' lang='lat' dir='ltr'>materialium</span> <span class='ocrx_word' id='word_1_71' title='bbox 469 716 821 758; x_wconf 86' lang='lat' dir='ltr'>determinatarumque</span> <span class='ocrx_word' id='word_1_72' title='bbox 845 716 886 748; x_wconf 90' lang='lat' dir='ltr'>ad</span> <span class='ocrx_word' id='word_1_73' title='bbox 910 717 963 748; x_wconf 90' lang='lat' dir='ltr'>hic</span> <span class='ocrx_word' id='word_1_74' title='bbox 990 722 1022 749; x_wconf 91' lang='lat' dir='ltr'>et</span> <span class='ocrx_word' id='word_1_75' title='bbox 1045 726 1135 748; x_wconf 92' lang='lat' dir='ltr'>nunc</span> <span class='ocrx_word' id='word_1_76' title='bbox 1157 717 1306 748; x_wconf 89' lang='lat' dir='ltr'>similitu-</span> 
     </span>
     <span class='ocr_line' id='line_1_14' title="bbox 230 761 1307 803; baseline -0.001 -10"><span class='ocrx_word' id='word_1_77' title='bbox 230 761 332 799; x_wconf 86' lang='lat' dir='ltr'>dines,</span> <span class='ocrx_word' id='word_1_78' title='bbox 356 762 458 803; x_wconf 86' lang='lat' dir='ltr'>aliqui</span> <span class='ocrx_word' id='word_1_79' title='bbox 480 771 539 802; x_wconf 92' lang='lat' dir='ltr'>per</span> <span class='ocrx_word' id='word_1_80' title='bbox 554 761 744 794; x_wconf 88' lang='lat' dir='ltr'>huiusmodi</span> <span class='ocrx_word' id='word_1_81' title='bbox 760 762 984 802; x_wconf 83' lang='lat' dir='ltr'><strong>phantasmata</strong></span> <span class='ocrx_word' id='word_1_82' title='bbox 1006 762 1221 802; x_wconf 82' lang='lat' dir='ltr'>intelligentes</span> <span class='ocrx_word' id='word_1_83' title='bbox 1237 771 1307 793; x_wconf 88' lang='lat' dir='ltr'>non</span> 
     </span>
     <span class='ocr_line' id='line_1_15' title="bbox 228 806 1306 848; baseline 0 -10"><span class='ocrx_word' id='word_1_84' title='bbox 228 812 368 848; x_wconf 83' lang='lat' dir='ltr'>possunt</span> <span class='ocrx_word' id='word_1_85' title='bbox 382 806 561 848; x_wconf 84' lang='lat' dir='ltr'>intelligere</span> <span class='ocrx_word' id='word_1_86' title='bbox 575 806 699 848; x_wconf 90' lang='lat' dir='ltr'>aliquid</span> <span class='ocrx_word' id='word_1_87' title='bbox 713 807 748 838; x_wconf 94' lang='lat' dir='ltr'>in</span> <span class='ocrx_word' id='word_1_88' title='bbox 764 816 873 838; x_wconf 91' lang='lat' dir='ltr'>rerum</span> <span class='ocrx_word' id='word_1_89' title='bbox 887 813 1002 838; x_wconf 89' lang='lat' dir='ltr'>natura</span> <span class='ocrx_word' id='word_1_90' title='bbox 1013 814 1083 838; x_wconf 83' lang='lat' dir='ltr'>esse</span> <span class='ocrx_word' id='word_1_91' title='bbox 1099 806 1190 847; x_wconf 93' lang='lat' dir='ltr'>quod</span> <span class='ocrx_word' id='word_1_92' title='bbox 1204 812 1306 838; x_wconf 88' lang='lat' dir='ltr'>mate-</span> 
     </span>
     <span class='ocr_line' id='line_1_16' title="bbox 229 851 1306 892; baseline -0.001 -9"><span class='ocrx_word' id='word_1_93' title='bbox 229 852 306 883; x_wconf 87' lang='lat' dir='ltr'>riale</span> <span class='ocrx_word' id='word_1_94' title='bbox 329 860 399 883; x_wconf 90' lang='lat' dir='ltr'>non</span> <span class='ocrx_word' id='word_1_95' title='bbox 417 852 459 883; x_wconf 89' lang='lat' dir='ltr'>sit</span> <span class='ocrx_word' id='word_1_96' title='bbox 480 857 579 892; x_wconf 89' lang='lat' dir='ltr'>atque</span> <span class='ocrx_word' id='word_1_97' title='bbox 595 851 636 883; x_wconf 90' lang='lat' dir='ltr'>ad</span> <span class='ocrx_word' id='word_1_98' title='bbox 652 852 796 892; x_wconf 86' lang='lat' dir='ltr'>aliquem</span> <span class='ocrx_word' id='word_1_99' title='bbox 811 851 925 882; x_wconf 91' lang='lat' dir='ltr'>locum</span> <span class='ocrx_word' id='word_1_100' title='bbox 940 851 1205 883; x_wconf 81' lang='lat' dir='ltr'>determinatum:</span> <span class='ocrx_word' id='word_1_101' title='bbox 1230 860 1306 891; x_wconf 90' lang='lat' dir='ltr'>pro-</span> 
     </span>
     <span class='ocr_line' id='line_1_17' title="bbox 228 896 1305 938; baseline -0.002 -10"><span class='ocrx_word' id='word_1_102' title='bbox 228 902 301 938; x_wconf 90' lang='lat' dir='ltr'>pter</span> <span class='ocrx_word' id='word_1_103' title='bbox 323 896 415 937; x_wconf 91' lang='lat' dir='ltr'>quod</span> <span class='ocrx_word' id='word_1_104' title='bbox 437 897 472 927; x_wconf 89' lang='lat' dir='ltr'>in</span> <span class='ocrx_word' id='word_1_105' title='bbox 494 897 618 928; x_wconf 88' lang='lat' dir='ltr'>multos</span> <span class='ocrx_word' id='word_1_106' title='bbox 641 896 791 928; x_wconf 90' lang='lat' dir='ltr'>incidunt</span> <span class='ocrx_word' id='word_1_107' title='bbox 813 905 936 927; x_wconf 87' lang='lat' dir='ltr'>errores</span> <span class='ocrx_word' id='word_1_108' title='bbox 966 897 1051 927; x_wconf 91' lang='lat' dir='ltr'>circa</span> <span class='ocrx_word' id='word_1_109' title='bbox 1073 896 1305 927; x_wconf 85' lang='lat' dir='ltr'>immaterialia.</span> 
     </span>
     <span class='ocr_line' id='line_1_18' title="bbox 229 940 1307 982; baseline -0.002 -9"><span class='ocrx_word' id='word_1_110' title='bbox 229 941 302 982; x_wconf 76' lang='lat' dir='ltr'>Ipsa</span> <span class='ocrx_word' id='word_1_111' title='bbox 324 941 421 982; x_wconf 89' lang='lat' dir='ltr'>igitur</span> <span class='ocrx_word' id='word_1_112' title='bbox 435 941 699 982; x_wconf 84' lang='lat' dir='ltr'><strong>phantasmatum</strong></span> <span class='ocrx_word' id='word_1_113' title='bbox 719 940 892 982; x_wconf 88' lang='lat' dir='ltr'>permixtio</span> <span class='ocrx_word' id='word_1_114' title='bbox 907 940 942 971; x_wconf 91' lang='lat' dir='ltr'>in</span> <span class='ocrx_word' id='word_1_115' title='bbox 960 945 1071 971; x_wconf 87' lang='lat' dir='ltr'>nostra</span> <span class='ocrx_word' id='word_1_116' title='bbox 1085 940 1307 972; x_wconf 89' lang='lat' dir='ltr'>intellectione</span> 
     </span>
     <span class='ocr_line' id='line_1_19' title="bbox 228 984 1306 1026; baseline -0.002 -8"><span class='ocrx_word' id='word_1_117' title='bbox 228 986 305 1018; x_wconf 91' lang='lat' dir='ltr'>licet</span> <span class='ocrx_word' id='word_1_118' title='bbox 327 987 368 1018; x_wconf 91' lang='lat' dir='ltr'>sit</span> <span class='ocrx_word' id='word_1_119' title='bbox 394 986 491 1017; x_wconf 88' lang='lat' dir='ltr'>nobis</span> <span class='ocrx_word' id='word_1_120' title='bbox 521 986 561 1018; x_wconf 90' lang='lat' dir='ltr'>ad</span> <span class='ocrx_word' id='word_1_121' title='bbox 590 984 838 1026; x_wconf 88' lang='lat' dir='ltr'>intelligendum</span> <span class='ocrx_word' id='word_1_122' title='bbox 868 985 1057 1021; x_wconf 88' lang='lat' dir='ltr'>necessaria,</span> <span class='ocrx_word' id='word_1_123' title='bbox 1087 985 1165 1026; x_wconf 90' lang='lat' dir='ltr'>quia</span> <span class='ocrx_word' id='word_1_124' title='bbox 1197 991 1306 1016; x_wconf 90' lang='lat' dir='ltr'>tamen</span> 
     </span>
     <span class='ocr_line' id='line_1_20' title="bbox 229 1029 1307 1070; baseline -0.002 -8"><span class='ocrx_word' id='word_1_125' title='bbox 229 1031 336 1063; x_wconf 91' lang='lat' dir='ltr'>debile</span> <span class='ocrx_word' id='word_1_126' title='bbox 360 1031 612 1062; x_wconf 85' lang='lat' dir='ltr'>instrumentum</span> <span class='ocrx_word' id='word_1_127' title='bbox 636 1035 712 1061; x_wconf 92' lang='lat' dir='ltr'>sunt</span> <span class='ocrx_word' id='word_1_128' title='bbox 739 1034 772 1060; x_wconf 89' lang='lat' dir='ltr'>et</span> <span class='ocrx_word' id='word_1_129' title='bbox 801 1029 1135 1070; x_wconf 88' lang='lat' dir='ltr'>improportionatum</span> <span class='ocrx_word' id='word_1_130' title='bbox 1156 1035 1307 1070; x_wconf 88' lang='lat' dir='ltr'>respectu</span> 
     </span>
     <span class='ocr_line' id='line_1_21' title="bbox 229 1075 1306 1114; baseline -0.002 -7"><span class='ocrx_word' id='word_1_131' title='bbox 229 1075 502 1112; x_wconf 78' lang='lat' dir='ltr'>immaterialium,</span> <span class='ocrx_word' id='word_1_132' title='bbox 526 1075 602 1107; x_wconf 92' lang='lat' dir='ltr'>ideo</span> <span class='ocrx_word' id='word_1_133' title='bbox 631 1079 709 1106; x_wconf 89' lang='lat' dir='ltr'>sunt</span> <span class='ocrx_word' id='word_1_134' title='bbox 739 1082 977 1114; x_wconf 86' lang='lat' dir='ltr'>saepenumero</span> <span class='ocrx_word' id='word_1_135' title='bbox 1006 1075 1122 1106; x_wconf 90' lang='lat' dir='ltr'>erroris</span> <span class='ocrx_word' id='word_1_136' title='bbox 1146 1084 1243 1105; x_wconf 91' lang='lat' dir='ltr'>causa</span> <span class='ocrx_word' id='word_1_137' title='bbox 1273 1075 1306 1105; x_wconf 90' lang='lat' dir='ltr'>in</span> 
     </span>
     <span class='ocr_line' id='line_1_22' title="bbox 229 1118 1250 1160; baseline -0.002 -8"><span class='ocrx_word' id='word_1_138' title='bbox 229 1119 421 1153; x_wconf 88' lang='lat' dir='ltr'>huiusmodi</span> <span class='ocrx_word' id='word_1_139' title='bbox 443 1119 706 1151; x_wconf 80' lang='lat' dir='ltr'>immaterialium</span> <span class='ocrx_word' id='word_1_140' title='bbox 729 1127 838 1150; x_wconf 89' lang='lat' dir='ltr'>rerum</span> <span class='ocrx_word' id='word_1_141' title='bbox 861 1119 994 1150; x_wconf 89' lang='lat' dir='ltr'>veritate</span> <span class='ocrx_word' id='word_1_142' title='bbox 1018 1118 1250 1160; x_wconf 85' lang='lat' dir='ltr'>investiganda.</span> 
     </span>
    </p>

    <p class='ocr_par' dir='ltr' id='par_1_7' title="bbox 229 1163 1307 1338">
     <span class='ocr_line' id='line_1_23' title="bbox 286 1163 1306 1204; baseline -0.003 -7"><span class='ocrx_word' id='word_1_143' title='bbox 286 1164 510 1197; x_wconf 90' lang='lat' dir='ltr'>Confirmatur</span> <span class='ocrx_word' id='word_1_144' title='bbox 546 1165 654 1204; x_wconf 89' lang='lat' dir='ltr'>primo</span> <span class='ocrx_word' id='word_1_145' title='bbox 697 1163 867 1195; x_wconf 86' lang='lat' dir='ltr'>conclusio</span> <span class='ocrx_word' id='word_1_146' title='bbox 908 1163 1099 1195; x_wconf 83' lang='lat' dir='ltr'>auctoritate</span> <span class='ocrx_word' id='word_1_147' title='bbox 1136 1163 1306 1204; x_wconf 89' lang='lat' dir='ltr'>Apostoli,</span> 
     </span>
     <span class='ocr_line' id='line_1_24' title="bbox 229 1207 1307 1252; baseline -0.002 -11"><span class='ocrx_word' id='word_1_148' title='bbox 229 1210 348 1252; x_wconf 79' lang='lat' dir='ltr'>Ephes,</span> <span class='ocrx_word' id='word_1_149' title='bbox 368 1219 414 1240; x_wconf 81' lang='lat' dir='ltr'>iv:</span> <span class='ocrx_word' id='word_1_150' title='bbox 439 1209 511 1240; x_wconf 86' lang='lat' dir='ltr'>Iam</span> <span class='ocrx_word' id='word_1_151' title='bbox 536 1218 602 1240; x_wconf 85' lang='lat' dir='ltr'>non</span> <span class='ocrx_word' id='word_1_152' title='bbox 626 1208 796 1240; x_wconf 82' lang='lat' dir='ltr'>ambuletis</span> <span class='ocrx_word' id='word_1_153' title='bbox 819 1213 880 1239; x_wconf 91' lang='lat' dir='ltr'>etc.</span> <span class='ocrx_word' id='word_1_154' title='bbox 911 1207 1134 1240; x_wconf 81' lang='lat' dir='ltr'>Confirmatur</span> <span class='ocrx_word' id='word_1_155' title='bbox 1160 1208 1307 1239; x_wconf 91' lang='lat' dir='ltr'>secundo</span> 
     </span>
     <span class='ocr_line' id='line_1_25' title="bbox 230 1253 1307 1294; baseline -0.003 -8"><span class='ocrx_word' id='word_1_156' title='bbox 230 1255 422 1286; x_wconf 80' lang='lat' dir='ltr'>auctoritate</span> <span class='ocrx_word' id='word_1_157' title='bbox 440 1253 540 1285; x_wconf 87' lang='lat' dir='ltr'>Isaiae</span> <span class='ocrx_word' id='word_1_158' title='bbox 554 1263 620 1284; x_wconf 76' lang='lat' dir='ltr'>nv:</span> <span class='ocrx_word' id='word_1_159' title='bbox 644 1253 770 1284; x_wconf 84' lang='lat' dir='ltr'>Ponam</span> <span class='ocrx_word' id='word_1_160' title='bbox 792 1253 962 1284; x_wconf 81' lang='lat' dir='ltr'>universos</span> <span class='ocrx_word' id='word_1_161' title='bbox 977 1253 1075 1294; x_wconf 83' lang='lat' dir='ltr'>filios</span> <span class='ocrx_word' id='word_1_162' title='bbox 1097 1258 1171 1284; x_wconf 87' lang='lat' dir='ltr'>tuos</span> <span class='ocrx_word' id='word_1_163' title='bbox 1194 1253 1307 1284; x_wconf 87' lang='lat' dir='ltr'>doctos</span> 
     </span>
     <span class='ocr_line' id='line_1_26' title="bbox 229 1299 582 1338; baseline -0.008 -7"><span class='ocrx_word' id='word_1_164' title='bbox 229 1309 252 1331; x_wconf 80' lang='lat' dir='ltr'>a</span> <span class='ocrx_word' id='word_1_165' title='bbox 273 1299 432 1338; x_wconf 68' lang='lat' dir='ltr'>Domino,</span> <span class='ocrx_word' id='word_1_166' title='bbox 455 1303 517 1329; x_wconf 77' lang='lat' dir='ltr'>ete.</span> <span class='ocrx_word' id='word_1_167' title='bbox 572 1302 582 1305; x_wconf 54' lang='lat'>‘</span> 
     </span>
    </p>

    <p class='ocr_par' dir='ltr' id='par_1_8' title="bbox 230 1340 1308 1565">
     <span class='ocr_line' id='line_1_27' title="bbox 234 1340 1307 1384; baseline -0.002 -8"><span class='ocrx_word' id='word_1_168' title='bbox 234 1343 326 1376; x_wconf 61' lang='lat' dir='ltr'>’⁷¹⁴V.</span> <span class='ocrx_word' id='word_1_169' title='bbox 340 1340 415 1376; x_wconf 42' lang='lat' dir='ltr'>‘Sed</span> <span class='ocrx_word' id='word_1_170' title='bbox 444 1344 530 1374; x_wconf 90' lang='lat' dir='ltr'>circa</span> <span class='ocrx_word' id='word_1_171' title='bbox 561 1351 600 1373; x_wconf 90' lang='lat' dir='ltr'>ea</span> <span class='ocrx_word' id='word_1_172' title='bbox 622 1352 707 1384; x_wconf 88' lang='lat' dir='ltr'>quae</span> <span class='ocrx_word' id='word_1_173' title='bbox 735 1342 820 1374; x_wconf 90' lang='lat' dir='ltr'>dicta</span> <span class='ocrx_word' id='word_1_174' title='bbox 850 1347 926 1373; x_wconf 90' lang='lat' dir='ltr'>sunt</span> <span class='ocrx_word' id='word_1_175' title='bbox 955 1343 990 1373; x_wconf 92' lang='lat' dir='ltr'>in</span> <span class='ocrx_word' id='word_1_176' title='bbox 1013 1342 1121 1383; x_wconf 89' lang='lat' dir='ltr'>primo</span> <span class='ocrx_word' id='word_1_177' title='bbox 1150 1342 1307 1374; x_wconf 90' lang='lat' dir='ltr'>inconve-</span> 
     </span>
     <span class='ocr_line' id='line_1_28' title="bbox 230 1387 1307 1429; baseline -0.004 -8"><span class='ocrx_word' id='word_1_178' title='bbox 230 1389 344 1427; x_wconf 89' lang='lat' dir='ltr'>nienti,</span> <span class='ocrx_word' id='word_1_179' title='bbox 368 1388 490 1429; x_wconf 89' lang='lat' dir='ltr'>duplex</span> <span class='ocrx_word' id='word_1_180' title='bbox 513 1388 654 1419; x_wconf 87' lang='lat' dir='ltr'>occurrit</span> <span class='ocrx_word' id='word_1_181' title='bbox 677 1387 825 1419; x_wconf 89' lang='lat' dir='ltr'>dubium.</span> <span class='ocrx_word' id='word_1_182' title='bbox 849 1387 1024 1418; x_wconf 72' lang='lat' dir='ltr'>Primum*</span> <span class='ocrx_word' id='word_1_183' title='bbox 1045 1393 1093 1418; x_wconf 93' lang='lat' dir='ltr'>est</span> <span class='ocrx_word' id='word_1_184' title='bbox 1109 1387 1193 1418; x_wconf 89' lang='lat' dir='ltr'>circa</span> <span class='ocrx_word' id='word_1_185' title='bbox 1216 1387 1307 1424; x_wconf 89' lang='lat' dir='ltr'>illud,</span> 
     </span>
     <span class='ocr_line' id='line_1_29' title="bbox 231 1431 1308 1476; baseline -0.003 -10"><span class='ocrx_word' id='word_1_186' title='bbox 231 1433 324 1476; x_wconf 89' lang='lat' dir='ltr'>quod</span> <span class='ocrx_word' id='word_1_187' title='bbox 345 1433 568 1474; x_wconf 67' lang='lat' dir='ltr'>metaplysica</span> <span class='ocrx_word' id='word_1_188' title='bbox 584 1438 633 1463; x_wconf 88' lang='lat' dir='ltr'>est</span> <span class='ocrx_word' id='word_1_189' title='bbox 647 1432 761 1463; x_wconf 86' lang='lat' dir='ltr'>ultimo</span> <span class='ocrx_word' id='word_1_190' title='bbox 778 1432 852 1463; x_wconf 91' lang='lat' dir='ltr'>loco</span> <span class='ocrx_word' id='word_1_191' title='bbox 871 1431 1080 1463; x_wconf 78' lang='lat' dir='ltr'>addiscenda.</span> <span class='ocrx_word' id='word_1_192' title='bbox 1104 1431 1228 1463; x_wconf 84' lang='lat' dir='ltr'>Contra</span> <span class='ocrx_word' id='word_1_193' title='bbox 1243 1432 1308 1463; x_wconf 93' lang='lat' dir='ltr'>hoc</span> 
     </span>
     <span class='ocr_line' id='line_1_30' title="bbox 231 1476 1307 1519; baseline -0.004 -8"><span class='ocrx_word' id='word_1_194' title='bbox 231 1480 320 1511; x_wconf 84' lang='lat' dir='ltr'>enim</span> <span class='ocrx_word' id='word_1_195' title='bbox 355 1479 498 1519; x_wconf 82' lang='lat' dir='ltr'>arguitur</span> <span class='ocrx_word' id='word_1_196' title='bbox 533 1477 589 1508; x_wconf 91' lang='lat' dir='ltr'>sic.</span> <span class='ocrx_word' id='word_1_197' title='bbox 621 1477 744 1508; x_wconf 86' lang='lat' dir='ltr'>Primo.</span> <span class='ocrx_word' id='word_1_198' title='bbox 776 1476 998 1518; x_wconf 84' lang='lat' dir='ltr'>Metaphysica</span> <span class='ocrx_word' id='word_1_199' title='bbox 1019 1476 1144 1517; x_wconf 76' lang='lat' dir='ltr'>probat</span> <span class='ocrx_word' id='word_1_200' title='bbox 1164 1476 1307 1508; x_wconf 84' lang='lat' dir='ltr'>aliarum</span> 
     </span>
     <span class='ocr_line' id='line_1_31' title="bbox 230 1520 1307 1565; baseline -0.004 -9"><span class='ocrx_word' id='word_1_201' title='bbox 230 1523 442 1565; x_wconf 78' lang='lat' dir='ltr'>scientiarum</span> <span class='ocrx_word' id='word_1_202' title='bbox 468 1521 645 1563; x_wconf 79' lang='lat' dir='ltr'>principia,</span> <span class='ocrx_word' id='word_1_203' title='bbox 670 1527 707 1553; x_wconf 91' lang='lat' dir='ltr'>ut</span> <span class='ocrx_word' id='word_1_204' title='bbox 732 1522 840 1563; x_wconf 90' lang='lat' dir='ltr'>inquit</span> <span class='ocrx_word' id='word_1_205' title='bbox 867 1520 1004 1553; x_wconf 89' lang='lat' dir='ltr'>Sanctus</span> <span class='ocrx_word' id='word_1_206' title='bbox 1031 1521 1187 1558; x_wconf 84' lang='lat' dir='ltr'>Thomas¹</span> <span class='ocrx_word' id='word_1_207' title='bbox 1216 1522 1307 1552; x_wconf 84' lang='lat' dir='ltr'>Trin.</span> 
     </span>
    </p>
   </div>
   <div class='ocr_carea' id='block_1_6' title="bbox 135 1565 1310 1611">
    <p class='ocr_par' dir='ltr' id='par_1_9' title="bbox 135 1565 1310 1611">
     <span class='ocr_line' id='line_1_32' title="bbox 135 1565 1310 1611; baseline -0.003 -11"><span class='ocrx_word' id='word_1_208' title='bbox 135 1586 143 1599; x_wconf 70' lang='lat'><em>2</em></span> <span class='ocrx_word' id='word_1_209' title='bbox 196 1586 203 1599; x_wconf 85' lang='lat'>·</span> <span class='ocrx_word' id='word_1_210' title='bbox 231 1578 264 1611; x_wconf 90' lang='lat' dir='ltr'>q.</span> <span class='ocrx_word' id='word_1_211' title='bbox 275 1579 308 1607; x_wconf 65' lang='grc' dir='ltr'>τ,</span> <span class='ocrx_word' id='word_1_212' title='bbox 331 1578 360 1600; x_wconf 88' lang='lat' dir='ltr'>a.</span> <span class='ocrx_word' id='word_1_213' title='bbox 377 1576 412 1605; x_wconf 76' lang='grc'>1,·</span> <span class='ocrx_word' id='word_1_214' title='bbox 422 1566 463 1598; x_wconf 89' lang='lat' dir='ltr'>ad</span> <span class='ocrx_word' id='word_1_215' title='bbox 479 1567 541 1608; x_wconf 65' lang='lat'>9⁹.</span> <span class='ocrx_word' id='word_1_216' title='bbox 565 1566 654 1608; x_wconf 86' lang='lat' dir='ltr'>Ergo</span> <span class='ocrx_word' id='word_1_217' title='bbox 677 1566 755 1598; x_wconf 82' lang='lat' dir='ltr'>alias</span> <span class='ocrx_word' id='word_1_218' title='bbox 777 1566 927 1598; x_wconf 77' lang='lat' dir='ltr'>scientias</span> <span class='ocrx_word' id='word_1_219' title='bbox 950 1565 1047 1597; x_wconf 91' lang='lat' dir='ltr'>debet</span> <span class='ocrx_word' id='word_1_220' title='bbox 1065 1565 1269 1607; x_wconf 89' lang='lat' dir='ltr'>praecedere.</span> <span class='ocrx_word' id='word_1_221' title='bbox 1285 1585 1310 1589; x_wconf 95' lang='lat'><strong>—</strong></span> 
     </span>
    </p>
   </div>
   <div class='ocr_carea' id='block_1_7' title="bbox 230 1611 1310 1786">
    <p class='ocr_par' dir='ltr' id='par_1_10' title="bbox 230 1611 1309 1702">
     <span class='ocr_line' id='line_1_33' title="bbox 230 1611 1309 1653; baseline -0.004 -7"><span class='ocrx_word' id='word_1_222' title='bbox 230 1614 322 1646; x_wconf 86' lang='lat' dir='ltr'>Patet</span> <span class='ocrx_word' id='word_1_223' title='bbox 337 1611 584 1653; x_wconf 85' lang='lat' dir='ltr'>consequentia.</span> <span class='ocrx_word' id='word_1_224' title='bbox 601 1611 688 1650; x_wconf 88' lang='lat' dir='ltr'>Quia</span> <span class='ocrx_word' id='word_1_225' title='bbox 710 1616 779 1643; x_wconf 92' lang='lat' dir='ltr'>tota</span> <span class='ocrx_word' id='word_1_226' title='bbox 801 1611 935 1643; x_wconf 90' lang='lat' dir='ltr'>scientia</span> <span class='ocrx_word' id='word_1_227' title='bbox 949 1621 968 1642; x_wconf 87' lang='lat' dir='ltr'>a</span> <span class='ocrx_word' id='word_1_228' title='bbox 990 1611 1229 1653; x_wconf 88' lang='lat' dir='ltr'>principiorum</span> <span class='ocrx_word' id='word_1_229' title='bbox 1252 1621 1309 1642; x_wconf 92' lang='lat' dir='ltr'>co-</span> 
     </span>
     <span class='ocr_line' id='line_1_34' title="bbox 230 1655 574 1702; baseline -0.012 -11"><span class='ocrx_word' id='word_1_230' title='bbox 230 1659 379 1702; x_wconf 85' lang='lat' dir='ltr'>gnitione</span> <span class='ocrx_word' id='word_1_231' title='bbox 401 1655 574 1698; x_wconf 86' lang='lat' dir='ltr'>dependet.</span> 
     </span>
    </p>

    <p class='ocr_par' dir='ltr' id='par_1_11' title="bbox 231 1700 1310 1786">
     <span class='ocr_line' id='line_1_35' title="bbox 286 1700 1310 1742; baseline -0.003 -8"><span class='ocrx_word' id='word_1_232' title='bbox 286 1701 448 1735; x_wconf 78' lang='lat' dir='ltr'>Secundo.</span> <span class='ocrx_word' id='word_1_233' title='bbox 465 1701 687 1742; x_wconf 87' lang='lat' dir='ltr'>Metaphysica</span> <span class='ocrx_word' id='word_1_234' title='bbox 703 1700 850 1742; x_wconf 81' lang='lat' dir='ltr'>largitur</span> <span class='ocrx_word' id='word_1_235' title='bbox 859 1700 1026 1741; x_wconf 78' lang='lat' dir='ltr'>principia</span> <span class='ocrx_word' id='word_1_236' title='bbox 1042 1701 1192 1732; x_wconf 84' lang='lat' dir='ltr'>omnibus</span> <span class='ocrx_word' id='word_1_237' title='bbox 1206 1700 1310 1732; x_wconf 87' lang='lat' dir='ltr'>scien-</span> 
     </span>
     <span class='ocr_line' id='line_1_36' title="bbox 231 1745 1309 1786; baseline -0.005 -5"><span class='ocrx_word' id='word_1_238' title='bbox 231 1747 306 1781; x_wconf 79' lang='lat' dir='ltr'>tiis:</span> <span class='ocrx_word' id='word_1_239' title='bbox 327 1752 365 1779; x_wconf 89' lang='lat' dir='ltr'>ut</span> <span class='ocrx_word' id='word_1_240' title='bbox 391 1751 440 1778; x_wconf 88' lang='lat' dir='ltr'>est</span> <span class='ocrx_word' id='word_1_241' title='bbox 465 1745 506 1777; x_wconf 91' lang='lat' dir='ltr'>de</span> <span class='ocrx_word' id='word_1_242' title='bbox 528 1750 638 1777; x_wconf 89' lang='lat' dir='ltr'>mente</span> <span class='ocrx_word' id='word_1_243' title='bbox 668 1745 777 1777; x_wconf 91' lang='lat' dir='ltr'>Sancti</span> <span class='ocrx_word' id='word_1_244' title='bbox 807 1745 958 1776; x_wconf 89' lang='lat' dir='ltr'>Thomae</span> <span class='ocrx_word' id='word_1_245' title='bbox 984 1746 1018 1776; x_wconf 92' lang='lat' dir='ltr'>in</span> <span class='ocrx_word' id='word_1_246' title='bbox 1044 1745 1191 1786; x_wconf 91' lang='lat' dir='ltr'>pluribus</span> <span class='ocrx_word' id='word_1_247' title='bbox 1218 1746 1309 1782; x_wconf 91' lang='lat' dir='ltr'>locis,</span> 
     </span>
    </p>
   </div>
   <div class='ocr_carea' id='block_1_8' title="bbox 196 1788 1311 1836">
    <p class='ocr_par' dir='ltr' id='par_1_12' title="bbox 196 1788 1311 1836">
     <span class='ocr_line' id='line_1_37' title="bbox 196 1788 1311 1836; baseline -0.002 -12"><span class='ocrx_word' id='word_1_248' title='bbox 196 1812 203 1823; x_wconf 77' lang='grc'>,</span> <span class='ocrx_word' id='word_1_249' title='bbox 230 1792 419 1836; x_wconf 80' lang='lat' dir='ltr'>praesertim</span> <span class='ocrx_word' id='word_1_250' title='bbox 445 1791 548 1827; x_wconf 72' lang='lat' dir='ltr'>Trin„</span> <span class='ocrx_word' id='word_1_251' title='bbox 565 1799 597 1831; x_wconf 90' lang='lat' dir='ltr'>q.</span> <span class='ocrx_word' id='word_1_252' title='bbox 610 1799 654 1827; x_wconf 87' lang='lat' dir='ltr'>vr,</span> <span class='ocrx_word' id='word_1_253' title='bbox 671 1800 699 1821; x_wconf 88' lang='lat' dir='ltr'>a.</span> <span class='ocrx_word' id='word_1_254' title='bbox 721 1798 748 1826; x_wconf 80' lang='grc' dir='ltr'>ι,</span> <span class='ocrx_word' id='word_1_255' title='bbox 765 1788 826 1831; x_wconf 84' lang='lat' dir='ltr'>qu⁸</span> <span class='ocrx_word' id='word_1_256' title='bbox 842 1789 860 1821; x_wconf 84' lang='lat'><strong>3</strong></span> <span class='ocrx_word' id='word_1_257' title='bbox 873 1790 901 1820; x_wconf 65' lang='lat'>⁹.</span> <span class='ocrx_word' id='word_1_258' title='bbox 926 1789 1013 1830; x_wconf 90' lang='lat' dir='ltr'>Ergo</span> <span class='ocrx_word' id='word_1_259' title='bbox 1037 1795 1098 1821; x_wconf 92' lang='lat' dir='ltr'>etc.</span> <span class='ocrx_word' id='word_1_260' title='bbox 1114 1808 1138 1813; x_wconf 90' lang='lat'>-</span> <span class='ocrx_word' id='word_1_261' title='bbox 1152 1790 1311 1822; x_wconf 86' lang='lat' dir='ltr'>Probatur</span> 
     </span>
    </p>
   </div>
   <div class='ocr_carea' id='block_1_9' title="bbox 231 1834 1312 2144">
    <p class='ocr_par' dir='ltr' id='par_1_13' title="bbox 231 1834 1312 2144">
     <span class='ocr_line' id='line_1_38' title="bbox 231 1834 1310 1879; baseline -0.005 -8"><span class='ocrx_word' id='word_1_262' title='bbox 231 1837 476 1879; x_wconf 73' lang='lat' dir='ltr'>consequentia.</span> <span class='ocrx_word' id='word_1_263' title='bbox 503 1835 591 1874; x_wconf 88' lang='lat' dir='ltr'>Quia</span> <span class='ocrx_word' id='word_1_264' title='bbox 617 1844 656 1866; x_wconf 92' lang='lat' dir='ltr'>ea</span> <span class='ocrx_word' id='word_1_265' title='bbox 681 1844 767 1876; x_wconf 90' lang='lat' dir='ltr'>quae</span> <span class='ocrx_word' id='word_1_266' title='bbox 789 1834 831 1866; x_wconf 84' lang='lat' dir='ltr'>ad</span> <span class='ocrx_word' id='word_1_267' title='bbox 854 1835 1110 1876; x_wconf 86' lang='lat' dir='ltr'>metaphysicam</span> <span class='ocrx_word' id='word_1_268' title='bbox 1137 1836 1310 1876; x_wconf 85' lang='lat' dir='ltr'>pertinent,</span> 
     </span>
     <span class='ocr_line' id='line_1_39' title="bbox 231 1879 1311 1924; baseline -0.004 -9"><span class='ocrx_word' id='word_1_269' title='bbox 231 1892 301 1916; x_wconf 80' lang='lat' dir='ltr'>non</span> <span class='ocrx_word' id='word_1_270' title='bbox 329 1885 469 1924; x_wconf 83' lang='lat' dir='ltr'>possunt</span> <span class='ocrx_word' id='word_1_271' title='bbox 490 1881 553 1912; x_wconf 87' lang='lat' dir='ltr'>nisi</span> <span class='ocrx_word' id='word_1_272' title='bbox 581 1889 642 1921; x_wconf 93' lang='lat' dir='ltr'>per</span> <span class='ocrx_word' id='word_1_273' title='bbox 669 1879 926 1921; x_wconf 87' lang='lat' dir='ltr'>metaphysicam</span> <span class='ocrx_word' id='word_1_274' title='bbox 956 1880 1040 1911; x_wconf 88' lang='lat' dir='ltr'>sciri.</span> <span class='ocrx_word' id='word_1_275' title='bbox 1064 1879 1099 1912; x_wconf 93' lang='lat' dir='ltr'>Si</span> <span class='ocrx_word' id='word_1_276' title='bbox 1122 1889 1200 1921; x_wconf 92' lang='lat' dir='ltr'>ergo</span> <span class='ocrx_word' id='word_1_277' title='bbox 1230 1880 1311 1911; x_wconf 88' lang='lat' dir='ltr'>aliae</span> 
     </span>
     <span class='ocr_line' id='line_1_40' title="bbox 231 1925 1309 1966; baseline -0.005 -5"><span class='ocrx_word' id='word_1_278' title='bbox 231 1927 385 1962; x_wconf 60' lang='lat' dir='ltr'>seientia</span> <span class='ocrx_word' id='word_1_279' title='bbox 407 1930 546 1957; x_wconf 88' lang='lat' dir='ltr'>utuntur</span> <span class='ocrx_word' id='word_1_280' title='bbox 574 1925 743 1966; x_wconf 82' lang='lat' dir='ltr'>principiis</span> <span class='ocrx_word' id='word_1_281' title='bbox 769 1933 854 1966; x_wconf 91' lang='lat' dir='ltr'>quae</span> <span class='ocrx_word' id='word_1_282' title='bbox 880 1929 957 1956; x_wconf 88' lang='lat' dir='ltr'>sunt</span> <span class='ocrx_word' id='word_1_283' title='bbox 985 1925 1118 1966; x_wconf 85' lang='lat' dir='ltr'>propria</span> <span class='ocrx_word' id='word_1_284' title='bbox 1140 1925 1309 1966; x_wconf 87' lang='lat' dir='ltr'>metaphy-</span> 
     </span>
     <span class='ocr_line' id='line_1_41' title="bbox 232 1969 1311 2021; baseline -0.002 -18"><span class='ocrx_word' id='word_1_285' title='bbox 232 1974 330 2009; x_wconf 68' lang='lat' dir='ltr'>sicae,</span> <span class='ocrx_word' id='word_1_286' title='bbox 360 1980 439 2012; x_wconf 83' lang='lat' dir='ltr'>ergo</span> <span class='ocrx_word' id='word_1_287' title='bbox 471 1974 603 2021; x_wconf 75' lang='lat' dir='ltr'>oportet</span> <span class='ocrx_word' id='word_1_288' title='bbox 632 1969 666 2000; x_wconf 90' lang='lat' dir='ltr'>in</span> <span class='ocrx_word' id='word_1_289' title='bbox 697 1970 852 2001; x_wconf 82' lang='lat' dir='ltr'>omnibus</span> <span class='ocrx_word' id='word_1_290' title='bbox 882 1969 1024 2000; x_wconf 85' lang='lat' dir='ltr'>scientiis</span> <span class='ocrx_word' id='word_1_291' title='bbox 1054 1970 1311 2012; x_wconf 88' lang='lat' dir='ltr'>metaphysicam</span> 
     </span>
     <span class='ocr_line' id='line_1_42' title="bbox 231 2013 1310 2068; baseline -0.003 -20"><span class='ocrx_word' id='word_1_292' title='bbox 231 2015 476 2068; x_wconf 71' lang='lat' dir='ltr'>includiveluti</span> <span class='ocrx_word' id='word_1_293' title='bbox 499 2023 652 2056; x_wconf 79' lang='lat' dir='ltr'>priorem.</span> <span class='ocrx_word' id='word_1_294' title='bbox 677 2013 719 2045; x_wconf 85' lang='lat' dir='ltr'>Et</span> <span class='ocrx_word' id='word_1_295' title='bbox 737 2023 796 2055; x_wconf 89' lang='lat' dir='ltr'>per</span> <span class='ocrx_word' id='word_1_296' title='bbox 819 2023 1026 2055; x_wconf 92' lang='lat' dir='ltr'>consequens</span> <span class='ocrx_word' id='word_1_297' title='bbox 1049 2020 1180 2056; x_wconf 86' lang='lat' dir='ltr'>oportet</span> <span class='ocrx_word' id='word_1_298' title='bbox 1203 2015 1310 2056; x_wconf 90' lang='lat' dir='ltr'>primo</span> 
     </span>
     <span class='ocr_line' id='line_1_43' title="bbox 233 2059 1312 2144; baseline -0.003 -7"><span class='ocrx_word' id='word_1_299' title='bbox 233 2059 660 2137; x_wconf 37' lang='lat' dir='ltr'>ennl&#39;srqtidffcgniiotioribus</span> <span class='ocrx_word' id='word_1_300' title='bbox 673 2103 770 2134; x_wconf 88' lang='lat' dir='ltr'>nobis</span> <span class='ocrx_word' id='word_1_301' title='bbox 786 2111 915 2143; x_wconf 88' lang='lat' dir='ltr'>semper</span> <span class='ocrx_word' id='word_1_302' title='bbox 930 2108 978 2134; x_wconf 89' lang='lat' dir='ltr'>est</span> <span class='ocrx_word' id='word_1_303' title='bbox 1000 2102 1258 2144; x_wconf 88' lang='lat' dir='ltr'>procedendum,</span> <span class='ocrx_word' id='word_1_304' title='bbox 1274 2108 1312 2135; x_wconf 92' lang='lat' dir='ltr'>ut</span> 
     </span>
    </p>
   </div>
   <div class='ocr_carea' id='block_1_10' title="bbox 188 2146 1312 2190">
    <p class='ocr_par' dir='ltr' id='par_1_14' title="bbox 188 2146 1312 2190">
     <span class='ocr_line' id='line_1_44' title="bbox 188 2146 1312 2190; baseline 0.002 -12"><span class='ocrx_word' id='word_1_305' title='bbox 188 2158 204 2178; x_wconf 82' lang='lat'>-=</span> <span class='ocrx_word' id='word_1_306' title='bbox 233 2149 376 2184; x_wconf 65' lang='lat' dir='ltr'>ostendit</span> <span class='ocrx_word' id='word_1_307' title='bbox 397 2148 629 2189; x_wconf 86' lang='lat' dir='ltr'>Philosophus,</span> <span class='ocrx_word' id='word_1_308' title='bbox 650 2147 663 2178; x_wconf 92' lang='lat'>1</span> <span class='ocrx_word' id='word_1_309' title='bbox 679 2147 904 2178; x_wconf 76' lang='lat' dir='ltr'>Foster-iorum</span> <span class='ocrx_word' id='word_1_310' title='bbox 916 2148 943 2178; x_wconf 74' lang='lat'>*.</span> <span class='ocrx_word' id='word_1_311' title='bbox 967 2146 1033 2179; x_wconf 89' lang='lat' dir='ltr'>Sed</span> <span class='ocrx_word' id='word_1_312' title='bbox 1047 2149 1207 2189; x_wconf 89' lang='lat' dir='ltr'>principia</span> <span class='ocrx_word' id='word_1_313' title='bbox 1227 2158 1312 2190; x_wconf 86' lang='lat' dir='ltr'>quae</span> 
     </span>
    </p>
   </div>
   <div class='ocr_carea' id='block_1_11' title="bbox 229 2192 1314 3710">
    <p class='ocr_par' dir='ltr' id='par_1_15' title="bbox 232 2192 1312 2329">
     <span class='ocr_line' id='line_1_45' title="bbox 232 2192 1312 2236; baseline -0.004 -7"><span class='ocrx_word' id='word_1_314' title='bbox 232 2201 310 2229; x_wconf 89' lang='lat' dir='ltr'>sunt</span> <span class='ocrx_word' id='word_1_315' title='bbox 334 2194 468 2236; x_wconf 89' lang='lat' dir='ltr'>propria</span> <span class='ocrx_word' id='word_1_316' title='bbox 496 2192 749 2234; x_wconf 88' lang='lat' dir='ltr'>metaphysicae,</span> <span class='ocrx_word' id='word_1_317' title='bbox 773 2197 850 2223; x_wconf 90' lang='lat' dir='ltr'>sunt</span> <span class='ocrx_word' id='word_1_318' title='bbox 878 2192 974 2223; x_wconf 90' lang='lat' dir='ltr'>nobis</span> <span class='ocrx_word' id='word_1_319' title='bbox 996 2193 1127 2224; x_wconf 89' lang='lat' dir='ltr'>notiora</span> <span class='ocrx_word' id='word_1_320' title='bbox 1156 2193 1312 2225; x_wconf 89' lang='lat' dir='ltr'>omnibus</span> 
     </span>
     <span class='ocr_line' id='line_1_46' title="bbox 233 2237 1312 2284; baseline -0.003 -12"><span class='ocrx_word' id='word_1_321' title='bbox 233 2249 318 2284; x_wconf 84' lang='lat' dir='ltr'>quae</span> <span class='ocrx_word' id='word_1_322' title='bbox 339 2238 511 2271; x_wconf 85' lang='lat' dir='ltr'>traduntur</span> <span class='ocrx_word' id='word_1_323' title='bbox 533 2238 568 2268; x_wconf 93' lang='lat' dir='ltr'>in</span> <span class='ocrx_word' id='word_1_324' title='bbox 590 2237 742 2268; x_wconf 89' lang='lat' dir='ltr'>scientiis.</span> <span class='ocrx_word' id='word_1_325' title='bbox 766 2237 854 2278; x_wconf 85' lang='lat' dir='ltr'>Ergo</span> <span class='ocrx_word' id='word_1_326' title='bbox 870 2237 910 2267; x_wconf 89' lang='lat' dir='ltr'>ab</span> <span class='ocrx_word' id='word_1_327' title='bbox 925 2237 964 2268; x_wconf 90' lang='lat' dir='ltr'>iis</span> <span class='ocrx_word' id='word_1_328' title='bbox 979 2243 1090 2269; x_wconf 89' lang='lat' dir='ltr'>nostra</span> <span class='ocrx_word' id='word_1_329' title='bbox 1113 2237 1209 2270; x_wconf 90' lang='lat' dir='ltr'>debet</span> <span class='ocrx_word' id='word_1_330' title='bbox 1231 2238 1312 2269; x_wconf 91' lang='lat' dir='ltr'>inci-</span> 
     </span>
     <span class='ocr_line' id='line_1_47' title="bbox 232 2281 1274 2329; baseline -0.004 -12"><span class='ocrx_word' id='word_1_331' title='bbox 232 2294 310 2329; x_wconf 83' lang='lat' dir='ltr'>pere</span> <span class='ocrx_word' id='word_1_332' title='bbox 332 2283 489 2326; x_wconf 76' lang='lat' dir='ltr'>cognitio.</span> <span class='ocrx_word' id='word_1_333' title='bbox 514 2282 600 2323; x_wconf 82' lang='lat' dir='ltr'>Ergo</span> <span class='ocrx_word' id='word_1_334' title='bbox 624 2281 845 2323; x_wconf 88' lang='lat' dir='ltr'>metaphysica</span> <span class='ocrx_word' id='word_1_335' title='bbox 868 2286 916 2312; x_wconf 91' lang='lat' dir='ltr'>est</span> <span class='ocrx_word' id='word_1_336' title='bbox 938 2282 1045 2323; x_wconf 87' lang='lat' dir='ltr'>primo</span> <span class='ocrx_word' id='word_1_337' title='bbox 1069 2281 1274 2314; x_wconf 90' lang='lat' dir='ltr'>addiscenda.</span> 
     </span>
    </p>

    <p class='ocr_par' dir='ltr' id='par_1_16' title="bbox 229 2325 1314 2721">
     <span class='ocr_line' id='line_1_48' title="bbox 287 2325 1314 2368; baseline -0.002 -8"><span class='ocrx_word' id='word_1_338' title='bbox 287 2328 343 2360; x_wconf 88' lang='lat' dir='ltr'>VI.</span> <span class='ocrx_word' id='word_1_339' title='bbox 367 2326 557 2360; x_wconf 88' lang='lat' dir='ltr'>Secundum</span> <span class='ocrx_word' id='word_1_340' title='bbox 580 2325 747 2357; x_wconf 79' lang='lat' dir='ltr'>dubium·</span> <span class='ocrx_word' id='word_1_341' title='bbox 767 2331 816 2357; x_wconf 91' lang='lat' dir='ltr'>est</span> <span class='ocrx_word' id='word_1_342' title='bbox 829 2326 915 2357; x_wconf 89' lang='lat' dir='ltr'>circa</span> <span class='ocrx_word' id='word_1_343' title='bbox 936 2325 1028 2363; x_wconf 87' lang='lat' dir='ltr'>illud,</span> <span class='ocrx_word' id='word_1_344' title='bbox 1053 2326 1144 2368; x_wconf 90' lang='lat' dir='ltr'>quod</span> <span class='ocrx_word' id='word_1_345' title='bbox 1161 2327 1314 2368; x_wconf 80' lang='lat' dir='ltr'>plerique</span> 
     </span>
     <span class='ocr_line' id='line_1_49' title="bbox 229 2371 1314 2418; baseline -0.005 -11"><span class='ocrx_word' id='word_1_346' title='bbox 229 2378 368 2418; x_wconf 75' lang='lat' dir='ltr'>propter</span> <span class='ocrx_word' id='word_1_347' title='bbox 388 2373 533 2404; x_wconf 82' lang='lat' dir='ltr'>laborem</span> <span class='ocrx_word' id='word_1_348' title='bbox 557 2376 588 2402; x_wconf 89' lang='lat' dir='ltr'>et</span> <span class='ocrx_word' id='word_1_349' title='bbox 611 2371 777 2402; x_wconf 83' lang='lat' dir='ltr'>tristitiam</span> <span class='ocrx_word' id='word_1_350' title='bbox 801 2371 1017 2402; x_wconf 71' lang='lat' dir='ltr'>retrahuntur</span> <span class='ocrx_word' id='word_1_351' title='bbox 1038 2373 1080 2403; x_wconf 80' lang='lat' dir='ltr'>ab</span> <span class='ocrx_word' id='word_1_352' title='bbox 1104 2372 1314 2413; x_wconf 83' lang='lat' dir='ltr'>inquisitione</span> 
     </span>
     <span class='ocr_line' id='line_1_50' title="bbox 233 2415 1312 2456; baseline -0.004 -3"><span class='ocrx_word' id='word_1_353' title='bbox 233 2418 391 2453; x_wconf 70' lang='lat' dir='ltr'>ueritatis.</span> <span class='ocrx_word' id='word_1_354' title='bbox 416 2417 541 2450; x_wconf 85' lang='lat' dir='ltr'>Contra</span> <span class='ocrx_word' id='word_1_355' title='bbox 561 2417 650 2447; x_wconf 91' lang='lat' dir='ltr'>enim</span> <span class='ocrx_word' id='word_1_356' title='bbox 672 2417 826 2456; x_wconf 85' lang='lat' dir='ltr'>arguitur.</span> <span class='ocrx_word' id='word_1_357' title='bbox 850 2415 927 2447; x_wconf 90' lang='lat' dir='ltr'>Non</span> <span class='ocrx_word' id='word_1_358' title='bbox 950 2417 1060 2448; x_wconf 89' lang='lat' dir='ltr'>minor</span> <span class='ocrx_word' id='word_1_359' title='bbox 1079 2422 1127 2448; x_wconf 90' lang='lat' dir='ltr'>est</span> <span class='ocrx_word' id='word_1_360' title='bbox 1143 2417 1312 2449; x_wconf 84' lang='lat' dir='ltr'>inclinatio</span> 
     </span>
     <span class='ocr_line' id='line_1_51' title="bbox 233 2460 1314 2504; baseline -0.004 -7"><span class='ocrx_word' id='word_1_361' title='bbox 233 2470 368 2498; x_wconf 69' lang='lat' dir='ltr'>natiuae</span> <span class='ocrx_word' id='word_1_362' title='bbox 391 2471 492 2504; x_wconf 87' lang='lat' dir='ltr'>quam</span> <span class='ocrx_word' id='word_1_363' title='bbox 515 2461 653 2492; x_wconf 87' lang='lat' dir='ltr'>habitus.</span> <span class='ocrx_word' id='word_1_364' title='bbox 677 2460 742 2492; x_wconf 92' lang='lat' dir='ltr'>Sed</span> <span class='ocrx_word' id='word_1_365' title='bbox 763 2460 892 2492; x_wconf 89' lang='lat' dir='ltr'>habitus</span> <span class='ocrx_word' id='word_1_366' title='bbox 916 2460 992 2492; x_wconf 85' lang='lat' dir='ltr'>facit</span> <span class='ocrx_word' id='word_1_367' title='bbox 1011 2462 1046 2493; x_wconf 92' lang='lat' dir='ltr'>in</span> <span class='ocrx_word' id='word_1_368' title='bbox 1068 2462 1223 2503; x_wconf 90' lang='lat' dir='ltr'>operibus</span> <span class='ocrx_word' id='word_1_369' title='bbox 1246 2462 1314 2493; x_wconf 86' lang='lat' dir='ltr'>suis</span> 
     </span>
     <span class='ocr_line' id='line_1_52' title="bbox 233 2505 1312 2548; baseline -0.003 -8"><span class='ocrx_word' id='word_1_370' title='bbox 233 2509 422 2543; x_wconf 79' lang='lat' dir='ltr'>facilitatem</span> <span class='ocrx_word' id='word_1_371' title='bbox 451 2512 484 2538; x_wconf 89' lang='lat' dir='ltr'>et</span> <span class='ocrx_word' id='word_1_372' title='bbox 510 2505 772 2542; x_wconf 89' lang='lat' dir='ltr'>delectationem,</span> <span class='ocrx_word' id='word_1_373' title='bbox 802 2510 840 2536; x_wconf 91' lang='lat' dir='ltr'>ut</span> <span class='ocrx_word' id='word_1_374' title='bbox 869 2505 988 2537; x_wconf 90' lang='lat' dir='ltr'>dicitur</span> <span class='ocrx_word' id='word_1_375' title='bbox 1016 2506 1044 2537; x_wconf 88' lang='lat'>11</span> <span class='ocrx_word' id='word_1_376' title='bbox 1067 2506 1200 2539; x_wconf 62' lang='lat' dir='ltr'>Ertaia*</span> <span class='ocrx_word' id='word_1_377' title='bbox 1224 2506 1312 2548; x_wconf 88' lang='lat' dir='ltr'>Ergo</span> 
     </span>
     <span class='ocr_line' id='line_1_53' title="bbox 234 2550 1313 2592; baseline -0.005 -5"><span class='ocrx_word' id='word_1_378' title='bbox 234 2560 268 2587; x_wconf 90' lang='lat' dir='ltr'>et</span> <span class='ocrx_word' id='word_1_379' title='bbox 289 2558 413 2586; x_wconf 84' lang='lat' dir='ltr'>natura.</span> <span class='ocrx_word' id='word_1_380' title='bbox 445 2551 480 2583; x_wconf 92' lang='lat' dir='ltr'>Si</span> <span class='ocrx_word' id='word_1_381' title='bbox 507 2551 605 2592; x_wconf 85' lang='lat' dir='ltr'>igitur</span> <span class='ocrx_word' id='word_1_382' title='bbox 631 2550 784 2581; x_wconf 88' lang='lat' dir='ltr'>homines</span> <span class='ocrx_word' id='word_1_383' title='bbox 809 2550 998 2582; x_wconf 86' lang='lat' dir='ltr'>naturaliter</span> <span class='ocrx_word' id='word_1_384' title='bbox 1027 2551 1062 2582; x_wconf 91' lang='lat' dir='ltr'>in</span> <span class='ocrx_word' id='word_1_385' title='bbox 1089 2551 1257 2582; x_wconf 88' lang='lat' dir='ltr'>scientiam</span> <span class='ocrx_word' id='word_1_386' title='bbox 1281 2556 1313 2582; x_wconf 91' lang='lat' dir='ltr'>et</span> 
     </span>
     <span class='ocr_line' id='line_1_54' title="bbox 234 2595 1313 2640; baseline -0.004 -9"><span class='ocrx_word' id='word_1_387' title='bbox 234 2598 458 2640; x_wconf 88' lang='lat' dir='ltr'>cognitionem</span> <span class='ocrx_word' id='word_1_388' title='bbox 479 2595 687 2632; x_wconf 89' lang='lat' dir='ltr'>inclinantur,</span> <span class='ocrx_word' id='word_1_389' title='bbox 710 2595 771 2626; x_wconf 90' lang='lat' dir='ltr'>erit</span> <span class='ocrx_word' id='word_1_390' title='bbox 792 2595 965 2636; x_wconf 90' lang='lat' dir='ltr'>acquisitio</span> <span class='ocrx_word' id='word_1_391' title='bbox 988 2596 1140 2627; x_wconf 90' lang='lat' dir='ltr'>scientiae</span> <span class='ocrx_word' id='word_1_392' title='bbox 1163 2595 1264 2627; x_wconf 87' lang='lat' dir='ltr'>facilis</span> <span class='ocrx_word' id='word_1_393' title='bbox 1281 2602 1313 2627; x_wconf 93' lang='lat' dir='ltr'>et</span> 
     </span>
     <span class='ocr_line' id='line_1_55' title="bbox 234 2640 1312 2682; baseline -0.005 -5"><span class='ocrx_word' id='word_1_394' title='bbox 234 2642 442 2677; x_wconf 82' lang='lat' dir='ltr'>delectabilis.</span> <span class='ocrx_word' id='word_1_395' title='bbox 467 2641 555 2681; x_wconf 90' lang='lat' dir='ltr'>Ergo</span> <span class='ocrx_word' id='word_1_396' title='bbox 578 2640 689 2671; x_wconf 90' lang='lat' dir='ltr'>nullus</span> <span class='ocrx_word' id='word_1_397' title='bbox 711 2640 751 2670; x_wconf 91' lang='lat' dir='ltr'>ab</span> <span class='ocrx_word' id='word_1_398' title='bbox 784 2649 822 2670; x_wconf 92' lang='lat' dir='ltr'>ea</span> <span class='ocrx_word' id='word_1_399' title='bbox 844 2646 979 2681; x_wconf 90' lang='lat' dir='ltr'>propter</span> <span class='ocrx_word' id='word_1_400' title='bbox 1002 2641 1165 2682; x_wconf 84' lang='lat' dir='ltr'>pigritiam</span> <span class='ocrx_word' id='word_1_401' title='bbox 1189 2647 1244 2672; x_wconf 88' lang='lat' dir='ltr'>aut</span> <span class='ocrx_word' id='word_1_402' title='bbox 1267 2641 1312 2672; x_wconf 92' lang='lat' dir='ltr'>la-</span> 
     </span>
     <span class='ocr_line' id='line_1_56' title="bbox 233 2686 553 2721; baseline -0.016 0"><span class='ocrx_word' id='word_1_403' title='bbox 233 2691 350 2721; x_wconf 88' lang='lat' dir='ltr'>borem</span> <span class='ocrx_word' id='word_1_404' title='bbox 372 2686 553 2719; x_wconf 88' lang='lat' dir='ltr'>retrahitur.</span> 
     </span>
    </p>

    <p class='ocr_par' dir='ltr' id='par_1_17' title="bbox 233 2729 1312 3265">
     <span class='ocr_line' id='line_1_57' title="bbox 290 2729 1312 2770; baseline -0.003 -6"><span class='ocrx_word' id='word_1_405' title='bbox 290 2732 360 2764; x_wconf 84' lang='lat' dir='ltr'>vn.</span> <span class='ocrx_word' id='word_1_406' title='bbox 384 2731 438 2763; x_wconf 90' lang='lat' dir='ltr'>Ad</span> <span class='ocrx_word' id='word_1_407' title='bbox 467 2730 663 2762; x_wconf 84' lang='lat' dir='ltr'>evidentiam</span> <span class='ocrx_word' id='word_1_408' title='bbox 686 2730 783 2770; x_wconf 92' lang='lat' dir='ltr'>primi</span> <span class='ocrx_word' id='word_1_409' title='bbox 806 2729 896 2760; x_wconf 91' lang='lat' dir='ltr'>dubii</span> <span class='ocrx_word' id='word_1_410' title='bbox 911 2731 939 2766; x_wconf 80' lang='lat'>*,</span> <span class='ocrx_word' id='word_1_411' title='bbox 964 2730 1236 2762; x_wconf 89' lang='lat' dir='ltr'>considerandum</span> <span class='ocrx_word' id='word_1_412' title='bbox 1264 2736 1312 2761; x_wconf 91' lang='lat' dir='ltr'>est</span> 
     </span>
     <span class='ocr_line' id='line_1_58' title="bbox 236 2774 1311 2821; baseline -0.004 -11"><span class='ocrx_word' id='word_1_413' title='bbox 236 2780 355 2821; x_wconf 90' lang='lat' dir='ltr'>primo,</span> <span class='ocrx_word' id='word_1_414' title='bbox 372 2775 463 2818; x_wconf 93' lang='lat' dir='ltr'>quod</span> <span class='ocrx_word' id='word_1_415' title='bbox 479 2775 638 2817; x_wconf 88' lang='lat' dir='ltr'>principia</span> <span class='ocrx_word' id='word_1_416' title='bbox 651 2774 756 2815; x_wconf 87' lang='lat' dir='ltr'>prima</span> <span class='ocrx_word' id='word_1_417' title='bbox 779 2780 811 2806; x_wconf 91' lang='lat' dir='ltr'>et</span> <span class='ocrx_word' id='word_1_418' title='bbox 833 2775 1026 2806; x_wconf 87' lang='lat' dir='ltr'>universalia</span> <span class='ocrx_word' id='word_1_419' title='bbox 1041 2776 1192 2806; x_wconf 91' lang='lat' dir='ltr'>omnium</span> <span class='ocrx_word' id='word_1_420' title='bbox 1208 2775 1311 2806; x_wconf 88' lang='lat' dir='ltr'>scien-</span> 
     </span>
     <span class='ocr_line' id='line_1_59' title="bbox 233 2819 1311 2863; baseline -0.006 -7"><span class='ocrx_word' id='word_1_421' title='bbox 233 2825 353 2856; x_wconf 84' lang='lat' dir='ltr'>tiarum</span> <span class='ocrx_word' id='word_1_422' title='bbox 368 2821 540 2863; x_wconf 89' lang='lat' dir='ltr'>dupliciter</span> <span class='ocrx_word' id='word_1_423' title='bbox 555 2819 752 2851; x_wconf 89' lang='lat' dir='ltr'>considerari</span> <span class='ocrx_word' id='word_1_424' title='bbox 766 2824 919 2860; x_wconf 88' lang='lat' dir='ltr'>possunt:</span> <span class='ocrx_word' id='word_1_425' title='bbox 936 2830 1005 2851; x_wconf 91' lang='lat' dir='ltr'>uno</span> <span class='ocrx_word' id='word_1_426' title='bbox 1020 2820 1134 2856; x_wconf 84' lang='lat' dir='ltr'>modo,</span> <span class='ocrx_word' id='word_1_427' title='bbox 1151 2825 1311 2861; x_wconf 90' lang='lat' dir='ltr'>quantum</span> 
     </span>
     <span class='ocr_line' id='line_1_60' title="bbox 234 2864 1311 2905; baseline 0 -10"><span class='ocrx_word' id='word_1_428' title='bbox 234 2868 276 2900; x_wconf 76' lang='lat' dir='ltr'>ad</span> <span class='ocrx_word' id='word_1_429' title='bbox 291 2877 407 2900; x_wconf 83' lang='lat' dir='ltr'>eorum</span> <span class='ocrx_word' id='word_1_430' title='bbox 422 2866 589 2897; x_wconf 89' lang='lat' dir='ltr'>veritatem</span> <span class='ocrx_word' id='word_1_431' title='bbox 605 2864 768 2900; x_wconf 90' lang='lat' dir='ltr'>absolute;</span> <span class='ocrx_word' id='word_1_432' title='bbox 785 2864 850 2894; x_wconf 92' lang='lat' dir='ltr'>alio</span> <span class='ocrx_word' id='word_1_433' title='bbox 866 2864 979 2901; x_wconf 91' lang='lat' dir='ltr'>modo,</span> <span class='ocrx_word' id='word_1_434' title='bbox 997 2871 1157 2905; x_wconf 88' lang='lat' dir='ltr'>quantum</span> <span class='ocrx_word' id='word_1_435' title='bbox 1172 2864 1212 2895; x_wconf 92' lang='lat' dir='ltr'>ad</span> <span class='ocrx_word' id='word_1_436' title='bbox 1228 2865 1311 2896; x_wconf 92' lang='lat' dir='ltr'>iudi—</span> 
     </span>
     <span class='ocr_line' id='line_1_61' title="bbox 235 2908 1310 2952; baseline -0.005 -7"><span class='ocrx_word' id='word_1_437' title='bbox 235 2914 324 2945; x_wconf 85' lang='lat' dir='ltr'>cium</span> <span class='ocrx_word' id='word_1_438' title='bbox 346 2911 387 2943; x_wconf 85' lang='lat' dir='ltr'>de</span> <span class='ocrx_word' id='word_1_439' title='bbox 411 2911 489 2952; x_wconf 91' lang='lat' dir='ltr'>ipsis</span> <span class='ocrx_word' id='word_1_440' title='bbox 513 2915 545 2941; x_wconf 91' lang='lat' dir='ltr'>et</span> <span class='ocrx_word' id='word_1_441' title='bbox 576 2908 802 2940; x_wconf 90' lang='lat' dir='ltr'>defensionem</span> <span class='ocrx_word' id='word_1_442' title='bbox 832 2909 872 2939; x_wconf 92' lang='lat' dir='ltr'>ab</span> <span class='ocrx_word' id='word_1_443' title='bbox 895 2910 1173 2951; x_wconf 88' lang='lat' dir='ltr'>impugnantibus.</span> <span class='ocrx_word' id='word_1_444' title='bbox 1199 2910 1310 2940; x_wconf 90' lang='lat' dir='ltr'>Primo</span> 
     </span>
     <span class='ocr_line' id='line_1_62' title="bbox 233 2953 1311 2998; baseline -0.004 -9"><span class='ocrx_word' id='word_1_445' title='bbox 233 2957 336 2990; x_wconf 89' lang='lat' dir='ltr'>modo</span> <span class='ocrx_word' id='word_1_446' title='bbox 359 2956 523 2998; x_wconf 90' lang='lat' dir='ltr'>pertinent</span> <span class='ocrx_word' id='word_1_447' title='bbox 539 2953 580 2985; x_wconf 93' lang='lat' dir='ltr'>ad</span> <span class='ocrx_word' id='word_1_448' title='bbox 595 2953 742 2984; x_wconf 89' lang='lat' dir='ltr'>habitum</span> <span class='ocrx_word' id='word_1_449' title='bbox 757 2962 863 2983; x_wconf 91' lang='lat' dir='ltr'>unum</span> <span class='ocrx_word' id='word_1_450' title='bbox 878 2963 937 2994; x_wconf 88' lang='lat' dir='ltr'>per</span> <span class='ocrx_word' id='word_1_451' title='bbox 959 2964 994 2985; x_wconf 90' lang='lat' dir='ltr'>se</span> <span class='ocrx_word' id='word_1_452' title='bbox 1011 2955 1068 2995; x_wconf 91' lang='lat' dir='ltr'>qui</span> <span class='ocrx_word' id='word_1_453' title='bbox 1084 2954 1202 2985; x_wconf 90' lang='lat' dir='ltr'>dicitur</span> <span class='ocrx_word' id='word_1_454' title='bbox 1217 2955 1311 2985; x_wconf 88' lang='lat' dir='ltr'>intel-</span> 
     </span>
     <span class='ocr_line' id='line_1_63' title="bbox 235 2997 1311 3041; baseline -0.004 -7"><span class='ocrx_word' id='word_1_455' title='bbox 235 3003 346 3037; x_wconf 87' lang='lat' dir='ltr'>lectus,</span> <span class='ocrx_word' id='word_1_456' title='bbox 372 3009 472 3041; x_wconf 91' lang='lat' dir='ltr'>quem</span> <span class='ocrx_word' id='word_1_457' title='bbox 497 2998 698 3034; x_wconf 88' lang='lat' dir='ltr'>Aristoteles,</span> <span class='ocrx_word' id='word_1_458' title='bbox 722 2998 767 3028; x_wconf 86' lang='lat' dir='ltr'>VI</span> <span class='ocrx_word' id='word_1_459' title='bbox 781 2997 887 3029; x_wconf 81' lang='lat' dir='ltr'>Ethic.</span> <span class='ocrx_word' id='word_1_460' title='bbox 903 2999 931 3035; x_wconf 79' lang='lat'>*,</span> <span class='ocrx_word' id='word_1_461' title='bbox 955 2998 1134 3030; x_wconf 90' lang='lat' dir='ltr'>condividit</span> <span class='ocrx_word' id='word_1_462' title='bbox 1155 2999 1311 3030; x_wconf 84' lang='lat' dir='ltr'>scientiae</span> 
     </span>
     <span class='ocr_line' id='line_1_64' title="bbox 235 3041 1311 3088; baseline -0.004 -9"><span class='ocrx_word' id='word_1_463' title='bbox 235 3053 268 3079; x_wconf 92' lang='lat' dir='ltr'>et</span> <span class='ocrx_word' id='word_1_464' title='bbox 289 3045 480 3088; x_wconf 78' lang='lat' dir='ltr'>sapientiae.</span> <span class='ocrx_word' id='word_1_465' title='bbox 511 3041 664 3074; x_wconf 91' lang='lat' dir='ltr'>Secundo</span> <span class='ocrx_word' id='word_1_466' title='bbox 688 3051 766 3073; x_wconf 91' lang='lat' dir='ltr'>vero</span> <span class='ocrx_word' id='word_1_467' title='bbox 789 3042 892 3074; x_wconf 93' lang='lat' dir='ltr'>modo</span> <span class='ocrx_word' id='word_1_468' title='bbox 915 3043 956 3074; x_wconf 89' lang='lat' dir='ltr'>ad</span> <span class='ocrx_word' id='word_1_469' title='bbox 979 3044 1250 3085; x_wconf 91' lang='lat' dir='ltr'>metaphysicum‚</span> <span class='ocrx_word' id='word_1_470' title='bbox 1274 3049 1311 3075; x_wconf 93' lang='lat' dir='ltr'>ut</span> 
     </span>
     <span class='ocr_line' id='line_1_65' title="bbox 233 3086 1311 3132; baseline -0.004 -9"><span class='ocrx_word' id='word_1_471' title='bbox 233 3091 342 3132; x_wconf 88' lang='lat' dir='ltr'>inquit</span> <span class='ocrx_word' id='word_1_472' title='bbox 364 3090 502 3121; x_wconf 89' lang='lat' dir='ltr'>Sanctus</span> <span class='ocrx_word' id='word_1_473' title='bbox 525 3087 682 3123; x_wconf 83' lang='lat' dir='ltr'>Thomas,</span> <span class='ocrx_word' id='word_1_474' title='bbox 707 3086 814 3123; x_wconf 59' lang='lat'>1²1122,</span> <span class='ocrx_word' id='word_1_475' title='bbox 838 3097 869 3128; x_wconf 90' lang='lat' dir='ltr'>q.</span> <span class='ocrx_word' id='word_1_476' title='bbox 893 3097 976 3124; x_wconf 73' lang='lat' dir='ltr'>var,</span> <span class='ocrx_word' id='word_1_477' title='bbox 996 3098 1023 3119; x_wconf 90' lang='lat' dir='ltr'>a.</span> <span class='ocrx_word' id='word_1_478' title='bbox 1043 3088 1072 3125; x_wconf 86' lang='lat'>5,</span> <span class='ocrx_word' id='word_1_479' title='bbox 1093 3087 1134 3118; x_wconf 93' lang='lat' dir='ltr'>ad</span> <span class='ocrx_word' id='word_1_480' title='bbox 1149 3097 1184 3127; x_wconf 85' lang='lat'>4:</span> <span class='ocrx_word' id='word_1_481' title='bbox 1209 3094 1311 3120; x_wconf 88' lang='lat' dir='ltr'>meta-</span> 
     </span>
     <span class='ocr_line' id='line_1_66' title="bbox 234 3132 1311 3178; baseline -0.004 -10"><span class='ocrx_word' id='word_1_482' title='bbox 234 3136 389 3178; x_wconf 84' lang='lat' dir='ltr'>physicus</span> <span class='ocrx_word' id='word_1_483' title='bbox 413 3134 501 3164; x_wconf 92' lang='lat' dir='ltr'>enim</span> <span class='ocrx_word' id='word_1_484' title='bbox 525 3132 667 3172; x_wconf 89' lang='lat' dir='ltr'>disputat</span> <span class='ocrx_word' id='word_1_485' title='bbox 689 3136 803 3162; x_wconf 91' lang='lat' dir='ltr'>contra</span> <span class='ocrx_word' id='word_1_486' title='bbox 824 3138 979 3172; x_wconf 88' lang='lat' dir='ltr'>negantes</span> <span class='ocrx_word' id='word_1_487' title='bbox 1005 3133 1196 3164; x_wconf 88' lang='lat' dir='ltr'>huiusmodi</span> <span class='ocrx_word' id='word_1_488' title='bbox 1220 3143 1311 3164; x_wconf 85' lang='lat' dir='ltr'>corn-</span> 
     </span>
     <span class='ocr_line' id='line_1_67' title="bbox 234 3177 1311 3220; baseline -0.004 -7"><span class='ocrx_word' id='word_1_489' title='bbox 234 3181 348 3213; x_wconf 89' lang='lat' dir='ltr'>munia</span> <span class='ocrx_word' id='word_1_490' title='bbox 370 3177 540 3220; x_wconf 88' lang='lat' dir='ltr'>principia,</span> <span class='ocrx_word' id='word_1_491' title='bbox 557 3181 729 3218; x_wconf 91' lang='lat' dir='ltr'>propterea</span> <span class='ocrx_word' id='word_1_492' title='bbox 745 3177 837 3216; x_wconf 89' lang='lat' dir='ltr'>quod</span> <span class='ocrx_word' id='word_1_493' title='bbox 851 3178 1090 3208; x_wconf 85' lang='lat' dir='ltr'>constituantur</span> <span class='ocrx_word' id='word_1_494' title='bbox 1112 3187 1151 3208; x_wconf 82' lang='lat' dir='ltr'>ex</span> <span class='ocrx_word' id='word_1_495' title='bbox 1166 3178 1311 3210; x_wconf 89' lang='lat' dir='ltr'>terminis</span> 
     </span>
     <span class='ocr_line' id='line_1_68' title="bbox 235 3220 1264 3265; baseline -0.004 -8"><span class='ocrx_word' id='word_1_496' title='bbox 235 3224 478 3259; x_wconf 89' lang='lat' dir='ltr'>communibus,</span> <span class='ocrx_word' id='word_1_497' title='bbox 502 3223 561 3263; x_wconf 90' lang='lat' dir='ltr'>qui</span> <span class='ocrx_word' id='word_1_498' title='bbox 583 3226 660 3252; x_wconf 90' lang='lat' dir='ltr'>sunt</span> <span class='ocrx_word' id='word_1_499' title='bbox 674 3220 715 3251; x_wconf 95' lang='lat' dir='ltr'>de</span> <span class='ocrx_word' id='word_1_500' title='bbox 730 3222 943 3265; x_wconf 86' lang='lat' dir='ltr'>metaphysici</span> <span class='ocrx_word' id='word_1_501' title='bbox 965 3222 1225 3253; x_wconf 79' lang='lat' dir='ltr'>consideratione</span> <span class='ocrx_word' id='word_1_502' title='bbox 1236 3224 1264 3253; x_wconf 68' lang='lat'>¹.</span> 
     </span>
    </p>

    <p class='ocr_par' dir='ltr' id='par_1_18' title="bbox 237 3265 1314 3710">
     <span class='ocr_line' id='line_1_69' title="bbox 293 3265 1312 3308; baseline -0.003 -7"><span class='ocrx_word' id='word_1_503' title='bbox 293 3267 577 3301; x_wconf 90' lang='lat' dir='ltr'>Considerandum</span> <span class='ocrx_word' id='word_1_504' title='bbox 599 3265 746 3297; x_wconf 90' lang='lat' dir='ltr'>secundo</span> <span class='ocrx_word' id='word_1_505' title='bbox 761 3266 863 3307; x_wconf 92' lang='lat' dir='ltr'>quod,</span> <span class='ocrx_word' id='word_1_506' title='bbox 884 3267 960 3298; x_wconf 90' lang='lat' dir='ltr'>licet</span> <span class='ocrx_word' id='word_1_507' title='bbox 974 3267 1015 3298; x_wconf 92' lang='lat' dir='ltr'>ad</span> <span class='ocrx_word' id='word_1_508' title='bbox 1036 3267 1239 3298; x_wconf 89' lang='lat' dir='ltr'>intellectum</span> <span class='ocrx_word' id='word_1_509' title='bbox 1254 3268 1312 3308; x_wconf 91' lang='lat' dir='ltr'>qui</span> 
     </span>
     <span class='ocr_line' id='line_1_70' title="bbox 237 3311 1311 3354; baseline -0.004 -8"><span class='ocrx_word' id='word_1_510' title='bbox 237 3320 285 3346; x_wconf 92' lang='lat' dir='ltr'>est</span> <span class='ocrx_word' id='word_1_511' title='bbox 295 3314 424 3345; x_wconf 89' lang='lat' dir='ltr'>habitus</span> <span class='ocrx_word' id='word_1_512' title='bbox 435 3312 683 3354; x_wconf 89' lang='lat' dir='ltr'>principiorum,</span> <span class='ocrx_word' id='word_1_513' title='bbox 693 3311 876 3342; x_wconf 89' lang='lat' dir='ltr'>secundum</span> <span class='ocrx_word' id='word_1_514' title='bbox 885 3321 978 3342; x_wconf 91' lang='lat' dir='ltr'>suam</span> <span class='ocrx_word' id='word_1_515' title='bbox 987 3313 1155 3343; x_wconf 88' lang='lat' dir='ltr'>veritatem</span> <span class='ocrx_word' id='word_1_516' title='bbox 1165 3312 1311 3343; x_wconf 89' lang='lat' dir='ltr'>absolute</span> 
     </span>
     <span class='ocr_line' id='line_1_71' title="bbox 238 3355 1312 3398; baseline -0.002 -8"><span class='ocrx_word' id='word_1_517' title='bbox 238 3358 474 3390; x_wconf 88' lang='lat' dir='ltr'>consideratam</span> <span class='ocrx_word' id='word_1_518' title='bbox 496 3357 688 3398; x_wconf 84' lang='lat' dir='ltr'>pertineant,</span> <span class='ocrx_word' id='word_1_519' title='bbox 710 3355 750 3387; x_wconf 93' lang='lat' dir='ltr'>ad</span> <span class='ocrx_word' id='word_1_520' title='bbox 773 3357 1028 3398; x_wconf 91' lang='lat' dir='ltr'>metaphysicam</span> <span class='ocrx_word' id='word_1_521' title='bbox 1049 3366 1128 3388; x_wconf 90' lang='lat' dir='ltr'>vero</span> <span class='ocrx_word' id='word_1_522' title='bbox 1152 3362 1312 3397; x_wconf 87' lang='lat' dir='ltr'>quantum</span> 
     </span>
     <span class='ocr_line' id='line_1_72' title="bbox 238 3400 1313 3438; baseline -0.003 -3"><span class='ocrx_word' id='word_1_523' title='bbox 238 3403 279 3434; x_wconf 90' lang='lat' dir='ltr'>ad</span> <span class='ocrx_word' id='word_1_524' title='bbox 301 3412 417 3435; x_wconf 90' lang='lat' dir='ltr'>eorum</span> <span class='ocrx_word' id='word_1_525' title='bbox 441 3402 713 3433; x_wconf 85' lang='lat' dir='ltr'>examinationem</span> <span class='ocrx_word' id='word_1_526' title='bbox 738 3406 770 3432; x_wconf 91' lang='lat' dir='ltr'>et</span> <span class='ocrx_word' id='word_1_527' title='bbox 793 3400 1032 3438; x_wconf 66' lang='lat' dir='ltr'>defensionem</span> <span class='ocrx_word' id='word_1_528' title='bbox 1049 3406 1125 3432; x_wconf 91' lang='lat' dir='ltr'>sunt</span> <span class='ocrx_word' id='word_1_529' title='bbox 1147 3406 1256 3432; x_wconf 92' lang='lat' dir='ltr'>tamen</span> <span class='ocrx_word' id='word_1_530' title='bbox 1281 3407 1313 3432; x_wconf 89' lang='lat' dir='ltr'>et</span> 
     </span>
     <span class='ocr_line' id='line_1_73' title="bbox 238 3445 1313 3487; baseline -0.003 -8"><span class='ocrx_word' id='word_1_531' title='bbox 238 3448 392 3479; x_wconf 90' lang='lat' dir='ltr'>omnibus</span> <span class='ocrx_word' id='word_1_532' title='bbox 407 3447 549 3478; x_wconf 91' lang='lat' dir='ltr'>scientiis</span> <span class='ocrx_word' id='word_1_533' title='bbox 565 3446 766 3482; x_wconf 87' lang='lat' dir='ltr'>communia,</span> <span class='ocrx_word' id='word_1_534' title='bbox 782 3447 978 3487; x_wconf 89' lang='lat' dir='ltr'>inquantum</span> <span class='ocrx_word' id='word_1_535' title='bbox 994 3455 1110 3476; x_wconf 91' lang='lat' dir='ltr'>eorum</span> <span class='ocrx_word' id='word_1_536' title='bbox 1125 3446 1255 3476; x_wconf 88' lang='lat' dir='ltr'>termini</span> <span class='ocrx_word' id='word_1_537' title='bbox 1272 3445 1313 3476; x_wconf 90' lang='lat' dir='ltr'>ad</span> 
     </span>
     <span class='ocr_line' id='line_1_74' title="bbox 237 3491 1312 3531; baseline -0.002 -8"><span class='ocrx_word' id='word_1_538' title='bbox 237 3493 395 3523; x_wconf 89' lang='lat' dir='ltr'>terminos</span> <span class='ocrx_word' id='word_1_539' title='bbox 423 3492 558 3522; x_wconf 90' lang='lat' dir='ltr'>aliarum</span> <span class='ocrx_word' id='word_1_540' title='bbox 581 3492 788 3522; x_wconf 83' lang='lat' dir='ltr'>scientiarum</span> <span class='ocrx_word' id='word_1_541' title='bbox 812 3491 1038 3527; x_wconf 88' lang='lat' dir='ltr'>extenduntur,</span> <span class='ocrx_word' id='word_1_542' title='bbox 1063 3496 1096 3521; x_wconf 91' lang='lat' dir='ltr'>et</span> <span class='ocrx_word' id='word_1_543' title='bbox 1118 3491 1312 3531; x_wconf 89' lang='lat' dir='ltr'>inquantum</span> 
     </span>
     <span class='ocr_line' id='line_1_75' title="bbox 238 3535 1313 3577; baseline -0.003 -9"><span class='ocrx_word' id='word_1_544' title='bbox 238 3538 278 3569; x_wconf 84' lang='lat' dir='ltr'>ab</span> <span class='ocrx_word' id='word_1_545' title='bbox 293 3537 460 3568; x_wconf 87' lang='lat' dir='ltr'>intellectu</span> <span class='ocrx_word' id='word_1_546' title='bbox 476 3537 534 3577; x_wconf 92' lang='lat' dir='ltr'>qui</span> <span class='ocrx_word' id='word_1_547' title='bbox 549 3541 597 3567; x_wconf 85' lang='lat' dir='ltr'>est</span> <span class='ocrx_word' id='word_1_548' title='bbox 611 3537 740 3567; x_wconf 86' lang='lat' dir='ltr'>habitus</span> <span class='ocrx_word' id='word_1_549' title='bbox 755 3537 894 3567; x_wconf 91' lang='lat' dir='ltr'>istorum</span> <span class='ocrx_word' id='word_1_550' title='bbox 916 3535 1163 3576; x_wconf 89' lang='lat' dir='ltr'>principiorum,</span> <span class='ocrx_word' id='word_1_551' title='bbox 1179 3536 1313 3566; x_wconf 90' lang='lat' dir='ltr'>scientia</span> 
     </span>
     <span class='ocr_line' id='line_1_76' title="bbox 239 3580 1311 3622; baseline -0.002 -10"><span class='ocrx_word' id='word_1_552' title='bbox 239 3581 490 3622; x_wconf 90' lang='lat' dir='ltr'>dependentiam</span> <span class='ocrx_word' id='word_1_553' title='bbox 501 3581 608 3617; x_wconf 89' lang='lat' dir='ltr'>habet,</span> <span class='ocrx_word' id='word_1_554' title='bbox 621 3586 658 3612; x_wconf 89' lang='lat' dir='ltr'>ut</span> <span class='ocrx_word' id='word_1_555' title='bbox 674 3586 722 3612; x_wconf 90' lang='lat' dir='ltr'>est</span> <span class='ocrx_word' id='word_1_556' title='bbox 736 3580 776 3611; x_wconf 95' lang='lat' dir='ltr'>de</span> <span class='ocrx_word' id='word_1_557' title='bbox 788 3586 898 3611; x_wconf 89' lang='lat' dir='ltr'>mente</span> <span class='ocrx_word' id='word_1_558' title='bbox 913 3581 1021 3612; x_wconf 90' lang='lat' dir='ltr'>Sancti</span> <span class='ocrx_word' id='word_1_559' title='bbox 1034 3580 1194 3616; x_wconf 91' lang='lat' dir='ltr'>Thomae,</span> <span class='ocrx_word' id='word_1_560' title='bbox 1207 3580 1235 3610; x_wconf 85' lang='lat'>1⁸</span> <span class='ocrx_word' id='word_1_561' title='bbox 1247 3580 1311 3616; x_wconf 71' lang='lat'>11⁸⁶,</span> 
     </span>
     <span class='ocr_line' id='line_1_77' title="bbox 239 3624 1314 3667; baseline -0.002 -11"><span class='ocrx_word' id='word_1_562' title='bbox 239 3635 270 3667; x_wconf 91' lang='lat' dir='ltr'>q.</span> <span class='ocrx_word' id='word_1_563' title='bbox 287 3635 361 3662; x_wconf 65' lang='lat' dir='ltr'>nvn,</span> <span class='ocrx_word' id='word_1_564' title='bbox 379 3636 406 3657; x_wconf 86' lang='lat' dir='ltr'>a.</span> <span class='ocrx_word' id='word_1_565' title='bbox 425 3635 455 3662; x_wconf 91' lang='lat'>2,</span> <span class='ocrx_word' id='word_1_566' title='bbox 473 3625 512 3656; x_wconf 90' lang='lat' dir='ltr'>ad</span> <span class='ocrx_word' id='word_1_567' title='bbox 534 3635 564 3656; x_wconf 90' lang='lat'>2.</span> <span class='ocrx_word' id='word_1_568' title='bbox 581 3625 676 3656; x_wconf 92' lang='lat' dir='ltr'>Unde</span> <span class='ocrx_word' id='word_1_569' title='bbox 692 3630 801 3666; x_wconf 88' lang='lat' dir='ltr'>potest</span> <span class='ocrx_word' id='word_1_570' title='bbox 823 3625 886 3656; x_wconf 89' lang='lat' dir='ltr'>dici</span> <span class='ocrx_word' id='word_1_571' title='bbox 904 3625 995 3666; x_wconf 94' lang='lat' dir='ltr'>quod</span> <span class='ocrx_word' id='word_1_572' title='bbox 1016 3625 1076 3655; x_wconf 89' lang='lat' dir='ltr'>ista</span> <span class='ocrx_word' id='word_1_573' title='bbox 1091 3624 1259 3665; x_wconf 90' lang='lat' dir='ltr'>principia,</span> <span class='ocrx_word' id='word_1_574' title='bbox 1275 3629 1314 3654; x_wconf 92' lang='lat' dir='ltr'>ut</span> 
     </span>
     <span class='ocr_line' id='line_1_78' title="bbox 238 3669 1313 3710; baseline -0.002 -9"><span class='ocrx_word' id='word_1_575' title='bbox 238 3670 386 3702; x_wconf 89' lang='lat' dir='ltr'>absolute</span> <span class='ocrx_word' id='word_1_576' title='bbox 408 3680 493 3707; x_wconf 88' lang='lat' dir='ltr'>vera,</span> <span class='ocrx_word' id='word_1_577' title='bbox 510 3679 625 3701; x_wconf 91' lang='lat' dir='ltr'>omnes</span> <span class='ocrx_word' id='word_1_578' title='bbox 649 3670 801 3701; x_wconf 87' lang='lat' dir='ltr'>scientiae</span> <span class='ocrx_word' id='word_1_579' title='bbox 817 3670 981 3710; x_wconf 90' lang='lat' dir='ltr'>accipiunt</span> <span class='ocrx_word' id='word_1_580' title='bbox 1004 3670 1043 3700; x_wconf 90' lang='lat' dir='ltr'>ab</span> <span class='ocrx_word' id='word_1_581' title='bbox 1067 3669 1232 3699; x_wconf 89' lang='lat' dir='ltr'>intellectu</span> <span class='ocrx_word' id='word_1_582' title='bbox 1257 3669 1313 3709; x_wconf 92' lang='lat' dir='ltr'>qui</span> 
     </span>
    </p>
   </div>
   <div class='ocr_carea' id='block_1_12' title="bbox 2381 293 2423 336">
    <p class='ocr_par' dir='ltr' id='par_1_19' title="bbox 2381 293 2423 336">
     <span class='ocr_line' id='line_1_79' title="bbox 2381 293 2423 336; baseline 0 0"><span class='ocrx_word' id='word_1_583' title='bbox 2381 293 2423 336; x_wconf 82' lang='lat'>13</span> 
     </span>
    </p>
   </div>
   <div class='ocr_carea' id='block_1_13' title="bbox 1360 364 2436 3704">
    <p class='ocr_par' dir='ltr' id='par_1_20' title="bbox 1361 364 2427 634">
     <span class='ocr_line' id='line_1_80' title="bbox 1362 364 2426 403; baseline 0.008 -10"><span class='ocrx_word' id='word_1_584' title='bbox 1362 369 1408 393; x_wconf 91' lang='lat' dir='ltr'>est</span> <span class='ocrx_word' id='word_1_585' title='bbox 1434 364 1582 403; x_wconf 89' lang='lat' dir='ltr'>ipsorum</span> <span class='ocrx_word' id='word_1_586' title='bbox 1607 365 1748 397; x_wconf 84' lang='lat' dir='ltr'>habitus:</span> <span class='ocrx_word' id='word_1_587' title='bbox 1773 373 1809 397; x_wconf 92' lang='lat' dir='ltr'>ut</span> <span class='ocrx_word' id='word_1_588' title='bbox 1831 373 1939 398; x_wconf 90' lang='lat' dir='ltr'>autem</span> <span class='ocrx_word' id='word_1_589' title='bbox 1966 370 2030 399; x_wconf 90' lang='lat' dir='ltr'>iam</span> <span class='ocrx_word' id='word_1_590' title='bbox 2056 370 2234 401; x_wconf 83' lang='lat' dir='ltr'>examinata</span> <span class='ocrx_word' id='word_1_591' title='bbox 2257 375 2289 401; x_wconf 90' lang='lat' dir='ltr'>et</span> <span class='ocrx_word' id='word_1_592' title='bbox 2315 370 2426 402; x_wconf 87' lang='lat' dir='ltr'>defen-</span> 
     </span>
     <span class='ocr_line' id='line_1_81' title="bbox 1361 409 2427 456; baseline 0.009 -19"><span class='ocrx_word' id='word_1_593' title='bbox 1361 412 1427 438; x_wconf 91' lang='lat' dir='ltr'>sata</span> <span class='ocrx_word' id='word_1_594' title='bbox 1443 409 1482 438; x_wconf 88' lang='lat' dir='ltr'>ab</span> <span class='ocrx_word' id='word_1_595' title='bbox 1497 409 1772 449; x_wconf 87' lang='lat' dir='ltr'>impugnantibus,</span> <span class='ocrx_word' id='word_1_596' title='bbox 1789 413 1952 452; x_wconf 90' lang='lat' dir='ltr'>accipiunt</span> <span class='ocrx_word' id='word_1_597' title='bbox 1970 423 1988 443; x_wconf 94' lang='lat' dir='ltr'>a</span> <span class='ocrx_word' id='word_1_598' title='bbox 2009 415 2238 455; x_wconf 89' lang='lat' dir='ltr'>metaphysica.</span> <span class='ocrx_word' id='word_1_599' title='bbox 2253 415 2427 456; x_wconf 90' lang='lat' dir='ltr'>Propterea</span> 
     </span>
     <span class='ocr_line' id='line_1_82' title="bbox 1361 451 2427 502; baseline 0.01 -22"><span class='ocrx_word' id='word_1_600' title='bbox 1361 451 1407 501; x_wconf 71' lang='lat' dir='ltr'>XI</span> <span class='ocrx_word' id='word_1_601' title='bbox 1432 453 1585 502; x_wconf 67' lang='lat' dir='ltr'>Metapa„</span> <span class='ocrx_word' id='word_1_602' title='bbox 1613 453 1685 486; x_wconf 91' lang='lat' dir='ltr'>lect.</span> <span class='ocrx_word' id='word_1_603' title='bbox 1715 463 1742 490; x_wconf 87' lang='lat'>1,</span> <span class='ocrx_word' id='word_1_604' title='bbox 1770 455 1876 495; x_wconf 88' lang='lat' dir='ltr'>inquit</span> <span class='ocrx_word' id='word_1_605' title='bbox 1905 456 2039 488; x_wconf 90' lang='lat' dir='ltr'>Sanctus</span> <span class='ocrx_word' id='word_1_606' title='bbox 2066 459 2210 490; x_wconf 88' lang='lat' dir='ltr'>Thomas</span> <span class='ocrx_word' id='word_1_607' title='bbox 2241 460 2332 500; x_wconf 90' lang='lat' dir='ltr'>quod</span> <span class='ocrx_word' id='word_1_608' title='bbox 2359 469 2427 490; x_wconf 84' lang='lat' dir='ltr'>una</span> 
     </span>
     <span class='ocr_line' id='line_1_83' title="bbox 1361 498 2425 545; baseline 0.01 -20"><span class='ocrx_word' id='word_1_609' title='bbox 1361 501 1506 532; x_wconf 74' lang='lat' dir='ltr'>scientia,</span> <span class='ocrx_word' id='word_1_610' title='bbox 1531 502 1563 527; x_wconf 87' lang='lat' dir='ltr'>et</span> <span class='ocrx_word' id='word_1_611' title='bbox 1585 498 1732 538; x_wconf 86' lang='lat' dir='ltr'>intelligit</span> <span class='ocrx_word' id='word_1_612' title='bbox 1753 498 1794 528; x_wconf 91' lang='lat' dir='ltr'>de</span> <span class='ocrx_word' id='word_1_613' title='bbox 1811 501 2038 541; x_wconf 87' lang='lat' dir='ltr'>metaphysica,</span> <span class='ocrx_word' id='word_1_614' title='bbox 2056 503 2116 533; x_wconf 80' lang='lat' dir='ltr'>ista</span> <span class='ocrx_word' id='word_1_615' title='bbox 2135 505 2299 545; x_wconf 80' lang='lat' dir='ltr'>principia</span> <span class='ocrx_word' id='word_1_616' title='bbox 2320 506 2425 535; x_wconf 83' lang='lat' dir='ltr'>consi-</span> 
     </span>
     <span class='ocr_line' id='line_1_84' title="bbox 1361 539 2425 582; baseline 0.01 -13"><span class='ocrx_word' id='word_1_617' title='bbox 1361 539 1463 575; x_wconf 85' lang='lat' dir='ltr'>derat,</span> <span class='ocrx_word' id='word_1_618' title='bbox 1481 541 1524 571; x_wconf 83' lang='lat' dir='ltr'>ad</span> <span class='ocrx_word' id='word_1_619' title='bbox 1539 551 1635 582; x_wconf 86' lang='lat' dir='ltr'>quam</span> <span class='ocrx_word' id='word_1_620' title='bbox 1646 543 1790 582; x_wconf 80' lang='lat' dir='ltr'>pertinet</span> <span class='ocrx_word' id='word_1_621' title='bbox 1805 545 2022 575; x_wconf 85' lang='lat' dir='ltr'>consideratio</span> <span class='ocrx_word' id='word_1_622' title='bbox 2038 549 2255 579; x_wconf 87' lang='lat' dir='ltr'>communium</span> <span class='ocrx_word' id='word_1_623' title='bbox 2271 549 2425 579; x_wconf 85' lang='lat' dir='ltr'>termino-</span> 
     </span>
     <span class='ocr_line' id='line_1_85' title="bbox 1362 586 2424 634; baseline 0.011 -21"><span class='ocrx_word' id='word_1_624' title='bbox 1362 593 1444 620; x_wconf 89' lang='lat' dir='ltr'>rum,</span> <span class='ocrx_word' id='word_1_625' title='bbox 1458 591 1489 615; x_wconf 87' lang='lat' dir='ltr'>et</span> <span class='ocrx_word' id='word_1_626' title='bbox 1500 586 1540 616; x_wconf 87' lang='lat' dir='ltr'>ab</span> <span class='ocrx_word' id='word_1_627' title='bbox 1556 596 1593 616; x_wconf 88' lang='lat' dir='ltr'>ea</span> <span class='ocrx_word' id='word_1_628' title='bbox 1610 587 1697 617; x_wconf 87' lang='lat' dir='ltr'>aliae</span> <span class='ocrx_word' id='word_1_629' title='bbox 1711 587 1864 618; x_wconf 83' lang='lat' dir='ltr'>scientiae</span> <span class='ocrx_word' id='word_1_630' title='bbox 1879 589 2063 620; x_wconf 80' lang='lat' dir='ltr'>huiusmodi</span> <span class='ocrx_word' id='word_1_631' title='bbox 2072 592 2237 632; x_wconf 82' lang='lat' dir='ltr'>principia</span> <span class='ocrx_word' id='word_1_632' title='bbox 2253 594 2424 634; x_wconf 79' lang='lat' dir='ltr'>accipiunt.</span> 
     </span>
    </p>

    <p class='ocr_par' dir='ltr' id='par_1_21' title="bbox 1417 628 2426 674">
     <span class='ocr_line' id='line_1_86' title="bbox 1417 628 2426 674; baseline 0.01 -15"><span class='ocrx_word' id='word_1_633' title='bbox 1417 628 1699 662; x_wconf 90' lang='lat' dir='ltr'>Considerandum</span> <span class='ocrx_word' id='word_1_634' title='bbox 1731 632 1836 668; x_wconf 91' lang='lat' dir='ltr'>tertio,</span> <span class='ocrx_word' id='word_1_635' title='bbox 1869 638 1905 662; x_wconf 93' lang='lat' dir='ltr'>ut</span> <span class='ocrx_word' id='word_1_636' title='bbox 1932 633 2040 664; x_wconf 90' lang='lat' dir='ltr'>haberi</span> <span class='ocrx_word' id='word_1_637' title='bbox 2070 641 2177 674; x_wconf 87' lang='lat' dir='ltr'>potest</span> <span class='ocrx_word' id='word_1_638' title='bbox 2210 647 2248 667; x_wconf 86' lang='lat' dir='ltr'>ex</span> <span class='ocrx_word' id='word_1_639' title='bbox 2280 637 2426 668; x_wconf 92' lang='lat' dir='ltr'>doctrina</span> 
     </span>
    </p>

    <p class='ocr_par' dir='ltr' id='par_1_22' title="bbox 1360 671 2430 1338">
     <span class='ocr_line' id='line_1_87' title="bbox 1361 671 2425 721; baseline 0.009 -18"><span class='ocrx_word' id='word_1_640' title='bbox 1361 671 1470 703; x_wconf 90' lang='lat' dir='ltr'>Sancti</span> <span class='ocrx_word' id='word_1_641' title='bbox 1494 674 1644 705; x_wconf 87' lang='lat' dir='ltr'>Thomae</span> <span class='ocrx_word' id='word_1_642' title='bbox 1666 685 1764 715; x_wconf 81' lang='lat' dir='ltr'>super</span> <span class='ocrx_word' id='word_1_643' title='bbox 1786 676 1878 706; x_wconf 83' lang='lat' dir='ltr'>Boet.</span> <span class='ocrx_word' id='word_1_644' title='bbox 1907 677 2006 714; x_wconf 72' lang='lat' dir='ltr'>Trin„</span> <span class='ocrx_word' id='word_1_645' title='bbox 2032 687 2063 718; x_wconf 92' lang='lat' dir='ltr'>q.</span> <span class='ocrx_word' id='word_1_646' title='bbox 2079 689 2122 715; x_wconf 85' lang='lat' dir='ltr'>vr,</span> <span class='ocrx_word' id='word_1_647' title='bbox 2139 689 2166 710; x_wconf 87' lang='lat' dir='ltr'>a.</span> <span class='ocrx_word' id='word_1_648' title='bbox 2188 687 2199 711; x_wconf 89' lang='lat'>1</span> <span class='ocrx_word' id='word_1_649' title='bbox 2220 682 2246 717; x_wconf 49' lang='grc' dir='ltr'>ᾗ</span> <span class='ocrx_word' id='word_1_650' title='bbox 2272 682 2360 721; x_wconf 89' lang='lat' dir='ltr'>quod</span> <span class='ocrx_word' id='word_1_651' title='bbox 2385 682 2425 713; x_wconf 92' lang='lat' dir='ltr'>de</span> 
     </span>
     <span class='ocr_line' id='line_1_88' title="bbox 1361 717 2426 765; baseline 0.009 -18"><span class='ocrx_word' id='word_1_652' title='bbox 1361 717 1502 748; x_wconf 90' lang='lat' dir='ltr'>scientiis</span> <span class='ocrx_word' id='word_1_653' title='bbox 1525 718 1694 759; x_wconf 88' lang='lat' dir='ltr'>dupliciter</span> <span class='ocrx_word' id='word_1_654' title='bbox 1714 720 1806 760; x_wconf 90' lang='lat' dir='ltr'>loqui</span> <span class='ocrx_word' id='word_1_655' title='bbox 1828 730 2017 760; x_wconf 88' lang='lat' dir='ltr'>possumus:</span> <span class='ocrx_word' id='word_1_656' title='bbox 2042 732 2109 754; x_wconf 91' lang='lat' dir='ltr'>uno</span> <span class='ocrx_word' id='word_1_657' title='bbox 2132 723 2243 760; x_wconf 90' lang='lat' dir='ltr'>modo,</span> <span class='ocrx_word' id='word_1_658' title='bbox 2267 731 2426 765; x_wconf 91' lang='lat' dir='ltr'>quantum</span> 
     </span>
     <span class='ocr_line' id='line_1_89' title="bbox 1361 760 2425 807; baseline 0.008 -15"><span class='ocrx_word' id='word_1_659' title='bbox 1361 760 1401 792; x_wconf 91' lang='lat' dir='ltr'>ad</span> <span class='ocrx_word' id='word_1_660' title='bbox 1425 764 1575 794; x_wconf 88' lang='lat' dir='ltr'>omnium</span> <span class='ocrx_word' id='word_1_661' title='bbox 1598 763 1725 795; x_wconf 89' lang='lat' dir='ltr'>illarum</span> <span class='ocrx_word' id='word_1_662' title='bbox 1749 766 1995 805; x_wconf 87' lang='lat' dir='ltr'>acquisitionem</span> <span class='ocrx_word' id='word_1_663' title='bbox 2017 766 2210 804; x_wconf 85' lang='lat' dir='ltr'>ordinatam3</span> <span class='ocrx_word' id='word_1_664' title='bbox 2235 769 2297 799; x_wconf 89' lang='lat' dir='ltr'>alio</span> <span class='ocrx_word' id='word_1_665' title='bbox 2314 771 2425 807; x_wconf 82' lang='lat' dir='ltr'>modo,</span> 
     </span>
     <span class='ocr_line' id='line_1_90' title="bbox 1361 806 2315 850; baseline 0.007 -14"><span class='ocrx_word' id='word_1_666' title='bbox 1361 806 1542 838; x_wconf 90' lang='lat' dir='ltr'>secundum</span> <span class='ocrx_word' id='word_1_667' title='bbox 1566 808 1657 848; x_wconf 90' lang='lat' dir='ltr'>quod</span> <span class='ocrx_word' id='word_1_668' title='bbox 1679 810 1743 839; x_wconf 90' lang='lat' dir='ltr'>iarn</span> <span class='ocrx_word' id='word_1_669' title='bbox 1766 816 1841 840; x_wconf 93' lang='lat' dir='ltr'>sunt</span> <span class='ocrx_word' id='word_1_670' title='bbox 1865 811 2038 850; x_wconf 90' lang='lat' dir='ltr'>acquisitae</span> <span class='ocrx_word' id='word_1_671' title='bbox 2062 816 2094 841; x_wconf 88' lang='lat' dir='ltr'>et</span> <span class='ocrx_word' id='word_1_672' title='bbox 2117 811 2315 844; x_wconf 91' lang='lat' dir='ltr'>adinventae.</span> 
     </span>
     <span class='ocr_line' id='line_1_91' title="bbox 1376 851 2426 901; baseline 0.007 -20"><span class='ocrx_word' id='word_1_673' title='bbox 1376 895 1382 901; x_wconf 37' lang='grc' dir='ltr'>ι</span> <span class='ocrx_word' id='word_1_674' title='bbox 1416 851 1498 882; x_wconf 91' lang='lat' dir='ltr'>VIII.</span> <span class='ocrx_word' id='word_1_675' title='bbox 1524 853 1650 884; x_wconf 91' lang='lat' dir='ltr'>Dicitur</span> <span class='ocrx_word' id='word_1_676' title='bbox 1676 863 1753 894; x_wconf 88' lang='lat' dir='ltr'>ergo</span> <span class='ocrx_word' id='word_1_677' title='bbox 1778 855 1896 895; x_wconf 88' lang='lat' dir='ltr'>primo,</span> <span class='ocrx_word' id='word_1_678' title='bbox 1921 854 2011 895; x_wconf 92' lang='lat' dir='ltr'>quod</span> <span class='ocrx_word' id='word_1_679' title='bbox 2035 861 2193 895; x_wconf 91' lang='lat' dir='ltr'>quantum</span> <span class='ocrx_word' id='word_1_680' title='bbox 2222 856 2263 887; x_wconf 91' lang='lat' dir='ltr'>ad</span> <span class='ocrx_word' id='word_1_681' title='bbox 2289 859 2426 898; x_wconf 77' lang='lat' dir='ltr'>acquisi-</span> 
     </span>
     <span class='ocr_line' id='line_1_92' title="bbox 1360 899 2429 943; baseline 0.008 -19"><span class='ocrx_word' id='word_1_682' title='bbox 1360 899 1486 927; x_wconf 81' lang='lat' dir='ltr'>tionem</span> <span class='ocrx_word' id='word_1_683' title='bbox 1503 907 1613 928; x_wconf 88' lang='lat' dir='ltr'>earum</span> <span class='ocrx_word' id='word_1_684' title='bbox 1629 906 1687 939; x_wconf 91' lang='lat' dir='ltr'>per</span> <span class='ocrx_word' id='word_1_685' title='bbox 1701 899 1925 930; x_wconf 89' lang='lat' dir='ltr'>inventionem</span> <span class='ocrx_word' id='word_1_686' title='bbox 1938 900 2097 930; x_wconf 92' lang='lat' dir='ltr'>humanae</span> <span class='ocrx_word' id='word_1_687' title='bbox 2109 901 2250 938; x_wconf 90' lang='lat' dir='ltr'>rationis,</span> <span class='ocrx_word' id='word_1_688' title='bbox 2262 903 2429 943; x_wconf 89' lang='lat' dir='ltr'>metaphy-</span> 
     </span>
     <span class='ocr_line' id='line_1_93' title="bbox 1360 939 2429 990; baseline 0.007 -20"><span class='ocrx_word' id='word_1_689' title='bbox 1360 939 1426 990; x_wconf 75' lang='lat' dir='ltr'>sica</span> <span class='ocrx_word' id='word_1_690' title='bbox 1442 947 1489 971; x_wconf 89' lang='lat' dir='ltr'>est</span> <span class='ocrx_word' id='word_1_691' title='bbox 1504 941 1630 973; x_wconf 91' lang='lat' dir='ltr'>ultima:</span> <span class='ocrx_word' id='word_1_692' title='bbox 1655 944 1732 984; x_wconf 91' lang='lat' dir='ltr'>quia</span> <span class='ocrx_word' id='word_1_693' title='bbox 1755 953 1870 975; x_wconf 90' lang='lat' dir='ltr'>omnes</span> <span class='ocrx_word' id='word_1_694' title='bbox 1885 944 1965 975; x_wconf 90' lang='lat' dir='ltr'>aliae</span> <span class='ocrx_word' id='word_1_695' title='bbox 1980 945 2131 975; x_wconf 89' lang='lat' dir='ltr'>scientiae</span> <span class='ocrx_word' id='word_1_696' title='bbox 2154 945 2368 985; x_wconf 89' lang='lat' dir='ltr'>speculativae</span> <span class='ocrx_word' id='word_1_697' title='bbox 2389 947 2429 978; x_wconf 87' lang='lat' dir='ltr'>ad</span> 
     </span>
     <span class='ocr_line' id='line_1_94' title="bbox 1361 986 2430 1030; baseline 0.008 -17"><span class='ocrx_word' id='word_1_698' title='bbox 1361 993 1464 1024; x_wconf 80' lang='lat' dir='ltr'>ipsam</span> <span class='ocrx_word' id='word_1_699' title='bbox 1481 986 1680 1024; x_wconf 88' lang='lat' dir='ltr'>ordinantur,</span> <span class='ocrx_word' id='word_1_700' title='bbox 1693 994 1725 1019; x_wconf 89' lang='lat' dir='ltr'>et</span> <span class='ocrx_word' id='word_1_701' title='bbox 1741 998 1852 1020; x_wconf 90' lang='lat' dir='ltr'>earum</span> <span class='ocrx_word' id='word_1_702' title='bbox 1866 989 2011 1020; x_wconf 91' lang='lat' dir='ltr'>inventio</span> <span class='ocrx_word' id='word_1_703' title='bbox 2024 990 2236 1030; x_wconf 81' lang='lat' dir='ltr'>praeexigitur</span> <span class='ocrx_word' id='word_1_704' title='bbox 2250 991 2430 1022; x_wconf 90' lang='lat' dir='ltr'>inventioni</span> 
     </span>
     <span class='ocr_line' id='line_1_95' title="bbox 1361 1030 2428 1072; baseline 0.007 -13"><span class='ocrx_word' id='word_1_705' title='bbox 1361 1030 1614 1072; x_wconf 88' lang='lat' dir='ltr'>metaphysieali.</span> <span class='ocrx_word' id='word_1_706' title='bbox 1639 1033 1681 1063; x_wconf 88' lang='lat' dir='ltr'>Et</span> <span class='ocrx_word' id='word_1_707' title='bbox 1703 1033 1885 1064; x_wconf 88' lang='lat' dir='ltr'>secundum</span> <span class='ocrx_word' id='word_1_708' title='bbox 1904 1034 1988 1064; x_wconf 91' lang='lat' dir='ltr'>hanc</span> <span class='ocrx_word' id='word_1_709' title='bbox 2006 1034 2164 1064; x_wconf 89' lang='lat' dir='ltr'>rationem</span> <span class='ocrx_word' id='word_1_710' title='bbox 2179 1035 2258 1066; x_wconf 91' lang='lat' dir='ltr'>nihil</span> <span class='ocrx_word' id='word_1_711' title='bbox 2274 1034 2314 1066; x_wconf 89' lang='lat' dir='ltr'>ad</span> <span class='ocrx_word' id='word_1_712' title='bbox 2329 1041 2428 1066; x_wconf 90' lang='lat' dir='ltr'>meta-</span> 
     </span>
     <span class='ocr_line' id='line_1_96' title="bbox 1362 1073 2429 1124; baseline 0.007 -20"><span class='ocrx_word' id='word_1_713' title='bbox 1362 1073 1529 1124; x_wconf 81' lang='lat' dir='ltr'>physicam</span> <span class='ocrx_word' id='word_1_714' title='bbox 1544 1077 1717 1116; x_wconf 90' lang='lat' dir='ltr'>pertinens,</span> <span class='ocrx_word' id='word_1_715' title='bbox 1730 1084 1767 1109; x_wconf 92' lang='lat' dir='ltr'>ut</span> <span class='ocrx_word' id='word_1_716' title='bbox 1781 1078 2032 1120; x_wconf 88' lang='lat' dir='ltr'>metaphysicale</span> <span class='ocrx_word' id='word_1_717' title='bbox 2045 1085 2103 1115; x_wconf 91' lang='lat' dir='ltr'>est,</span> <span class='ocrx_word' id='word_1_718' title='bbox 2116 1084 2246 1120; x_wconf 90' lang='lat' dir='ltr'>oportet</span> <span class='ocrx_word' id='word_1_719' title='bbox 2259 1080 2429 1120; x_wconf 86' lang='lat' dir='ltr'>praeintel-</span> 
     </span>
     <span class='ocr_line' id='line_1_97' title="bbox 1361 1118 2429 1164; baseline 0.006 -15"><span class='ocrx_word' id='word_1_720' title='bbox 1361 1118 1430 1158; x_wconf 87' lang='lat' dir='ltr'>hgi:</span> <span class='ocrx_word' id='word_1_721' title='bbox 1455 1119 1512 1151; x_wconf 89' lang='lat' dir='ltr'>sed</span> <span class='ocrx_word' id='word_1_722' title='bbox 1531 1121 1614 1152; x_wconf 93' lang='lat' dir='ltr'>bene</span> <span class='ocrx_word' id='word_1_723' title='bbox 1637 1123 1782 1163; x_wconf 89' lang='lat' dir='ltr'>cognitio</span> <span class='ocrx_word' id='word_1_724' title='bbox 1806 1124 1987 1164; x_wconf 90' lang='lat' dir='ltr'>primorum</span> <span class='ocrx_word' id='word_1_725' title='bbox 2002 1124 2238 1164; x_wconf 88' lang='lat' dir='ltr'>principiorum</span> <span class='ocrx_word' id='word_1_726' title='bbox 2260 1129 2296 1155; x_wconf 92' lang='lat' dir='ltr'>ut</span> <span class='ocrx_word' id='word_1_727' title='bbox 2318 1125 2429 1155; x_wconf 89' lang='lat' dir='ltr'>habitu</span> 
     </span>
     <span class='ocr_line' id='line_1_98' title="bbox 1362 1163 2430 1209; baseline 0.007 -16"><span class='ocrx_word' id='word_1_728' title='bbox 1362 1163 1420 1203; x_wconf 89' lang='lat' dir='ltr'>qui</span> <span class='ocrx_word' id='word_1_729' title='bbox 1443 1170 1491 1194; x_wconf 88' lang='lat' dir='ltr'>est</span> <span class='ocrx_word' id='word_1_730' title='bbox 1513 1165 1694 1198; x_wconf 90' lang='lat' dir='ltr'>intellectus</span> <span class='ocrx_word' id='word_1_731' title='bbox 1709 1173 1784 1198; x_wconf 90' lang='lat' dir='ltr'>sunt</span> <span class='ocrx_word' id='word_1_732' title='bbox 1804 1174 1892 1204; x_wconf 93' lang='lat' dir='ltr'>nota,</span> <span class='ocrx_word' id='word_1_733' title='bbox 1910 1169 2145 1209; x_wconf 86' lang='lat' dir='ltr'>cuiuscumque</span> <span class='ocrx_word' id='word_1_734' title='bbox 2167 1169 2319 1200; x_wconf 91' lang='lat' dir='ltr'>scientiae</span> <span class='ocrx_word' id='word_1_735' title='bbox 2341 1169 2430 1200; x_wconf 91' lang='lat' dir='ltr'>adin-</span> 
     </span>
     <span class='ocr_line' id='line_1_99' title="bbox 1362 1209 2429 1259; baseline 0.006 -21"><span class='ocrx_word' id='word_1_736' title='bbox 1362 1209 1549 1259; x_wconf 81' lang='lat' dir='ltr'>ventionem</span> <span class='ocrx_word' id='word_1_737' title='bbox 1579 1211 1756 1251; x_wconf 83' lang='lat' dir='ltr'>praecedit;</span> <span class='ocrx_word' id='word_1_738' title='bbox 1781 1222 1856 1243; x_wconf 91' lang='lat' dir='ltr'>cum</span> <span class='ocrx_word' id='word_1_739' title='bbox 1879 1213 1968 1244; x_wconf 92' lang='lat' dir='ltr'>nulla</span> <span class='ocrx_word' id='word_1_740' title='bbox 1991 1213 2123 1244; x_wconf 88' lang='lat' dir='ltr'>scientia</span> <span class='ocrx_word' id='word_1_741' title='bbox 2149 1213 2263 1244; x_wconf 89' lang='lat' dir='ltr'>habeat</span> <span class='ocrx_word' id='word_1_742' title='bbox 2289 1213 2429 1254; x_wconf 87' lang='lat' dir='ltr'>perfecte</span> 
     </span>
     <span class='ocr_line' id='line_1_100' title="bbox 1362 1255 2430 1298; baseline 0.006 -16"><span class='ocrx_word' id='word_1_743' title='bbox 1362 1258 1520 1284; x_wconf 83' lang='lat' dir='ltr'>rationem</span> <span class='ocrx_word' id='word_1_744' title='bbox 1544 1255 1695 1287; x_wconf 90' lang='lat' dir='ltr'>scientiae</span> <span class='ocrx_word' id='word_1_745' title='bbox 1711 1257 1772 1287; x_wconf 91' lang='lat' dir='ltr'>nisi</span> <span class='ocrx_word' id='word_1_746' title='bbox 1788 1257 1968 1288; x_wconf 91' lang='lat' dir='ltr'>secundum</span> <span class='ocrx_word' id='word_1_747' title='bbox 1989 1257 2079 1298; x_wconf 90' lang='lat' dir='ltr'>quod</span> <span class='ocrx_word' id='word_1_748' title='bbox 2103 1258 2141 1288; x_wconf 90' lang='lat' dir='ltr'>ab</span> <span class='ocrx_word' id='word_1_749' title='bbox 2165 1257 2352 1289; x_wconf 89' lang='lat' dir='ltr'>huiusmodi</span> <span class='ocrx_word' id='word_1_750' title='bbox 2375 1258 2430 1288; x_wconf 90' lang='lat' dir='ltr'>ha-</span> 
     </span>
     <span class='ocr_line' id='line_1_101' title="bbox 1362 1297 1626 1338; baseline 0.008 -10"><span class='ocrx_word' id='word_1_751' title='bbox 1362 1297 1432 1328; x_wconf 92' lang='lat' dir='ltr'>bitu</span> <span class='ocrx_word' id='word_1_752' title='bbox 1455 1297 1626 1338; x_wconf 90' lang='lat' dir='ltr'>dependet.</span> 
     </span>
    </p>

    <p class='ocr_par' dir='ltr' id='par_1_23' title="bbox 1362 1342 2431 1520">
     <span class='ocr_line' id='line_1_102' title="bbox 1418 1342 2429 1386; baseline 0.005 -14"><span class='ocrx_word' id='word_1_753' title='bbox 1418 1342 1544 1374; x_wconf 90' lang='lat' dir='ltr'>Dicitur</span> <span class='ocrx_word' id='word_1_754' title='bbox 1558 1344 1714 1381; x_wconf 91' lang='lat' dir='ltr'>secundo,</span> <span class='ocrx_word' id='word_1_755' title='bbox 1731 1344 1822 1386; x_wconf 92' lang='lat' dir='ltr'>quod</span> <span class='ocrx_word' id='word_1_756' title='bbox 1844 1346 1871 1375; x_wconf 92' lang='lat' dir='ltr'>si</span> <span class='ocrx_word' id='word_1_757' title='bbox 1893 1346 2066 1386; x_wconf 91' lang='lat' dir='ltr'>loquamur</span> <span class='ocrx_word' id='word_1_758' title='bbox 2085 1345 2125 1377; x_wconf 93' lang='lat' dir='ltr'>de</span> <span class='ocrx_word' id='word_1_759' title='bbox 2146 1346 2284 1377; x_wconf 91' lang='lat' dir='ltr'>scientiis</span> <span class='ocrx_word' id='word_1_760' title='bbox 2307 1351 2343 1376; x_wconf 93' lang='lat' dir='ltr'>ut</span> <span class='ocrx_word' id='word_1_761' title='bbox 2365 1347 2429 1377; x_wconf 92' lang='lat' dir='ltr'>iam</span> 
     </span>
     <span class='ocr_line' id='line_1_103' title="bbox 1363 1385 2430 1431; baseline 0.005 -15"><span class='ocrx_word' id='word_1_762' title='bbox 1363 1385 1553 1419; x_wconf 90' lang='lat' dir='ltr'>adinventae</span> <span class='ocrx_word' id='word_1_763' title='bbox 1568 1394 1653 1426; x_wconf 91' lang='lat' dir='ltr'>sunt,</span> <span class='ocrx_word' id='word_1_764' title='bbox 1669 1390 1714 1420; x_wconf 91' lang='lat' dir='ltr'>sic</span> <span class='ocrx_word' id='word_1_765' title='bbox 1730 1399 1798 1420; x_wconf 91' lang='lat' dir='ltr'>non</span> <span class='ocrx_word' id='word_1_766' title='bbox 1813 1390 2002 1420; x_wconf 88' lang='lat' dir='ltr'>inconvenit</span> <span class='ocrx_word' id='word_1_767' title='bbox 2020 1391 2095 1420; x_wconf 90' lang='lat' dir='ltr'>alias</span> <span class='ocrx_word' id='word_1_768' title='bbox 2118 1391 2265 1422; x_wconf 88' lang='lat' dir='ltr'>scientias</span> <span class='ocrx_word' id='word_1_769' title='bbox 2280 1391 2328 1421; x_wconf 91' lang='lat' dir='ltr'>uti</span> <span class='ocrx_word' id='word_1_770' title='bbox 2343 1391 2430 1431; x_wconf 89' lang='lat' dir='ltr'>prin-</span> 
     </span>
     <span class='ocr_line' id='line_1_104' title="bbox 1363 1431 2431 1476; baseline 0.005 -15"><span class='ocrx_word' id='word_1_771' title='bbox 1363 1431 1455 1471; x_wconf 86' lang='lat' dir='ltr'>cipiis</span> <span class='ocrx_word' id='word_1_772' title='bbox 1477 1434 1782 1474; x_wconf 89' lang='lat' dir='ltr'>metaphysiealibus</span> <span class='ocrx_word' id='word_1_773' title='bbox 1798 1439 1835 1465; x_wconf 93' lang='lat' dir='ltr'>ut</span> <span class='ocrx_word' id='word_1_774' title='bbox 1849 1435 1914 1465; x_wconf 91' lang='lat' dir='ltr'>iam</span> <span class='ocrx_word' id='word_1_775' title='bbox 1931 1434 2116 1465; x_wconf 88' lang='lat' dir='ltr'>examinatis</span> <span class='ocrx_word' id='word_1_776' title='bbox 2133 1441 2164 1465; x_wconf 92' lang='lat' dir='ltr'>et</span> <span class='ocrx_word' id='word_1_777' title='bbox 2180 1436 2218 1466; x_wconf 86' lang='lat' dir='ltr'>ab</span> <span class='ocrx_word' id='word_1_778' title='bbox 2238 1436 2431 1476; x_wconf 86' lang='lat' dir='ltr'>impugnan-</span> 
     </span>
     <span class='ocr_line' id='line_1_105' title="bbox 1362 1476 2012 1520; baseline 0.005 -14"><span class='ocrx_word' id='word_1_779' title='bbox 1362 1476 1448 1506; x_wconf 93' lang='lat' dir='ltr'>tibus</span> <span class='ocrx_word' id='word_1_780' title='bbox 1471 1485 1530 1517; x_wconf 91' lang='lat' dir='ltr'>per</span> <span class='ocrx_word' id='word_1_781' title='bbox 1552 1479 1807 1520; x_wconf 88' lang='lat' dir='ltr'>metaphysicam</span> <span class='ocrx_word' id='word_1_782' title='bbox 1830 1478 2012 1510; x_wconf 89' lang='lat' dir='ltr'>defensatis.</span> 
     </span>
    </p>

    <p class='ocr_par' dir='ltr' id='par_1_24' title="bbox 1362 1520 2435 2100">
     <span class='ocr_line' id='line_1_106' title="bbox 1420 1520 2430 1564; baseline 0.003 -13"><span class='ocrx_word' id='word_1_783' title='bbox 1420 1520 1546 1552; x_wconf 91' lang='lat' dir='ltr'>Dicitur</span> <span class='ocrx_word' id='word_1_784' title='bbox 1568 1523 1674 1560; x_wconf 90' lang='lat' dir='ltr'>tertio,</span> <span class='ocrx_word' id='word_1_785' title='bbox 1691 1523 1781 1564; x_wconf 93' lang='lat' dir='ltr'>quod</span> <span class='ocrx_word' id='word_1_786' title='bbox 1795 1533 1864 1554; x_wconf 92' lang='lat' dir='ltr'>non</span> <span class='ocrx_word' id='word_1_787' title='bbox 1879 1528 2008 1564; x_wconf 87' lang='lat' dir='ltr'>oportet</span> <span class='ocrx_word' id='word_1_788' title='bbox 2023 1527 2155 1563; x_wconf 89' lang='lat' dir='ltr'>propter</span> <span class='ocrx_word' id='word_1_789' title='bbox 2177 1523 2240 1553; x_wconf 92' lang='lat' dir='ltr'>hoc</span> <span class='ocrx_word' id='word_1_790' title='bbox 2263 1523 2430 1564; x_wconf 89' lang='lat' dir='ltr'>metaphy-</span> 
     </span>
     <span class='ocr_line' id='line_1_107' title="bbox 1363 1565 2430 1607; baseline 0.003 -12"><span class='ocrx_word' id='word_1_791' title='bbox 1363 1565 1463 1596; x_wconf 90' lang='lat' dir='ltr'>sicam</span> <span class='ocrx_word' id='word_1_792' title='bbox 1479 1567 1568 1606; x_wconf 84' lang='lat' dir='ltr'>prius</span> <span class='ocrx_word' id='word_1_793' title='bbox 1584 1567 1653 1598; x_wconf 90' lang='lat' dir='ltr'>aliis</span> <span class='ocrx_word' id='word_1_794' title='bbox 1669 1568 1809 1599; x_wconf 88' lang='lat' dir='ltr'>scientiis</span> <span class='ocrx_word' id='word_1_795' title='bbox 1832 1567 1963 1598; x_wconf 88' lang='lat' dir='ltr'>addisci.</span> <span class='ocrx_word' id='word_1_796' title='bbox 1987 1567 2076 1598; x_wconf 89' lang='lat' dir='ltr'>Tum</span> <span class='ocrx_word' id='word_1_797' title='bbox 2092 1567 2168 1607; x_wconf 86' lang='lat' dir='ltr'>quia</span> <span class='ocrx_word' id='word_1_798' title='bbox 2189 1567 2315 1598; x_wconf 90' lang='lat' dir='ltr'>habitus</span> <span class='ocrx_word' id='word_1_799' title='bbox 2331 1573 2430 1598; x_wconf 89' lang='lat' dir='ltr'>meta-</span> 
     </span>
     <span class='ocr_line' id='line_1_108' title="bbox 1362 1610 2430 1654; baseline 0.002 -14"><span class='ocrx_word' id='word_1_800' title='bbox 1362 1610 1536 1651; x_wconf 84' lang='lat' dir='ltr'>physiealis</span> <span class='ocrx_word' id='word_1_801' title='bbox 1552 1612 1658 1652; x_wconf 89' lang='lat' dir='ltr'>primo</span> <span class='ocrx_word' id='word_1_802' title='bbox 1672 1619 1703 1643; x_wconf 92' lang='lat' dir='ltr'>et</span> <span class='ocrx_word' id='word_1_803' title='bbox 1718 1612 1935 1654; x_wconf 89' lang='lat' dir='ltr'>principaliter</span> <span class='ocrx_word' id='word_1_804' title='bbox 1947 1613 2031 1643; x_wconf 91' lang='lat' dir='ltr'>circa</span> <span class='ocrx_word' id='word_1_805' title='bbox 2047 1621 2103 1642; x_wconf 91' lang='lat' dir='ltr'>ens</span> <span class='ocrx_word' id='word_1_806' title='bbox 2116 1617 2148 1642; x_wconf 93' lang='lat' dir='ltr'>et</span> <span class='ocrx_word' id='word_1_807' title='bbox 2163 1613 2327 1652; x_wconf 90' lang='lat' dir='ltr'>passiones</span> <span class='ocrx_word' id='word_1_808' title='bbox 2340 1612 2430 1648; x_wconf 82' lang='lat' dir='ltr'>entis,</span> 
     </span>
     <span class='ocr_line' id='line_1_109' title="bbox 1364 1656 2433 1697; baseline 0.002 -12"><span class='ocrx_word' id='word_1_809' title='bbox 1364 1659 1462 1695; x_wconf 87' lang='lat' dir='ltr'>atque</span> <span class='ocrx_word' id='word_1_810' title='bbox 1478 1656 1575 1686; x_wconf 90' lang='lat' dir='ltr'>etiam</span> <span class='ocrx_word' id='word_1_811' title='bbox 1591 1657 1676 1687; x_wconf 90' lang='lat' dir='ltr'>circa</span> <span class='ocrx_word' id='word_1_812' title='bbox 1690 1657 1882 1688; x_wconf 89' lang='lat' dir='ltr'>substantias</span> <span class='ocrx_word' id='word_1_813' title='bbox 1896 1661 2055 1697; x_wconf 86' lang='lat' dir='ltr'>separatas</span> <span class='ocrx_word' id='word_1_814' title='bbox 2070 1662 2225 1686; x_wconf 91' lang='lat' dir='ltr'>versatur:</span> <span class='ocrx_word' id='word_1_815' title='bbox 2242 1666 2310 1687; x_wconf 92' lang='lat' dir='ltr'>non</span> <span class='ocrx_word' id='word_1_816' title='bbox 2325 1661 2433 1687; x_wconf 86' lang='lat' dir='ltr'>autem</span> 
     </span>
     <span class='ocr_line' id='line_1_110' title="bbox 1365 1699 2433 1742; baseline 0.001 -12"><span class='ocrx_word' id='word_1_817' title='bbox 1365 1699 1449 1730; x_wconf 89' lang='lat' dir='ltr'>circa</span> <span class='ocrx_word' id='word_1_818' title='bbox 1471 1700 1660 1733; x_wconf 90' lang='lat' dir='ltr'>huiusmodi</span> <span class='ocrx_word' id='word_1_819' title='bbox 1682 1702 1850 1742; x_wconf 89' lang='lat' dir='ltr'>principia,</span> <span class='ocrx_word' id='word_1_820' title='bbox 1874 1711 1950 1732; x_wconf 89' lang='lat' dir='ltr'>cum</span> <span class='ocrx_word' id='word_1_821' title='bbox 1973 1710 2042 1731; x_wconf 90' lang='lat' dir='ltr'>non</span> <span class='ocrx_word' id='word_1_822' title='bbox 2065 1701 2128 1731; x_wconf 92' lang='lat' dir='ltr'>sint</span> <span class='ocrx_word' id='word_1_823' title='bbox 2151 1701 2377 1732; x_wconf 90' lang='lat' dir='ltr'>conclusiones</span> <span class='ocrx_word' id='word_1_824' title='bbox 2399 1701 2433 1731; x_wconf 93' lang='lat' dir='ltr'>in</span> 
     </span>
     <span class='ocr_line' id='line_1_111' title="bbox 1364 1745 2433 1787; baseline 0.001 -12"><span class='ocrx_word' id='word_1_825' title='bbox 1364 1745 1586 1787; x_wconf 87' lang='lat' dir='ltr'>metaphysica</span> <span class='ocrx_word' id='word_1_826' title='bbox 1601 1745 1848 1778; x_wconf 88' lang='lat' dir='ltr'>demonstratae.</span> <span class='ocrx_word' id='word_1_827' title='bbox 1860 1764 1884 1769; x_wconf 90' lang='lat'>-—</span> <span class='ocrx_word' id='word_1_828' title='bbox 1895 1746 1983 1776; x_wconf 88' lang='lat' dir='ltr'>Tum</span> <span class='ocrx_word' id='word_1_829' title='bbox 1996 1745 2072 1786; x_wconf 90' lang='lat' dir='ltr'>quia</span> <span class='ocrx_word' id='word_1_830' title='bbox 2088 1745 2167 1776; x_wconf 88' lang='lat' dir='ltr'>aliae</span> <span class='ocrx_word' id='word_1_831' title='bbox 2183 1746 2334 1776; x_wconf 90' lang='lat' dir='ltr'>scientiae</span> <span class='ocrx_word' id='word_1_832' title='bbox 2351 1746 2433 1776; x_wconf 88' lang='lat' dir='ltr'>acci-</span> 
     </span>
     <span class='ocr_line' id='line_1_112' title="bbox 1364 1789 2434 1832; baseline 0.001 -12"><span class='ocrx_word' id='word_1_833' title='bbox 1364 1789 1460 1831; x_wconf 91' lang='lat' dir='ltr'>piunt</span> <span class='ocrx_word' id='word_1_834' title='bbox 1485 1789 1539 1820; x_wconf 87' lang='lat' dir='ltr'>illa</span> <span class='ocrx_word' id='word_1_835' title='bbox 1565 1791 1724 1832; x_wconf 88' lang='lat' dir='ltr'>principia</span> <span class='ocrx_word' id='word_1_836' title='bbox 1750 1796 1866 1822; x_wconf 89' lang='lat' dir='ltr'>mutuo</span> <span class='ocrx_word' id='word_1_837' title='bbox 1893 1800 1912 1821; x_wconf 90' lang='lat' dir='ltr'>a</span> <span class='ocrx_word' id='word_1_838' title='bbox 1938 1789 2170 1831; x_wconf 88' lang='lat' dir='ltr'>metaphysica:</span> <span class='ocrx_word' id='word_1_839' title='bbox 2199 1795 2231 1820; x_wconf 89' lang='lat' dir='ltr'>et</span> <span class='ocrx_word' id='word_1_840' title='bbox 2259 1789 2334 1821; x_wconf 91' lang='lat' dir='ltr'>ideo</span> <span class='ocrx_word' id='word_1_841' title='bbox 2366 1799 2434 1821; x_wconf 92' lang='lat' dir='ltr'>non</span> 
     </span>
     <span class='ocr_line' id='line_1_113' title="bbox 1365 1833 2435 1876; baseline -0.001 -10"><span class='ocrx_word' id='word_1_842' title='bbox 1365 1839 1496 1876; x_wconf 90' lang='lat' dir='ltr'>oportet</span> <span class='ocrx_word' id='word_1_843' title='bbox 1518 1840 1556 1866; x_wconf 90' lang='lat' dir='ltr'>ut</span> <span class='ocrx_word' id='word_1_844' title='bbox 1577 1836 1667 1876; x_wconf 91' lang='lat' dir='ltr'>prius</span> <span class='ocrx_word' id='word_1_845' title='bbox 1689 1836 1844 1867; x_wconf 89' lang='lat' dir='ltr'>habeatur</span> <span class='ocrx_word' id='word_1_846' title='bbox 1865 1835 1919 1866; x_wconf 90' lang='lat' dir='ltr'>ille</span> <span class='ocrx_word' id='word_1_847' title='bbox 1934 1835 2071 1871; x_wconf 89' lang='lat' dir='ltr'>habitus,</span> <span class='ocrx_word' id='word_1_848' title='bbox 2087 1834 2143 1866; x_wconf 92' lang='lat' dir='ltr'>sed</span> <span class='ocrx_word' id='word_1_849' title='bbox 2158 1833 2275 1866; x_wconf 84' lang='lat' dir='ltr'>sufficit</span> <span class='ocrx_word' id='word_1_850' title='bbox 2290 1834 2380 1875; x_wconf 91' lang='lat' dir='ltr'>quod</span> <span class='ocrx_word' id='word_1_851' title='bbox 2395 1835 2435 1865; x_wconf 91' lang='lat' dir='ltr'>sit</span> 
     </span>
     <span class='ocr_line' id='line_1_114' title="bbox 1365 1878 2434 1921; baseline 0 -11"><span class='ocrx_word' id='word_1_852' title='bbox 1365 1878 1557 1911; x_wconf 86' lang='lat' dir='ltr'>adinventus</span> <span class='ocrx_word' id='word_1_853' title='bbox 1573 1885 1606 1912; x_wconf 89' lang='lat' dir='ltr'>et</span> <span class='ocrx_word' id='word_1_854' title='bbox 1621 1881 1797 1921; x_wconf 91' lang='lat' dir='ltr'>acquisitus</span> <span class='ocrx_word' id='word_1_855' title='bbox 1820 1879 2005 1920; x_wconf 87' lang='lat' dir='ltr'>aliquando,</span> <span class='ocrx_word' id='word_1_856' title='bbox 2023 1881 2119 1910; x_wconf 93' lang='lat' dir='ltr'>etiam</span> <span class='ocrx_word' id='word_1_857' title='bbox 2139 1884 2214 1919; x_wconf 91' lang='lat' dir='ltr'>post</span> <span class='ocrx_word' id='word_1_858' title='bbox 2234 1879 2309 1912; x_wconf 80' lang='lat' dir='ltr'>alias</span> <span class='ocrx_word' id='word_1_859' title='bbox 2331 1879 2434 1911; x_wconf 90' lang='lat' dir='ltr'>scien-</span> 
     </span>
     <span class='ocr_line' id='line_1_115' title="bbox 1365 1923 2434 1965; baseline -0.001 -10"><span class='ocrx_word' id='word_1_860' title='bbox 1365 1925 1435 1956; x_wconf 87' lang='lat' dir='ltr'>tias.</span> <span class='ocrx_word' id='word_1_861' title='bbox 1459 1924 1555 1956; x_wconf 92' lang='lat' dir='ltr'>Unde</span> <span class='ocrx_word' id='word_1_862' title='bbox 1577 1925 1658 1956; x_wconf 92' lang='lat' dir='ltr'>aliae</span> <span class='ocrx_word' id='word_1_863' title='bbox 1681 1926 1832 1957; x_wconf 88' lang='lat' dir='ltr'>scientiae</span> <span class='ocrx_word' id='word_1_864' title='bbox 1855 1924 1990 1956; x_wconf 89' lang='lat' dir='ltr'>credunt</span> <span class='ocrx_word' id='word_1_865' title='bbox 2013 1925 2072 1955; x_wconf 91' lang='lat' dir='ltr'>ista</span> <span class='ocrx_word' id='word_1_866' title='bbox 2094 1924 2252 1965; x_wconf 88' lang='lat' dir='ltr'>principia</span> <span class='ocrx_word' id='word_1_867' title='bbox 2266 1923 2434 1964; x_wconf 90' lang='lat' dir='ltr'>metaphy—</span> 
     </span>
     <span class='ocr_line' id='line_1_116' title="bbox 1365 1967 2432 2011; baseline -0.002 -11"><span class='ocrx_word' id='word_1_868' title='bbox 1365 1970 1461 2006; x_wconf 90' lang='lat' dir='ltr'>sicae,</span> <span class='ocrx_word' id='word_1_869' title='bbox 1486 1969 1609 2001; x_wconf 89' lang='lat' dir='ltr'>scilicet</span> <span class='ocrx_word' id='word_1_870' title='bbox 1632 1969 1724 2011; x_wconf 89' lang='lat' dir='ltr'>quod</span> <span class='ocrx_word' id='word_1_871' title='bbox 1747 1971 1786 2001; x_wconf 89' lang='lat' dir='ltr'>ab</span> <span class='ocrx_word' id='word_1_872' title='bbox 1810 1969 1863 2000; x_wconf 92' lang='lat' dir='ltr'>illa</span> <span class='ocrx_word' id='word_1_873' title='bbox 1886 1974 1960 2000; x_wconf 90' lang='lat' dir='ltr'>sunt</span> <span class='ocrx_word' id='word_1_874' title='bbox 1983 1969 2161 2000; x_wconf 84' lang='lat' dir='ltr'>examinata</span> <span class='ocrx_word' id='word_1_875' title='bbox 2192 1973 2224 1999; x_wconf 90' lang='lat' dir='ltr'>et</span> <span class='ocrx_word' id='word_1_876' title='bbox 2254 1967 2432 1999; x_wconf 88' lang='lat' dir='ltr'>defensata:</span> 
     </span>
     <span class='ocr_line' id='line_1_117' title="bbox 1366 2013 2434 2055; baseline -0.002 -10"><span class='ocrx_word' id='word_1_877' title='bbox 1366 2014 1515 2055; x_wconf 89' lang='lat' dir='ltr'>quamvis</span> <span class='ocrx_word' id='word_1_878' title='bbox 1529 2014 1585 2045; x_wconf 90' lang='lat' dir='ltr'>illa</span> <span class='ocrx_word' id='word_1_879' title='bbox 1599 2014 1729 2046; x_wconf 92' lang='lat' dir='ltr'>videant</span> <span class='ocrx_word' id='word_1_880' title='bbox 1744 2020 1780 2045; x_wconf 92' lang='lat' dir='ltr'>ut</span> <span class='ocrx_word' id='word_1_881' title='bbox 1795 2014 1834 2045; x_wconf 92' lang='lat' dir='ltr'>ab</span> <span class='ocrx_word' id='word_1_882' title='bbox 1851 2013 2017 2044; x_wconf 91' lang='lat' dir='ltr'>intellectu</span> <span class='ocrx_word' id='word_1_883' title='bbox 2032 2014 2178 2055; x_wconf 87' lang='lat' dir='ltr'>ipsorum</span> <span class='ocrx_word' id='word_1_884' title='bbox 2201 2013 2434 2054; x_wconf 89' lang='lat' dir='ltr'>principiorum</span> 
     </span>
     <span class='ocr_line' id='line_1_118' title="bbox 1366 2057 1770 2100; baseline 0 -10"><span class='ocrx_word' id='word_1_885' title='bbox 1366 2057 1619 2100; x_wconf 90' lang='lat' dir='ltr'>dependentiam</span> <span class='ocrx_word' id='word_1_886' title='bbox 1641 2059 1770 2090; x_wconf 89' lang='lat' dir='ltr'>habent.</span> 
     </span>
    </p>

    <p class='ocr_par' dir='ltr' id='par_1_25' title="bbox 1366 2100 2436 2718">
     <span class='ocr_line' id='line_1_119' title="bbox 1423 2100 2434 2145; baseline -0.004 -10"><span class='ocrx_word' id='word_1_887' title='bbox 1423 2103 1478 2134; x_wconf 88' lang='lat' dir='ltr'>IX.</span> <span class='ocrx_word' id='word_1_888' title='bbox 1500 2103 1553 2134; x_wconf 88' lang='lat' dir='ltr'>Ad</span> <span class='ocrx_word' id='word_1_889' title='bbox 1571 2105 1714 2145; x_wconf 89' lang='lat' dir='ltr'>primum</span> <span class='ocrx_word' id='word_1_890' title='bbox 1731 2108 1840 2135; x_wconf 84' lang='lat' dir='ltr'>autern</span> <span class='ocrx_word' id='word_1_891' title='bbox 1859 2103 1893 2133; x_wconf 92' lang='lat' dir='ltr'>in</span> <span class='ocrx_word' id='word_1_892' title='bbox 1912 2102 2101 2143; x_wconf 89' lang='lat' dir='ltr'>oppositum</span> <span class='ocrx_word' id='word_1_893' title='bbox 2124 2101 2239 2132; x_wconf 91' lang='lat' dir='ltr'>dicitur</span> <span class='ocrx_word' id='word_1_894' title='bbox 2256 2100 2346 2142; x_wconf 93' lang='lat' dir='ltr'>quod</span> <span class='ocrx_word' id='word_1_895' title='bbox 2365 2110 2434 2132; x_wconf 90' lang='lat' dir='ltr'>non</span> 
     </span>
     <span class='ocr_line' id='line_1_120' title="bbox 1366 2146 2435 2190; baseline -0.005 -10"><span class='ocrx_word' id='word_1_896' title='bbox 1366 2149 1413 2179; x_wconf 91' lang='lat' dir='ltr'>sic</span> <span class='ocrx_word' id='word_1_897' title='bbox 1436 2147 1553 2180; x_wconf 90' lang='lat' dir='ltr'>dicitur</span> <span class='ocrx_word' id='word_1_898' title='bbox 1568 2149 1788 2190; x_wconf 89' lang='lat' dir='ltr'>metaphysica</span> <span class='ocrx_word' id='word_1_899' title='bbox 1803 2148 1960 2188; x_wconf 91' lang='lat' dir='ltr'>principia</span> <span class='ocrx_word' id='word_1_900' title='bbox 1983 2147 2116 2177; x_wconf 90' lang='lat' dir='ltr'>aliarum</span> <span class='ocrx_word' id='word_1_901' title='bbox 2139 2146 2343 2177; x_wconf 90' lang='lat' dir='ltr'>scientiarum</span> <span class='ocrx_word' id='word_1_902' title='bbox 2355 2155 2435 2186; x_wconf 87' lang='lat' dir='ltr'>pro-</span> 
     </span>
     <span class='ocr_line' id='line_1_121' title="bbox 1367 2191 2434 2235; baseline -0.005 -10"><span class='ocrx_word' id='word_1_903' title='bbox 1367 2194 1442 2225; x_wconf 88' lang='lat' dir='ltr'>bare</span> <span class='ocrx_word' id='word_1_904' title='bbox 1465 2194 1558 2234; x_wconf 86' lang='lat' dir='ltr'>quasi</span> <span class='ocrx_word' id='word_1_905' title='bbox 1573 2203 1631 2235; x_wconf 90' lang='lat' dir='ltr'>per</span> <span class='ocrx_word' id='word_1_906' title='bbox 1646 2194 1792 2224; x_wconf 90' lang='lat' dir='ltr'>habitum</span> <span class='ocrx_word' id='word_1_907' title='bbox 1812 2192 2050 2234; x_wconf 88' lang='lat' dir='ltr'>metaphysicae</span> <span class='ocrx_word' id='word_1_908' title='bbox 2069 2191 2317 2222; x_wconf 88' lang='lat' dir='ltr'>demonstrative</span> <span class='ocrx_word' id='word_1_909' title='bbox 2332 2191 2434 2221; x_wconf 92' lang='lat' dir='ltr'>scian-</span> 
     </span>
     <span class='ocr_line' id='line_1_122' title="bbox 1366 2235 2434 2279; baseline -0.004 -10"><span class='ocrx_word' id='word_1_910' title='bbox 1366 2243 1429 2274; x_wconf 88' lang='lat' dir='ltr'>tur,</span> <span class='ocrx_word' id='word_1_911' title='bbox 1453 2238 1735 2279; x_wconf 86' lang='lat' dir='ltr'>quemadmodum</span> <span class='ocrx_word' id='word_1_912' title='bbox 1757 2237 1891 2269; x_wconf 87' lang='lat' dir='ltr'>scientia</span> <span class='ocrx_word' id='word_1_913' title='bbox 1913 2237 2133 2268; x_wconf 88' lang='lat' dir='ltr'>subalternans</span> <span class='ocrx_word' id='word_1_914' title='bbox 2157 2235 2273 2266; x_wconf 90' lang='lat' dir='ltr'>dicitur</span> <span class='ocrx_word' id='word_1_915' title='bbox 2299 2235 2434 2275; x_wconf 91' lang='lat' dir='ltr'>probare</span> 
     </span>
     <span class='ocr_line' id='line_1_123' title="bbox 1367 2280 2435 2324; baseline -0.004 -11"><span class='ocrx_word' id='word_1_916' title='bbox 1367 2283 1526 2324; x_wconf 91' lang='lat' dir='ltr'>principia</span> <span class='ocrx_word' id='word_1_917' title='bbox 1549 2284 1701 2315; x_wconf 89' lang='lat' dir='ltr'>scientiae</span> <span class='ocrx_word' id='word_1_918' title='bbox 1732 2282 1979 2314; x_wconf 91' lang='lat' dir='ltr'>subalternatae:</span> <span class='ocrx_word' id='word_1_919' title='bbox 2004 2280 2061 2312; x_wconf 92' lang='lat' dir='ltr'>sed</span> <span class='ocrx_word' id='word_1_920' title='bbox 2084 2281 2160 2321; x_wconf 91' lang='lat' dir='ltr'>quia</span> <span class='ocrx_word' id='word_1_921' title='bbox 2183 2289 2240 2320; x_wconf 94' lang='lat' dir='ltr'>per</span> <span class='ocrx_word' id='word_1_922' title='bbox 2263 2280 2321 2310; x_wconf 93' lang='lat' dir='ltr'>ista</span> <span class='ocrx_word' id='word_1_923' title='bbox 2345 2289 2435 2310; x_wconf 92' lang='lat' dir='ltr'>com-</span> 
     </span>
     <span class='ocr_line' id='line_1_124' title="bbox 1367 2323 2435 2369; baseline -0.005 -10"><span class='ocrx_word' id='word_1_924' title='bbox 1367 2327 1481 2358; x_wconf 88' lang='lat' dir='ltr'>munia</span> <span class='ocrx_word' id='word_1_925' title='bbox 1503 2329 1673 2369; x_wconf 86' lang='lat' dir='ltr'>principia,</span> <span class='ocrx_word' id='word_1_926' title='bbox 1700 2327 1881 2358; x_wconf 90' lang='lat' dir='ltr'>secundum</span> <span class='ocrx_word' id='word_1_927' title='bbox 1909 2327 2051 2366; x_wconf 89' lang='lat' dir='ltr'>aliquam</span> <span class='ocrx_word' id='word_1_928' title='bbox 2080 2324 2372 2356; x_wconf 91' lang='lat' dir='ltr'>considerationem</span> <span class='ocrx_word' id='word_1_929' title='bbox 2396 2323 2435 2354; x_wconf 88' lang='lat' dir='ltr'>ad</span> 
     </span>
     <span class='ocr_line' id='line_1_125' title="bbox 1367 2370 2435 2414; baseline -0.006 -10"><span class='ocrx_word' id='word_1_930' title='bbox 1367 2373 1623 2414; x_wconf 86' lang='lat' dir='ltr'>metaphysicam</span> <span class='ocrx_word' id='word_1_931' title='bbox 1646 2373 1848 2414; x_wconf 89' lang='lat' dir='ltr'>pertinentia,</span> <span class='ocrx_word' id='word_1_932' title='bbox 1872 2370 2042 2402; x_wconf 89' lang='lat' dir='ltr'>manifesta</span> <span class='ocrx_word' id='word_1_933' title='bbox 2066 2370 2148 2401; x_wconf 90' lang='lat' dir='ltr'>fiunt</span> <span class='ocrx_word' id='word_1_934' title='bbox 2175 2370 2308 2400; x_wconf 89' lang='lat' dir='ltr'>aliarum</span> <span class='ocrx_word' id='word_1_935' title='bbox 2332 2370 2435 2399; x_wconf 91' lang='lat' dir='ltr'>scien-</span> 
     </span>
     <span class='ocr_line' id='line_1_126' title="bbox 1367 2414 2436 2459; baseline -0.004 -11"><span class='ocrx_word' id='word_1_936' title='bbox 1367 2417 1486 2449; x_wconf 89' lang='lat' dir='ltr'>tiarum</span> <span class='ocrx_word' id='word_1_937' title='bbox 1508 2418 1677 2459; x_wconf 88' lang='lat' dir='ltr'>principia,</span> <span class='ocrx_word' id='word_1_938' title='bbox 1701 2417 1781 2448; x_wconf 90' lang='lat' dir='ltr'>dum</span> <span class='ocrx_word' id='word_1_939' title='bbox 1805 2425 1919 2447; x_wconf 92' lang='lat' dir='ltr'>omnes</span> <span class='ocrx_word' id='word_1_940' title='bbox 1942 2416 2093 2448; x_wconf 89' lang='lat' dir='ltr'>scientiae</span> <span class='ocrx_word' id='word_1_941' title='bbox 2117 2415 2155 2445; x_wconf 92' lang='lat' dir='ltr'>ab</span> <span class='ocrx_word' id='word_1_942' title='bbox 2175 2415 2286 2445; x_wconf 91' lang='lat' dir='ltr'>habitu</span> <span class='ocrx_word' id='word_1_943' title='bbox 2301 2414 2436 2444; x_wconf 90' lang='lat' dir='ltr'>istorum</span> 
     </span>
     <span class='ocr_line' id='line_1_127' title="bbox 1367 2458 2435 2504; baseline -0.006 -10"><span class='ocrx_word' id='word_1_944' title='bbox 1367 2462 1606 2503; x_wconf 86' lang='lat' dir='ltr'>principiorum</span> <span class='ocrx_word' id='word_1_945' title='bbox 1628 2463 1687 2504; x_wconf 88' lang='lat' dir='ltr'>qui</span> <span class='ocrx_word' id='word_1_946' title='bbox 1718 2462 1835 2493; x_wconf 89' lang='lat' dir='ltr'>dicitur</span> <span class='ocrx_word' id='word_1_947' title='bbox 1864 2461 2046 2492; x_wconf 92' lang='lat' dir='ltr'>intellectus</span> <span class='ocrx_word' id='word_1_948' title='bbox 2079 2458 2277 2500; x_wconf 90' lang='lat' dir='ltr'>dependent;</span> <span class='ocrx_word' id='word_1_949' title='bbox 2303 2464 2334 2489; x_wconf 88' lang='lat' dir='ltr'>et</span> <span class='ocrx_word' id='word_1_950' title='bbox 2357 2458 2435 2489; x_wconf 92' lang='lat' dir='ltr'>dum</span> 
     </span>
     <span class='ocr_line' id='line_1_128' title="bbox 1367 2502 2436 2547; baseline -0.005 -9"><span class='ocrx_word' id='word_1_951' title='bbox 1367 2507 1574 2539; x_wconf 88' lang='lat' dir='ltr'>resolvuntur</span> <span class='ocrx_word' id='word_1_952' title='bbox 1596 2508 1632 2538; x_wconf 90' lang='lat' dir='ltr'>in</span> <span class='ocrx_word' id='word_1_953' title='bbox 1654 2508 1714 2538; x_wconf 90' lang='lat' dir='ltr'>ista</span> <span class='ocrx_word' id='word_1_954' title='bbox 1736 2506 1905 2547; x_wconf 91' lang='lat' dir='ltr'>principia,</span> <span class='ocrx_word' id='word_1_955' title='bbox 1924 2505 2108 2536; x_wconf 90' lang='lat' dir='ltr'>naturaliter</span> <span class='ocrx_word' id='word_1_956' title='bbox 2130 2510 2208 2535; x_wconf 90' lang='lat' dir='ltr'>nota</span> <span class='ocrx_word' id='word_1_957' title='bbox 2231 2502 2287 2534; x_wconf 92' lang='lat' dir='ltr'>sed</span> <span class='ocrx_word' id='word_1_958' title='bbox 2303 2513 2321 2533; x_wconf 90' lang='lat' dir='ltr'>a</span> <span class='ocrx_word' id='word_1_959' title='bbox 2336 2508 2436 2534; x_wconf 91' lang='lat' dir='ltr'>meta-</span> 
     </span>
     <span class='ocr_line' id='line_1_129' title="bbox 1367 2550 2435 2593; baseline -0.005 -11"><span class='ocrx_word' id='word_1_960' title='bbox 1367 2552 1504 2593; x_wconf 88' lang='lat' dir='ltr'>physico</span> <span class='ocrx_word' id='word_1_961' title='bbox 1527 2551 1709 2584; x_wconf 88' lang='lat' dir='ltr'>secundum</span> <span class='ocrx_word' id='word_1_962' title='bbox 1732 2551 1873 2592; x_wconf 88' lang='lat' dir='ltr'>aliquam</span> <span class='ocrx_word' id='word_1_963' title='bbox 1897 2550 2189 2581; x_wconf 87' lang='lat' dir='ltr'>considerationem</span> <span class='ocrx_word' id='word_1_964' title='bbox 2210 2553 2364 2584; x_wconf 90' lang='lat' dir='ltr'>mutuata,</span> <span class='ocrx_word' id='word_1_965' title='bbox 2385 2553 2435 2578; x_wconf 93' lang='lat' dir='ltr'>ut-</span> 
     </span>
     <span class='ocr_line' id='line_1_130' title="bbox 1367 2591 2436 2637; baseline -0.006 -9"><span class='ocrx_word' id='word_1_966' title='bbox 1367 2602 1446 2637; x_wconf 89' lang='lat' dir='ltr'>pote</span> <span class='ocrx_word' id='word_1_967' title='bbox 1470 2606 1554 2637; x_wconf 92' lang='lat' dir='ltr'>quae</span> <span class='ocrx_word' id='word_1_968' title='bbox 1577 2597 1642 2628; x_wconf 88' lang='lat' dir='ltr'>sint</span> <span class='ocrx_word' id='word_1_969' title='bbox 1663 2597 1823 2637; x_wconf 87' lang='lat' dir='ltr'>principia</span> <span class='ocrx_word' id='word_1_970' title='bbox 1837 2605 1906 2626; x_wconf 93' lang='lat' dir='ltr'>non</span> <span class='ocrx_word' id='word_1_971' title='bbox 1929 2595 2026 2626; x_wconf 86' lang='lat' dir='ltr'>alicui</span> <span class='ocrx_word' id='word_1_972' title='bbox 2049 2594 2199 2625; x_wconf 90' lang='lat' dir='ltr'>scientiae</span> <span class='ocrx_word' id='word_1_973' title='bbox 2222 2593 2353 2633; x_wconf 89' lang='lat' dir='ltr'>propria</span> <span class='ocrx_word' id='word_1_974' title='bbox 2379 2591 2436 2622; x_wconf 91' lang='lat' dir='ltr'>sed</span> 
     </span>
     <span class='ocr_line' id='line_1_131' title="bbox 1367 2637 2435 2681; baseline -0.006 -8"><span class='ocrx_word' id='word_1_975' title='bbox 1367 2642 1521 2672; x_wconf 91' lang='lat' dir='ltr'>omnibus</span> <span class='ocrx_word' id='word_1_976' title='bbox 1545 2642 1745 2678; x_wconf 90' lang='lat' dir='ltr'>communia,</span> <span class='ocrx_word' id='word_1_977' title='bbox 1762 2641 1837 2671; x_wconf 92' lang='lat' dir='ltr'>licet</span> <span class='ocrx_word' id='word_1_978' title='bbox 1853 2650 1871 2670; x_wconf 92' lang='lat' dir='ltr'>a</span> <span class='ocrx_word' id='word_1_979' title='bbox 1888 2640 2110 2681; x_wconf 91' lang='lat' dir='ltr'>metaphysico</span> <span class='ocrx_word' id='word_1_980' title='bbox 2134 2637 2340 2679; x_wconf 89' lang='lat' dir='ltr'>principalius</span> <span class='ocrx_word' id='word_1_981' title='bbox 2356 2646 2435 2667; x_wconf 93' lang='lat' dir='ltr'>con-</span> 
     </span>
     <span class='ocr_line' id='line_1_132' title="bbox 1366 2686 1512 2718; baseline 0 -1"><span class='ocrx_word' id='word_1_982' title='bbox 1366 2686 1512 2718; x_wconf 90' lang='lat' dir='ltr'>siderata.</span> 
     </span>
    </p>

    <p class='ocr_par' dir='ltr' id='par_1_26' title="bbox 1365 2726 2434 3087">
     <span class='ocr_line' id='line_1_133' title="bbox 1422 2726 2434 2770; baseline -0.007 -8"><span class='ocrx_word' id='word_1_983' title='bbox 1422 2730 1475 2762; x_wconf 91' lang='lat' dir='ltr'>Ad</span> <span class='ocrx_word' id='word_1_984' title='bbox 1497 2730 1680 2762; x_wconf 89' lang='lat' dir='ltr'>secundum</span> <span class='ocrx_word' id='word_1_985' title='bbox 1703 2730 1820 2761; x_wconf 90' lang='lat' dir='ltr'>dicitur</span> <span class='ocrx_word' id='word_1_986' title='bbox 1847 2728 1937 2770; x_wconf 89' lang='lat' dir='ltr'>quod</span> <span class='ocrx_word' id='word_1_987' title='bbox 1967 2728 2186 2769; x_wconf 89' lang='lat' dir='ltr'>metaphysica</span> <span class='ocrx_word' id='word_1_988' title='bbox 2212 2736 2280 2757; x_wconf 89' lang='lat' dir='ltr'>non</span> <span class='ocrx_word' id='word_1_989' title='bbox 2304 2726 2434 2766; x_wconf 87' lang='lat' dir='ltr'>largitur</span> 
     </span>
     <span class='ocr_line' id='line_1_134' title="bbox 1366 2770 2432 2816; baseline -0.007 -9"><span class='ocrx_word' id='word_1_990' title='bbox 1366 2785 1424 2806; x_wconf 87' lang='lat' dir='ltr'>sua</span> <span class='ocrx_word' id='word_1_991' title='bbox 1446 2776 1606 2816; x_wconf 90' lang='lat' dir='ltr'>principia</span> <span class='ocrx_word' id='word_1_992' title='bbox 1629 2775 1698 2806; x_wconf 87' lang='lat' dir='ltr'>aliis</span> <span class='ocrx_word' id='word_1_993' title='bbox 1722 2774 1801 2806; x_wconf 90' lang='lat' dir='ltr'>dum</span> <span class='ocrx_word' id='word_1_994' title='bbox 1834 2773 2053 2805; x_wconf 89' lang='lat' dir='ltr'>consideratur</span> <span class='ocrx_word' id='word_1_995' title='bbox 2084 2773 2117 2803; x_wconf 92' lang='lat' dir='ltr'>in</span> <span class='ocrx_word' id='word_1_996' title='bbox 2140 2772 2216 2812; x_wconf 89' lang='lat' dir='ltr'>ipsis</span> <span class='ocrx_word' id='word_1_997' title='bbox 2239 2770 2319 2801; x_wconf 93' lang='lat' dir='ltr'>ordo</span> <span class='ocrx_word' id='word_1_998' title='bbox 2344 2770 2432 2800; x_wconf 88' lang='lat' dir='ltr'>adin-</span> 
     </span>
     <span class='ocr_line' id='line_1_135' title="bbox 1366 2814 2431 2862; baseline -0.008 -10"><span class='ocrx_word' id='word_1_999' title='bbox 1366 2821 1528 2852; x_wconf 90' lang='lat' dir='ltr'>ventionis</span> <span class='ocrx_word' id='word_1_1000' title='bbox 1545 2825 1576 2851; x_wconf 94' lang='lat' dir='ltr'>et</span> <span class='ocrx_word' id='word_1_1001' title='bbox 1592 2819 1826 2862; x_wconf 78' lang='lat' dir='ltr'>acquisitioniS,</span> <span class='ocrx_word' id='word_1_1002' title='bbox 1843 2824 1879 2850; x_wconf 88' lang='lat' dir='ltr'>ut</span> <span class='ocrx_word' id='word_1_1003' title='bbox 1898 2817 2020 2849; x_wconf 88' lang='lat' dir='ltr'>dictum</span> <span class='ocrx_word' id='word_1_1004' title='bbox 2044 2822 2090 2848; x_wconf 92' lang='lat' dir='ltr'>est</span> <span class='ocrx_word' id='word_1_1005' title='bbox 2102 2818 2132 2847; x_wconf 71' lang='lat' dir='ltr'>*z</span> <span class='ocrx_word' id='word_1_1006' title='bbox 2157 2815 2212 2847; x_wconf 90' lang='lat' dir='ltr'>sed</span> <span class='ocrx_word' id='word_1_1007' title='bbox 2235 2815 2364 2855; x_wconf 90' lang='lat' dir='ltr'>largitur</span> <span class='ocrx_word' id='word_1_1008' title='bbox 2379 2814 2431 2844; x_wconf 92' lang='lat' dir='ltr'>illa</span> 
     </span>
     <span class='ocr_line' id='line_1_136' title="bbox 1366 2861 2431 2902; baseline -0.008 -5"><span class='ocrx_word' id='word_1_1009' title='bbox 1366 2871 1403 2897; x_wconf 90' lang='lat' dir='ltr'>ut</span> <span class='ocrx_word' id='word_1_1010' title='bbox 1414 2867 1478 2896; x_wconf 91' lang='lat' dir='ltr'>iam</span> <span class='ocrx_word' id='word_1_1011' title='bbox 1490 2866 1643 2900; x_wconf 88' lang='lat' dir='ltr'>scientiae</span> <span class='ocrx_word' id='word_1_1012' title='bbox 1655 2873 1770 2896; x_wconf 89' lang='lat' dir='ltr'>omnes</span> <span class='ocrx_word' id='word_1_1013' title='bbox 1781 2863 1970 2894; x_wconf 88' lang='lat' dir='ltr'>adinventae</span> <span class='ocrx_word' id='word_1_1014' title='bbox 1993 2862 2223 2902; x_wconf 86' lang='lat' dir='ltr'>intelliguntur,</span> <span class='ocrx_word' id='word_1_1015' title='bbox 2239 2861 2431 2900; x_wconf 89' lang='lat' dir='ltr'>inquantum</span> 
     </span>
     <span class='ocr_line' id='line_1_137' title="bbox 1366 2904 2432 2947; baseline -0.008 -5"><span class='ocrx_word' id='word_1_1016' title='bbox 1366 2920 1482 2942; x_wconf 91' lang='lat' dir='ltr'>omnes</span> <span class='ocrx_word' id='word_1_1017' title='bbox 1498 2911 1651 2941; x_wconf 91' lang='lat' dir='ltr'>scientiae</span> <span class='ocrx_word' id='word_1_1018' title='bbox 1666 2919 1755 2940; x_wconf 92' lang='lat' dir='ltr'>nunc</span> <span class='ocrx_word' id='word_1_1019' title='bbox 1771 2914 1887 2940; x_wconf 89' lang='lat' dir='ltr'>mutuo</span> <span class='ocrx_word' id='word_1_1020' title='bbox 1913 2908 2075 2947; x_wconf 89' lang='lat' dir='ltr'>accipiunt</span> <span class='ocrx_word' id='word_1_1021' title='bbox 2098 2916 2116 2936; x_wconf 92' lang='lat' dir='ltr'>a</span> <span class='ocrx_word' id='word_1_1022' title='bbox 2138 2905 2355 2946; x_wconf 89' lang='lat' dir='ltr'>metaphysica</span> <span class='ocrx_word' id='word_1_1023' title='bbox 2374 2904 2432 2934; x_wconf 92' lang='lat' dir='ltr'>ista</span> 
     </span>
     <span class='ocr_line' id='line_1_138' title="bbox 1365 2950 2432 2997; baseline -0.007 -10"><span class='ocrx_word' id='word_1_1024' title='bbox 1365 2955 1526 2997; x_wconf 88' lang='lat' dir='ltr'>principia</span> <span class='ocrx_word' id='word_1_1025' title='bbox 1545 2960 1580 2986; x_wconf 85' lang='lat' dir='ltr'>ut</span> <span class='ocrx_word' id='word_1_1026' title='bbox 1603 2955 1642 2986; x_wconf 92' lang='lat' dir='ltr'>ab</span> <span class='ocrx_word' id='word_1_1027' title='bbox 1666 2955 1736 2994; x_wconf 91' lang='lat' dir='ltr'>ipsa</span> <span class='ocrx_word' id='word_1_1028' title='bbox 1759 2953 1949 2984; x_wconf 86' lang='lat' dir='ltr'>confirmata</span> <span class='ocrx_word' id='word_1_1029' title='bbox 1972 2957 2004 2982; x_wconf 89' lang='lat' dir='ltr'>et</span> <span class='ocrx_word' id='word_1_1030' title='bbox 2026 2951 2198 2986; x_wconf 85' lang='lat' dir='ltr'>defensata,</span> <span class='ocrx_word' id='word_1_1031' title='bbox 2222 2950 2297 2980; x_wconf 91' lang='lat' dir='ltr'>licet</span> <span class='ocrx_word' id='word_1_1032' title='bbox 2319 2958 2432 2980; x_wconf 91' lang='lat' dir='ltr'>secun-</span> 
     </span>
     <span class='ocr_line' id='line_1_139' title="bbox 1365 2993 2433 3035; baseline -0.008 -3"><span class='ocrx_word' id='word_1_1033' title='bbox 1365 3001 1446 3032; x_wconf 92' lang='lat' dir='ltr'>dum</span> <span class='ocrx_word' id='word_1_1034' title='bbox 1468 3009 1502 3031; x_wconf 93' lang='lat' dir='ltr'>se</span> <span class='ocrx_word' id='word_1_1035' title='bbox 1525 2999 1711 3030; x_wconf 89' lang='lat' dir='ltr'>naturaliter</span> <span class='ocrx_word' id='word_1_1036' title='bbox 1732 3003 1821 3029; x_wconf 91' lang='lat' dir='ltr'>nota.</span> <span class='ocrx_word' id='word_1_1037' title='bbox 1845 2997 1940 3029; x_wconf 92' lang='lat' dir='ltr'>Unde</span> <span class='ocrx_word' id='word_1_1038' title='bbox 1965 3006 2034 3027; x_wconf 93' lang='lat' dir='ltr'>non</span> <span class='ocrx_word' id='word_1_1039' title='bbox 2056 2996 2200 3035; x_wconf 92' lang='lat' dir='ltr'>sequitur</span> <span class='ocrx_word' id='word_1_1040' title='bbox 2222 2993 2312 3035; x_wconf 92' lang='lat' dir='ltr'>quod</span> <span class='ocrx_word' id='word_1_1041' title='bbox 2333 2998 2433 3024; x_wconf 88' lang='lat' dir='ltr'>meta-</span> 
     </span>
     <span class='ocr_line' id='line_1_140' title="bbox 1365 3039 2152 3087; baseline -0.008 -11"><span class='ocrx_word' id='word_1_1042' title='bbox 1365 3045 1499 3087; x_wconf 88' lang='lat' dir='ltr'>physica</span> <span class='ocrx_word' id='word_1_1043' title='bbox 1521 3045 1562 3075; x_wconf 92' lang='lat' dir='ltr'>sit</span> <span class='ocrx_word' id='word_1_1044' title='bbox 1585 3050 1658 3075; x_wconf 89' lang='lat' dir='ltr'>ante</span> <span class='ocrx_word' id='word_1_1045' title='bbox 1682 3044 1758 3074; x_wconf 90' lang='lat' dir='ltr'>alias</span> <span class='ocrx_word' id='word_1_1046' title='bbox 1781 3042 1928 3073; x_wconf 88' lang='lat' dir='ltr'>scientias</span> <span class='ocrx_word' id='word_1_1047' title='bbox 1951 3039 2152 3072; x_wconf 90' lang='lat' dir='ltr'>addiscenda.</span> 
     </span>
    </p>

    <p class='ocr_par' dir='ltr' id='par_1_27' title="bbox 1365 3083 2432 3527">
     <span class='ocr_line' id='line_1_141' title="bbox 1421 3083 2431 3127; baseline -0.01 -7"><span class='ocrx_word' id='word_1_1048' title='bbox 1421 3089 1474 3120; x_wconf 87' lang='lat' dir='ltr'>Ad</span> <span class='ocrx_word' id='word_1_1049' title='bbox 1497 3090 1627 3120; x_wconf 88' lang='lat' dir='ltr'>tertium</span> <span class='ocrx_word' id='word_1_1050' title='bbox 1651 3087 1766 3118; x_wconf 89' lang='lat' dir='ltr'>dicitur</span> <span class='ocrx_word' id='word_1_1051' title='bbox 1786 3088 1903 3127; x_wconf 89' lang='lat' dir='ltr'>primo,</span> <span class='ocrx_word' id='word_1_1052' title='bbox 1920 3085 2010 3126; x_wconf 93' lang='lat' dir='ltr'>quod</span> <span class='ocrx_word' id='word_1_1053' title='bbox 2025 3084 2181 3125; x_wconf 87' lang='lat' dir='ltr'>principia</span> <span class='ocrx_word' id='word_1_1054' title='bbox 2199 3083 2302 3123; x_wconf 86' lang='lat' dir='ltr'>prima</span> <span class='ocrx_word' id='word_1_1055' title='bbox 2318 3090 2431 3111; x_wconf 91' lang='lat' dir='ltr'>secun-</span> 
     </span>
     <span class='ocr_line' id='line_1_142' title="bbox 1366 3126 2431 3168; baseline -0.01 -2"><span class='ocrx_word' id='word_1_1056' title='bbox 1366 3133 1446 3166; x_wconf 88' lang='lat' dir='ltr'>dum</span> <span class='ocrx_word' id='word_1_1057' title='bbox 1477 3143 1592 3165; x_wconf 92' lang='lat' dir='ltr'>eorum</span> <span class='ocrx_word' id='word_1_1058' title='bbox 1624 3132 1805 3163; x_wconf 88' lang='lat' dir='ltr'>absolutam</span> <span class='ocrx_word' id='word_1_1059' title='bbox 1831 3132 1997 3161; x_wconf 86' lang='lat' dir='ltr'>veritatem</span> <span class='ocrx_word' id='word_1_1060' title='bbox 2021 3134 2096 3159; x_wconf 93' lang='lat' dir='ltr'>sunt</span> <span class='ocrx_word' id='word_1_1061' title='bbox 2122 3129 2209 3168; x_wconf 91' lang='lat' dir='ltr'>prius</span> <span class='ocrx_word' id='word_1_1062' title='bbox 2236 3126 2329 3157; x_wconf 92' lang='lat' dir='ltr'>nobis</span> <span class='ocrx_word' id='word_1_1063' title='bbox 2354 3130 2431 3155; x_wconf 90' lang='lat' dir='ltr'>nota</span> 
     </span>
     <span class='ocr_line' id='line_1_143' title="bbox 1366 3170 2430 3216; baseline -0.011 -6"><span class='ocrx_word' id='word_1_1064' title='bbox 1366 3179 1520 3210; x_wconf 89' lang='lat' dir='ltr'>omnibus</span> <span class='ocrx_word' id='word_1_1065' title='bbox 1544 3178 1694 3209; x_wconf 87' lang='lat' dir='ltr'>scientiis.</span> <span class='ocrx_word' id='word_1_1066' title='bbox 1711 3175 1775 3207; x_wconf 91' lang='lat' dir='ltr'>Sed</span> <span class='ocrx_word' id='word_1_1067' title='bbox 1791 3181 1949 3216; x_wconf 92' lang='lat' dir='ltr'>quantum</span> <span class='ocrx_word' id='word_1_1068' title='bbox 1965 3174 2005 3204; x_wconf 92' lang='lat' dir='ltr'>ad</span> <span class='ocrx_word' id='word_1_1069' title='bbox 2024 3182 2138 3203; x_wconf 89' lang='lat' dir='ltr'>eorum</span> <span class='ocrx_word' id='word_1_1070' title='bbox 2162 3170 2430 3202; x_wconf 82' lang='lat' dir='ltr'>examinationem</span> 
     </span>
     <span class='ocr_line' id='line_1_144' title="bbox 1367 3216 2432 3261; baseline -0.011 -6"><span class='ocrx_word' id='word_1_1071' title='bbox 1367 3230 1399 3255; x_wconf 91' lang='lat' dir='ltr'>et</span> <span class='ocrx_word' id='word_1_1072' title='bbox 1422 3223 1646 3254; x_wconf 89' lang='lat' dir='ltr'>defensionem</span> <span class='ocrx_word' id='word_1_1073' title='bbox 1668 3222 1707 3252; x_wconf 92' lang='lat' dir='ltr'>ab</span> <span class='ocrx_word' id='word_1_1074' title='bbox 1731 3220 2004 3261; x_wconf 87' lang='lat' dir='ltr'>impugnantibus,</span> <span class='ocrx_word' id='word_1_1075' title='bbox 2027 3222 2102 3248; x_wconf 90' lang='lat' dir='ltr'>sunt</span> <span class='ocrx_word' id='word_1_1076' title='bbox 2124 3216 2282 3257; x_wconf 91' lang='lat' dir='ltr'>posterius</span> <span class='ocrx_word' id='word_1_1077' title='bbox 2304 3219 2392 3244; x_wconf 91' lang='lat' dir='ltr'>nota.</span> <span class='ocrx_word' id='word_1_1078' title='bbox 2408 3230 2432 3235; x_wconf 86' lang='lat'><em>-</em></span> 
     </span>
     <span class='ocr_line' id='line_1_145' title="bbox 1366 3259 2431 3306; baseline -0.012 -6"><span class='ocrx_word' id='word_1_1079' title='bbox 1366 3269 1493 3300; x_wconf 91' lang='lat' dir='ltr'>Dicitur</span> <span class='ocrx_word' id='word_1_1080' title='bbox 1515 3266 1671 3302; x_wconf 87' lang='lat' dir='ltr'>seeundo,</span> <span class='ocrx_word' id='word_1_1081' title='bbox 1697 3265 1787 3306; x_wconf 93' lang='lat' dir='ltr'>quod</span> <span class='ocrx_word' id='word_1_1082' title='bbox 1819 3265 1895 3305; x_wconf 89' lang='lat' dir='ltr'>quia</span> <span class='ocrx_word' id='word_1_1083' title='bbox 1927 3262 2106 3294; x_wconf 91' lang='lat' dir='ltr'>secundum</span> <span class='ocrx_word' id='word_1_1084' title='bbox 2130 3269 2243 3291; x_wconf 91' lang='lat' dir='ltr'>eorum</span> <span class='ocrx_word' id='word_1_1085' title='bbox 2265 3259 2431 3289; x_wconf 91' lang='lat' dir='ltr'>veritatem</span> 
     </span>
     <span class='ocr_line' id='line_1_146' title="bbox 1366 3302 2431 3355; baseline -0.012 -11"><span class='ocrx_word' id='word_1_1086' title='bbox 1366 3314 1529 3355; x_wconf 92' lang='lat' dir='ltr'>pertinent</span> <span class='ocrx_word' id='word_1_1087' title='bbox 1549 3311 1589 3342; x_wconf 91' lang='lat' dir='ltr'>ad</span> <span class='ocrx_word' id='word_1_1088' title='bbox 1612 3310 1811 3341; x_wconf 88' lang='lat' dir='ltr'>intellectum</span> <span class='ocrx_word' id='word_1_1089' title='bbox 1828 3310 1884 3349; x_wconf 94' lang='lat' dir='ltr'>qui</span> <span class='ocrx_word' id='word_1_1090' title='bbox 1900 3313 1947 3338; x_wconf 88' lang='lat' dir='ltr'>est</span> <span class='ocrx_word' id='word_1_1091' title='bbox 1962 3316 2075 3338; x_wconf 88' lang='lat' dir='ltr'>eorum</span> <span class='ocrx_word' id='word_1_1092' title='bbox 2099 3306 2234 3340; x_wconf 87' lang='lat' dir='ltr'>habitus,</span> <span class='ocrx_word' id='word_1_1093' title='bbox 2251 3302 2431 3333; x_wconf 89' lang='lat' dir='ltr'>secundum</span> 
     </span>
     <span class='ocr_line' id='line_1_147' title="bbox 1365 3346 2431 3390; baseline -0.012 -1"><span class='ocrx_word' id='word_1_1094' title='bbox 1365 3367 1444 3389; x_wconf 86' lang='lat' dir='ltr'>vero</span> <span class='ocrx_word' id='word_1_1095' title='bbox 1469 3356 1740 3388; x_wconf 85' lang='lat' dir='ltr'>examinationem</span> <span class='ocrx_word' id='word_1_1096' title='bbox 1771 3359 1803 3384; x_wconf 90' lang='lat' dir='ltr'>et</span> <span class='ocrx_word' id='word_1_1097' title='bbox 1834 3353 2055 3384; x_wconf 90' lang='lat' dir='ltr'>defensionem</span> <span class='ocrx_word' id='word_1_1098' title='bbox 2086 3350 2246 3390; x_wconf 88' lang='lat' dir='ltr'>pertinent</span> <span class='ocrx_word' id='word_1_1099' title='bbox 2269 3346 2308 3378; x_wconf 91' lang='lat' dir='ltr'>ad</span> <span class='ocrx_word' id='word_1_1100' title='bbox 2330 3352 2431 3378; x_wconf 89' lang='lat' dir='ltr'>meta-</span> 
     </span>
     <span class='ocr_line' id='line_1_148' title="bbox 1367 3391 2432 3443; baseline -0.012 -10"><span class='ocrx_word' id='word_1_1101' title='bbox 1367 3402 1545 3443; x_wconf 92' lang='lat' dir='ltr'>physicam,</span> <span class='ocrx_word' id='word_1_1102' title='bbox 1569 3400 1644 3431; x_wconf 92' lang='lat' dir='ltr'>ideo</span> <span class='ocrx_word' id='word_1_1103' title='bbox 1667 3409 1734 3430; x_wconf 93' lang='lat' dir='ltr'>non</span> <span class='ocrx_word' id='word_1_1104' title='bbox 1751 3399 1897 3438; x_wconf 87' lang='lat' dir='ltr'>sequitur</span> <span class='ocrx_word' id='word_1_1105' title='bbox 1912 3396 2002 3437; x_wconf 91' lang='lat' dir='ltr'>quod</span> <span class='ocrx_word' id='word_1_1106' title='bbox 2021 3394 2238 3434; x_wconf 91' lang='lat' dir='ltr'>metaphysica</span> <span class='ocrx_word' id='word_1_1107' title='bbox 2261 3391 2432 3432; x_wconf 90' lang='lat' dir='ltr'>praecedat</span> 
     </span>
     <span class='ocr_line' id='line_1_149' title="bbox 1367 3436 2432 3481; baseline -0.012 -3"><span class='ocrx_word' id='word_1_1108' title='bbox 1367 3447 1444 3478; x_wconf 90' lang='lat' dir='ltr'>alias</span> <span class='ocrx_word' id='word_1_1109' title='bbox 1467 3446 1625 3481; x_wconf 91' lang='lat' dir='ltr'>scientias,</span> <span class='ocrx_word' id='word_1_1110' title='bbox 1649 3443 1706 3474; x_wconf 91' lang='lat' dir='ltr'>sed</span> <span class='ocrx_word' id='word_1_1111' title='bbox 1728 3449 1854 3474; x_wconf 90' lang='lat' dir='ltr'>tantum</span> <span class='ocrx_word' id='word_1_1112' title='bbox 1884 3441 2062 3472; x_wconf 87' lang='lat' dir='ltr'>intellectus</span> <span class='ocrx_word' id='word_1_1113' title='bbox 2086 3438 2142 3478; x_wconf 89' lang='lat' dir='ltr'>qui</span> <span class='ocrx_word' id='word_1_1114' title='bbox 2169 3445 2283 3468; x_wconf 89' lang='lat' dir='ltr'>eorum</span> <span class='ocrx_word' id='word_1_1115' title='bbox 2307 3441 2354 3466; x_wconf 92' lang='lat' dir='ltr'>est</span> <span class='ocrx_word' id='word_1_1116' title='bbox 2375 3436 2432 3466; x_wconf 91' lang='lat' dir='ltr'>ha-</span> 
     </span>
     <span class='ocr_line' id='line_1_150' title="bbox 1367 3481 2430 3527; baseline -0.012 -5"><span class='ocrx_word' id='word_1_1117' title='bbox 1367 3492 1463 3527; x_wconf 89' lang='lat' dir='ltr'>bitus,</span> <span class='ocrx_word' id='word_1_1118' title='bbox 1487 3490 1582 3521; x_wconf 92' lang='lat' dir='ltr'>nobis</span> <span class='ocrx_word' id='word_1_1119' title='bbox 1605 3488 1725 3519; x_wconf 92' lang='lat' dir='ltr'>inditus</span> <span class='ocrx_word' id='word_1_1120' title='bbox 1752 3498 1770 3518; x_wconf 91' lang='lat' dir='ltr'>a</span> <span class='ocrx_word' id='word_1_1121' title='bbox 1796 3486 1930 3517; x_wconf 86' lang='lat' dir='ltr'>naturali</span> <span class='ocrx_word' id='word_1_1122' title='bbox 1949 3485 2071 3515; x_wconf 90' lang='lat' dir='ltr'>lumine</span> <span class='ocrx_word' id='word_1_1123' title='bbox 2094 3482 2275 3513; x_wconf 88' lang='lat' dir='ltr'>intellectus</span> <span class='ocrx_word' id='word_1_1124' title='bbox 2298 3481 2430 3520; x_wconf 86' lang='lat' dir='ltr'>agentis.</span> 
     </span>
    </p>

    <p class='ocr_par' dir='ltr' id='par_1_28' title="bbox 1368 3524 2433 3704">
     <span class='ocr_line' id='line_1_151' title="bbox 1423 3524 2432 3567; baseline -0.012 -1"><span class='ocrx_word' id='word_1_1125' title='bbox 1423 3536 1463 3566; x_wconf 92' lang='lat' dir='ltr'>X.</span> <span class='ocrx_word' id='word_1_1126' title='bbox 1488 3534 1540 3565; x_wconf 92' lang='lat' dir='ltr'>Ad</span> <span class='ocrx_word' id='word_1_1127' title='bbox 1562 3532 1743 3564; x_wconf 88' lang='lat' dir='ltr'>secundum</span> <span class='ocrx_word' id='word_1_1128' title='bbox 1772 3531 1907 3562; x_wconf 89' lang='lat' dir='ltr'>dubium</span> <span class='ocrx_word' id='word_1_1129' title='bbox 1925 3531 1942 3547; x_wconf 66' lang='lat'>⁴*</span> <span class='ocrx_word' id='word_1_1130' title='bbox 1966 3529 2082 3559; x_wconf 90' lang='lat' dir='ltr'>dicitur</span> <span class='ocrx_word' id='word_1_1131' title='bbox 2103 3527 2220 3567; x_wconf 89' lang='lat' dir='ltr'>primo,</span> <span class='ocrx_word' id='word_1_1132' title='bbox 2248 3524 2339 3565; x_wconf 91' lang='lat' dir='ltr'>quod</span> <span class='ocrx_word' id='word_1_1133' title='bbox 2364 3534 2432 3555; x_wconf 93' lang='lat' dir='ltr'>non</span> 
     </span>
     <span class='ocr_line' id='line_1_152' title="bbox 1369 3569 2431 3611; baseline -0.012 0"><span class='ocrx_word' id='word_1_1134' title='bbox 1369 3580 1475 3611; x_wconf 90' lang='lat' dir='ltr'>omnis</span> <span class='ocrx_word' id='word_1_1135' title='bbox 1499 3578 1664 3609; x_wconf 92' lang='lat' dir='ltr'>inclinatio</span> <span class='ocrx_word' id='word_1_1136' title='bbox 1695 3582 1825 3607; x_wconf 86' lang='lat' dir='ltr'>naturae</span> <span class='ocrx_word' id='word_1_1137' title='bbox 1855 3574 1964 3604; x_wconf 89' lang='lat' dir='ltr'>similis</span> <span class='ocrx_word' id='word_1_1138' title='bbox 1993 3578 2040 3603; x_wconf 88' lang='lat' dir='ltr'>est</span> <span class='ocrx_word' id='word_1_1139' title='bbox 2066 3571 2268 3601; x_wconf 86' lang='lat' dir='ltr'>inclinationi</span> <span class='ocrx_word' id='word_1_1140' title='bbox 2295 3569 2431 3600; x_wconf 89' lang='lat' dir='ltr'>habitus.</span> 
     </span>
     <span class='ocr_line' id='line_1_153' title="bbox 1368 3614 2432 3665; baseline -0.012 -10"><span class='ocrx_word' id='word_1_1141' title='bbox 1368 3624 1548 3665; x_wconf 91' lang='lat' dir='ltr'>Dupliciter</span> <span class='ocrx_word' id='word_1_1142' title='bbox 1571 3622 1668 3657; x_wconf 90' lang='lat' dir='ltr'>enim,</span> <span class='ocrx_word' id='word_1_1143' title='bbox 1692 3626 1728 3651; x_wconf 92' lang='lat' dir='ltr'>ut</span> <span class='ocrx_word' id='word_1_1144' title='bbox 1750 3620 1819 3650; x_wconf 84' lang='lat' dir='ltr'>vult</span> <span class='ocrx_word' id='word_1_1145' title='bbox 1842 3619 1976 3649; x_wconf 89' lang='lat' dir='ltr'>Sanctus</span> <span class='ocrx_word' id='word_1_1146' title='bbox 2000 3617 2154 3651; x_wconf 90' lang='lat' dir='ltr'>Thomas,</span> <span class='ocrx_word' id='word_1_1147' title='bbox 2184 3614 2278 3645; x_wconf 84' lang='lat' dir='ltr'>Verit.</span> <span class='ocrx_word' id='word_1_1148' title='bbox 2299 3623 2329 3654; x_wconf 91' lang='lat' dir='ltr'>q.</span> <span class='ocrx_word' id='word_1_1149' title='bbox 2349 3623 2432 3652; x_wconf 83' lang='lat' dir='ltr'>xxrv,</span> 
     </span>
     <span class='ocr_line' id='line_1_154' title="bbox 1369 3657 2433 3704; baseline -0.01 -5"><span class='ocrx_word' id='word_1_1150' title='bbox 1369 3679 1396 3699; x_wconf 92' lang='lat' dir='ltr'>a.</span> <span class='ocrx_word' id='word_1_1151' title='bbox 1418 3676 1467 3704; x_wconf 83' lang='grc' dir='ltr'>ιο,</span> <span class='ocrx_word' id='word_1_1152' title='bbox 1485 3667 1524 3698; x_wconf 88' lang='lat' dir='ltr'>ad</span> <span class='ocrx_word' id='word_1_1153' title='bbox 1544 3675 1571 3702; x_wconf 88' lang='lat'>1,</span> <span class='ocrx_word' id='word_1_1154' title='bbox 1589 3671 1636 3696; x_wconf 92' lang='lat' dir='ltr'>est</span> <span class='ocrx_word' id='word_1_1155' title='bbox 1650 3665 1815 3695; x_wconf 92' lang='lat' dir='ltr'>inclinatio</span> <span class='ocrx_word' id='word_1_1156' title='bbox 1838 3661 1989 3693; x_wconf 90' lang='lat' dir='ltr'>naturalis</span> <span class='ocrx_word' id='word_1_1157' title='bbox 2009 3662 2043 3691; x_wconf 91' lang='lat' dir='ltr'>in</span> <span class='ocrx_word' id='word_1_1158' title='bbox 2067 3659 2203 3700; x_wconf 89' lang='lat' dir='ltr'>aliquid:</span> <span class='ocrx_word' id='word_1_1159' title='bbox 2228 3667 2296 3690; x_wconf 91' lang='lat' dir='ltr'>uno</span> <span class='ocrx_word' id='word_1_1160' title='bbox 2320 3657 2433 3693; x_wconf 91' lang='lat' dir='ltr'>modo,</span> 
     </span>
    </p>
   </div>
   <div class='ocr_carea' id='block_1_14' title="bbox 2453 680 2662 733">
    <p class='ocr_par' dir='ltr' id='par_1_29' title="bbox 2453 680 2662 733">
     <span class='ocr_line' id='line_1_155' title="bbox 2453 680 2662 708; baseline 0 -6"><span class='ocrx_word' id='word_1_1161' title='bbox 2453 682 2462 690; x_wconf 94' lang='grc'>·</span> <span class='ocrx_word' id='word_1_1162' title='bbox 2477 680 2516 702; x_wconf 83' lang='grc' dir='ltr'>ΑΙ.</span> <span class='ocrx_word' id='word_1_1163' title='bbox 2531 680 2583 702; x_wconf 87' lang='lat' dir='ltr'>lect.</span> <span class='ocrx_word' id='word_1_1164' title='bbox 2599 686 2624 707; x_wconf 78' lang='grc' dir='ltr'>ιι,</span> <span class='ocrx_word' id='word_1_1165' title='bbox 2639 686 2662 708; x_wconf 91' lang='lat' dir='ltr'>q.</span> 
     </span>
     <span class='ocr_line' id='line_1_156' title="bbox 2454 712 2548 733; baseline 0 -5"><span class='ocrx_word' id='word_1_1166' title='bbox 2454 713 2480 733; x_wconf 83' lang='lat' dir='ltr'>n,</span> <span class='ocrx_word' id='word_1_1167' title='bbox 2495 712 2516 728; x_wconf 86' lang='lat' dir='ltr'>a.</span> <span class='ocrx_word' id='word_1_1168' title='bbox 2530 714 2548 729; x_wconf 87' lang='grc' dir='ltr'>ι.</span> 
     </span>
    </p>
   </div>
   <div class='ocr_carea' id='block_1_15' title="bbox 2458 2814 2644 2841">
    <p class='ocr_par' dir='ltr' id='par_1_30' title="bbox 2458 2814 2644 2841">
     <span class='ocr_line' id='line_1_157' title="bbox 2458 2814 2644 2841; baseline -0.011 -5"><span class='ocrx_word' id='word_1_1169' title='bbox 2458 2815 2467 2824; x_wconf 90' lang='grc'><em>·</em></span> <span class='ocrx_word' id='word_1_1170' title='bbox 2482 2814 2552 2836; x_wconf 86' lang='lat' dir='ltr'>Num.</span> <span class='ocrx_word' id='word_1_1171' title='bbox 2568 2819 2644 2841; x_wconf 84' lang='lat' dir='ltr'>praec.</span> 
     </span>
    </p>
   </div>
   <div class='ocr_carea' id='block_1_16' title="bbox 2460 3524 2605 3545">
    <p class='ocr_par' dir='ltr' id='par_1_31' title="bbox 2460 3524 2605 3545">
     <span class='ocr_line' id='line_1_158' title="bbox 2460 3524 2605 3545; baseline -0.014 1"><span class='ocrx_word' id='word_1_1172' title='bbox 2460 3526 2468 3535; x_wconf 92' lang='grc'>·</span> <span class='ocrx_word' id='word_1_1173' title='bbox 2483 3524 2556 3545; x_wconf 87' lang='lat' dir='ltr'>Num.</span> <span class='ocrx_word' id='word_1_1174' title='bbox 2571 3530 2605 3544; x_wconf 77' lang='lat' dir='ltr'>vi.</span> 
     </span>
    </p>
   </div>
  </div>
 </body>
</html>
