2768 4134
29 1090 92 1115 ¹OE

29 1123 102 1148 ΡΠ.

821 293 1010 331 SUMMA
1039 295 1260 333 CONTRA
1289 287 1565 344 GENTILES,
1597 296 1708 333 CAP.
1729 297 1810 342 LV,
1831 297 1927 334 LVI.

272 375 364 406 cuius
388 374 518 415 signum
541 380 589 405 est
613 373 704 415 quod
737 374 848 404 omnia
879 373 965 404 videt
995 375 1084 405 Deus
1111 375 1207 406 unica
1231 385 1344 416 opera-

270 420 361 450 tione
390 419 467 460 quia
490 419 625 450 unicum
650 424 698 450 est
724 419 831 459 primo
856 423 887 448 et
915 428 973 459 per
1001 429 1035 450 se
1063 420 1229 451 obiectum
1252 420 1345 451 intel-

270 464 420 496 lectionis
444 463 581 500 divinae,
605 464 640 494 in
664 473 732 504 quo
755 463 817 493 alia
839 462 1004 501 videatur;
1036 465 1206 504 singularia
1236 470 1346 496 autem

270 519 339 540 non
363 514 439 540 sunt
461 509 568 549 primo
585 514 617 539 et
632 518 690 548 per
713 517 747 538 se
770 507 898 538 obiecta
921 509 1147 540 intellectionis
1167 510 1345 550 angelicae;

271 560 303 585 et
326 555 371 585 sic
395 563 434 585 ex
458 563 573 584 eorum
596 552 834 593 multiplicitate
866 558 896 583 et
928 554 1133 585 successione
1157 564 1225 585 non
1249 564 1346 595 opor-

270 599 351 630 tebit
365 598 602 629 intellectiones
618 597 846 638 multiplicare:
863 616 884 620 —
902 598 1126 639 respondetur,
1143 599 1169 629 si
1185 602 1347 639 ponamus

271 643 363 684 quod
385 643 547 684 singulare
571 643 699 672 noviter
722 641 919 683 productum
943 653 1011 674 non
1035 649 1250 684 cognoscatur
1282 653 1347 675 una

270 688 492 719 intellectione
508 697 565 728 per
581 696 626 724 se,
642 687 699 717 sed
715 687 828 718 eadem
852 688 947 718 simul
971 698 1047 719 cum
1071 688 1149 724 aliis,
1166 688 1258 729 quod
1277 698 1346 720 non

270 738 379 774 potest
402 732 499 763 simul
523 733 678 772 cognosci
702 742 778 763 cum
802 733 871 763 aliis
899 733 960 763 nisi
992 742 1050 773 per
1078 743 1199 764 novam
1221 734 1346 764 intelle-

271 778 427 813 cfionem,
451 787 517 818 qua
541 782 572 808 et
595 777 664 818 ipse
695 783 727 808 et
757 777 817 808 alia
841 783 1091 818 cognoscantur.
1122 777 1164 808 Et
1186 784 1265 809 tunc
1288 779 1346 809 ista

271 822 416 863 cognitio
441 821 547 853 differt
570 823 609 852 ab
634 822 687 852 illa
707 832 771 863 qua
787 822 848 853 alia
870 822 1043 863 singularia
1066 823 1347 863 cognoscebantur

271 868 340 899 sine
364 867 438 904 isto,
463 877 502 898 ex
526 876 566 898 eo
596 866 686 908 quod
717 868 927 908 cognoscitur
957 872 1071 897 natura
1101 866 1252 907 specifica
1282 868 1346 898 alio

271 911 373 943 modo
398 921 498 953 quam
521 912 624 952 prius:
649 922 718 943 non
734 912 822 943 enim
838 912 927 952 prius
951 912 1208 952 cognoscebatur
1229 918 1265 942 ut
1279 913 1347 943 istis

270 957 438 998 principiis
454 956 730 987 individuantibus
746 957 891 992 limitata,
904 955 1118 997 postmodum
1129 965 1209 987 vero
1224 966 1347 997 cogno-

271 1002 370 1033 scitur
392 1008 429 1032 ut
447 1002 492 1032 sic
516 1002 665 1038 limitata;
691 1007 722 1032 et
738 1002 783 1032 sic
799 1001 910 1042 aliquo
927 1000 1028 1032 modo
1045 1006 1121 1031 sunt
1137 1000 1203 1031 duo
1220 1002 1348 1033 obiecta

271 1047 419 1078 formalia
442 1048 575 1077 istarum
598 1046 869 1083 intellectionum.
885 1045 962 1076 Non
983 1046 1070 1076 enim
1086 1044 1212 1076 videtur
1235 1047 1347 1087 imagi—

103 1096 130 1141 ξ’·
144 1090 244 1119 ⁴¹¹²¹⁵¹¹⁸
270 1092 407 1124 nabile*
431 1091 522 1132 quod
545 1092 672 1122 noviter
687 1096 914 1131 cognoscatur,
930 1090 992 1120 nisi
1015 1096 1070 1120 aut
1092 1091 1200 1131 ipsum
1225 1100 1348 1132 cogno-

271 1142 378 1168 scatur
401 1137 508 1177 primo
532 1142 564 1167 et
587 1145 645 1176 per
668 1144 717 1171 se;
742 1141 798 1166 aut
825 1135 952 1165 noviter
975 1141 1192 1175 cognoscatur
1214 1136 1348 1176 aliquod

272 1182 439 1213 obiectum
462 1182 496 1212 in
521 1190 589 1221 quo
613 1179 776 1216 videatur;
801 1185 856 1210 aut
879 1179 1159 1220 obiectumprius
1179 1182 1347 1220 cognitum

271 1226 338 1258 alio
359 1226 462 1258 modo
479 1230 705 1266 cognoscatur,
723 1225 816 1261 sicut,
833 1234 910 1255 cum
932 1225 965 1255 in
982 1225 1143 1265 principio
1160 1225 1271 1265 aliquo
1292 1226 1348 1257 ali-

271 1281 337 1312 qua
353 1270 522 1302 conclusio
547 1270 757 1310 cognoscitur
773 1279 857 1310 quae
882 1270 971 1310 prius
993 1279 1062 1300 non
1079 1270 1348 1311 cognoscebatur,

270 1315 335 1346 hoc
351 1321 400 1346 est
415 1315 492 1356 quia
503 1314 701 1355 principium
719 1313 892 1355 perfectius
909 1314 1128 1354 cognoscitur,
1146 1321 1177 1345 et
1193 1315 1238 1345 sic
1254 1315 1350 1346 habet

253 1358 430 1391 ‘rationem
453 1359 583 1390 alterius
605 1359 725 1390 obiecti
749 1359 859 1400 aliquo
883 1359 997 1395 modo,
1017 1360 1212 1399 inquantum
1232 1365 1348 1400 poten-

269 1405 333 1436 tiae
355 1403 542 1445 perfectiori
566 1403 669 1435 modo
694 1404 847 1435 obiicitur
870 1414 969 1445 quam
992 1404 1092 1444 prius.

326 1449 512 1490 Propositio
529 1458 606 1489 ergo
631 1448 740 1480 Sancti
758 1449 908 1480 Thomae
925 1449 1082 1489 accipitur
1105 1448 1263 1485 absolute,
1280 1458 1348 1479 non

269 1493 491 1536 specificando
515 1494 622 1534 primo
647 1500 678 1524 et
701 1503 759 1534 per
782 1503 816 1524 se
839 1494 1016 1524 obiectum.
1040 1493 1137 1532 Quia,
1162 1493 1349 1534 quomodo—

269 1548 414 1580 cumque
437 1539 478 1570 sit
500 1539 663 1570 successio
681 1539 714 1569 in
739 1539 926 1579 cognitione
950 1538 1147 1579 aliquorum,
1164 1543 1295 1579 oportet
1313 1545 1350 1569 ut

269 1583 311 1615 sit
332 1583 441 1625 aliqua
469 1583 635 1624 pluralitas
667 1584 774 1624 primo
799 1589 831 1614 et
854 1592 912 1624 per
935 1593 968 1614 se
999 1583 1205 1614 obiectorum
1229 1589 1266 1614 ut
1287 1592 1349 1623 po-

268 1629 389 1660 tentiae
413 1629 623 1659 obiiciuntur.
648 1628 689 1659 Et
713 1629 758 1659 sic
783 1638 916 1659 necesse
940 1633 987 1659 est
1011 1634 1047 1659 ut
1067 1628 1130 1658 sint
1144 1628 1254 1668 plures
1270 1637 1350 1668 ope-

268 1673 424 1705 rationes:
450 1679 481 1704 et
504 1673 693 1714 praesertim
718 1673 774 1704 ubi
797 1673 945 1714 operatio
969 1682 1035 1703 una
1050 1672 1173 1703 intendi
1190 1679 1222 1704 et
1237 1672 1349 1714 perfici

267 1728 337 1750 non
360 1723 480 1760 potest,
504 1718 588 1749 sicut
612 1723 660 1749 est
683 1719 716 1748 in
741 1717 824 1748 Deo.

310 1763 357 1795 ‘3.
382 1763 415 1795 Si
439 1768 550 1794 autem
566 1763 767 1794 voluerimus
783 1763 878 1793 aliam
894 1767 1019 1802 partem
1043 1762 1210 1798 sustinere,
1228 1761 1350 1792 scilicet

269 1808 360 1849 quod
390 1808 484 1849 plura
512 1809 638 1849 possint
662 1808 844 1838 successive
868 1817 933 1838 una
960 1808 1151 1847 operatione
1183 1807 1349 1847 cognosci,

268 1863 338 1885 non
361 1852 494 1894 quidem
512 1854 546 1884 in
562 1853 687 1893 seipsis,
704 1852 760 1883 sed
776 1853 808 1883 in
826 1852 905 1882 alio:
931 1851 1022 1892 quod
1045 1852 1125 1883 mihi
1148 1851 1349 1891 probabilius

268 1897 406 1935 videtur,
441 1907 517 1929 curn
551 1898 698 1938 operatio
729 1897 844 1928 habeat
876 1897 1020 1937 speciem
1053 1903 1084 1928 et
1118 1897 1275 1926 unitatem
1309 1896 1348 1926 ab

269 1943 400 1974 obiecto
425 1942 606 1983 principali,
630 1952 698 1972 non
722 1947 830 1972 autem
848 1951 866 1971 a
886 1941 1079 1972 secundario
1105 1940 1195 1981 quod
1211 1941 1244 1970 in
1261 1941 1348 1981 prin-

269 1987 365 2029 cipali
388 1987 529 2018 videtur:
554 2005 577 2009 —
600 1986 776 2018 dicendum
808 1991 855 2016 est
886 1985 977 2026 quod
1006 1995 1074 2017 non
1105 1991 1152 2016 est
1180 1985 1284 2015 simile
1308 1984 1347 2015 de

269 2032 375 2073 angeli
399 2033 588 2072 cognitione
611 2037 761 2072 respectu
785 2031 1007 2071 singularium,
1032 2037 1063 2061 et
1087 2030 1127 2061 de
1160 2030 1348 2070 cognitione

269 2077 331 2108 Dei
354 2083 505 2118 respectu
524 2077 664 2107 aliorum
680 2086 698 2106 a
714 2086 759 2107 se.
785 2075 870 2114 Quia
887 2075 1060 2116 singularia
1075 2084 1159 2116 quae
1175 2075 1214 2105 ab
1231 2075 1347 2114 angelo

268 2123 451 2153 successive
474 2126 730 2162 cognoscuntur,
754 2120 904 2151 videntur
926 2129 994 2150 non
1022 2121 1056 2150 in
1087 2120 1211 2160 seipsis,
1235 2119 1291 2150 sed
1314 2120 1348 2150 in

269 2171 384 2198 natura
407 2166 573 2207 specifica:
599 2175 675 2197 curn
699 2175 757 2206 per
780 2166 923 2206 speciem
947 2170 1081 2196 naturae
1105 2163 1275 2205 specificae
1299 2164 1348 2194 in-

268 2211 464 2252 telligantur.
489 2211 523 2242 Si
547 2216 656 2242 autern
681 2210 770 2241 Deus
794 2210 973 2241 successive
997 2210 1100 2240 multa
1123 2214 1347 2249 cognosceret,

269 2256 324 2288 illa
346 2252 470 2287 videret
493 2256 583 2286 Deus
609 2257 642 2286 in
666 2256 789 2296 seipsis,
806 2264 874 2285 non
892 2259 1001 2285 autem
1016 2254 1050 2285 in
1067 2254 1204 2285 essentia
1225 2253 1346 2284 divina:

269 2301 348 2342 quia
370 2301 508 2332 essentia
532 2301 641 2331 divina
671 2310 740 2331 non
771 2305 879 2340 potest
902 2299 1083 2330 successive
1116 2304 1276 2330 creaturas
1299 2308 1348 2329 re-

269 2352 485 2388 praesentare,
503 2355 579 2376 cum
595 2346 635 2376 sit
651 2345 784 2376 actualis
807 2343 986 2375 similitudo
1002 2353 1070 2374 non
1087 2344 1195 2374 solum
1211 2343 1348 2374 existen-

269 2391 364 2428 tium,
388 2391 445 2422 sed
469 2391 566 2421 etiam
590 2400 659 2421 non
683 2390 899 2421 existentium.

326 2435 423 2468 Unde
454 2436 639 2476 propositio
667 2436 738 2471 ista,
763 2435 950 2465 Intellectus
978 2433 1080 2464 multa
1110 2433 1349 2463 considerantis

269 2481 449 2512 successive
472 2480 668 2521 impossibile
691 2485 739 2511 est
762 2489 861 2510 unam
885 2478 1108 2519 operationem
1132 2487 1211 2515 esse,
1231 2477 1349 2508 intelli-

269 2525 356 2566 gitur
379 2524 419 2556 de
442 2525 610 2556 intellectu
635 2523 860 2556 considerante
883 2522 1148 2563 unumquodque
1167 2522 1298 2553 illorum
1314 2522 1348 2552 in

270 2570 390 2611 seipso,
414 2579 483 2600 non
507 2575 617 2600 autem
640 2569 681 2601 de
705 2569 871 2600 intellectu
902 2567 1128 2599 considerante
1150 2567 1203 2597 illa
1226 2568 1260 2597 in
1284 2566 1348 2597 alio

270 2615 378 2656 primo
402 2620 434 2645 et
456 2614 675 2655 principaliter
690 2615 770 2645 viso.
787 2633 809 2637 —
825 2614 915 2644 Patet
931 2614 990 2643 ista
1005 2613 1226 2653 interpretatio
1245 2621 1284 2642 ex
1300 2621 1349 2641 ra-

270 2660 362 2691 tione
385 2669 484 2700 quam
508 2658 640 2690 adducit
663 2659 801 2690 Sanctus
817 2658 977 2689 Thomas:
1003 2658 1089 2698 quia,
1111 2657 1256 2697 inquam,
1275 2665 1348 2696 ope·
1374 2686 1377 2692 ,

2401 298 2466 335 161

1399 375 1544 406 rationes
1567 375 1743 406 secundum
1769 375 1891 406 obiecta
1916 376 2083 417 differunt.
2108 375 2246 407 Constat
2272 377 2360 408 enim
2389 377 2473 409 hanc

1398 420 1658 461 propositionem
1674 429 1783 450 veram
1801 429 1869 451 esse
1884 426 2010 451 tantum
2034 419 2074 451 de
2098 421 2232 452 obiectis
2254 422 2474 464 principaliter

1398 465 1488 495 visis:
1513 474 1582 495 non
1605 470 1715 495 autem
1739 464 1779 495 de
1803 465 1937 496 obiectis
1962 475 2046 506 quae
2069 465 2219 497 videntur
2241 467 2275 497 in
2298 467 2373 499 alio.

1454 519 1486 548 4.
1512 508 1600 540 Cum
1615 514 1725 540 autem
1748 508 1914 540 dicebatur
1937 510 1971 540 in
1994 511 2098 550 prima
2116 512 2330 551 responsione
2345 514 2361 529 ³*
2381 513 2473 553 quod

1398 564 1467 585 non
1484 553 1609 584 videtur
1631 554 1836 594 imaginabile
1856 554 1947 594 quod
1966 554 2098 595 aliquod
2121 555 2326 588 individuum
2346 558 2473 589 noviter

1399 599 1616 639 cognoscatur
1631 599 1693 629 nisi
1715 603 1771 629 aut
1794 608 1852 639 per
1874 608 1908 630 se
1931 599 2038 640 primo
2062 601 2102 631 sit
2124 601 2307 640 cognitum;
2331 607 2387 633 aut
2411 612 2473 633 no-

1398 644 1479 677 viter
1502 642 1636 684 aliquod
1659 649 1876 683 cognoscatur
1898 644 1932 674 in
1957 653 2025 684 quo
2048 645 2207 682 videatur;
2231 652 2287 676 aut
2307 647 2473 678 obiectum

1399 689 1488 729 prius
1521 689 1690 729 cognitum
1723 687 1788 719 alio
1820 687 1922 719 modo
1955 695 2184 729 cognoscatur:
2207 707 2231 730 -.
2259 691 2473 732 respondetur

1399 733 1491 774 quod
1513 734 1547 764 in
1570 733 1634 763 hoc
1658 742 1735 764 casu
1758 733 1924 764 obiectum
1947 733 2125 774 principale
2145 734 2208 764 alio
2223 735 2325 766 modo
2350 731 2473 776 cogno-

1399 779 1498 809 scitur
1521 787 1620 818 quam
1643 778 1743 818 prius,
1767 787 1835 808 non
1866 777 2000 819 quidem
2030 788 2088 819 per
2112 779 2208 809 aliam
2240 781 2472 820 cognitionem,

1399 823 1458 854 sed
1485 832 1543 863 per
1572 831 1693 853 novam
1724 821 1972 863 dispositionem
2004 823 2105 863 ipsius
2129 824 2248 854 obiecti
2277 825 2472 866 principalis.

1399 867 1490 899 Sicut
1512 868 1599 899 enim
1623 876 1688 898 una
1712 872 1744 898 et
1770 867 1884 898 eadem
1911 868 2035 908 species
2058 867 2264 909 intelligibilis
2289 879 2473 910 repraesen-

1399 913 1487 943 tabat
1509 918 1657 943 naturam
1687 911 1873 952 specificam
1903 913 2025 953 absque
2053 913 2118 943 hoc
2147 913 2300 954 singulari
2331 919 2363 944 et
2384 920 2474 955 post-

1399 957 1536 988 modum
1552 958 1656 998 ipsam
1672 966 1748 987 cum
1764 957 1828 988 hoc
1844 957 1998 997 singulari
2013 963 2241 998 repraesentat,
2257 967 2326 989 non
2342 964 2474 1000 propter

1399 1002 1610 1032 variationem
1634 1002 1753 1043 speciei
1777 1002 1995 1042 intelligibilis,
2019 1002 2076 1033 sed
2102 1008 2236 1044 propter
2258 1003 2474 1035 mutationem

1399 1046 1558 1077 individui
1585 1052 1616 1076 et
1636 1047 1747 1087 aliquo
1772 1046 1873 1077 modo
1897 1052 2029 1077 naturae
2053 1046 2238 1088 specificae;
2262 1048 2306 1078 ita
2330 1049 2473 1088 cognitio

1399 1092 1470 1122 talis
1493 1096 1636 1127 naturae,
1660 1092 1782 1132 absque
1806 1092 1855 1122 sui
1885 1092 2057 1122 intrinseca
2088 1092 2275 1128 variatione,
2299 1093 2388 1132 prius
2411 1099 2474 1124 ter-

1399 1136 1582 1166 minabatur
1605 1135 1645 1166 ad
1667 1142 1815 1167 naturam
1846 1135 2031 1176 specificam
2061 1136 2184 1177 absque
2214 1137 2269 1167 tali
2292 1137 2472 1175 individuo,

1399 1186 1514 1221 postea
1528 1190 1606 1211 vero
1622 1181 1812 1211 terminatur
1828 1181 1867 1211 ad
1883 1181 1987 1221 ipsam
2003 1181 2100 1212 etiam
2116 1190 2193 1212 cum
2208 1182 2280 1222 ipso
2292 1181 2472 1213 individuo.

1400 1225 1523 1256 Eadem
1548 1234 1682 1266 quoque
1705 1226 1786 1256 ratio
1810 1231 1858 1256 est
1881 1225 1921 1256 de
1949 1231 2112 1266 conceptu
2139 1235 2198 1266 per
2219 1226 2308 1257 illam
2331 1228 2473 1268 speciem

1401 1271 1526 1301 elicito:
1553 1270 1643 1310 quod
1673 1270 1795 1300 scilicet
1825 1271 1947 1311 absque
1978 1271 2026 1301 sui
2050 1271 2226 1301 variatione
2258 1271 2473 1303 diversimode

1399 1320 1547 1346 naturam
1571 1314 1756 1354 specificam
1786 1315 1819 1344 in
1850 1315 1905 1345 tali
1936 1324 2011 1346 casu
2041 1321 2267 1356 repraesentat,
2292 1316 2474 1348 diversitate

1400 1359 1475 1390 dico
1500 1369 1538 1390 ex
1561 1365 1651 1399 parte
1674 1360 1719 1390 rei
1744 1365 1999 1399 repraesentatae
2023 1362 2056 1390 se⁴
2079 1365 2220 1391 tenente.

1456 1404 1538 1434 XIII.
1566 1403 1694 1440 Quarto
1707 1405 1733 1434 ’ἃ
1759 1403 1794 1434 In
1812 1403 1883 1435 Deo
1905 1404 2013 1435 nullus
2033 1410 2141 1445 potest
2157 1414 2225 1435 esse
2241 1404 2361 1436 motus.
2385 1406 2472 1447 Ergo

1400 1458 1468 1479 non
1494 1454 1541 1479 est
1564 1449 1726 1479 successio
1749 1449 1782 1478 in
1807 1449 1876 1479 eius
1906 1449 2104 1489 cognitione.
2128 1468 2150 1472 -
2172 1450 2329 1480 Probatur
2359 1460 2474 1482 conse-

1402 1494 1544 1534 quentia.
1569 1493 1655 1531 Quia
1678 1494 1840 1524 successio
1864 1503 1931 1524 non
1955 1500 2062 1534 potest
2082 1494 2215 1534 intelligi
2232 1495 2300 1525 sine
2315 1500 2473 1535 tempore,

1401 1548 1463 1569 nec
1486 1544 1616 1578 tempus
1640 1538 1709 1568 sine
1733 1544 1837 1569 motu.

1458 1582 1702 1614 Advertendum
1724 1582 1777 1613 hic
1801 1582 1878 1613 duo.
1909 1583 2055 1613 Primum
2086 1582 2187 1623 quod,
2212 1583 2392 1614 secundum
2415 1584 2474 1615 do-

1402 1627 1538 1658 ctrinam
1562 1627 1670 1658 Sancti
1695 1627 1843 1658 Thomae
1859 1628 1886 1663 *,
1910 1633 2036 1668 praeter
2058 1632 2188 1667 tempus
2212 1628 2406 1658 continuum
2428 1634 2475 1659 est

1403 1673 1499 1702 etiarn
1516 1671 1705 1703 discretum:
1723 1672 1806 1702 sicut
1817 1677 1942 1712 praeter
1957 1677 2086 1702 motum
2103 1672 2296 1702 continuum
2313 1678 2360 1702 est
2379 1673 2474 1703 etiam

1402 1723 1512 1748 motus
1536 1717 1701 1748 discretus.
1727 1717 1891 1747 Discretus
1916 1717 2003 1747 enim
2026 1722 2136 1747 motus
2152 1722 2199 1747 est
2215 1717 2416 1756 compositus
2437 1727 2474 1748 ex

1403 1761 1534 1792 diversis
1558 1762 1802 1802 operationibus
1825 1762 2032 1792 instantaneis
2055 1762 2115 1792 sibi
2138 1762 2277 1792 invicem
2301 1761 2475 1792 succeden-

1402 1807 1488 1837 tibus
1511 1812 1543 1838 et
1566 1807 1606 1837 ab
1630 1807 1785 1837 existente
1811 1807 1844 1837 in
1868 1812 1942 1837 actu
1968 1806 2233 1846 procedentibus:
2259 1811 2290 1836 et
2313 1807 2474 1837 successio

1403 1851 1516 1882 talium
1540 1852 1770 1892 operationum
1794 1851 1911 1882 dicitur
1934 1857 2063 1892 tempus
2087 1851 2272 1882 discretum.
2297 1850 2373 1881 Ideo
2393 1851 2476 1882 bene

1402 1896 1508 1936 inquit
1531 1895 1668 1926 Sanctus
1685 1896 1830 1927 Thomas
1855 1895 1945 1936 quod
1969 1896 2061 1927 nulla
2080 1896 2239 1926 successio
2256 1901 2366 1935 potest
2381 1896 2474 1926 intel-

1403 1941 1464 1982 ligi
1486 1941 1557 1971 sine
1580 1946 1735 1981 tempore,
1760 1941 1883 1971 scilicet
1906 1941 2065 1971 continuo
2090 1945 2145 1971 aut
2168 1940 2317 1971 discreto.

1457 1984 1646 2015 Secundum
1670 1990 1717 2016 est
1740 1985 1831 2025 quod
1854 1985 2030 2025 aliquando
2054 1985 2149 2015 unica
2177 1985 2323 2025 operatio
2354 1984 2473 2014 instan-

1401 2035 1494 2060 tanea
1518 2029 1635 2060 dicitur
1657 2035 1777 2066 motus,
1802 2029 1982 2060 secundum
1999 2029 2088 2070 quod
2105 2035 2214 2060 motus
2230 2034 2278 2059 est
2293 2034 2382 2059 actus
2401 2038 2473 2069 per-

1402 2074 1493 2105 fecti:
1518 2083 1558 2105 eo
1582 2074 1684 2105 modo
1716 2083 1783 2115 quo
1807 2074 1898 2105 Plato
1923 2074 2001 2105 dixit
2028 2075 2135 2105 Deum
2163 2073 2472 2113 movere-seipsum,

1402 2120 1479 2159 quia
1494 2119 1643 2159 intelligit
1658 2129 1692 2150 se
1704 2120 1731 2150 *.
1748 2119 1812 2150 Sed
1828 2119 1892 2150 hoc
1907 2119 2010 2150 modo
2030 2129 2098 2150 non
2110 2119 2255 2159 loquitur
2270 2118 2322 2148 hic
2338 2117 2473 2149 Sanctus

1402 2164 1558 2200 Thomas,
1584 2173 1660 2194 eum
1683 2164 1790 2204 inquit
1812 2164 2013 2204 impossibile
2037 2173 2105 2194 esse
2121 2169 2157 2194 ut
2172 2163 2287 2204 aliquis
2309 2168 2419 2193 motus
2435 2164 2474 2194 sit

1401 2209 1434 2239 in
1452 2208 1537 2239 Deo:
1563 2209 1619 2239 sed
1635 2209 1752 2250 accipit
1768 2214 1896 2239 motum
1913 2215 1949 2239 ut
1964 2209 2205 2239 successionem
2228 2207 2373 2243 includit,
2391 2216 2474 2247 quo-

1401 2253 1649 2294 modocumque
1665 2255 1705 2284 sit
1728 2254 1890 2284 successio
1908 2259 1939 2284 et
1954 2253 2105 2283 transitus
2128 2253 2167 2283 ab
2190 2262 2259 2284 uno
2274 2254 2308 2284 in
2333 2253 2428 2284 aliud.

1461 2297 1593 2334 Quinto.
1612 2298 1691 2329 Esse
1707 2297 1853 2329 divinum
1869 2307 1937 2328 non
1953 2298 2050 2328 habet
2061 2298 2149 2338 prius
2162 2302 2194 2328 et
2205 2299 2375 2338 posterius.
2387 2298 2474 2338 Ergo

1401 2351 1463 2373 nec
1479 2342 1705 2373 consideratio.
1722 2343 1808 2382 Ergo
1826 2343 1936 2373 omnia
1952 2342 2047 2373 simul
2063 2343 2241 2382 cognoscit.
2258 2360 2280 2364 —
2295 2343 2386 2373 Patet
2397 2352 2475 2373 con-

1402 2388 1580 2427 sequentia.
1598 2387 1684 2426 Quia
1700 2387 1877 2428 intelligere
1893 2387 1954 2417 Dei
1970 2393 2018 2417 est
2033 2388 2140 2427 ipsum
2158 2396 2236 2418 esse.
2251 2406 2274 2409 —
2288 2387 2378 2418 Haec
2394 2388 2475 2418 ratio

1402 2432 1518 2472 probat
1540 2442 1609 2463 non
1633 2442 1702 2463 esse
1726 2432 1965 2463 successionem
1982 2441 2020 2462 ex
2036 2438 2125 2472 parte
2143 2432 2244 2472 ipsius
2268 2433 2474 2472 operationis.

1459 2476 1569 2508 Sexto.
1587 2477 1771 2508 Intellectus
1787 2476 1916 2507 divinus
1931 2486 2102 2517 nunquam
2114 2482 2162 2507 est
2171 2477 2206 2507 in
2217 2477 2372 2517 potentia.
2390 2477 2475 2517 Ergo

1403 2522 1513 2552 omnia
1529 2522 1626 2552 simul
1642 2521 1799 2562 intelligit.
1811 2539 1835 2543 —
1846 2521 2004 2551 Probatur
2016 2522 2257 2561 consequentia.
2271 2521 2356 2559 Quia
2369 2522 2475 2552 omnis

1402 2566 1584 2597 intellectus
1607 2566 1790 2606 intelligens
1813 2575 1917 2596 unum
1940 2571 2015 2605 post
2038 2565 2135 2602 aliud,
2153 2565 2232 2596 dum
2247 2566 2395 2606 intelligit
2410 2567 2474 2606 pri-

1402 2620 1494 2641 mum
1517 2611 1550 2640 in
1574 2616 1659 2646 actu,
1684 2609 1865 2640 secundum
1888 2610 2037 2650 intelligit
2059 2611 2093 2640 in
2117 2610 2272 2650 potentia.

1459 2654 1690 2685 Gonnum-run
1714 2654 1882 2685 conclusio
1907 2654 2002 2684 etiam
2026 2655 2214 2685 auctoritate
2237 2654 2349 2684 Iacobi
2371 2664 2392 2684 1.

1349 2760 1403 2801 ,Ψ
1414 2767 1426 2792 3

548 2920 1032 2977 CAPITULUM
1070 2918 1265 2996 QUIN
1267 2917 1821 2990 QUAGESIMUM
1859 2915 2205 2971 SEXTUM

923 3047 953 3077 A
991 3046 1058 3076 16r
1096 3053 1141 3075 al
1171 3045 1345 3075 coniuncta
1368 3045 1389 3074 b
1413 3053 1513 3084 marg.
1536 3043 1605 3080 inf„
1631 3043 1699 3073 sine
1722 3042 1828 3073 titulo.

693 3148 868 3202 QUOD
904 3146 1195 3188 COGNITIO
1230 3146 1333 3186 DEI
1366 3144 1496 3185 NON
1530 3143 1646 3185 EST
1680 3141 2050 3184 HABITUALIS

411 3327 416 3336 ,
462 3314 465 3319 ,
483 3303 507 3327 x
529 3291 607 3327 hoc
634 3297 766 3327 autem
786 3295 945 3337 apparet
968 3286 1076 3336 quod
1097 3285 1136 3322 in
1157 3286 1243 3322 Deo
1263 3297 1345 3322 non

464 3343 469 3349 ’”
497 3352 553 3381 est
581 3341 786 3381 habitualis
814 3339 994 3389 cognitio.

1401 3291 1561 3321 scuntur
1591 3283 1738 3320 habitu.
1775 3282 1882 3319 Deus
1920 3288 2050 3318 autem
2079 3278 2212 3316 omnia
2240 3278 2355 3315 simul
2382 3285 2470 3314 actu

1399 3336 1581 3386 intelligit,
1609 3344 1651 3373 ut
1677 3335 1886 3386 probatum
1911 3342 1966 3371 est
1980 3333 2010 3370 ²¹³.
2038 3333 2130 3370 Non
2154 3339 2210 3369 est
2232 3331 2344 3380 igitur
2363 3331 2403 3368 in
2422 3342 2470 3367 eo

345 3403 402 3448 ,ἦ
418 3394 467 3449 *ξ-
550 3399 594 3434 In
613 3396 927 3447 quibuscumque
942 3392 1048 3431 enirn
1063 3400 1118 3429 est
1137 3391 1344 3429 habitualis
1399 3390 1604 3428 habitualis
1634 3388 1815 3438 cognitio.

295 3453 312 3481 Δί
400 3440 463 3473 ζ’)
497 3450 678 3499 cognitio,
700 3461 781 3487 non
804 3447 936 3486 omnia
961 3446 1077 3484 simul
1099 3457 1343 3493 cognoscun-

1452 3445 1667 3481 Praeterea.
1690 3442 1848 3480 Habens
1871 3440 2044 3479 habitum
2067 3446 2103 3476 et
2121 3450 2202 3475 non
2222 3437 2470 3475 considerans

272 3515 347 3554 tur,
377 3505 445 3543 sed
465 3504 661 3555 quaedam
681 3509 967 3552 cognoscuntur
986 3508 1084 3546 actu,
1105 3499 1179 3536 alia
1201 3510 1343 3547 cogno·
1365 3515 1375 3535 ς
1398 3506 1454 3535 est
1473 3496 1774 3547 quodammodo
1803 3495 1842 3532 in
1870 3492 2051 3544 potentia,
2073 3491 2178 3529 aliter
2199 3499 2330 3528 tamen
2349 3503 2470 3540 quam

326 3630 346 3654 4
363 3622 451 3647 omnia
469 3621 512 3645 hic
530 3621 553 3644 A
571 3620 656 3648 solus;
671 3621 735 3650 post
754 3618 843 3642 simul.

274 3659 325 3684 alia
342 3658 371 3683 Z.
391 3657 463 3682 Hom
483 3656 573 3681 sed...
599 3658 792 3686 cognoscuntur
811 3660 854 3678 om
874 3652 947 3684 pGN.

330 3700 341 3718 1
364 3692 460 3725 autern]
481 3692 550 3717 enim
570 3690 663 3716 Gwv.

1038 3649 1096 3682 alia]
1116 3654 1141 3674 et
1159 3649 1209 3673 alia
1226 3648 1347 3673 WYch.

418 3747 513 3771 Smnu
533 3744 645 3769 Com-iu
663 3743 796 3768 Gi-:N‘riu-:s
817 3743 847 3767 D.
866 3742 982 3766 Tunius
1001 3741 1070 3765 Τωι.
1090 3739 1107 3764 1.

935 3615 947 3640 5
968 3615 1097 3648 quaedam
1117 3614 1168 3645 (vel
1187 3613 1249 3637 dum
1269 3612 1397 3645 quaedam
1403 3619 1411 3642 ;
1430 3612 1495 3636 haec
1507 3611 1577 3636 enim
1592 3611 1672 3635 verba
1687 3610 1817 3637 delentur,
1830 3609 1876 3633 sed
1889 3607 2018 3640 quaedam
2033 3609 2104 3632 certe
2117 3606 2276 3634 restituitur,
2292 3606 2354 3630 dum
2368 3604 2470 3635 dubie);

753 3689 841 3713 omnia
860 3688 938 3712 simul
951 3686 1023 3718 actu]
1046 3686 1123 3710 simul
1142 3689 1199 3709 actu
1217 3683 1306 3708 omnia
1324 3683 1408 3713 αΕΡε,
1428 3682 1506 3707 simul
1526 3681 1624 3715 (omnia
1642 3688 1725 3712 supra
1745 3679 1811 3713 ras.)
1830 3684 1887 3704 actu
1906 3679 1936 3703 Z.

2294 3738 2322 3756 21

2499 514 2509 522 ·
2523 512 2595 534 Num.
2611 519 2622 534 2
2645 513 2713 535 huius

2500 545 2587 567 parag„
2593 540 2621 561 Si
2627 542 2713 562 autem.

2501 1405 2509 1413 ⁸
2525 1403 2561 1426 ef.
2572 1410 2595 1426 n.
2605 1410 2637 1431 xi,
2647 1403 2699 1426 init.

2501 1630 2510 1638 ·
2520 1628 2556 1651 Cf.
2568 1629 2712 1658 11³.,1.1u‚3;

2502 1655 2590 1682 isent„
2598 1656 2620 1677 d.
2627 1662 2713 1683 xxxvn,

2502 1688 2524 1709 q.
2536 1688 2567 1709 ιν,
2581 1688 2602 1703 a.
2613 1688 2634 1710 3.

2501 2118 2509 2125 '
2530 2116 2567 2138 Cf.
2590 2122 2667 2143 supra,
2691 2121 2712 2137 c.

2501 2148 2555 2169 xm,
2590 2142 2714 2164 Sciendum

2501 2172 2587 2190 autem.

2498 3329 2507 3338 ·
2523 3327 2580 3355 Cap.
2597 3332 2674 3355 praec.
