2768 4134
57 572 66 581 ¹
75 569 158 595 Lib.ll,
166 575 185 590 c.
192 574 269 594 Lxxm,

58 603 116 618 vers.
127 595 165 617 fin.

56 836 65 845 '
79 834 139 856 lbid.

52 1865 62 1874 ·
76 1863 146 1885 Num.
159 1869 189 1886 ix.
200 1870 222 1889 4.

51 2677 60 2688 ⁸
75 2677 110 2700 Cf.
127 2684 146 2700 e.
157 2684 218 2700 mv.

50 2732 59 2742 ·
75 2731 132 2760 Cap.
143 2738 189 2753 Lx!-

51 3051 60 3061 ·
76 3050 168 3079 Categ„
180 3058 201 3077 v,
214 3053 246 3074 18.

52 3367 61 3376 '
77 3366 125 3387 Lib.
139 3366 166 3392 11,
178 3373 239 3388 xxiv.
254 3378 262 3382 -

52 3392 87 3414 Cf.
97 3399 147 3424 sup.
155 3399 262 3441 eggi‘uv,

51 3419 154 3447 Amplius
203 3426 263 3442 nnus.

304 273 376 319 184

299 355 447 392 oporteat
470 348 679 382 intellectum,
707 346 741 375 in
764 342 974 383 intelligendo
998 343 1102 383 ipsam
1126 347 1275 372 naturam
1298 341 1372 372 uni-

297 394 462 430 versalem,
479 392 562 423 uniri
585 400 643 431 per
666 388 830 431 quandam
854 387 1136 418 continuationem
1156 386 1196 416 ad
1215 386 1372 425 imagina-

297 440 434 469 tionem:
463 442 499 467 ut
525 435 646 466 scilicet
677 439 824 464 naturam
853 431 1071 463 universalem
1097 430 1276 470 intelligere
1303 439 1371 460 non

297 483 399 523 possit
421 481 482 511 nisi
507 486 538 510 et
561 480 630 520 ipsa
653 478 884 519 imaginatione
907 476 1126 507 constituente
1150 475 1373 515 phantasmata

297 528 330 557 in
361 531 435 556 actu
467 534 509 556 ex
542 524 678 564 imperio
706 522 807 563 ipsius
830 521 1021 557 intellectus,
1046 525 1083 550 ut
1105 520 1213 560 inquit
1236 519 1373 550 Sanctus

297 571 443 601 Thomas
465 568 599 599 inferius
614 569 641 598 ³.
752 572 754 574 ’

353 615 395 645 Et
418 613 508 654 quod
532 613 619 643 hunc
642 620 773 642 sensum
797 611 912 641 habeat
943 609 1080 640 Sanctus
1103 608 1260 644 Thomas,
1284 613 1374 649 patet

297 669 335 690 ex
360 659 428 689 eius
452 667 606 698 processu
630 656 762 687 ibidem.
787 655 871 686 Nam
894 654 1010 685 volens
1033 653 1171 694 probare
1195 652 1286 693 quod
1316 661 1374 683 ne-

297 712 385 734 cesse
401 708 449 733 est
464 702 665 733 intellectum
681 701 827 731 converti
843 698 883 730 ad
899 699 1133 739 phantasmata,
1149 698 1266 738 probat
1281 697 1373 738 quod

296 747 337 779 ad
359 748 424 778 hoc
447 752 484 777 ut
506 746 688 777 intellectus
710 754 769 786 per
791 744 958 775 scientiam
982 743 1047 773 iam
1071 742 1263 782 acquisitam
1278 742 1373 772 intel-

295 793 382 833 ligat,
406 792 580 832 requiritur
602 796 691 821 actus
714 788 953 829 imaginationis
969 793 1001 817 et
1016 792 1196 817 ceterarum
1215 787 1373 817 virtutum

296 836 574 867 intellectivarum.
606 835 648 866 Et
670 833 804 864 inferius
819 834 836 850 ⁴*
859 833 975 874 probat
997 831 1085 862 idern
1116 831 1194 872 quia
1222 841 1291 862 non
1315 841 1372 862 co-

295 882 462 922 gnoscitur
485 885 598 911 natura
621 878 809 910 universalis
832 876 974 918 perfecte
1004 877 1066 906 nisi
1096 881 1314 916 cognoscatur
1336 881 1374 906 ut

295 927 328 956 in
352 925 534 966 particulari
558 925 709 955 existens:
734 922 926 963 particulare
941 926 1051 951 autem
1067 921 1298 961 cognoscimus
1314 930 1373 961 per

295 980 427 1001 sensum
451 975 483 1000 et
505 969 781 1009 Maginationem.
806 967 857 1004 Ex·
871 966 990 1007 quibus
1005 965 1199 1005 relinquitur
1214 965 1306 1006 quod
1321 966 1372 996 in-

294 1015 461 1046 tellectum
484 1014 630 1044 converti
653 1012 693 1043 ad
723 1012 946 1053 phantasmata
974 1010 1054 1041 nihil
1084 1010 1173 1041 aliud
1200 1015 1248 1041 est
1271 1019 1370 1051 quarn

295 1069 427 1091 movere
450 1059 715 1099 imaginationem
739 1057 779 1087 ad
802 1055 1033 1087 formationem
1057 1055 1299 1096 phantasmatis.

352 1114 381 1134 2.
407 1103 471 1135 Sed
494 1103 600 1134 adhuc
623 1107 767 1132 remanet
783 1101 930 1132 dubium.
955 1100 1004 1131 Ex
1021 1109 1061 1130 eo
1078 1100 1166 1130 enim
1183 1099 1275 1140 quod
1290 1101 1372 1131 ima-

293 1149 415 1189 ginatio
439 1149 629 1189 phantasma
651 1146 771 1177 formet
794 1151 825 1176 et
848 1145 1009 1186 singulare
1033 1150 1220 1185 cognoscat,
1237 1155 1305 1176 non
1323 1146 1371 1176 vi-

295 1193 388 1224 detur
403 1193 502 1233 sequi>
512 1192 603 1233 quod
626 1191 808 1222 intellectus
832 1195 1010 1231 cognoscat
1032 1195 1181 1221 naturam
1197 1195 1234 1221 ut
1249 1191 1281 1220 in
1298 1199 1371 1231 par-

294 1238 419 1269 ticulari
443 1238 646 1268 existentem:
671 1245 754 1267 cum-
777 1235 971 1271 intellectus,
995 1244 1034 1265 ex
1065 1235 1125 1265 ista
1154 1236 1370 1276 expositione,

293 1292 362 1313 non
386 1281 607 1323 apprehendat
628 1282 737 1322 ipsum
761 1281 933 1321 singulare,
957 1279 1014 1310 sed
1036 1280 1236 1320 imaginatio.

348 1326 577 1367 Respondetur
592 1326 694 1367 quod,
710 1326 794 1356 sicut
808 1334 922 1356 sensus
945 1325 1084 1356 exterior
1107 1323 1286 1356 accidentia
1306 1325 1372 1355 exi-

294 1372 408 1402 stentia
431 1373 464 1402 in
488 1371 664 1402 substantia
691 1376 728 1401 ut
757 1370 926 1401 existentia
952 1370 985 1400 in
1017 1370 1195 1400 substantia
1218 1369 1315 1406 videt,
1339 1375 1372 1400 et

293 1423 403 1447 tamen
426 1417 530 1457 ipsam
554 1416 765 1447 substantiam
779 1424 849 1446 non
864 1414 962 1451 videt,
979 1414 1036 1445 sed
1051 1414 1234 1446 intellectus
1251 1420 1298 1445 est
1314 1415 1370 1455 qui

294 1462 504 1492 substantiam
526 1460 624 1497 videt,
649 1465 705 1491 aut
728 1461 825 1491 etiam
849 1460 1032 1500 cogitativa,
1051 1460 1078 1490 si
1100 1460 1171 1500 ipsa
1194 1460 1371 1490 substantia

294 1511 330 1537 ut
345 1506 545 1547 particularis
569 1511 616 1536 est
640 1505 878 1542 consideretur-3
901 1505 946 1535 ita
961 1514 979 1535 e
995 1513 1155 1535 converso
1171 1514 1240 1535 non
1256 1505 1372 1536 incon-

294 1551 383 1582 venit
404 1551 606 1582 intellectum
629 1550 739 1581 videre
769 1550 981 1581 substantiam
1008 1554 1041 1580 et
1069 1555 1217 1580 naturam
1242 1550 1372 1580 univer-

295 1596 395 1627 salem
418 1595 601 1627 secundum
624 1594 715 1636 quod
739 1600 787 1626 est
815 1595 859 1625 in>
880 1594 1044 1635 singulari,
1068 1599 1101 1624 et
1123 1599 1232 1625 tamen
1262 1595 1371 1636 ipsum

294 1650 363 1672 non
378 1640 487 1671 videre
503 1640 674 1681 singulare,
690 1639 747 1670 sed
764 1640 1043 1680 imaginationem.
1059 1639 1155 1670 Unde
1171 1649 1239 1670 non
1255 1638 1373 1670 dicitur

294 1685 395 1716 videri
417 1686 452 1716 in
476 1685 628 1726 singulari
650 1690 807 1726 tanquam
829 1685 863 1715 in
886 1694 921 1716 re
945 1685 1010 1714 visa
1038 1685 1078 1714 ab
1108 1684 1291 1715 intellectu:
1315 1684 1372 1715 sed

296 1731 372 1771 quia
394 1730 521 1761 videtur
544 1730 724 1761 secundum
748 1729 886 1760 modum
911 1739 978 1770 quo
1003 1734 1051 1759 est
1073 1730 1107 1760 in
1139 1729 1292 1770 singulari
1314 1739 1374 1770 per

295 1774 433 1806 modum
458 1774 582 1806 formae
605 1775 804 1810 universalis,
829 1774 908 1805 dum
931 1774 1040 1814 ipsum
1067 1774 1229 1814 singulare
1259 1775 1373 1815 imagi-

294 1820 384 1850 natio
409 1819 506 1850 videt.

351 1864 381 1895 3.
406 1864 493 1895 Cum
510 1870 619 1895 autem
638 1864 774 1894 instatur
783 1864 811 1900 “,
829 1864 905 1904 quia
921 1872 989 1894 non
1010 1868 1118 1903 potest
1133 1863 1233 1894 videri
1249 1863 1372 1903 aliquid

293 1909 327 1939 in
343 1909 478 1949 speculo
493 1909 555 1939 nisi
571 1914 603 1940 et
618 1909 790 1949 speculum
802 1908 961 1939 videatur:
978 1925 1002 1929 —
1017 1907 1135 1938 dicitur
1150 1909 1268 1948 primo,
1281 1907 1373 1947 quod

293 1954 407 1994 utique
431 1959 463 1984 et
485 1953 645 1994 singulare
668 1953 796 1983 videtur
811 1953 851 1983 ab
871 1953 1006 1983 homine
1030 1952 1255 1983 considerante
1279 1958 1373 1983 natu-

807 264 995 302 SUMMA
1025 262 1248 300 CONTRA
1277 260 1554 307 GENTILES,
1585 260 1697 297 CAP.
1718 261 1838 308 LXV,
1858 261 1991 297 LXVI.

1426 349 1495 370 ram
1518 345 1555 370 ut
1578 340 1770 370 existentem
1792 341 1826 370 in
1857 339 2020 380 singulari,
2044 348 2113 369 non
2138 338 2271 379 quidem
2299 348 2358 380 per
2378 340 2505 371 intelle-

1427 390 1527 420 ctum,
1553 384 1610 414 sed
1633 393 1691 424 per
1714 385 1992 424 imaginationem.

1485 429 1612 459 Dicitur
1634 429 1792 471 secundo,
1809 429 1900 470 quod
1923 428 2101 460 similitudo
2118 427 2158 459 de
2173 427 2309 468 speculo
2325 437 2395 459 non
2409 429 2504 460 valet.

1428 473 1514 511 Quia
1537 473 1613 503 ideo
1635 482 1686 504 res
1708 473 1860 504 videntur
1881 474 1915 504 in
1939 473 2074 514 speculo
2099 473 2175 513 quia
2198 473 2232 503 in
2255 472 2325 503 visu
2352 473 2506 514 recipitur

1427 518 1551 558 species
1575 517 1710 558 speculi,
1726 527 1786 558 per
1808 527 1908 559 quam
1932 524 1965 550 et
1986 517 2159 558 speculum
2183 523 2216 548 et
2238 526 2288 548 res
2311 518 2346 547 in
2369 518 2505 558 speculo

1427 562 1591 592 videntur:
1613 567 1646 592 et
1659 562 1736 593 ideo
1752 567 1883 603 oportet
1897 568 1935 594 ut
1949 569 2128 604 utrumque
2143 562 2299 593 videatur.
2316 562 2380 593 Hic
2395 568 2506 594 autem

1427 617 1495 638 non
1519 606 1646 637 videtur
1668 613 1783 637 natura
1805 607 1839 637 in
1862 608 2047 648 particulari
2076 617 2135 650 per
2163 608 2307 648 speciem
2337 607 2507 647 singularis

1428 653 1618 682 existentem
1641 652 1675 682 in
1700 651 1877 688 intellectu,
1901 651 1958 682 sed
1980 661 2039 692 per
2061 653 2205 693 speciem
2229 661 2313 693 quae
2341 658 2389 682 est
2411 650 2507 683 dum*-

1427 702 1513 727 taxat
1536 695 1715 727 similitudo
1731 702 1864 727 naturae
1881 697 2083 728 universalis:
2107 698 2191 728 sicut
2207 703 2239 728 et
2255 696 2434 728 accidentia
2449 706 2507 728 na-

1428 747 1518 772 turae
1542 741 1710 782 singularis
1729 740 1880 772 videntur
1902 741 1935 771 in
1959 742 2146 778 substantia,
2161 751 2232 773 non
2247 742 2314 773 visa
2329 742 2506 772 substantia

1428 787 1489 817 nisi
1513 796 1571 827 per
1594 786 1754 822 accidens,
1779 787 1857 826 quia
1880 786 2004 826 species
2027 795 2112 827 quae
2134 792 2184 818 est
2205 787 2239 818 in
2263 788 2334 818 visu
2351 793 2398 818 est
2418 787 2507 818 simi-

1426 831 1531 862 litudo
1555 830 1772 862 accidentium
1795 836 1933 867 tantum,
1953 829 2023 862 non
2046 836 2156 862 autem
2179 832 2386 863 substantiae.
2411 831 2507 863 Unde

1427 881 1535 916 potest
1558 877 1655 906 etiarn
1680 875 1816 906 concedi
1833 875 1926 916 quod
1940 875 2124 906 intellectus
2138 880 2218 906 tunc
2232 876 2386 917 intelligit>
2397 877 2507 917 singu-

1427 921 1491 951 lare
1508 930 1566 961 per
1581 920 1742 957 accidens,
1759 921 1836 961 quia
1851 920 1975 952 scilicet
1988 920 2138 961 intelligit
2153 920 2277 960 aliquid
2291 922 2507 953 coniunctum

1426 966 1594 1006 singulari:
1619 966 1703 997 sicut
1725 971 1758 996 et
1782 966 1868 996 visus
1898 975 1956 1006 per
1986 965 2136 996 accidens
2165 965 2254 997 videt
2282 966 2506 1003 substantiam,

1426 1011 1621 1051 inquantum
1645 1011 1715 1051 ipsa
1738 1011 1948 1051 coniungitur
1971 1019 2030 1051 per
2053 1019 2086 1040 se
2109 1010 2238 1041 visibili.

1482 1055 1567 1086 XIV.
1593 1056 1693 1086 Nono
1708 1057 1736 1086 ὓ.
1761 1055 1958 1096 Sequeretur
1980 1055 2090 1086 Deum
2110 1063 2180 1086 esse
2195 1055 2507 1096 insipientissimum,

1426 1101 1514 1131 iuxta
1529 1101 1690 1131 rationem
1702 1100 1895 1141 Philosophi
1910 1106 2024 1132 contra
2039 1099 2288 1140 Empedoclem,
2303 1105 2342 1131 ut
2359 1101 2508 1141 supensus

1426 1150 1474 1176 est
1497 1145 1671 1186 allegatum
1686 1146 1714 1181 ⁵,
1739 1146 1765 1176 si
1788 1145 1962 1186 singularia
1983 1155 2053 1176 non
2069 1150 2293 1185 cognosceret,
2309 1154 2395 1185 quae
2409 1145 2507 1176 etiam

1426 1190 1577 1221 homines
1601 1196 1816 1231 cognoscunt.

1482 1235 1655 1266 Pnoaarua
1678 1235 1775 1266 etiarn
1799 1236 1989 1266 auctoritate
2005 1234 2142 1265 Hearv.
2166 1234 2314 1267 Eterror
2326 1235 2509 1266 contrarius

1427 1279 1610 1311 excluditur
1631 1280 1735 1310 Eccli.
1751 1290 1814 1310 xvr.

1482 1325 1552 1355 XV.
1578 1325 1625 1355 Ex
1650 1324 1821 1366 praedictis
1844 1330 1933 1365 patet
1955 1324 2078 1356 solutio
2101 1323 2143 1355 ad
2165 1324 2325 1355 rationem
2346 1324 2380 1354 in
2401 1333 2508 1366 oppo-

1427 1370 1525 1400 situm
1535 1370 1562 1400 *.
1581 1369 1669 1401 Cum
1685 1370 1773 1401 enim
1789 1369 1907 1401 dicitur
1917 1369 2009 1410 quod
2024 1377 2084 1410 per
2094 1369 2246 1400 virtutem
2261 1369 2509 1401 immaterialem

1426 1424 1495 1445 non
1518 1420 1627 1455 potest
1650 1415 1807 1455 cognosci
1829 1414 1991 1455 singulare
2020 1414 2196 1451 materiale,
2219 1422 2297 1445 cum
2320 1414 2428 1445 omnis
2451 1422 2509 1446 ce*-

1426 1460 1530 1500 gnitio
1554 1459 1610 1490 fiat
1633 1468 1691 1500 per
1709 1459 1986 1496 assimilationem,
2003 1464 2140 1499 negatur
2162 1464 2378 1500 assumptum.
2402 1458 2445 1490 Et
2467 1458 2509 1490 ad

1427 1505 1655 1545 probationem
1675 1503 1792 1535 dicitur
1808 1504 1909 1545 quod,
1926 1504 2002 1536 licet
2023 1503 2058 1535 id
2081 1513 2150 1545 quo
2172 1504 2356 1535 intellectus
2379 1502 2509 1538 divinus

1427 1549 1577 1591 intelligit
1599 1550 1640 1580 sit
1662 1550 1884 1586 immateriale,
1901 1554 1950 1580 est
1963 1554 2074 1580 tamen
2097 1548 2278 1580 similitudo
2299 1550 2454 1581 materiae
2474 1554 2510 1581 et

1427 1594 1562 1625 formae.
1574 1612 1599 1616 -
1614 1593 1760 1635 intellige
1776 1594 1817 1625 de
1832 1593 2044 1626 similitudine
2059 1594 2341 1635 repraesentativa,
2357 1603 2443 1635 quae
2458 1602 2509 1625 re-

1428 1640 1566 1680 quiritur
1588 1638 1630 1670 ad
1652 1639 1892 1680 cognitionem:
1916 1649 1985 1670 non
2009 1644 2120 1670 autern
2135 1639 2176 1670 de
2191 1638 2403 1670 similitudine
2422 1646 2509 1680 quae

1427 1684 1505 1715 dicit
1528 1684 1791 1715 convenientiam
1814 1685 1848 1715 in
1870 1689 1995 1715 natura.
2019 1702 2042 1707 -
2066 1684 2144 1721 Aut,
2168 1685 2195 1715 si
2217 1684 2436 1725 intelligamus
2466 1682 2508 1716 de

1426 1729 1638 1760 similitudine
1649 1729 1865 1760 conveniente
1877 1730 1911 1760 in
1926 1735 2041 1760 natura
2057 1729 2149 1770 (quia
2164 1729 2263 1761 etiam
2278 1729 2390 1770 aliquo
2402 1728 2507 1760 modo

1427 1774 1510 1805 inter
1522 1774 1631 1805 Deum
1647 1779 1679 1804 et
1695 1779 1875 1805 creaturam
1886 1779 1935 1805 est
1949 1773 2140 1811 similitudo,
2153 1778 2190 1805 ut
2200 1773 2386 1805 dictumest
2395 1774 2446 1814 ·)‚,
2457 1774 2508 1805 in-

1427 1818 1639 1859 telligendum
1655 1823 1703 1849 est
1718 1819 1806 1850 iuxta
1822 1828 1859 1849 ea
1876 1828 1962 1859 quae
1977 1819 2130 1850 dicuntur
2144 1818 2252 1850 Prima
2267 1818 2371 1856 Parte,
2388 1827 2420 1859 q.
2432 1827 2506 1855 un,

1427 1873 1455 1893 a.
1475 1873 1505 1899 2,
1529 1863 1569 1894 ad
1595 1872 1626 1899 2,
1650 1872 1718 1894 non
1742 1863 1784 1894 de
1807 1864 2034 1894 convenientia
2057 1864 2091 1894 in
2114 1871 2234 1904 genere
2256 1863 2308 1895 vel
2329 1863 2363 1894 in
2387 1864 2506 1904 specie,

1427 1907 1484 1938 sed
1510 1907 1692 1939 secundum
1723 1907 1888 1948 quandam
1917 1908 2112 1949 analogiam,
2135 1909 2220 1940 sicut
2241 1907 2393 1949 superius
2413 1908 2511 1941 ludet

1426 1952 1670 1983 similitudinem
1694 1961 1768 1983 cum
1793 1953 1958 1994 inferiori,
1982 1953 2069 1983 sicut
2089 1953 2142 1983 sol
2164 1962 2238 1984 cum
2263 1953 2350 1995 igne.
2478 1963 2481 1971 ¹

1371 2065 1427 2109 ,W

634 2225 1120 2283 CAPITULUM
1158 2226 1769 2284 SEXAGESIMUM
1807 2225 2159 2285 SEXTUM

1184 2345 1214 2375 A
1243 2351 1309 2384 19r
1345 2353 1386 2375 ai
1417 2345 1486 2376 sine
1510 2346 1616 2377 titulo.

554 2444 751 2497 QUOD
802 2442 986 2484 DEUS
1034 2442 1438 2484 COGNOSCIT
1489 2444 1578 2484 EA
1629 2443 1824 2497 QUAE
1872 2444 2015 2486 NON
2064 2445 2247 2487 SUNT

438 2579 593 2606 ¹‚E1NDE
628 2566 917 2604 ostendendum
946 2573 1002 2603 est
1033 2565 1142 2615 quod
1171 2566 1258 2603 Deo
1286 2578 1369 2603 non

300 2596 311 2606 ι»
388 2588 391 2590 ’
438 2595 470 2613 ῃ(

309 2595 469 2759 ff.
499 2620 606 2657 deest
643 2619 776 2657 notitia
815 2631 954 2656 eorum
993 2618 1109 2656 etiarn
1147 2631 1248 2668 quae
1287 2631 1369 2657 non

304 2708 322 2754 «ῖῖ
436 2734 474 2763 gn.

499 2681 589 2711 sunt
607 2673 637 2710 *.

554 2727 603 2766 Ut
618 2726 724 2765 enim
740 2739 786 2765 ex
801 2738 919 2777 supra
933 2726 954 2748 ¹⁸³
968 2725 1077 2764 dictis
1096 2733 1212 2776 patet,
1228 2726 1368 2764 eadem

293 2789 347 2818 est
366 2780 606 2831 comparatio
627 2780 805 2819 scientiae
820 2779 975 2818 divinae
990 2779 1040 2818 ad
1059 2792 1120 2817 res
1139 2778 1251 2818 scitas
1266 2792 1368 2830 quae

293 2834 484 2872 scibilium
507 2835 557 2872 ad
587 2834 787 2872 scientiam
806 2842 992 2871 nostram.
1023 2834 1091 2871 Est
1119 2841 1251 2871 autem
1271 2834 1369 2872 haec

292 2888 531 2938 comparatio
565 2887 704 2926 scibilis
732 2888 781 2925 ad
814 2895 987 2925 nostram
1017 2887 1227 2933 scientiam,
1258 2888 1368 2937 quod

292 2941 422 2979 scibile
446 2949 572 2992 potest
591 2953 674 2978 esse
694 2941 842 2991 absque
861 2953 909 2978 eo
929 2941 1037 2991 quod
1061 2940 1145 2978 eius
1169 2941 1326 2978 scientia
1345 2954 1367 2979 a

292 2995 406 3033 nobis
426 2995 625 3043 habeatur,
651 3002 693 3032 ut
716 2995 825 3044 ponit
844 2995 1070 3045 exemplum
1091 2994 1365 3045 Philosophus,

291 3048 330 3086 in
359 3049 678 3087 Praedicamentis
691 3047 722 3096 ⁸¹⁸,
757 3048 805 3086 de
841 3047 972 3086 circuli
1000 3047 1255 3097 quadratura3
1285 3061 1367 3086 non

291 3110 423 3140 autem
459 3115 480 3140 e
516 3114 719 3140 converso.
749 3101 856 3139 Talis
891 3114 983 3151 ergo
1020 3101 1090 3139 erit
1124 3102 1366 3151 comparatio

291 3155 446 3193 divinae
479 3155 659 3193 scientiae
694 3155 744 3193 ad
780 3167 840 3193 res
869 3155 961 3193 alias
990 3155 1098 3204 quod
1134 3155 1251 3193 etiam
1284 3168 1365 3194 non

292 3209 536 3247 existentium
565 3221 648 3246 esse
677 3217 814 3259 potest.

344 3263 450 3300 Item.
478 3262 656 3312 Cognitio
676 3261 798 3300 divini
818 3262 1029 3300 intellectus
1048 3271 1298 3312 comparatur
1316 3264 1366 3301 ad

292 3327 351 3353 res
370 3315 462 3354 alias
482 3316 578 3354 sicut
597 3315 765 3364 cognitio
785 3315 941 3354 artificis
964 3315 1014 3353 ad
1038 3315 1251 3354 artificiata:
1273 3329 1366 3355 cum

291 3381 360 3418 per
380 3382 491 3407 suam
512 3369 710 3408 scientiam
730 3369 777 3408 sit
795 3382 913 3407 causa
932 3381 1064 3407 rerum
1078 3369 1109 3406 *.
1135 3369 1278 3408 Artifex
1297 3383 1366 3408 au-

291 3429 369 3459 tem
392 3435 485 3460 suae
511 3423 601 3460 artis
620 3423 840 3472 cognitione
860 3422 976 3460 etiarn
997 3435 1043 3460 ea
1062 3435 1164 3472 quae
1184 3424 1365 3461 nondum

293 3483 381 3512 sunt
408 3476 605 3514 artificiata
633 3476 846 3525 cognoscit:
876 3477 1025 3514 for-mae
1061 3476 1167 3513 enim
1196 3476 1285 3514 artis
1318 3490 1365 3515 ex

347 3595 358 3614 ι
382 3589 480 3615 Deinde
498 3591 691 3617 ostendendum
712 3592 747 3623 N;
768 3591 866 3616 Deinde
886 3590 1104 3616 considerandum
1117 3591 1150 3622 Z;
1171 3592 1292 3617 Secundo
1310 3592 1503 3618 ostendendum
1522 3594 1613 3620 ceteri.

347 3631 357 3649 ι
381 3624 421 3658 ad]
442 3630 467 3649 et
485 3625 578 3650 GWY.

679 3634 692 3651 a
713 3625 936 3660 constitutionem]
956 3626 1176 3652 constructionem
1196 3626 1306 3654 Gwvb.

292 3666 372 3692 supra
390 3659 463 3684 dictis
481 3661 571 3686 ceteri.

673 3669 700 3687 ιι
724 3662 860 3687 terminata
880 3664 929 3694 (ex
946 3661 1096 3697 terminati)
1114 3663 1137 3687 Α
1155 3663 1240 3693 solun
1260 3663 1434 3689 terminatam.

1426 2565 1510 2604 eius
1529 2566 1686 2604 scientia
1710 2567 1877 2605 effluunt
1900 2567 1940 2605 in
1963 2567 2195 2606 exteriorem
2223 2568 2429 2608 materiam
2455 2570 2506 2609 ad

1425 2619 1718 2658 artificiatorum
1737 2620 2071 2667 constitutionem3
2087 2621 2194 2659 unde
2213 2621 2309 2660 nihil
2324 2622 2506 2672 prohibet

1425 2673 1465 2710 in
1484 2673 1642 2711 scientia
1661 2673 1816 2712 artificis
1836 2686 1920 2712 esse
1944 2675 2089 2712 formas
2113 2687 2216 2726 quae
2240 2676 2422 2715 nondum
2440 2687 2504 2715 ex-

1425 2726 1542 2765 terius
1561 2726 1801 2778 prodierunt.
1824 2727 1887 2766 Sic
1912 2727 2026 2778 igitur
2044 2728 2140 2767 nihil
2163 2729 2346 2780 prohibet
2372 2729 2505 2771 Deum

1391 2793 1401 2814 ε
1425 2793 1565 2819 eorum
1593 2793 1695 2831 quae
1723 2793 1806 2819 non
1834 2790 1924 2820 sunt
1950 2781 2130 2821 notitiam
2157 2783 2313 2822 habere.

1478 2835 1693 2873 Praeterea.
1719 2835 1828 2873 Deus
1851 2836 2051 2884 cognoscit
2069 2835 2143 2875 alia
2170 2849 2194 2874 a
2221 2849 2263 2882 se
2290 2849 2362 2888 per
2388 2850 2504 2877 suam

1423 2888 1631 2926 essentiam
1661 2888 1897 2939 inquantum
1916 2897 1973 2927 est
1992 2889 2204 2928 similitudo
2233 2901 2374 2929 eorum
2400 2903 2504 2942 quae

1423 2941 1472 2979 ab
1502 2954 1549 2980 eo
1577 2942 1809 2993 procedunt,
1838 2950 1882 2981 ut
1909 2955 1956 2980 ex
1984 2943 2130 2981 dictis‘
2152 2951 2267 2994 patet.
2299 2945 2390 2993 Sed,
2409 2955 2503 2984 cum

1423 2995 1587 3034 essentia
1615 2995 1688 3034 Dei
1717 2995 1763 3034 sit
1792 2995 1964 3035 infinitae
1993 2996 2249 3048 perfectionis,
2280 3005 2322 3037 ut
2350 2997 2504 3052 supra‘
2530 2995 2539 3006 '

1384 3066 1408 3081 ιο
1423 3058 1625 3088 ostensum
1640 3058 1715 3097 est;
1735 3050 1930 3100 quaelibet
1945 3059 2078 3090 autem
2092 3050 2168 3091 alia
2181 3064 2242 3091 res
2261 3051 2403 3098 habeat
2417 3063 2501 3092 esse

1423 3111 1459 3141 et
1486 3103 1766 3153 perfectionem
1794 3103 2013 3143 terminata:
2043 3103 2284 3155 impossibile
2312 3114 2369 3145 est
2390 3105 2501 3156 quod

1422 3156 1653 3195 universitas
1675 3169 1807 3195 rerum
1832 3157 1996 3196 aliarum
2016 3158 2210 3209 adaequet
2232 3158 2421 3197 essentiae
2443 3158 2501 3197 di-

1421 3210 1536 3249 vinae
1565 3211 1854 3261 perfectionem.
1890 3211 2073 3250 Extendit
2099 3211 2218 3262 igitur
2239 3223 2281 3251 se
2312 3211 2373 3250 vis
2405 3223 2500 3251 suae

1422 3263 1783 3315 repraesentationis
1802 3265 1851 3303 ad
1872 3265 1995 3304 multo
2014 3266 2128 3317 plura
2145 3275 2267 3317 quam
2286 3265 2334 3303 ad
2355 3276 2401 3303 ea
2421 3275 2500 3316 qua

1383 3335 1404 3355 ¹5
1422 3326 1522 3356 sunt.
1545 3317 1586 3357 Si
1605 3317 1720 3367 igitur
1734 3318 1843 3356 Deus
1861 3317 2026 3358 totaliter
2039 3317 2224 3360 virtutem
2243 3326 2278 3356 et
2297 3317 2498 3368 perfectio-

1421 3383 1513 3409 nem
1540 3371 1729 3410 essentiae
1755 3384 1849 3410 suae
1877 3371 2075 3422 cognoscit
2087 3370 2120 3418 *,
2147 3371 2317 3410 extendit
2344 3384 2386 3410 se
2414 3370 2500 3412 eiaus

1421 3425 1587 3474 cognitio
1617 3436 1699 3463 non
1725 3427 1853 3463 solum
1867 3425 1928 3463 .ad
1953 3437 2000 3463 ea
2027 3436 2130 3475 quae
2157 3432 2258 3472 sunt,
2285 3426 2354 3463 sed
2383 3425 2499 3464 etiam

1422 3478 1471 3515 ad
1500 3491 1545 3516 ea
1574 3490 1653 3529 qua
1682 3490 1762 3516 non
1792 3486 1893 3516 sunt.

1708 3599 1741 3619 io
1759 3591 1988 3625 Praedicamentiel
2008 3592 2202 3619 Pontes-ionibus
2221 3593 2288 3619 GW.

1406 3626 1423 3652 6
1443 3635 1518 3654 suam
1538 3628 1582 3654 hic
1604 3628 1662 3661 ΝΖ;
1682 3631 1746 3661 poet
1770 3627 1922 3654 mundam.
2022 3627 2039 3653 8
2059 3627 2132 3654 dietis
2152 3628 2197 3654 DN
2204 3636 2211 3660 ;
2231 3629 2368 3663 praedictis
2388 3629 2497 3663 Gwvo,

1535 3663 1568 3690 ιδ
1588 3663 1719 3690 “sentin
1735 3670 1800 3689 cm
1820 3662 1894 3688 dem
1912 3662 1939 3688 fn
1958 3663 1990 3688 Α.

2535 1052 2544 1061 ·
2560 1051 2597 1073 Cf.
2607 1057 2630 1074 n.
2639 1057 2690 1078 πιι,
2698 1051 2750 1075 init.

2536 1141 2544 1150 ”
2560 1140 2618 1169 cap.
2627 1146 2650 1168 ι,
2665 1140 2705 1164 fin.

2535 1364 2545 1374 ·
2555 1362 2613 1392 c-p.
2621 1369 2690 1391 ιιιιι,
2699 1363 2752 1386 Pru·-

2535 1395 2582 1412 me.

2533 1770 2544 1782 0
2557 1768 2616 1798 Cap.
2631 1775 2697 1792 mx.

2530 2941 2540 2952 ·
2554 2939 2613 2970 Cep.
2623 2946 2687 2968 mx.
2697 2946 2748 2963 uv-

2527 3364 2536 3375 ·
2552 3364 2611 3394 Cap.
2619 3370 2692 3387 nvn.
