2768 4134
0 1206 2 1208 ’
29 1210 182 1234 'Commeat
194 1217 246 1234 nm

0 1857 3 1874 ἢ·
0 1840 2 1844 <
0 1726 8 1833 -ὴνῂψ,
0 1593 9 1718 *mv—w

28 1569 39 1580 ²
49 1569 86 1593 Cf.
191 1575 243 1597 σιμ.

197 1600 244 1619 ent.

27 1602 60 1647 P!

31 2897 42 2908 ·
64 2894 102 2918 cf.
120 2894 142 2917 11
162 2894 197 2916 Plu
214 2901 244 2922 2„

29 2921 190 2978 33¹1.‘.⁵3³.“⁸'
221 2921 244 2944 '¹'

30 3316 41 3329 ⁸
56 3315 115 3344 Gap.
123 3321 212 3338 mvn.

549 281 738 318 SUMMA
766 280 989 319 CONTRA
1017 281 1293 333 GENTILES,
1322 282 1417 319 LIB.
1438 283 1479 328 II,
1510 282 1621 319 CAP.
1642 282 1798 328 LXXX,
1818 282 1990 328 LXXXI,
2009 282 2197 318 LXXXII.

273 368 374 400 quam
389 359 505 390 habeat
521 369 591 391 esse
606 361 640 390 in
656 366 740 391 actu.
758 361 838 391 Tale
855 366 964 391 autem
981 367 1028 392 est
1040 361 1132 401 quod
1146 370 1214 392 non
1231 362 1348 402 accipit

274 413 342 434 esse
358 413 416 444 per
431 406 686 445 generationem,
702 405 777 435 licet
792 405 855 436 alio
872 405 973 436 modo
991 406 1126 446 accipiat
1141 415 1221 436 esse.
1238 405 1279 436 Et
1302 406 1348 436 sic

273 449 381 479 anima
405 455 452 479 est
475 450 728 490 incorruptibilis
759 455 790 480 et
813 450 956 490 ingenita
985 450 1047 480 isto
1074 450 1187 486 modo,
1215 450 1347 486 scilicet,

272 503 340 524 non
353 494 511 535 producta
527 504 585 535 per
600 495 853 534 generationem,
870 495 945 525 licet
956 504 1014 535 per
1030 495 1226 525 creationem
1238 495 1349 525 incoe-

272 539 357 578 perit
380 548 459 569 esse.
479 539 666 579 Antequam
683 539 770 569 enim
787 544 921 575 creetur,
938 549 1006 570 non
1023 539 1068 569 sic
1083 539 1180 569 habet
1194 548 1263 569 non
1279 548 1349 569 esse

273 588 310 614 ut
333 583 373 613 sit
396 584 429 614 in
453 584 599 624 potentia
626 583 762 614 alicuius
786 584 937 614 materiae
954 584 993 614 ad
1016 584 1080 614 hoc
1096 589 1133 614 ut
1149 584 1199 620 sit,
1216 593 1292 614 cum
1308 583 1348 614 de

273 628 420 668 potentia
440 629 593 659 materiae
609 637 678 658 non
694 628 865 659 educatur:
890 628 947 659 sed
961 629 1058 659 habet
1072 637 1140 658 non
1157 637 1237 664 esse,
1254 633 1286 658 et
1302 633 1350 658 est

273 673 307 703 in
330 673 478 713 potentia
493 673 629 703 creantis
646 678 682 703 ut
697 672 895 713 producatur
917 674 951 703 in
975 682 1043 703 esse
1059 682 1117 713 per
1140 673 1348 703 creationem.

328 717 400 748 XX.
425 716 489 748 Sed
512 717 618 748 adhuc
641 717 770 748 videtur
793 717 884 758 quod
902 718 962 748 ista
984 717 1154 758 responsio
1173 726 1242 748 non
1261 717 1350 747 satis-

274 760 379 792 faciat.
403 761 487 792 Nam
519 771 557 792 ex
584 763 848 802 interpretatione
879 761 951 793 data
977 761 1017 792 ad
1048 762 1188 792 rationes
1219 762 1349 792 illorum

273 806 447 837 nominum
470 807 578 837 haberi
603 806 736 847 quidem
760 812 867 847 potest
883 806 974 847 quod
998 807 1180 848 ingenitum
1199 806 1239 836 sit
1262 806 1350 836 idem

274 850 366 891 quod
399 860 464 881 non
490 851 690 892 productum
717 861 782 892 per
810 852 1069 893 generationem,
1104 851 1351 891 incorruptibile

273 905 351 926 vero
375 896 464 937 quod
491 906 557 937 per
584 897 829 937 corruptionem
857 896 1006 927 desinere
1036 905 1102 926 non
1126 900 1253 936 potest:
1282 905 1350 926 non

273 946 383 972 tamen
406 942 543 973 habetur
558 941 650 982 quod
666 951 742 972 cum
764 942 959 982 sempiterno
977 946 1217 976 convertantur,
1241 946 1277 970 ut
1294 950 1350 970 vo-

273 985 334 1016 luit
348 986 549 1017 Aristoteles.
565 986 650 1017 Nam
666 986 773 1017 anima
788 986 983 1017 intellectiva
999 991 1047 1016 est
1061 986 1123 1016 isto
1140 984 1242 1015 modo
1261 985 1351 1025 inge-

273 1030 341 1061 nita
365 1036 396 1061 et
419 1031 690 1072 incorruptibilis:
715 1036 747 1062 et
770 1036 879 1061 tamen
902 1040 971 1061 non
1003 1035 1050 1060 est
1080 1030 1286 1070 sempiterna.
1310 1029 1352 1060 Et

274 1076 321 1106 sic
350 1085 419 1106 non
451 1077 601 1117 probabit
624 1076 814 1106 Aristoteles
838 1075 929 1116 quod
957 1074 1100 1106 mundus
1128 1074 1168 1104 sit
1191 1079 1350 1111 aeternus,

275 1125 311 1151 ut
334 1121 473 1161 probare
496 1120 692 1151 intendebat.

333 1175 363 1196 2.
380 1165 584 1206 Responderi
599 1165 640 1196 ad
654 1166 719 1196 hoc
736 1164 907 1205 dupliciter
922 1170 1040 1205 potest.
1065 1164 1186 1200 Primo,
1202 1164 1291 1194 iuxta
1314 1173 1352 1194 ea

275 1219 360 1250 quae
384 1210 469 1241 dicta
492 1216 568 1241 sunt
590 1211 748 1251 superius,
768 1219 838 1250 cap.
855 1219 896 1240 xv
908 1210 935 1246 ξ
960 1208 1051 1250 quod
1074 1209 1151 1249 quia
1173 1208 1276 1245 Plato,
1301 1218 1350 1238 se-

275 1254 422 1286 cundum
438 1255 530 1296 quod
545 1256 642 1286 verba
654 1256 723 1285 eius
733 1253 966 1295 praeferebant,
980 1253 1148 1284 videbatur
1162 1253 1244 1284 velle
1260 1252 1351 1293 quod

274 1299 356 1330 nihil
366 1301 470 1342 possit
477 1300 624 1342 incipere
636 1309 706 1330 esse
721 1300 783 1330 nisi
795 1308 852 1339 per
863 1299 1117 1339 generationem,
1134 1297 1209 1328 ideo
1227 1298 1350 1338 optime

273 1345 363 1385 apud
378 1341 494 1385 ipsum
517 1345 713 1385 sequebatur
729 1343 819 1384 quod
843 1343 1024 1385 ingenitum
1042 1349 1073 1373 et
1092 1342 1350 1382 incorruptibile,

274 1388 376 1419 modo
400 1391 560 1430 exposito,
585 1398 662 1420 cum
684 1389 880 1430 sempiterno
905 1387 1185 1419 convertebantur.
1210 1387 1252 1417 Et
1274 1397 1351 1427 pro-

273 1438 394 1474 pterea,
411 1434 550 1475 probato
574 1433 665 1474 quod
688 1433 831 1465 mundus
846 1442 915 1463 non
937 1433 1119 1473 incoeperit
1138 1441 1196 1473 per
1218 1441 1350 1472 genera-

273 1478 409 1514 tionem,
434 1480 610 1519 probatum
634 1484 700 1509 erat
723 1477 815 1519 quod
838 1478 1054 1518 sempiternus
1077 1482 1169 1507 esset.

330 1522 482 1554 Secundo
499 1529 611 1564 posset
633 1522 822 1563 responderi
838 1521 939 1562 quod,
956 1531 1032 1552 cum
1056 1521 1156 1557 Deus,
1172 1520 1259 1561 apud
1277 1520 1350 1550 Ari-

272 1566 434 1603 stotelem,
458 1568 641 1599 necessario
666 1573 739 1607 agat
753 1568 781 1602 *,
805 1565 897 1607 quod
921 1572 968 1597 est
991 1567 1030 1596 ab
1054 1566 1127 1605 ipso
1151 1564 1350 1605 productum

271 1619 341 1642 non
363 1621 422 1652 per
444 1612 749 1642 transmutationem
774 1611 821 1651 (in
845 1620 910 1651 qua
934 1614 1064 1650 oportet
1086 1615 1123 1640 ut
1147 1609 1267 1639 faciens
1291 1607 1350 1638 du-

270 1656 397 1686 ratione
412 1655 584 1696 praecedat
599 1655 736 1696 faetum)
754 1655 810 1686 sed
825 1664 884 1695 per
899 1655 1081 1695 simplicem
1097 1653 1350 1688 emanationem,

270 1701 453 1731 necessario
477 1700 676 1741 productum
693 1705 740 1730 est
763 1700 802 1730 ab
827 1705 970 1730 aeterno.
988 1699 1030 1729 Et
1045 1697 1132 1734 ideo,
1157 1698 1183 1728 si
1207 1696 1350 1727 mundus

270 1754 328 1786 per
343 1746 648 1778 transmutationem
659 1754 728 1775 non
742 1750 789 1775 est
802 1743 916 1780 factus,
929 1744 1075 1784 sequitur
1088 1742 1178 1783 quod
1194 1743 1234 1772 sit
1249 1747 1351 1772 aeter—

2397 281 2470 318 513

1401 371 1479 392 nus:
1504 368 1536 392 et
1559 362 1779 393 universaliter
1803 361 1892 402 quod
1916 371 2015 392 omne
2038 362 2229 402 ingenitum,
2246 360 2348 391 modo
2373 370 2473 401 expo-

1402 408 1475 443 sito,
1500 407 1540 436 sit
1563 412 1740 437 aeternum.
1757 425 1780 428 —
1796 406 1859 437 Sed
1876 406 1951 446 quia
1974 407 2034 436 ista
2056 406 2225 446 responsio
2248 415 2316 436 non
2340 406 2474 436 salvaret

1402 451 1544 481 animam
1568 450 1608 481 de
1632 461 1720 481 novo
1746 461 1762 481 a
1786 451 1858 483 Deo
1882 450 2030 490 produci,
2054 460 2122 481 non
2150 451 2297 481 obstante
2321 449 2411 490 quod
2433 450 2474 480 sit

1402 496 1544 535 ingenita
1568 501 1599 525 et
1622 495 1885 536 incorruptibilis,
1902 495 1976 525 ideo
1994 501 2041 525 est
2056 494 2243 531 abiicienda,
2261 500 2293 525 et
2308 493 2473 535 sequenda

1403 546 1451 571 est
1473 540 1585 579 prima.

1457 583 1541 614 XXI.
1566 584 1677 614 Potest
1700 584 1796 614 etiam
1821 583 1888 614 dari
1913 589 1944 614 et
1965 584 2025 614 alia
2049 584 2217 624 responsio
2234 583 2274 614 ad
2297 583 2472 623 principale

1403 627 1540 659 dubium
1552 629 1578 664 *,
1604 637 1687 668 quae
1719 633 1750 658 et
1778 629 1846 668 ipsa
1874 628 2015 658 fortassis
2039 638 2105 658 non
2131 634 2177 658 est
2201 634 2326 668 praeter
2348 627 2473 657 Aristo-

1402 673 1473 703 telis
1489 678 1648 702 mentem:
1665 672 1787 702 scilicet
1803 672 1903 712 quod,
1920 672 2007 712 apud
2027 673 2144 713 ipsum,
2165 673 2345 714 ingenitum
2369 677 2400 702 et
2424 672 2472 702 in-

1402 717 1613 757 corruptibile
1629 722 1660 746 et
1683 717 1912 757 sempiternum
1929 722 2162 747 convertuntur
2177 718 2210 747 in
2229 717 2324 747 rebus
2346 721 2473 747 tantum

1403 761 1574 802 completis
1598 762 1631 791 in
1655 762 1773 801 specie,
1798 770 1882 802 quae
1906 771 1924 791 a
1947 761 2019 791 Deo
2043 761 2224 792 secundum
2252 767 2353 791 totam
2381 771 2472 791 suam

1402 806 1612 837 substantiam
1636 805 1870 846 producuntur.
1896 805 2033 836 Constat
2056 811 2163 836 autem
2188 805 2277 845 quod
2301 806 2406 836 anima
2425 806 2473 836 in-

1403 851 1563 881 tellectiva
1585 860 1654 880 non
1679 856 1726 880 est
1750 850 1829 890 quid
1852 850 2054 890 completum
2069 850 2103 880 in
2119 851 2237 890 specie.
2261 850 2337 880 Ideo
2361 856 2472 880 aucto-

1403 896 1477 926 ritas
1500 895 1690 935 Philosophi
1714 895 1884 936 proposito
1908 904 1976 925 non
2001 895 2116 925 obstat.

1448 940 1543 970 Ratio
1573 946 1682 970 autem
1710 940 1801 970 istius
1831 939 2052 980 responsionis
2082 944 2130 969 est
2157 939 2234 978 quia
2261 939 2294 968 in
2322 939 2359 968 iis
2390 948 2473 978 quae

1403 985 1589 1016 immediate
1605 983 1787 1015 secundum
1810 990 1911 1015 totam
1935 984 2145 1014 substantiam
2165 988 2196 1013 et
2218 993 2286 1013 non
2310 983 2343 1013 in
2367 983 2474 1023 aliqua

1404 1030 1538 1060 materia
1553 1029 1779 1070 producuntur
1794 1039 1813 1059 a
1828 1029 1911 1065 Deo,
1929 1038 2013 1068 quae
2029 1028 2116 1068 apud
2134 1027 2342 1058 Aristotelem
2361 1027 2401 1058 de
2417 1037 2473 1058 ne-

1404 1075 1550 1105 cessitate
1573 1079 1706 1104 naturae
1729 1073 1965 1114 producuntur,
1981 1082 2050 1103 non
2066 1078 2174 1113 potest
2197 1071 2378 1103 secundum
2401 1072 2473 1102 Ari-

1404 1119 1554 1149 stotelem
1578 1119 1729 1159 assignari
1752 1119 1833 1149 ratio
1856 1118 2084 1158 incoeptionis,
2108 1126 2217 1158 neque
2246 1126 2284 1147 ex
2311 1121 2400 1157 parte
2427 1117 2474 1147 rei

1404 1163 1582 1204 productae
1606 1173 1714 1204 neque
1738 1172 1776 1193 ex
1803 1168 1892 1203 parte
1920 1162 2139 1202 producentis.
2163 1162 2258 1197 Nam,
2286 1170 2363 1191 cum
2385 1161 2474 1191 nulla

1403 1208 1536 1238 materia
1566 1212 1770 1248 supponatur
1800 1217 1838 1238 ex
1869 1217 1934 1247 qua
1965 1207 2024 1237 ista
2051 1206 2189 1247 produci
2220 1205 2377 1241 dicantur,
2404 1215 2474 1236 non

1403 1258 1512 1293 potest
1535 1262 1605 1283 esse
1628 1253 1754 1283 novitas
1770 1251 1995 1292 productionis
2019 1261 2057 1282 ex
2081 1260 2166 1281 nova
2190 1250 2340 1280 materiae
2364 1249 2474 1290 dispo-

1404 1297 1532 1328 sitione.
1555 1297 1633 1327 Non
1656 1302 1764 1337 potest
1780 1297 1877 1327 etiam
1900 1305 1968 1326 esse
1985 1305 2022 1326 ex
2039 1295 2146 1335 aliqua
2170 1296 2312 1325 novitate
2336 1295 2472 1334 agentis:

1405 1351 1480 1372 cum
1505 1342 1612 1382 ipsum
1640 1342 1680 1371 sit
1703 1341 1840 1371 omnino
1864 1340 2075 1371 immutabile.
2100 1339 2177 1370 Ideo
2202 1344 2331 1379 oportet
2353 1344 2389 1369 ut
2412 1339 2475 1369 sint

1404 1386 1444 1416 ab
1472 1391 1604 1416 aeterno
1628 1384 1797 1426 producta.
1825 1403 1848 1407 -
1875 1384 1939 1415 Sed
1961 1385 1995 1414 in
2019 1385 2056 1414 iis
2080 1393 2163 1424 quae
2190 1393 2259 1414 non
2282 1388 2357 1413 sunt
2385 1392 2474 1413 com-

1404 1430 1491 1470 pleta
1514 1431 1548 1460 in
1579 1431 1697 1470 specie,
1729 1429 1785 1460 sed
1815 1429 2042 1470 producuntur
2064 1429 2097 1459 in
2127 1429 2261 1459 materia
2285 1427 2325 1458 ad
2355 1428 2474 1467 speciei

1405 1474 1695 1515 complementum,
1727 1475 1811 1504 sicut
1844 1474 1950 1504 anima
1980 1473 2153 1509 rationalis,
2185 1478 2292 1513 potest
2324 1472 2474 1512 assignari

1404 1519 1485 1549 ratio
1509 1519 1660 1549 novitatis
1685 1518 1811 1549 essendi
1828 1528 1865 1549 ex
1887 1523 1976 1558 parte
1995 1518 2157 1548 materiae.
2182 1517 2259 1548 Ideo
2276 1517 2363 1548 enim
2386 1526 2474 1547 nunc

1403 1563 1484 1594 haec
1511 1563 1619 1593 anima
1642 1562 1832 1603 producitur
1856 1568 1888 1593 et
1909 1572 1977 1592 non
2001 1562 2099 1602 prius,
2128 1562 2204 1602 quia
2227 1571 2315 1592 nunc
2343 1561 2475 1591 materia

1405 1616 1462 1647 per
1478 1617 1576 1647 agens
1600 1607 1828 1637 secundarium
1853 1612 1900 1637 est
1923 1606 2078 1646 disposita
2101 1605 2141 1636 ad
2163 1607 2247 1636 hanc
2271 1605 2419 1641 formam,
2444 1610 2475 1635 et

1404 1651 1492 1691 prius
1521 1651 1677 1691 disposita
1704 1660 1772 1681 non
1797 1656 1872 1681 erat.
1897 1650 1992 1681 Unde
2015 1655 2123 1690 potest
2153 1651 2223 1689 ipsa
2247 1659 2315 1680 esse
2339 1658 2360 1680 a
2377 1654 2475 1689 parte

1398 1700 1477 1735 post
1502 1695 1767 1735 incorruptibilis,
1800 1701 1831 1725 et
1861 1700 1969 1725 tamen
1999 1703 2068 1724 esse
2095 1694 2219 1735 genita,
2243 1694 2335 1729 idest,
2358 1694 2475 1724 habere

1405 1749 1474 1770 esse
1498 1745 1573 1780 post
1596 1749 1664 1770 non
1688 1749 1767 1770 esse.

1106 1847 1643 1889 —fflffl—

577 1998 1062 2055 CAPITULUM
1099 1994 1697 2052 OCTOGESIMUM
1734 1993 2182 2050 SECUNDUM

366 2129 543 2182 QUOD
577 2128 819 2169 ANIMAE
853 2126 1199 2169 BRUTORUM
1233 2124 1585 2166 ANIMALmM
1618 2123 1747 2164 NON
1782 2077 1949 2164 SUNT?
1977 2121 2380 2163 IMMORTALES

482 2257 507 2282 x
534 2244 594 2281 his
623 2250 754 2280 autem
774 2253 875 2291 quae
899 2241 999 2278 dicta
1018 2247 1118 2286 sunt,
1147 2239 1346 2276 evidenter

437 2342 444 2345 ,
497 2297 712 2335 ostenditur
739 2296 945 2334 brutorum
974 2293 1123 2331 animas
1151 2305 1233 2330 non
1261 2304 1344 2330 esse

362 2382 370 2396 f
418 2349 456 2402 ’ξ
496 2351 746 2388 immortales.

298 2431 304 2434 -
550 2406 632 2441 Iam
652 2403 758 2440 enim
778 2410 979 2440 ostensum
999 2408 1055 2438 est
1067 2399 1088 2422 '¹‘
1111 2399 1219 2450 quod
1239 2401 1345 2437 nulla

273 2457 446 2507 operatio
467 2457 670 2495 sensitivae
698 2456 816 2506 partis
845 2467 928 2493 esse
957 2454 1038 2492 sine
1067 2465 1232 2504 corpore
1260 2461 1344 2503 pot—

272 2519 339 2548 est.
375 2512 418 2548 In
452 2511 657 2548 animabus
685 2517 818 2547 autem
849 2509 1056 2546 brutorum
1088 2519 1168 2544 non
1198 2514 1254 2544 est
1289 2507 1345 2543 in-

272 2564 405 2602 venire
434 2564 606 2614 aliquam
636 2563 904 2614 operationem
939 2560 1181 2612 superiorem
1209 2572 1345 2610 opera·

271 2617 444 2655 tionibus
477 2618 680 2656 sensitivae
713 2616 845 2667 partis:
876 2628 958 2653 non
993 2614 1098 2652 enim
1133 2614 1346 2662 intelligunt

272 2682 402 2721 neque
431 2671 718 2710 ratiocinantur.
743 2670 864 2718 Quod
885 2682 932 2707 ex
960 2669 1036 2706 hoc
1064 2675 1234 2717 apparet,
1254 2666 1346 2716 quia

273 2725 407 2762 omnia
444 2725 625 2763 animalia
660 2725 837 2762 eiusdem
872 2722 1014 2772 speciei
1049 2720 1220 2758 similiter
1253 2731 1346 2769 ope-

273 2786 418 2825 rantur,
441 2779 552 2829 quasi
571 2792 594 2816 a
613 2786 750 2816 natura
769 2785 899 2814 motae
923 2783 960 2812 et
987 2787 1069 2812 non
1089 2786 1135 2811 ex
1155 2781 1234 2810 arte
1253 2785 1345 2823 ope-

273 2840 419 2870 rantes:
441 2832 570 2870 omnis
589 2832 693 2869 enim
710 2831 880 2868 hirundo
901 2827 1073 2866 similiter
1089 2826 1176 2864 facit
1195 2826 1345 2872 nidum,

274 2893 311 2922 et
330 2885 459 2923 omnis
478 2898 620 2924 aranea
639 2884 811 2923 similiter
828 2885 943 2920 telam
960 2881 992 2919 ²²³.
1013 2881 1131 2918 Nulla
1159 2879 1272 2928 igitur
1291 2887 1346 2916 est

274 2939 448 2990 operatio
477 2940 631 2978 animae
659 2938 866 2975 brutorum
891 2948 992 2985 quae
1012 2933 1133 2985 possit
1151 2945 1235 2970 esse
1263 2933 1345 2970 sine

274 3003 449 3043 corpore.
486 2994 590 3031 Cum
617 2993 731 3042 igitur
765 2991 894 3029 omnis
929 2987 1140 3026 substantia
1175 2986 1346 3036 aliquam

275 3047 542 3097 operationem
562 3048 712 3093 habeat,
732 3058 813 3083 non
831 3042 972 3095 poterit
990 3041 1121 3079 anima
1139 3040 1242 3077 bruti
1261 3039 1345 3077 abs-

274 3112 352 3150 que
376 3114 539 3152 corpore
567 3113 661 3138 esse.
683 3101 798 3148 Ergo,
817 3103 1005 3148 pereunte
1033 3106 1208 3154 corpore,
1234 3092 1342 3153 perit.

328 3157 435 3193 Item.
466 3155 607 3195 Omnis
626 3155 752 3192 forma
771 3158 946 3202 separata
973 3162 996 3187 a
1024 3156 1184 3186 materia
1212 3154 1268 3184 est
1288 3158 1345 3183 m-

273 3209 421 3247 tellecta
449 3211 488 3248 in
517 3218 620 3247 actu:
652 3208 705 3245 sic
734 3205 840 3244 enim
867 3204 1080 3242 intellectus
1108 3213 1225 3250 agens
1259 3199 1346 3237 facit

275 3263 421 3312 species
435 3262 685 3311 intelligibiles
700 3268 798 3306 actu,
818 3259 1053 3307 inquantum
1072 3253 1255 3292 abstrahit
1269 3265 1345 3299 eas,

273 3323 317 3352 ut
332 3329 379 3354 ex
398 3331 517 3370 supra
529 3317 550 3339 ’¹‘
569 3315 678 3354 dictis
697 3321 810 3364 patet.
834 3311 922 3357 Sed,
943 3310 973 3347 si
993 3309 1123 3347 anima
1141 3306 1244 3367 bruti
1263 3319 1345 3343 ma-

274 3379 340 3409 net
358 3380 541 3422 corrupto
561 3380 736 3419 corpore,
758 3366 827 3404 erit
853 3365 979 3402 forma
1007 3375 1030 3400 a
1057 3369 1216 3399 materia
1236 3371 1345 3409 sepa-

274 3434 366 3463 rata.
397 3427 500 3474 Ergo
529 3424 599 3462 erit
626 3424 751 3460 forma
778 3419 966 3457 intellecta
994 3416 1035 3453 in
1063 3422 1163 3452 actu.
1195 3413 1273 3451 Sed
1306 3415 1344 3450 in

272 3481 456 3530 separatis
483 3492 508 3516 a
535 3478 694 3516 materia
723 3475 820 3512 idem
849 3477 899 3509 est
931 3470 1140 3519 intelligens
1175 3473 1208 3504 et
1242 3466 1344 3503 intel-

327 3623 342 3649 7
361 3613 559 3648 operationibus
579 3613 622 3638 Ita
641 3611 782 3640 GNYch3
808 3616 887 3642 quam
906 3607 939 3636 D,
957 3612 1001 3631 om
1018 3603 1111 3630 ceteri.

272 3659 337 3685 pore
355 3651 458 3676 DWPc.

329 3693 361 3711 ια
382 3686 428 3719 qui
447 3685 555 3718 quidem
575 3684 617 3709 Ita
636 3682 746 3713 ENXY3
764 3689 807 3707 om
826 3681 858 3712 D,
877 3686 945 3712 quae
963 3676 1069 3710 quidem
1089 3675 1143 3706 GZ,
1162 3673 1233 3706 quod
1258 3671 1367 3704 quidem
1384 3670 1477 3695 ceteri.

392 3741 485 3766 Sum
505 3739 616 3764 Con-rna
636 3738 769 3762 Gmmms
788 3735 820 3760 D.
839 3734 954 3759 Taenia
974 3731 1043 3756 Tou.
1063 3731 1081 3755 Ι.

1202 3600 1235 3626 13
1254 3605 1296 3625 est
1314 3607 1358 3625 om
1376 3599 1426 3631 «X,
1446 3601 1510 3623 mite
1533 3598 1610 3631 igitur
1627 3597 1692 3627 WZ,
1707 3599 1771 3627 post
1795 3594 1911 3627 operatio
1930 3593 1973 3618 Pc.

1399 2239 1546 2283 lectum,
1562 2244 1604 2274 ut
1619 2235 1840 2273 Aristoteles
1855 2234 1955 2281 dicit,
1976 2234 2015 2271 in
2035 2235 2081 2270 111
2101 2235 2146 2271 de
2163 2235 2304 2270 Anima
2319 2233 2349 2269 ⁹⁸.
2371 2234 2473 2281 Ergo

1400 2291 1531 2328 anima
1559 2289 1672 2336 bruti,
1702 2289 1733 2326 si
1761 2296 1849 2338 post
1877 2300 2020 2338 corpus
2048 2294 2191 2333 manet,
2226 2286 2295 2323 erit
2330 2286 2473 2323 intelle-

1385 2343 1544 2387 ‚ctualis
1576 2343 1696 2391 Quod
1726 2350 1782 2379 est
1810 2340 2061 2391 impossibile.

1454 2397 1606 2434 Adhuc.
1636 2398 1679 2434 In
1707 2395 1877 2445 qualibet
1905 2407 1945 2432 re
1973 2405 2074 2443 quae
2106 2400 2232 2443 potest
2258 2392 2472 2442 pertingere

1367 2465 1377 2485 ς
1400 2451 1450 2488 ad
1479 2450 1651 2500 aliquam
1674 2448 1961 2499 perfectionem,
1991 2447 2186 2485 invenitur
2204 2446 2386 2483 naturalis
2406 2458 2471 2495 ap-

1400 2504 1541 2554 petitus
1569 2503 1668 2540 illius
1697 2501 1955 2552 perfectionis:
1986 2503 2125 2538 bonum
2160 2502 2259 2537 enim
2293 2505 2344 2536 est
2376 2500 2475 2549 quod

1401 2559 1529 2595 omnia
1557 2562 1734 2607 appetunt
1746 2555 1777 2602 ⁹¹⁸,
1810 2555 1859 2592 ita
1888 2562 2019 2591 tamen
2048 2554 2155 2603 quod
2184 2553 2473 2602 unumquodque

1394 2612 1596 2661 proprium
1616 2612 1756 2647 bonum
1770 2609 1801 2645 ³¹⁸.
1823 2610 1865 2645 In
1884 2607 2005 2644 brutis
2025 2614 2157 2644 autern
2177 2618 2256 2643 non
2277 2605 2472 2643 invenitur

1401 2663 1537 2713 aliquis
1566 2662 1757 2712 appetitus
1786 2662 1835 2699 ad
1854 2673 1937 2698 esse
1957 2667 2201 2710 perpetuum,
2227 2659 2299 2696 nisi
2319 2667 2361 2696 ut
2385 2670 2471 2708 per-

1373 2724 1608 2767 opetuentur
1636 2715 1855 2753 secundum
1884 2713 2064 2763 speciem,
2094 2713 2328 2762 inquantum
2355 2712 2395 2749 in
2418 2712 2471 2749 eis

1400 2770 1596 2807 invenitur
1623 2769 1814 2819 appetitus
1841 2766 2107 2816 generationis,
2136 2778 2206 2816 per
2238 2778 2358 2815 quam
2386 2777 2471 2815 spe-

1401 2823 1478 2861 cies
1514 2830 1780 2873 perpetuatur,
1818 2821 1886 2871 qui
1924 2821 2084 2870 quidem
2126 2819 2322 2856 invenitur
2358 2826 2394 2855 et
2431 2818 2471 2855 in

1399 2877 1539 2927 plantis
1559 2885 1596 2915 et
1623 2876 1663 2913 in
1683 2877 1799 2914 rebus
1824 2874 2059 2912 inanimatis:
2081 2885 2162 2910 non
2191 2880 2321 2910 autem
2349 2883 2470 2921 quan-

1400 2938 1485 2968 tum
1505 2930 1555 2968 ad
1582 2929 1788 2980 proprium
1807 2928 2023 2978 appetitum
2042 2926 2218 2964 animalis
2238 2925 2470 2975 inquantum

1361 2998 1385 3018 ¹⁵
1401 2992 1457 3021 est
1475 2984 1630 3030 animal,
1647 2983 1714 3033 qui
1730 2990 1785 3020 est
1804 2981 1995 3032 appetitus
2009 2979 2358 3030 apprehensionem
2379 2990 2471 3015 con-

1401 3050 1580 3087 sequens.
1610 3038 1727 3083 Nam,
1758 3048 1850 3073 cum
1875 3035 2006 3072 anima
2025 3033 2206 3070 sensitiva
2225 3044 2305 3069 non
2333 3043 2470 3080 appre-

1401 3091 1546 3128 hendat
1573 3090 1646 3127 nisi
1666 3089 1729 3127 hic
1748 3097 1785 3126 et
1803 3101 1920 3135 nunc,
1940 3086 2176 3137 impossibile
2196 3093 2252 3122 est
2277 3084 2384 3134 quod
2404 3097 2470 3134 ap-

1394 3144 1616 3194 prehendat
1644 3155 1726 3180 esse
1755 3150 2001 3192 perpetuum.
2030 3141 2171 3189 Neque
2209 3150 2298 3187 ergo
2327 3136 2471 3187 appetit

1401 3197 1573 3247 appetitu
1588 3196 1757 3235 animali.
1774 3196 1867 3232 Non
1883 3202 1939 3232 est
1957 3194 2070 3243 igitur
2089 3192 2219 3231 anima
2232 3191 2334 3229 bruti
2349 3202 2469 3240 capax

1372 3278 1386 3292 0
1399 3251 1577 3301 perpetui
1605 3262 1700 3288 esse.

1454 3304 1645 3354 Amplius.
1676 3304 1779 3340 Cum
1813 3302 2070 3339 delectationes
2098 3300 2331 3349 operationes
2354 3300 2470 3348 perfi-

1400 3360 1512 3405 ciant,
1541 3365 1584 3395 ut
1611 3364 1715 3407 patet
1742 3367 1812 3405 per
1840 3354 2084 3391 Aristotelem
2112 3352 2151 3389 in
2170 3353 2206 3389 X
2225 3353 2343 3389 Ethic.
2360 3351 2391 3397 ²¹⁶,
2420 3351 2470 3389 ad

1400 3413 1478 3450 hoc
1505 3411 1706 3448 ordinatur
1733 3407 1907 3458 operatio
1933 3405 2136 3444 cuiuslibet
2164 3404 2219 3442 rei
2237 3404 2335 3442 sicut
2357 3404 2398 3441 in
2425 3404 2470 3441 fi-

1400 3477 1494 3503 nem
1521 3464 1562 3501 in
1590 3475 1670 3514 quo
1699 3474 1771 3499 sua
1797 3459 1996 3498 delectatio
2021 3458 2159 3507 figitur.
2189 3457 2470 3495 Delectationes

2069 3598 2101 3623 14
2119 3598 2179 3616 esse
2198 3597 2240 3616 om
2261 3591 2311 3622 αΧ,
2331 3593 2396 3622 post
2414 3598 2472 3615 cor-

1567 3675 1600 3701 ¹7
1619 3668 1670 3692 nisi
1688 3674 1731 3692 om
1750 3666 1800 3691 αΧ.
1892 3671 1923 3689 22
1944 3664 1971 3689 in
1989 3663 2032 3696 Χ]
2050 3663 2076 3688 in
2094 3663 2113 3687 1.
2133 3661 2275 3687 aDWXcd.

2361 3714 2394 3740 65

2501 632 2509 641 ·
2525 630 2595 659 Num,
2611 636 2658 657 xvi,
2672 630 2714 652 Se-

2500 657 2598 680 cundus.
2605 657 2642 679 Cf.
2648 663 2714 679 num.

2500 690 2568 706 xvru.

2501 2242 2511 2252 ²
2526 2241 2559 2263 Ca
2578 2247 2627 2267 .1v,
2644 2247 2680 2266 ¹23
2695 2247 2715 2263 s.

2500 2267 2545 2289 Th.
2569 2274 2607 2296 .9.

2500 2566 2509 2575 '¹
2526 2563 2634 2592 labie„
2659 2570 2675 2592 ι,
2691 2571 2715 2591 ¹3

2499 2598 2519 2613 s.
2529 2591 2599 2613 Th.1.
2612 2598 2630 2613 ι.

2500 2628 2508 2637 ·
2520 2626 2575 2648 VIII
2586 2626 2672 2653 Ethic.,
2687 2632 2713 2653 11,

2499 2659 2523 2680 2;
2539 2660 2558 2675 s.
2573 2652 2618 2675 Th.
2635 2654 2649 2675 l.
2659 2659 2679 2674 2.

2498 3351 2580 3374 'Ca.

2601 3358 2632 3379 ιν,
2648 3352 2675 3379 6;
2694 3359 2712 3374 s.

2497 3378 2542 3400 Th.
2568 3395 2573 3400 .
2588 3378 2609 3400 6.
