2768 4134
82 2048 91 2059 '
106 2045 143 2070 Cf.
158 2052 180 2069 n.
192 2052 215 2069 v.

82 2627 92 2637 ·
103 2625 138 2649 Cf.
150 2631 173 2648 n.
184 2632 215 2648 ιν.

323 316 398 353 536

322 393 456 424 alicuius
480 389 675 421 substantiae
699 389 738 418 ab
762 388 834 428 ipso
858 387 933 426 igne
949 390 1134 426 generante.
1152 383 1215 415 Sed
1238 384 1271 414 in
1295 392 1393 423 gene-

321 437 445 468 ratione
468 434 656 465 animalium
679 432 811 473 proprie
828 430 987 461 traductio
1004 429 1130 466 dicitur,
1154 429 1210 459 ubi
1233 436 1338 458 unum
1354 427 1393 458 ab

322 482 421 511 altero
437 488 495 520 per
511 478 641 509 seminis
658 476 856 508 decisionem
873 475 1059 515 originatur.
1072 473 1225 504 Animam
1238 481 1315 512 ergo
1331 477 1394 523 tra-

322 524 396 555 duci
408 532 484 554 cum
497 523 619 553 semine
632 526 679 552 est
693 521 795 561 ipsam
808 520 848 550 ab
857 519 988 550 homine
998 523 1179 560 generante
1188 527 1252 558 per
1263 525 1395 548 seminis

264 599 267 602 .
321 568 515 600 decisionem
533 566 686 608 produci.

377 613 418 643 Et
433 613 520 642 hunc
539 619 670 641 sensum
694 610 791 640 etiam
807 609 913 639 innuit
929 607 1065 639 Sanctus
1081 607 1227 637 Thomas
1250 606 1282 636 in
1307 605 1394 646 prin-

323 658 408 698 cipio
425 656 566 696 capituli,
586 655 643 685 ubi
659 655 702 685 ait
721 653 812 695 quod
830 654 941 684 anima
957 653 1101 683 humana
1119 661 1183 682 non
1210 650 1395 681 traducitur

322 711 394 732 cum
417 700 547 736 semine,
572 699 666 740 quasi
683 708 746 739 per
770 698 890 730 coitum
914 697 1084 728 seminata.

376 745 540 776 Probatur
555 749 663 775 autem
679 744 790 785 primo
811 743 868 774 sic.
894 742 1049 783 Operatio
1073 740 1199 771 animoe
1227 738 1396 770 intellecti-

321 799 379 820 vae
391 799 459 820 non
476 788 512 820 fit
526 798 585 830 per
601 797 761 829 organum
778 796 985 831 corporeum,
1002 785 1058 816 sed
1074 785 1158 815 bene
1174 784 1322 825 operatio
1334 792 1395 814 nu-

321 834 445 865 tritivae
469 839 500 864 et
523 833 703 864 sensitivae.
721 833 808 873 Ergo
833 833 892 862 ista
907 840 975 861 non
987 829 1102 870 incipit
1113 838 1182 859 esse
1195 838 1254 869 per
1265 828 1396 859 seminis

321 878 568 915 traductionem,
608 878 665 908 sed
695 878 778 908 bene
808 876 890 907 illae.
916 893 938 898 —
965 875 1124 905 Probatur
1150 873 1394 914 consequentia.

322 923 408 962 Quia
431 933 573 964 quorum
597 922 831 963 principiorum
847 920 1053 960 operationes
1069 919 1139 949 sine
1155 927 1294 969 corpore
1309 922 1395 953 sunt,

321 969 487 1009 generatio
503 977 617 999 eorum
633 977 701 997 non
720 971 767 997 est
786 975 843 1005 per
858 964 1102 1005 generationem
1125 972 1287 1003 corpor1s;
1311 971 1395 1003 quo-

322 1022 395 1044 rum
419 1018 528 1043 autem
556 1012 761 1052 operationes
791 1010 860 1039 sine
891 1017 1028 1048 corpore
1058 1017 1127 1038 esse
1150 1016 1218 1038 non
1245 1011 1394 1048 possunt,

322 1067 383 1088 nec
407 1066 521 1088 eorum
544 1056 673 1087 initium
696 1055 764 1085 sine
782 1062 919 1094 corpore
936 1062 1005 1083 esse
1028 1058 1146 1093 potest,
1170 1051 1262 1089 idest,
1279 1061 1394 1082 eorum

324 1111 392 1132 esse
415 1101 529 1141 incipit
552 1107 584 1130 et
606 1104 777 1140 generatur
798 1107 856 1138 per
873 1097 1018 1138 corporis
1042 1096 1301 1137 generationem3
1319 1096 1397 1137 quia

322 1155 371 1176 res
393 1147 438 1176 sic
462 1145 558 1175 habet
573 1153 642 1175 esse
658 1144 741 1174 sicut
756 1147 918 1183 operatur.
935 1141 1113 1173 Traductio
1130 1147 1239 1172 autem
1263 1141 1395 1172 seminis

322 1190 362 1221 ad
386 1190 532 1230 corporis
554 1189 797 1229 generationem
822 1186 997 1218 ordinatur.

375 1234 427 1264 Ad
462 1233 656 1264 evidentiam
690 1233 787 1264 huius
820 1232 965 1268 rationis,
995 1230 1269 1262 considerandum
1304 1230 1395 1271 quod

322 1278 427 1309 forma
451 1288 535 1319 quae
558 1278 680 1309 nullam
709 1277 935 1318 operationem
957 1276 1055 1307 habet
1083 1276 1206 1316 absque
1233 1285 1395 1317 corporeo

322 1332 455 1364 organo,
478 1332 547 1354 non
572 1328 619 1354 est
642 1322 745 1353 forma
769 1322 954 1358 subsistens,
976 1321 1033 1352 sed
1055 1325 1182 1351 tanturn
1201 1319 1307 1352 forma
1330 1329 1395 1362 qua

322 1368 447 1409 aliquid
470 1373 525 1398 est.
550 1367 592 1398 Et
608 1367 684 1408 quia
699 1367 879 1407 unicuique
903 1366 946 1397 ita
965 1366 1120 1396 convenit
1142 1364 1213 1396 fieri
1237 1366 1320 1396 sicut
1336 1365 1397 1396 sibi

322 1413 476 1443 convenit
500 1421 580 1449 esse,
597 1411 672 1442 ideo
696 1411 766 1442 talis
789 1411 905 1447 forma,
922 1420 998 1442 cum
1021 1419 1090 1441 non
1114 1410 1231 1441 habeat
1254 1419 1323 1441 esse
1339 1419 1397 1451 per

322 1467 355 1488 se
380 1458 565 1494 subsistens,
588 1466 650 1488 nec
674 1457 772 1487 etiam
794 1465 853 1497 per
875 1465 909 1486 se
933 1454 1072 1497 produci
1095 1460 1214 1496 potest,
1238 1455 1282 1486 ita
1305 1455 1397 1496 quod

322 1503 362 1533 sit
384 1501 418 1533 id
433 1502 525 1542 quod
539 1501 741 1543 producitur,
758 1500 815 1532 sed
831 1506 957 1532 tantum
974 1505 1022 1531 est
1037 1499 1071 1531 id
1087 1509 1156 1540 quo
1173 1500 1397 1541 compositum

321 1546 522 1587 producitur.
539 1546 675 1587 Propter
698 1546 773 1583 hoc,
790 1555 859 1576 non
882 1545 942 1576 alia
965 1543 1183 1586 productione
1205 1544 1398 1585 producitur

323 1601 421 1632 quam
446 1601 483 1623 ea
507 1601 572 1632 qua
593 1590 786 1632 producitur
809 1599 930 1631 corpus
961 1595 992 1620 et
1020 1590 1253 1630 compositum.
1277 1589 1398 1621 Forma

323 1642 431 1667 autem
456 1646 540 1677 quae
563 1636 660 1666 habet
684 1635 910 1676 operationem
933 1635 1056 1674 absque
1075 1643 1236 1675 corporeo
1261 1643 1397 1675 organo,

323 1686 371 1711 est
393 1690 451 1721 per
473 1690 508 1711 se
531 1678 716 1711 subsistens.
734 1679 811 1710 Ideo
827 1679 958 1720 propria
981 1679 1172 1719 operatione
1194 1678 1397 1719 producitur,

323 1735 392 1756 non
415 1730 525 1756 autem
549 1734 588 1755 ea
609 1733 675 1764 qua
699 1733 819 1764 corpus
846 1729 1027 1764 generatur.
1059 1723 1100 1754 Et
1123 1723 1189 1754 hoc
1212 1729 1259 1755 est
1283 1723 1398 1755 funda-

304 1775 472 1801 ·mentum
503 1769 588 1800 illius
618 1768 852 1810 propositionis
882 1773 1065 1809 assumptae
1095 1767 1135 1799 ad
1169 1769 1398 1808 probationem

325 1814 588 1855 consequentiae.
602 1813 703 1852 Quod
715 1813 965 1844 fundamentum
980 1813 1084 1853 tetigit
1099 1812 1236 1844 Sanctus
1253 1813 1399 1844 Thomas

324 1859 357 1889 in
373 1859 566 1899 probatione
577 1858 663 1889 illius
674 1857 919 1898 propositionis,
935 1858 1098 1898 assignans
1113 1867 1173 1898 pro
1190 1857 1275 1888 illius
1292 1868 1398 1895 causa,

325 1903 401 1943 quia
425 1913 477 1934 res
499 1903 547 1933 sic
570 1908 728 1944 operatur
749 1903 833 1933 sicut
855 1902 951 1933 habet
972 1909 1059 1932 esse:
1081 1902 1107 1932 si
1131 1902 1218 1932 enim
1248 1911 1317 1933 non
1340 1912 1399 1943 per

324 1957 357 1978 se
381 1952 543 1988 operatur,
566 1956 634 1977 non
659 1947 755 1977 habet
778 1955 847 1977 esse
874 1955 933 1987 per
955 1955 990 1977 se
1019 1946 1210 1983 subsistens3
1238 1946 1263 1977 si
1290 1953 1399 1978 autem

323 2001 381 2032 per
404 2001 438 2022 se
461 1996 623 2032 operatur,
646 1991 744 2022 habet
766 1999 836 2021 esse
859 2000 918 2031 per
940 1999 974 2021 se
997 1990 1184 2021 subsistens.

380 2035 417 2066 ΙΙ.
442 2035 591 2067 Secundo
603 2036 630 2066 ἢ
655 2035 689 2067 Si
711 2045 769 2076 per
784 2034 1023 2066 traductionem
1039 2035 1170 2066 seminis
1187 2043 1256 2066 esse
1274 2035 1399 2077 incipit,

325 2086 380 2111 aut
402 2080 466 2111 hoc
491 2086 538 2111 est
562 2080 638 2121 quia
662 2084 710 2110 est
725 2080 760 2110 in
775 2080 899 2111 semine
915 2079 949 2110 in
966 2085 1050 2116 actu,
1068 2079 1160 2120 quasi
1176 2088 1235 2120 per
1250 2080 1400 2112 accidens

324 2124 424 2156 divisa
448 2124 487 2155 ab
511 2124 618 2156 anima
639 2124 832 2165 generantis,
859 2124 942 2155 sicut
969 2133 1080 2155 semen
1109 2123 1262 2155 dividitur
1285 2134 1303 2155 a
1327 2134 1398 2156 cor-

323 2179 413 2211 pore,
438 2175 474 2200 ut
497 2169 531 2200 in
554 2169 747 2200 animalibus
770 2168 915 2199 anulosis
937 2167 1098 2206 videmus,
1120 2178 1205 2210 quae
1229 2168 1336 2200 decisa
1350 2170 1399 2200 vi-

323 2220 417 2245 vunt:
443 2219 498 2245 aut
521 2214 597 2256 quia
619 2214 653 2245 in
677 2213 801 2245 semine
825 2220 872 2244 est
894 2213 995 2244 virtus
1017 2214 1118 2255 ipsius
1142 2213 1345 2255 productiva.

378 2259 455 2290 Non
478 2259 631 2299 primum.
660 2258 748 2290 Tum
773 2259 849 2299 quia
872 2258 980 2289 anima
1003 2258 1198 2290 intellectiva
1221 2264 1270 2290 est
1291 2258 1397 2300 perfe-

324 2304 464 2334 ctissima
487 2303 665 2334 formarum
689 2309 722 2334 et
751 2304 910 2334 maximae
940 2303 1076 2341 virtutis,
1105 2309 1137 2335 et
1167 2303 1302 2344 requirit
1327 2309 1398 2336 tan-

325 2357 423 2388 quam
447 2348 616 2389 proprium
639 2347 840 2388 perfectibile
864 2357 983 2388 corpus
1005 2357 1157 2390 magnam
1181 2348 1303 2380 habens
1325 2358 1398 2390 par-

324 2393 406 2423 tium
439 2392 670 2432 diversitatem,
702 2398 734 2423 et
768 2402 824 2434 per
856 2402 1062 2434 consequens
1092 2403 1161 2424 non
1189 2398 1298 2434 potest
1328 2403 1398 2425 esse

325 2442 398 2468 actu
421 2437 455 2468 in
479 2437 602 2468 semine
625 2436 749 2468 deciso:
774 2437 857 2468 sicut
879 2446 941 2468 nec
968 2437 1094 2468 animae
1124 2438 1295 2469 brutorum
1324 2448 1397 2480 per-

323 2481 485 2513 fectorum
508 2491 566 2522 per
588 2481 787 2513 decisionem
811 2482 1077 2523 multiplicantur.
1093 2500 1116 2504 -
1135 2483 1223 2514 Tum
1247 2483 1324 2523 quia
1347 2484 1396 2515 in-

323 2526 471 2557 tellectus
490 2536 558 2558 non
574 2532 622 2557 est
637 2532 726 2557 actus
742 2527 878 2558 alicuius
894 2527 1051 2568 corporis,
1068 2533 1104 2558 ut
1120 2528 1222 2568 possit
1237 2537 1296 2569 per
1314 2529 1397 2560 acci-

324 2571 404 2602 dens
426 2570 524 2602 dividi
545 2570 588 2602 ad
612 2572 759 2612 corporis
782 2571 986 2603 divisionem.

377 2615 453 2646 Non
481 2616 577 2647 etiam
601 2615 792 2654 secundum,
815 2622 950 2658 propter
973 2617 1041 2647 tria.
1066 2616 1175 2648 Primo
1194 2618 1221 2654 *‚
1247 2618 1323 2659 quia
1347 2627 1395 2649 se·

324 2666 476 2701 queretur
499 2660 639 2691 animam
663 2661 782 2692 habere
798 2671 894 2692 suum
911 2671 980 2692 esse
1004 2660 1193 2702 dependens
1209 2672 1227 2693 a
1246 2672 1395 2704 corpore.

324 2704 387 2736 Sed
402 2705 498 2736 huius
514 2705 708 2736 contrarium
726 2711 893 2737 ostensum
910 2711 958 2737 est
973 2715 1079 2747 supra.
1097 2706 1184 2748 Ergo
1201 2712 1261 2738 etc.
1278 2726 1300 2730 -
1316 2707 1396 2738 Pro-

323 2750 416 2780 batur
438 2750 580 2790 sequela.
597 2749 684 2788 Quia
699 2750 800 2781 virtus
824 2751 926 2782 activa
943 2759 1026 2792 quae
1050 2757 1099 2782 est
1122 2751 1155 2782 in
1179 2753 1314 2790 semine,
1330 2753 1396 2794 agit

323 2794 362 2825 ad
391 2795 633 2835 generationem
665 2795 811 2826 animalis
841 2795 1087 2827 transmutando
1116 2806 1246 2838 corpus.
1279 2796 1396 2828 Omnis

323 2844 431 2870 autem
454 2838 559 2870 forma
582 2849 666 2880 quae
689 2839 802 2881 incipit
826 2849 895 2872 esse
918 2850 976 2881 per
999 2842 1303 2873 transmutationem
1325 2851 1394 2874 ma-

322 2884 430 2921 teriae,
446 2884 542 2915 habet
565 2893 633 2915 esse
650 2894 668 2914 a
685 2885 818 2916 materia
841 2884 1043 2926 dependens:
1068 2895 1145 2917 cum
1167 2887 1393 2918 transmutatio

321 2928 472 2959 materiae
495 2929 686 2960 terminetur
709 2928 748 2960 ad
773 2939 841 2960 esse
865 2934 939 2961 actu
963 2930 1125 2967 materiae,
1150 2931 1241 2972 quod
1265 2937 1314 2962 est
1335 2941 1394 2973 per

321 2973 477 3003 unionem
502 2972 642 3011 formae3
668 2979 699 3004 et
722 2983 779 3015 per
803 2984 1019 3016 consequens,
1038 2975 1063 3006 si
1087 2984 1145 3016 per
1172 2976 1237 3007 hoc
1259 2977 1394 3018 incipiat

322 3027 389 3048 esse
414 3017 537 3049 formae
561 3018 758 3059 simpliciter,
782 3028 852 3050 esse
876 3019 1000 3051 formae
1028 3029 1097 3051 non
1121 3020 1161 3051 sit
1183 3021 1244 3052 nisi
1268 3022 1302 3052 in
1327 3021 1393 3053 hoc

322 3061 411 3102 quod
435 3068 482 3093 est
505 3063 589 3094 uniri
612 3064 774 3094 materiae.

377 3106 427 3136 111.
456 3107 518 3138 Pro
548 3107 763 3139 declaratione
792 3108 889 3139 huius
920 3109 1063 3146 rationis,
1092 3108 1287 3140 attendenda
1317 3115 1393 3141 sunt

322 3150 398 3181 duo.
423 3151 534 3182 Unum
558 3158 615 3189 est,
640 3152 731 3193 quod
749 3153 873 3194 primus
895 3153 1015 3184 modus
1029 3153 1242 3186 traductionis
1265 3155 1393 3195 animae

321 3195 373 3225 hic
396 3195 606 3236 improbatus,
623 3197 744 3228 scilicet
760 3197 850 3238 quod
866 3198 974 3229 anima
995 3203 1079 3229 esset
1101 3204 1175 3229 actu
1199 3199 1232 3230 in
1257 3200 1391 3237 semine,

322 3240 366 3270 sic
390 3246 437 3270 est
460 3240 695 3282 intelligendus.
720 3242 870 3273 Procedit
893 3243 980 3274 enirn
1005 3252 1042 3273 ac
1066 3243 1091 3273 si
1115 3243 1222 3274 anima
1246 3250 1328 3275 esset
1351 3244 1391 3275 ad

323 3285 543 3315 extensionem
567 3287 713 3326 corporis
730 3292 869 3323 extensa,
894 3288 936 3318 ita
961 3286 1052 3328 quod
1075 3296 1142 3319 una
1163 3297 1236 3328 pars
1259 3294 1343 3320 esset
1357 3289 1392 3320 in

323 3337 459 3368 corpore
474 3331 655 3370 generantis
671 3337 702 3361 et
726 3331 786 3362 alia
803 3337 885 3362 esset
908 3333 941 3363 in
965 3332 1100 3368 semine,
1117 3337 1149 3362 et
1173 3332 1264 3372 quod
1287 3332 1327 3364 ad
1343 3343 1392 3364 se-

323 3373 417 3403 minis
440 3375 677 3414 separationem
701 3386 718 3406 a
745 3385 883 3417 corpore
910 3381 1110 3417 separaretur
1140 3377 1237 3408 etiam
1265 3378 1391 3409 animae

323 3425 394 3456 pars
417 3418 456 3448 ab
473 3418 533 3448 alia
549 3424 648 3459 parte,
665 3425 820 3460 tanquam
836 3421 943 3452 anima
960 3426 1043 3452 esset
1057 3429 1123 3452 una
1139 3426 1213 3453 actu
1237 3427 1269 3452 et
1284 3422 1392 3463 plures

322 3461 355 3491 in
378 3462 537 3501 potentia:
562 3464 644 3494 sicut
667 3464 783 3496 albedo
800 3465 982 3497 extenditur
1005 3465 1045 3497 ad
1061 3466 1208 3506 corporis
1231 3467 1392 3498 extensio-

323 3513 409 3544 nem,
426 3511 458 3536 et
479 3507 659 3539 secundum
678 3518 776 3540 unam
793 3515 916 3550 partem
934 3515 981 3541 est
996 3510 1029 3541 in
1041 3519 1108 3541 una
1124 3515 1214 3551 parte
1235 3511 1391 3551 corporis,

324 3549 502 3581 secundum
518 3561 594 3582 vero
612 3553 705 3583 aliam
729 3559 775 3584 est
799 3555 832 3585 in
856 3555 916 3585 alia
939 3560 1028 3595 parte
1044 3554 1204 3596 corporis;
1223 3560 1254 3586 et
1277 3564 1392 3586 secun-

326 3591 403 3623 dum
428 3595 517 3633 quod
541 3606 606 3627 una
629 3606 701 3637 pars
725 3599 870 3638 corporis
887 3599 926 3629 ab
943 3599 1003 3630 alia
1026 3604 1201 3640 separatur,
1217 3599 1261 3630 ita
1277 3605 1309 3630 et
1328 3609 1393 3631 una

326 3645 396 3675 pars
419 3637 572 3670 albedinis
589 3648 751 3681 separatur
767 3643 806 3673 ab
823 3643 898 3680 alia;
919 3644 962 3674 ita
978 3643 1069 3684 quod
1085 3642 1202 3675 albedo
1218 3653 1303 3684 quae
1327 3650 1393 3675 erat

326 3689 390 3710 una
414 3681 446 3711 in
470 3688 543 3714 actu
560 3690 593 3714 et
607 3684 673 3716 duo
697 3687 729 3716 in
755 3688 911 3726 potentia,
928 3687 963 3718 fit
979 3687 1062 3719 duae
1078 3687 1242 3720 albedines
1257 3688 1291 3719 in
1308 3694 1394 3719 actu.

766 309 955 347 SUMMA
984 306 1206 344 CONTRA
1234 303 1510 350 GENTILES,
1537 303 1633 340 LIB.
1654 303 1696 348 ΙΙ,
1727 302 1838 339 CAP.
1859 302 2069 340 LXXXVI.

1505 391 1536 412 2.
1560 380 1750 412 Secundum
1773 385 1821 410 est
1845 379 1947 420 quod,
1971 389 2048 411 cum
2070 381 2179 421 inquit
2206 381 2343 414 Sanctus
2367 383 2525 423 Thomas,

1451 425 1554 462 Unde,
1578 425 1607 456 si
1627 434 1692 466 per
1720 425 1783 455 hoc
1813 424 1950 465 incipiat
1980 434 2049 456 esse
2065 425 2206 467 formae
2233 426 2425 468 simpliciter
2456 439 2525 462 esse

1437 470 1577 513 formae
1601 479 1667 500 non
1692 468 1755 500 erit
1777 468 1842 499 nisi
1864 468 1898 499 in
1921 469 1984 500 hoc
2006 469 2095 511 quod
2117 475 2165 501 est
2187 470 2278 501 uniri
2300 473 2468 511 materiae,
2491 474 2524 517 ly

1447 514 1637 556 simpliciter
1658 518 1768 554 potest
1798 513 1970 554 dupliciter
1997 515 2158 545 construi:
2195 515 2316 547 scilicet
2345 522 2402 548 aut
2431 523 2468 549 ut
2490 529 2525 550 se

1447 565 1556 590 teneat
1579 567 1656 589 cum
1671 557 1950 598 praecedentibus,
1967 558 2013 591 sic
2034 559 2259 600 punctuando,
2286 561 2389 598 Unde,
2412 562 2442 593 si
2462 573 2527 604 per

1448 605 1510 634 hoc
1533 603 1668 644 incipiat
1683 612 1752 633 esse
1757 603 1898 644 formae
1912 603 2123 644 simpliciter;
2138 610 2194 635 aut
2209 610 2245 635 ut
2267 614 2302 636 se
2325 611 2434 637 teneat
2449 617 2527 640 cum

1447 648 1669 689 sequentibus,
1685 647 1899 688 punctuando
1915 649 1972 686 sic,
1991 649 2094 686 Unde,
2109 649 2139 680 si
2150 659 2216 690 per
2229 650 2294 681 hoc
2309 650 2444 692 incipiat
2457 661 2527 685 esse

1438 693 1590 735 formae,
1605 692 1797 733 simpIiciter
1811 702 1881 724 esse
1886 693 2026 735 formae
2049 703 2115 725 non
2134 694 2200 725 erit
2221 695 2285 726 nisi
2301 695 2334 726 in
2358 696 2421 727 hoc
2438 697 2527 738 quod

1449 743 1497 769 est
1520 737 1611 768 uniri
1634 736 1801 768 materiae.

1505 782 1538 813 Si
1561 782 1670 822 primo
1697 781 1801 812 modo
1831 782 2018 823 accipiatur,
2049 781 2177 815 videtur
2204 783 2418 816 determinare
2445 785 2528 817 illud

1448 827 1595 863 verbum,
1620 826 1765 867 incipiat.
1782 825 1878 858 Unde
1893 836 2007 858 sensus
2023 833 2071 858 est
2089 827 2191 868 quod,
2215 829 2242 859 si
2265 838 2324 870 per
2347 829 2411 862 hoc
2435 829 2527 872 quod

1448 872 1601 902 materiae
1625 872 1736 902 unitur
1751 870 1868 908 forma,
1891 872 2026 913 incipiat
2041 881 2111 903 esse
2133 873 2283 905 absolute
2305 874 2373 906 sive
2388 876 2527 906 omnino

1449 926 1518 948 esse
1542 915 1678 953 formae,
1703 916 1787 947 sicut
1810 915 1961 948 videlicet
1982 917 2116 948 materia
2139 918 2256 959 incipit
2278 927 2348 950 esse
2371 925 2447 952 actu
2468 930 2527 962 per

1449 962 1513 992 hoc
1537 960 1628 1002 quod
1651 961 1712 992 sibi
1739 960 1845 992 forma
1875 962 1996 999 unitur,
2020 967 2099 993 tunc
2125 971 2195 994 non
2221 963 2282 994 erit
2309 972 2379 995 esse
2402 963 2528 997 formae

1448 1006 1511 1037 nisi
1535 1006 1569 1037 in
1592 1005 1716 1037 unione
1739 1004 1781 1037 ad
1803 1006 1988 1037 materiam:
2014 1006 2098 1038 sicut
2121 1012 2153 1038 et
2180 1016 2250 1038 esse
2273 1013 2348 1039 actu
2374 1010 2528 1041 materiae

1449 1060 1518 1082 non
1542 1050 1697 1081 convenit
1713 1050 1775 1081 nisi
1797 1050 1832 1081 in
1848 1050 1973 1082 unione
1996 1050 2036 1082 ad
2051 1049 2201 1082 formam.
2226 1052 2269 1083 Et
2292 1058 2371 1084 tunc
2394 1054 2529 1095 ponitur

1448 1095 1481 1137 ly
1503 1095 1696 1136 simpliciter
1725 1095 1765 1126 ad
1793 1095 2034 1127 excludendum
2067 1096 2314 1137 incoeptionem
2344 1097 2470 1130 formae
2493 1098 2528 1130 in

1449 1140 1599 1171 materia.
1616 1139 1651 1172 Si
1666 1140 1755 1171 enim
1771 1139 1876 1171 forma
1891 1141 2082 1182 simpliciter
2097 1146 2130 1172 et
2144 1141 2293 1173 absolute
2307 1142 2443 1184 incipiat
2458 1152 2529 1176 esse

1449 1195 1488 1216 ex
1510 1185 1575 1216 hoc
1599 1184 1691 1226 quod
1714 1185 1825 1216 unitur
1847 1186 2011 1222 materiae,
2031 1191 2112 1217 tunc
2133 1195 2203 1218 non
2225 1187 2347 1228 poterit
2369 1196 2440 1220 esse
2465 1188 2529 1220 nisi

1448 1231 1482 1261 in
1506 1231 1632 1261 unione
1654 1229 1702 1260 ad.
1718 1230 1905 1261 materiam:
1929 1231 1957 1262 si
1971 1235 2082 1262 autem
2097 1231 2232 1272 incipiat
2254 1241 2325 1263 esse
2347 1238 2475 1265 tantum
2494 1233 2528 1265 in

1448 1275 1520 1311 hoc,
1545 1285 1615 1306 non
1638 1279 1747 1306 autem
1763 1275 1953 1316 simpliciter
1975 1275 2109 1317 incipiat
2133 1285 2203 1308 esse
2226 1285 2265 1307 ex
2285 1285 2326 1308 eo
2350 1276 2443 1318 quod
2459 1287 2529 1311 ma·

1448 1321 1547 1351 teriae
1571 1319 1692 1357 unitur,
1717 1329 1786 1351 non
1809 1324 1940 1361 oportet
1964 1319 2055 1362 quod
2085 1329 2155 1352 non
2185 1321 2289 1362 possit
2313 1331 2382 1353 esse
2409 1321 2472 1353 nisi
2493 1320 2529 1355 in

1450 1366 1575 1396 unione
1599 1363 1640 1396 ad
1662 1364 1842 1396 materiam.

1505 1409 1539 1441 Si
1562 1415 1672 1440 autem
1696 1410 1874 1450 accipiatur
1903 1409 2050 1441 secundo
2081 1409 2196 1448 modo,
2224 1415 2304 1442 tunc
2337 1410 2530 1443 determinat

1450 1454 1531 1486 illud
1554 1455 1702 1491 verbum,
1727 1464 1793 1486 non
1817 1454 1890 1486 erit.
1919 1454 1962 1486 Et
1985 1460 2034 1486 est
2056 1464 2171 1487 sensus
2192 1455 2288 1496 quod
2311 1464 2381 1488 esse
2405 1454 2530 1489 formae

1450 1509 1519 1531 non
1543 1499 1612 1536 erit,
1637 1499 1785 1531 absolute
1809 1498 1989 1541 loquendo,
2005 1499 2066 1531 nisi
2082 1500 2116 1531 in
2139 1500 2265 1532 unione
2287 1499 2328 1531 ad
2350 1501 2529 1537 materiam.

1451 1544 1493 1575 Et
1515 1544 1580 1575 hoc
1596 1543 1714 1575 dicitur
1730 1543 1770 1575 ad
1793 1543 2009 1576 differentiam
2032 1544 2118 1575 illius
2133 1543 2226 1576 modi
2242 1554 2322 1587 quo,
2347 1544 2531 1579 secundum

1451 1588 1530 1630 quid
1547 1594 1580 1620 et
1602 1589 1713 1630 aliquo
1732 1588 1853 1626 addito,
1870 1598 1940 1620 esse
1956 1589 2083 1620 animae
2099 1599 2168 1621 non
2192 1594 2241 1621 est
2263 1590 2326 1621 nisi
2349 1591 2381 1622 in
2406 1591 2531 1631 unione

1452 1633 1576 1664 formae
1599 1633 1640 1664 ad
1662 1633 1841 1671 materiam,
1865 1633 1988 1665 scilicet
2010 1639 2047 1664 ut
2070 1639 2119 1665 est
2141 1633 2247 1666 forma
2269 1635 2368 1667 huius
2391 1634 2531 1667 existens

1451 1678 1485 1709 in
1508 1678 1584 1709 hoc.
1600 1678 1732 1709 Falsum
1749 1679 1837 1709 enim
1853 1683 1912 1716 est,
1935 1678 2085 1710 absolute
2099 1678 2280 1720 loquendo,
2303 1680 2447 1711 animam
2460 1684 2532 1712 non

1452 1723 1571 1755 habere
1588 1732 1657 1754 esse
1680 1723 1743 1754 nisi
1758 1723 1791 1754 in
1807 1723 1932 1754 unione
1948 1722 1989 1754 ad
2011 1723 2194 1756 materiam:
2218 1729 2329 1756 tamen
2353 1730 2532 1759 vemmect

1453 1768 1606 1805 animam,
1629 1768 1825 1809 inquantum
1849 1773 1897 1799 est
1919 1766 2026 1799 forma
2047 1768 2146 1800 huius
2168 1769 2311 1800 hominis
2334 1769 2474 1802 existens
2493 1769 2531 1803 in

1452 1813 1537 1854 ipso,
1559 1821 1629 1843 non
1652 1812 1771 1844 habere
1795 1821 1864 1844 esse
1887 1812 1950 1844 nisi
1972 1822 2031 1854 per
2054 1813 2213 1846 unionem
2236 1813 2277 1845 ad
2299 1814 2479 1853 materiam,
2494 1818 2532 1847 ut

1453 1857 1632 1898 superius*
1655 1862 1703 1888 est
1726 1862 1905 1888 ostensum.

1509 1901 1654 1942 Uterque
1685 1910 1799 1932 sensus
1829 1901 1997 1932 veritatem
2024 1901 2132 1932 habet.
2155 1901 2380 1934 Veruntamen

1451 1955 1575 1982 sensus,
1592 1950 1624 1976 et
1639 1945 1743 1986 prima
1758 1946 1983 1987 punctuactio,
1999 1945 2054 1976 hic
2072 1945 2201 1978 intendi
2219 1946 2358 1986 videtur,
2374 1956 2417 1980 eo
2439 1947 2532 1990 quod

1452 1989 1633 2021 absolutior
1655 1990 1706 2029 sit,
1730 1995 1763 2021 et
1785 1990 1888 2031 magis
1910 1999 2118 2031 consequens
2141 1991 2270 2024 habere.

1507 2034 1536 2066 3.
1562 2033 1626 2065 Sed
1649 2039 1728 2066 tunc
1745 2035 1888 2066 occurrit
1902 2034 2042 2066 dubium
2057 2036 2142 2067 circa
2163 2036 2274 2078 ipsum
2297 2037 2442 2078 primum
2457 2046 2516 2078 ten

1452 2088 1536 2110 sum.
1559 2078 1645 2110 Nam
1668 2078 1744 2110 licet
1767 2080 1875 2111 anima
1902 2089 1972 2111 non
2001 2079 2185 2122 dependeat
2208 2091 2226 2113 a
2248 2082 2383 2114 materia
2406 2078 2532 2126 simpli-

1452 2167 1493 2199 de
1516 2173 1627 2200 mente
1651 2167 1761 2200 Sancti
1789 2167 1940 2200 Thomae
1965 2168 1979 2200 1
1995 2169 2095 2207 Sent„
2117 2169 2149 2202 d.
2165 2179 2232 2208 vm,
2249 2180 2280 2212 q.
2296 2180 2328 2209 ν,
2344 2181 2374 2204 a.
2391 2180 2422 2211 α,
2435 2170 2485 2204 ad
2498 2168 2531 2212 6,

1451 2212 1610 2255 dependet
1623 2223 1644 2244 a
1661 2222 1803 2255 corpore
1813 2213 1986 2255 quoadsui
1995 2214 2208 2256 principium,
2222 2225 2290 2247 non
2306 2221 2417 2249 tam
2426 2220 2532 2260 qubu—

1451 2262 1520 2288 tum
1543 2257 1589 2290 ad
1609 2258 1663 2290 sui
1674 2258 1792 2301 finem.
1818 2259 1867 2290 Ex
1882 2268 1952 2300 quo
1967 2259 2096 2291 videtur
2111 2259 2203 2301 quod
2223 2259 2277 2292 illa
2301 2261 2532 2297 conditionalis

1451 2311 1520 2334 non
1544 2303 1585 2334 sit
1607 2313 1698 2334 vera:
1723 2303 1760 2334 Si
1769 2313 1834 2345 per
1855 2304 1919 2336 hoc
1933 2304 2023 2346 quod
2034 2304 2156 2346 sor-»na
2172 2305 2288 2336 unitur
2307 2306 2466 2343 materiae
2480 2306 2531 2339 in·

1451 2347 1552 2388 cipiat
1579 2347 1727 2380 absolute
1757 2358 1835 2385 esse,
1866 2358 1936 2392 non
1962 2349 2026 2380 erit
2055 2358 2124 2381 esse
2140 2349 2281 2392 formae
2309 2350 2374 2382 nisi
2403 2351 2437 2383 in
2466 2351 2532 2383 Ιιοε

1473 2392 1540 2423 uod
1554 2397 1602 2424 est
1617 2393 1708 2424 uniri
1723 2393 1891 2424 materiae.
1908 2392 2000 2425 Stant
2016 2393 2104 2426 enim
2120 2394 2228 2432 simul,
2245 2404 2283 2426 ex
2299 2395 2405 2427 verbis
2420 2394 2531 2428 Sancti

1451 2436 1613 2474 Thomae,
1629 2436 1770 2469 formam
1785 2437 1930 2480 incipere
1946 2447 2015 2470 esse
2038 2448 2097 2480 per
2109 2439 2268 2472 unionem
2287 2438 2327 2471 ad
2350 2444 2484 2483 corpus,-
2498 2438 2531 2473 e't

1450 2487 1565 2523 postea
1587 2482 1692 2523 ipsam
1716 2491 1786 2514 esse
1808 2483 1879 2514 sine
1901 2491 2052 2524 corpore.

1505 2526 1736 2568 Respondetur
1750 2527 1842 2569 quod
1865 2526 2006 2560 formam
2029 2528 2174 2570 incipere
2197 2538 2267 2561 esse
2289 2538 2348 2570 per
2370 2529 2531 2565 adom

1450 2571 1501 2602 sui
1523 2571 1566 2604 ad
1587 2572 1766 2610 materiam,
1794 2571 1967 2614 dupliciter
1993 2578 2103 2614 potest
2137 2573 2287 2616 intelligi:
2319 2583 2388 2606 uno
2413 2573 2529 2617 moda

1451 2615 1542 2657 quod
1553 2617 1634 2648 unio
1652 2617 1754 2658 ipsius
1769 2627 1846 2650 cum
1862 2617 1995 2649 materia
2011 2617 2051 2650 sit
2066 2627 2125 2660 per
2140 2627 2174 2650 se
2190 2627 2287 2651 causa
2303 2627 2373 2651 esse
2388 2617 2530 2662 formae3

1450 2660 1515 2692 alio
1537 2660 1652 2699 modo,
1676 2660 1768 2703 quod
1792 2663 1831 2693 sit
1855 2671 1952 2694 causa
1975 2663 2045 2694 sine
2069 2671 2135 2704 qua
2165 2672 2234 2695 non
2264 2663 2399 2706 incipiat
2424 2661 2530 2703 forma

1449 2750 1560 2782 Primo
1594 2750 1697 2782 modo
1728 2751 1874 2794 incipere
1906 2761 1977 2784 esse
1999 2761 2059 2793 per
2090 2752 2249 2784 unionem
2281 2753 2323 2784 ad
2348 2754 2528 2792 materia-3

1448 2794 1546 2826 infert
1568 2794 1709 2828 formam
1724 2805 1793 2828 non
1816 2805 1915 2838 posse
1930 2806 2000 2828 esse
2019 2797 2089 2829 sine
2112 2797 2237 2829 unione
2260 2798 2335 2830 tali:
2358 2798 2529 2840 quiam,—

1448 2840 1540 2882 prius
1562 2839 1698 2872 effectus
1713 2850 1783 2873 non
1805 2847 1915 2883 potest
1938 2851 2008 2873 esse
2031 2842 2101 2874 sine
2120 2850 2178 2874 sua
2201 2843 2334 2884 propria
2357 2848 2390 2877 et
2410 2841 2528 2886 perde

1449 2894 1556 2917 causa.
1581 2884 1734 2917 Secundo
1760 2891 1871 2918 autem
1893 2885 1997 2918 modo
2025 2885 2165 2919 formam
2195 2886 2340 2929 incipere
2368 2897 2439 2920 esse
2468 2897 2528 2931 per

1447 2929 1546 2961 talem
1569 2930 1739 2968 unionem,
1763 2939 1831 2962 non
1855 2930 1952 2962 infert
1975 2931 2079 2972 ipsam
2102 2941 2172 2963 non
2194 2940 2292 2974 posse
2316 2941 2392 2965 esse
2403 2932 2471 2964 'niti
2493 2932 2528 2965 in

1447 2975 1572 3006 unione
1595 2974 1635 3006 ad
1658 2975 1836 3007 materiam.
2518 2975 2520 2977 ’

1502 3019 1650 3051 Primum
1679 3029 1811 3051 sensum
1847 3020 1964 3061 accipit
1993 3020 2132 3052 Sanctus
2161 3020 2308 3053 Th0mas
2338 3022 2405 3053 hoc
2437 3021 2526 3054 loeo.

1446 3063 1548 3102 Quod
1572 3070 1670 3105 patet,
1697 3065 1774 3106 quia
1798 3064 1839 3096 de
1862 3064 1967 3096 forma
2002 3074 2060 3106 per
2089 3065 2335 3098 similitudinem
2359 3065 2400 3098 ad
2425 3071 2527 3098 mate-

1446 3109 1526 3140 riam
1550 3109 1709 3150 loquitur:
1726 3119 1766 3141 ex
1789 3119 1831 3141 eo
1847 3109 1939 3151 quod
1962 3109 2084 3142 dixerat
2102 3111 2407 3142 transmutationem
2421 3110 2527 3143 deter-

1445 3154 1562 3185 minari
1576 3154 1594 3171 “
1617 3153 1658 3186 ad
1674 3163 1744 3186 esse
1766 3159 1842 3186 actu
1856 3155 2020 3192 materiae,
2036 3154 2128 3196 quod
2143 3160 2192 3187 est
2206 3164 2264 3196 per
2284 3155 2454 3200 unionem.
2472 3154 2527 3186 '1124

1446 3198 1567 3230 ferens:
1596 3198 1697 3236 Unde,
1721 3199 1824 3240 siper
1838 3198 1901 3230 hoc
1922 3200 2032 3236 etiam,
2050 3199 2143 3238 idest,
2159 3200 2187 3232 si
2201 3209 2260 3241 per
2275 3199 2412 3232 eandem
2428 3198 2526 3234 etiam

1444 3243 1605 3274 rationem
1628 3253 1693 3285 qua
1716 3245 1850 3275 materia
1864 3244 1979 3286 incipit
2002 3254 2072 3276 esse
2095 3250 2180 3282 actu,
2203 3244 2326 3276 scilicet
2348 3253 2406 3285 per
2428 3244 2526 3275 unio-

1444 3297 1522 3319 nem
1545 3287 1681 3326 formae,
1697 3288 1833 3330 incipiat
1846 3298 1915 3320 esse
1925 3289 2065 3332 somnae
2081 3289 2280 3330 simpliciter,
2304 3297 2374 3319 esse
2385 3288 2527 3330 somnae

1446 3342 1512 3363 non
1537 3332 1600 3364 erit
1623 3333 1687 3364 nisi
1711 3333 1743 3364 in
1772 3334 1835 3364 hoc
1857 3333 1946 3375 quod
1967 3338 2016 3365 est
2039 3333 2130 3365 uniri
2152 3332 2332 3364 materiae.-
2355 3333 2439 3364 sicut
2464 3333 2526 3364 sci-

1444 3377 1521 3408 licet
1537 3386 1606 3408 esse
1618 3383 1693 3410 actu
1705 3378 1856 3410 materiae
1871 3387 1942 3410 non
1958 3384 2007 3410 est
2020 3378 2084 3410 nisi
2093 3378 2128 3410 in
2139 3377 2225 3409 uniri
2237 3375 2371 3418 formae.
2386 3376 2524 3419 Constat

1445 3427 1557 3453 autem
1571 3422 1664 3463 quod
1679 3423 1812 3454 materia
1827 3422 1872 3454 ita
1887 3422 2001 3464 incipit
2023 3430 2094 3454 esee
2108 3426 2183 3453 actu
2198 3430 2257 3462 per
2273 3420 2414 3453 formam
2432 3421 2524 3463 quod

1446 3465 1552 3497 forma
1574 3472 1622 3498 est
1645 3476 1704 3508 per
1727 3476 1762 3498 se
1785 3476 1883 3499 causa
1906 3476 1977 3499 esee
2006 3471 2081 3498 actu
2110 3466 2213 3507 ipsius
2246 3466 2410 3499 materiae.
2434 3466 2523 3508 Engo

1446 3511 1592 3542 similiter
1614 3511 1843 3553 accipiendum
1867 3516 1915 3543 est
1936 3510 2132 3543 antecedens
2162 3511 2248 3542 illius
2273 3511 2520 3544 conditionalis:

1447 3555 1538 3595 quod
1561 3555 1666 3587 forma
1689 3556 1879 3597 simpliciter
1899 3555 2034 3596 incipiat
2049 3564 2120 3586 esse
2143 3564 2201 3596 per
2224 3556 2274 3587 sui
2297 3557 2457 3589 unionem
2480 3554 2522 3588 nd

1447 3600 1624 3637 materiam,
1641 3601 1686 3631 ita
1709 3600 1800 3642 quod
1815 3600 1949 3631 materia
1968 3605 1999 3630 et
2023 3600 2103 3630 unio
2127 3599 2198 3631 talis
2222 3601 2261 3631 sit
2285 3610 2343 3642 per
2365 3609 2400 3632 ae
2424 3609 2521 3632 cauta

1447 3653 1517 3676 esse
1540 3643 1675 3676 formae.
1692 3662 1713 3668 -
1731 3643 1920 3677 Secundum
1935 3650 2047 3676 autem
2070 3653 2201 3676 sensum
2221 3645 2339 3687 accipit
2361 3645 2395 3676 in
2411 3643 2424 3675 1
2440 3643 2521 3676 Sen-

1448 3689 1634 3720 tentiarum.

1451 2123 1540 2160 citer,
1565 2123 1635 2155 eius
1657 2129 1767 2155 tamen
1789 2123 2015 2162 individuatio‚
2032 2130 2069 2156 ut
2083 2125 2233 2168 superius
2246 2126 2264 2143 ⁶
2280 2131 2328 2158 eet
2351 2130 2531 2166 ostensum,
2558 2129 2628 2158 'Cno-

1450 2714 1530 2743 esse,
1555 2706 1632 2748 quia
1647 2706 1799 2738 videlicet
1820 2716 1890 2738 non
1906 2707 2022 2748 incipit
2035 2716 2106 2739 esse
2128 2707 2191 2739 nisi
2214 2717 2291 2740 cum
2313 2708 2370 2740 tali
2392 2706 2528 2742 unione.
2563 2737 2567 2740 .

2558 1943 2625 1962 mn.

2554 3160 2608 3184 ⁸05.
2619 3165 2675 3185 im.
2684 3165 2707 3185 et
