<?xml version="1.0" encoding="UTF-8"?>
<!DOCTYPE html PUBLIC "-//W3C//DTD XHTML 1.0 Transitional//EN"
    "http://www.w3.org/TR/xhtml1/DTD/xhtml1-transitional.dtd">
<html xmlns="http://www.w3.org/1999/xhtml" xml:lang="en" lang="en">
 <head>
  <title>
</title>
<meta http-equiv="Content-Type" content="text/html;charset=utf-8" />
  <meta name='ocr-system' content='tesseract 3.04.00' />
  <meta name='ocr-capabilities' content='ocr_page ocr_carea ocr_par ocr_line ocrx_word'/>
</head>
<body>
  <div class='ocr_page' id='page_1' title='image "./operaomniaiussui13thom_0613.png"; bbox 0 0 2768 4134; ppageno 0'>
   <div class='ocr_carea' id='block_1_1' title="bbox 589 271 2162 319">
    <p class='ocr_par' dir='ltr' id='par_1_1' title="bbox 589 271 2162 319">
     <span class='ocr_line' id='line_1_1' title="bbox 589 271 2162 319; baseline 0.001 -10"><span class='ocrx_word' id='word_1_1' title='bbox 589 271 778 309; x_wconf 89' lang='lat' dir='ltr'><strong>SUMMA</strong></span> <span class='ocrx_word' id='word_1_2' title='bbox 807 271 1030 310; x_wconf 91' lang='lat' dir='ltr'>CONTRA</span> <span class='ocrx_word' id='word_1_3' title='bbox 1058 271 1333 319; x_wconf 90' lang='lat' dir='ltr'><strong>GENTILES,</strong></span> <span class='ocrx_word' id='word_1_4' title='bbox 1361 272 1455 309; x_wconf 93' lang='lat' dir='ltr'><strong>LIB.</strong></span> <span class='ocrx_word' id='word_1_5' title='bbox 1477 273 1518 318; x_wconf 92' lang='lat' dir='ltr'><strong>II,</strong></span> <span class='ocrx_word' id='word_1_6' title='bbox 1548 271 1659 309; x_wconf 90' lang='lat' dir='ltr'><strong>CAP.</strong></span> <span class='ocrx_word' id='word_1_7' title='bbox 1680 273 1903 319; x_wconf 89' lang='lat' dir='ltr'><strong>LXXXVII,</strong></span> <span class='ocrx_word' id='word_1_8' title='bbox 1923 273 2162 310; x_wconf 92' lang='lat' dir='ltr'><strong>LXXXVIII.</strong></span> 
     </span>
    </p>
   </div>
   <div class='ocr_carea' id='block_1_2' title="bbox 33 351 1350 570">
    <p class='ocr_par' dir='ltr' id='par_1_2' title="bbox 33 351 1350 471">
     <span class='ocr_line' id='line_1_2' title="bbox 33 351 1349 392; baseline 0.002 -13"><span class='ocrx_word' id='word_1_9' title='bbox 33 351 213 380; x_wconf 69' lang='lat' dir='ltr'><strong>&#39;Cap-¹¹›vers-</strong></span> <span class='ocrx_word' id='word_1_10' title='bbox 224 357 245 379; x_wconf 91' lang='lat'><strong>7-</strong></span> <span class='ocrx_word' id='word_1_11' title='bbox 274 351 386 387; x_wconf 79' lang='lat' dir='ltr'><strong>ventis,</strong></span> <span class='ocrx_word' id='word_1_12' title='bbox 411 356 443 382; x_wconf 91' lang='lat' dir='ltr'><strong>et</strong></span> <span class='ocrx_word' id='word_1_13' title='bbox 458 351 603 382; x_wconf 90' lang='lat' dir='ltr'><strong>similiter</strong></span> <span class='ocrx_word' id='word_1_14' title='bbox 619 351 660 382; x_wconf 91' lang='lat' dir='ltr'><strong>de</strong></span> <span class='ocrx_word' id='word_1_15' title='bbox 675 351 754 388; x_wconf 87' lang='lat' dir='ltr'><strong>aliis,</strong></span> <span class='ocrx_word' id='word_1_16' title='bbox 777 351 817 382; x_wconf 91' lang='lat' dir='ltr'><strong>de</strong></span> <span class='ocrx_word' id='word_1_17' title='bbox 833 352 941 382; x_wconf 90' lang='lat' dir='ltr'><strong>anima</strong></span> <span class='ocrx_word' id='word_1_18' title='bbox 956 352 1098 382; x_wconf 90' lang='lat' dir='ltr'><strong>hominis</strong></span> <span class='ocrx_word' id='word_1_19' title='bbox 1113 352 1219 392; x_wconf 91' lang='lat' dir='ltr'><strong>inquit</strong></span> <span class='ocrx_word' id='word_1_20' title='bbox 1236 353 1268 382; x_wconf 61' lang='grc' dir='ltr'><strong>*ε</strong></span> <span class='ocrx_word' id='word_1_21' title='bbox 1294 351 1349 382; x_wconf 84' lang='lat' dir='ltr'><strong>In-</strong></span> 
     </span>
     <span class='ocr_line' id='line_1_3' title="bbox 273 395 1350 437; baseline 0.002 -12"><span class='ocrx_word' id='word_1_22' title='bbox 273 395 412 436; x_wconf 76' lang='lat' dir='ltr'><strong>spiravit</strong></span> <span class='ocrx_word' id='word_1_23' title='bbox 441 395 474 426; x_wconf 87' lang='lat' dir='ltr'><strong>in</strong></span> <span class='ocrx_word' id='word_1_24' title='bbox 493 395 622 437; x_wconf 85' lang='lat' dir='ltr'><strong>faciem</strong></span> <span class='ocrx_word' id='word_1_25' title='bbox 646 396 716 427; x_wconf 87' lang='lat' dir='ltr'><strong>eius</strong></span> <span class='ocrx_word' id='word_1_26' title='bbox 743 396 944 436; x_wconf 83' lang='lat' dir='ltr'><em>spiraculum</em></span> <span class='ocrx_word' id='word_1_27' title='bbox 972 396 1067 432; x_wconf 75' lang='lat' dir='ltr'><strong>vitae,</strong></span> <span class='ocrx_word' id='word_1_28' title='bbox 1098 396 1170 427; x_wconf 85' lang='lat' dir='ltr'><strong>Deo</strong></span> <span class='ocrx_word' id='word_1_29' title='bbox 1201 395 1350 428; x_wconf 89' lang='lat' dir='ltr'><strong>videlicet</strong></span> 
     </span>
     <span class='ocr_line' id='line_1_4' title="bbox 274 439 1026 471; baseline 0.001 -1"><span class='ocrx_word' id='word_1_30' title='bbox 274 440 400 471; x_wconf 87' lang='lat' dir='ltr'><strong>animae</strong></span> <span class='ocrx_word' id='word_1_31' title='bbox 423 440 586 471; x_wconf 86' lang='lat' dir='ltr'>humanae</span> <span class='ocrx_word' id='word_1_32' title='bbox 610 441 809 471; x_wconf 84' lang='lat' dir='ltr'>creationem</span> <span class='ocrx_word' id='word_1_33' title='bbox 833 439 1026 471; x_wconf 87' lang='lat' dir='ltr'>adscribens.</span> 
     </span>
    </p>

    <p class='ocr_par' dir='ltr' id='par_1_3' title="bbox 273 484 1350 570">
     <span class='ocr_line' id='line_1_5' title="bbox 329 484 1350 525; baseline 0.001 -11"><span class='ocrx_word' id='word_1_34' title='bbox 329 484 390 515; x_wconf 90' lang='lat' dir='ltr'><strong>Per</strong></span> <span class='ocrx_word' id='word_1_35' title='bbox 405 485 469 515; x_wconf 92' lang='lat' dir='ltr'><strong>hoc</strong></span> <span class='ocrx_word' id='word_1_36' title='bbox 482 490 602 522; x_wconf 89' lang='lat' dir='ltr'><strong>autem,</strong></span> <span class='ocrx_word' id='word_1_37' title='bbox 618 484 724 525; x_wconf 90' lang='lat' dir='ltr'><strong>inquit</strong></span> <span class='ocrx_word' id='word_1_38' title='bbox 740 484 876 516; x_wconf 90' lang='lat' dir='ltr'><strong>Sanctus</strong></span> <span class='ocrx_word' id='word_1_39' title='bbox 894 485 1049 522; x_wconf 81' lang='lat' dir='ltr'>Thomas,</span> <span class='ocrx_word' id='word_1_40' title='bbox 1067 484 1247 516; x_wconf 88' lang='lat' dir='ltr'><strong>excluditur</strong></span> <span class='ocrx_word' id='word_1_41' title='bbox 1263 493 1350 515; x_wconf 90' lang='lat' dir='ltr'><strong>error</strong></span> 
     </span>
     <span class='ocr_line' id='line_1_6' title="bbox 273 529 1070 570; baseline 0.001 -11"><span class='ocrx_word' id='word_1_42' title='bbox 273 529 467 569; x_wconf 88' lang='lat' dir='ltr'><strong>ponentium</strong></span> <span class='ocrx_word' id='word_1_43' title='bbox 491 530 615 560; x_wconf 89' lang='lat' dir='ltr'><strong>animas</strong></span> <span class='ocrx_word' id='word_1_44' title='bbox 639 530 678 559; x_wconf 91' lang='lat' dir='ltr'><strong>ab</strong></span> <span class='ocrx_word' id='word_1_45' title='bbox 703 529 823 570; x_wconf 83' lang='lat' dir='ltr'>angelis</span> <span class='ocrx_word' id='word_1_46' title='bbox 848 539 916 560; x_wconf 87' lang='lat' dir='ltr'><strong>esse</strong></span> <span class='ocrx_word' id='word_1_47' title='bbox 940 535 1070 561; x_wconf 90' lang='lat' dir='ltr'><strong>creatas.</strong></span> 
     </span>
    </p>
   </div>
   <div class='ocr_carea' id='block_1_3' title="bbox 2400 275 2475 325">
    <p class='ocr_par' dir='ltr' id='par_1_4' title="bbox 2400 275 2475 325">
     <span class='ocr_line' id='line_1_7' title="bbox 2400 275 2475 325; baseline 0 -13"><span class='ocrx_word' id='word_1_48' title='bbox 2400 275 2475 325; x_wconf 87' lang='lat'><strong>539</strong></span> 
     </span>
    </p>
   </div>
   <div class='ocr_carea' id='block_1_4' title="bbox 1403 351 2476 575">
    <p class='ocr_par' dir='ltr' id='par_1_5' title="bbox 1403 351 2476 575">
     <span class='ocr_line' id='line_1_8' title="bbox 1459 351 2476 395; baseline 0.004 -12"><span class='ocrx_word' id='word_1_49' title='bbox 1459 351 1600 383; x_wconf 88' lang='lat' dir='ltr'><strong>Adverte</strong></span> <span class='ocrx_word' id='word_1_50' title='bbox 1624 352 1715 393; x_wconf 93' lang='lat' dir='ltr'><strong>quod</strong></span> <span class='ocrx_word' id='word_1_51' title='bbox 1742 352 1878 384; x_wconf 86' lang='lat' dir='ltr'><strong>Sanctus</strong></span> <span class='ocrx_word' id='word_1_52' title='bbox 1902 353 2056 390; x_wconf 81' lang='lat' dir='ltr'><strong>Thomas,</strong></span> <span class='ocrx_word' id='word_1_53' title='bbox 2081 354 2196 391; x_wconf 91' lang='lat' dir='ltr'><strong>Prima,</strong></span> <span class='ocrx_word' id='word_1_54' title='bbox 2221 363 2252 395; x_wconf 93' lang='lat' dir='ltr'><strong>q.</strong></span> <span class='ocrx_word' id='word_1_55' title='bbox 2278 364 2372 386; x_wconf 84' lang='lat' dir='ltr'><strong>cxvm</strong></span> <span class='ocrx_word' id='word_1_56' title='bbox 2392 357 2420 393; x_wconf 71' lang='lat'><strong>*,</strong></span> <span class='ocrx_word' id='word_1_57' title='bbox 2444 362 2476 387; x_wconf 87' lang='lat' dir='ltr'><strong>et</strong></span> 
     </span>
     <span class='ocr_line' id='line_1_9' title="bbox 1403 396 2475 441; baseline 0.006 -15"><span class='ocrx_word' id='word_1_58' title='bbox 1403 396 1564 433; x_wconf 84' lang='lat' dir='ltr'><em>Potentia,</em></span> <span class='ocrx_word' id='word_1_59' title='bbox 1581 406 1613 438; x_wconf 89' lang='lat' dir='ltr'><strong>q.</strong></span> <span class='ocrx_word' id='word_1_60' title='bbox 1631 397 1662 433; x_wconf 83' lang='lat'><strong>3,</strong></span> <span class='ocrx_word' id='word_1_61' title='bbox 1684 406 1712 427; x_wconf 86' lang='lat' dir='ltr'><strong>a.</strong></span> <span class='ocrx_word' id='word_1_62' title='bbox 1734 407 1765 437; x_wconf 88' lang='lat'><strong>9,</strong></span> <span class='ocrx_word' id='word_1_63' title='bbox 1788 402 1877 428; x_wconf 90' lang='lat' dir='ltr'><strong>tenet</strong></span> <span class='ocrx_word' id='word_1_64' title='bbox 1906 407 1974 428; x_wconf 88' lang='lat' dir='ltr'><strong>non</strong></span> <span class='ocrx_word' id='word_1_65' title='bbox 2004 398 2112 429; x_wconf 88' lang='lat' dir='ltr'><strong>solum</strong></span> <span class='ocrx_word' id='word_1_66' title='bbox 2141 397 2258 430; x_wconf 87' lang='lat' dir='ltr'><strong>falsum</strong></span> <span class='ocrx_word' id='word_1_67' title='bbox 2287 409 2356 431; x_wconf 83' lang='lat' dir='ltr'><strong>esse</strong></span> <span class='ocrx_word' id='word_1_68' title='bbox 2385 400 2475 441; x_wconf 90' lang='lat' dir='ltr'><strong>quod</strong></span> 
     </span>
     <span class='ocr_line' id='line_1_10' title="bbox 1404 441 2475 481; baseline 0.005 -10"><span class='ocrx_word' id='word_1_69' title='bbox 1404 441 1511 471; x_wconf 89' lang='lat' dir='ltr'><strong>anima</strong></span> <span class='ocrx_word' id='word_1_70' title='bbox 1534 450 1610 471; x_wconf 90' lang='lat' dir='ltr'><strong>cum</strong></span> <span class='ocrx_word' id='word_1_71' title='bbox 1634 442 1757 472; x_wconf 90' lang='lat' dir='ltr'><strong>semine</strong></span> <span class='ocrx_word' id='word_1_72' title='bbox 1780 441 1973 481; x_wconf 83' lang='lat' dir='ltr'><strong>traducatur,</strong></span> <span class='ocrx_word' id='word_1_73' title='bbox 1990 442 2046 473; x_wconf 88' lang='lat' dir='ltr'><strong>sed</strong></span> <span class='ocrx_word' id='word_1_74' title='bbox 2062 443 2158 474; x_wconf 87' lang='lat' dir='ltr'><strong>etiam</strong></span> <span class='ocrx_word' id='word_1_75' title='bbox 2182 444 2246 474; x_wconf 93' lang='lat' dir='ltr'><strong>hoc</strong></span> <span class='ocrx_word' id='word_1_76' title='bbox 2268 453 2336 475; x_wconf 88' lang='lat' dir='ltr'><strong>esse</strong></span> <span class='ocrx_word' id='word_1_77' title='bbox 2364 445 2475 476; x_wconf 90' lang='lat' dir='ltr'><strong>haere—</strong></span> 
     </span>
     <span class='ocr_line' id='line_1_11' title="bbox 1404 485 2474 528; baseline 0.006 -14"><span class='ocrx_word' id='word_1_78' title='bbox 1404 485 1522 515; x_wconf 87' lang='lat' dir='ltr'><strong>ticum:</strong></span> <span class='ocrx_word' id='word_1_79' title='bbox 1548 486 1624 525; x_wconf 90' lang='lat' dir='ltr'><strong>quia</strong></span> <span class='ocrx_word' id='word_1_80' title='bbox 1651 494 1689 516; x_wconf 88' lang='lat' dir='ltr'><strong>ex</strong></span> <span class='ocrx_word' id='word_1_81' title='bbox 1712 486 1776 516; x_wconf 93' lang='lat' dir='ltr'><strong>hoc</strong></span> <span class='ocrx_word' id='word_1_82' title='bbox 1811 487 1956 528; x_wconf 85' lang='lat' dir='ltr'><strong>sequitur</strong></span> <span class='ocrx_word' id='word_1_83' title='bbox 1986 488 2126 519; x_wconf 89' lang='lat' dir='ltr'><strong>animam</strong></span> <span class='ocrx_word' id='word_1_84' title='bbox 2152 489 2378 520; x_wconf 86' lang='lat' dir='ltr'><strong>subsistentem</strong></span> <span class='ocrx_word' id='word_1_85' title='bbox 2405 498 2474 520; x_wconf 91' lang='lat' dir='ltr'><strong>non</strong></span> 
     </span>
     <span class='ocr_line' id='line_1_12' title="bbox 1405 532 2472 575; baseline 0.006 -16"><span class='ocrx_word' id='word_1_86' title='bbox 1405 538 1484 566; x_wconf 89' lang='lat' dir='ltr'><strong>esse,</strong></span> <span class='ocrx_word' id='word_1_87' title='bbox 1508 535 1540 560; x_wconf 90' lang='lat' dir='ltr'><strong>et</strong></span> <span class='ocrx_word' id='word_1_88' title='bbox 1563 539 1602 560; x_wconf 87' lang='lat' dir='ltr'><strong>ex</strong></span> <span class='ocrx_word' id='word_1_89' title='bbox 1626 532 1838 571; x_wconf 85' lang='lat' dir='ltr'><strong>consequenti</strong></span> <span class='ocrx_word' id='word_1_90' title='bbox 1862 541 1931 563; x_wconf 90' lang='lat' dir='ltr'><strong>esse</strong></span> <span class='ocrx_word' id='word_1_91' title='bbox 1955 533 2197 573; x_wconf 85' lang='lat' dir='ltr'><strong>corruptibilem</strong></span> <span class='ocrx_word' id='word_1_92' title='bbox 2222 543 2298 564; x_wconf 91' lang='lat' dir='ltr'><strong>cum</strong></span> <span class='ocrx_word' id='word_1_93' title='bbox 2325 543 2472 575; x_wconf 89' lang='lat' dir='ltr'><strong>corpore.</strong></span> 
     </span>
    </p>
   </div>
   <div class='ocr_carea' id='block_1_5' title="bbox 1106 607 1641 650">
    <p class='ocr_par' dir='ltr' id='par_1_6' title="bbox 1106 607 1641 650">
     <span class='ocr_line' id='line_1_13' title="bbox 1106 607 1641 650; baseline -0.002 -19"><span class='ocrx_word' id='word_1_94' title='bbox 1106 607 1641 650; x_wconf 42' lang='lat' dir='ltr'><strong>—dfflw—</strong></span> 
     </span>
    </p>
   </div>
   <div class='ocr_carea' id='block_1_6' title="bbox 430 756 2316 938">
    <p class='ocr_par' dir='ltr' id='par_1_7' title="bbox 430 756 2316 938">
     <span class='ocr_line' id='line_1_14' title="bbox 599 756 2152 814; baseline 0.001 -2"><span class='ocrx_word' id='word_1_95' title='bbox 599 756 1083 813; x_wconf 86' lang='lat' dir='ltr'><strong>CAPITULUM</strong></span> <span class='ocrx_word' id='word_1_96' title='bbox 1121 756 1714 813; x_wconf 82' lang='lat' dir='ltr'><strong>OCTOGESIMUM</strong></span> <span class='ocrx_word' id='word_1_97' title='bbox 1752 757 2152 814; x_wconf 87' lang='lat' dir='ltr'><strong>OCTAVUM</strong></span> 
     </span>
     <span class='ocr_line' id='line_1_15' title="bbox 430 885 2316 938; baseline 0.001 -12"><span class='ocrx_word' id='word_1_98' title='bbox 430 885 803 927; x_wconf 80' lang='lat' dir='ltr'><strong>RATIONES</strong></span> <span class='ocrx_word' id='word_1_99' title='bbox 847 886 937 926; x_wconf 88' lang='lat' dir='ltr'><strong>AD</strong></span> <span class='ocrx_word' id='word_1_100' title='bbox 983 885 1438 927; x_wconf 87' lang='lat' dir='ltr'><strong>PROBANDUM</strong></span> <span class='ocrx_word' id='word_1_101' title='bbox 1482 885 1684 938; x_wconf 74' lang='lat' dir='ltr'>QUOD</span> <span class='ocrx_word' id='word_1_102' title='bbox 1733 886 1963 927; x_wconf 89' lang='lat' dir='ltr'><strong>ANIMA</strong></span> <span class='ocrx_word' id='word_1_103' title='bbox 2007 887 2316 929; x_wconf 87' lang='lat' dir='ltr'><strong>HUMANA</strong></span> 
     </span>
    </p>
   </div>
   <div class='ocr_carea' id='block_1_7' title="bbox 1038 947 1328 989">
    <p class='ocr_par' dir='ltr' id='par_1_8' title="bbox 1038 947 1328 989">
     <span class='ocr_line' id='line_1_16' title="bbox 1038 947 1328 989; baseline 0 -1"><span class='ocrx_word' id='word_1_104' title='bbox 1038 947 1328 989; x_wconf 86' lang='lat' dir='ltr'><strong>CREETUR</strong></span> 
     </span>
    </p>
   </div>
   <div class='ocr_carea' id='block_1_8' title="bbox 267 1056 469 1267">
    <p class='ocr_par' dir='ltr' id='par_1_9' title="bbox 267 1056 469 1267">
     <span class='ocr_line' id='line_1_17' title="bbox 267 1056 458 1139; baseline -0.016 3"><span class='ocrx_word' id='word_1_105' title='bbox 267 1062 356 1139; x_wconf 95' lang='lat' dir='ltr'><strong>  </strong></span> <span class='ocrx_word' id='word_1_106' title='bbox 363 1056 382 1133; x_wconf 95' lang='lat' dir='ltr'><strong>  </strong></span> <span class='ocrx_word' id='word_1_107' title='bbox 457 1133 458 1139; x_wconf 95' lang='lat' dir='ltr'><strong> </strong></span> 
     </span>
     <span class='ocr_line' id='line_1_18' title="bbox 267 1139 469 1267; baseline 0 -65"><span class='ocrx_word' id='word_1_108' title='bbox 267 1139 465 1267; x_wconf 95' lang='lat' dir='ltr'><strong>  </strong></span> <span class='ocrx_word' id='word_1_109' title='bbox 457 1139 469 1202; x_wconf 95' lang='lat' dir='ltr'><strong> </strong></span> 
     </span>
    </p>
   </div>
   <div class='ocr_carea' id='block_1_9' title="bbox 266 1058 1346 2172">
    <p class='ocr_par' dir='ltr' id='par_1_10' title="bbox 266 1058 1346 2172">
     <span class='ocr_line' id='line_1_19' title="bbox 288 1058 1344 1149; baseline -0.004 -50"><span class='ocrx_word' id='word_1_110' title='bbox 288 1082 315 1104; x_wconf 44' lang='lat'><strong>2,</strong></span> <span class='ocrx_word' id='word_1_111' title='bbox 327 1081 336 1086; x_wconf 78' lang='lat'><em>-</em></span> <span class='ocrx_word' id='word_1_112' title='bbox 356 1074 457 1144; x_wconf 53' lang='lat'><strong>5:533</strong></span> <span class='ocrx_word' id='word_1_113' title='bbox 494 1070 542 1095; x_wconf 78' lang='grc' dir='ltr'><strong>ΝΤ</strong></span> <span class='ocrx_word' id='word_1_114' title='bbox 559 1065 690 1096; x_wconf 90' lang='lat' dir='ltr'><strong>autem</strong></span> <span class='ocrx_word' id='word_1_115' title='bbox 710 1058 906 1149; x_wconf 53' lang='lat' dir='ltr'><strong>quasdam</strong></span> <span class='ocrx_word' id='word_1_116' title='bbox 925 1070 1027 1134; x_wconf 54' lang='lat' dir='ltr'>qsslae</span> <span class='ocrx_word' id='word_1_117' title='bbox 1049 1058 1270 1108; x_wconf 86' lang='lat' dir='ltr'><strong>praemissis</strong></span> <span class='ocrx_word' id='word_1_118' title='bbox 1288 1058 1344 1095; x_wconf 90' lang='lat' dir='ltr'><strong>vi-</strong></span> 
     </span>
     <span class='ocr_line' id='line_1_20' title="bbox 278 1110 976 1163; baseline -0.001 -14"><span class='ocrx_word' id='word_1_119' title='bbox 278 1110 337 1158; x_wconf 33' lang='lat'><strong>“1&#39;‘</strong></span> <span class='ocrx_word' id='word_1_120' title='bbox 356 1109 454 1163; x_wconf 45' lang='grc' dir='ltr'><strong>’Τῷ</strong></span> <span class='ocrx_word' id='word_1_121' title='bbox 482 1112 624 1149; x_wconf 85' lang='lat' dir='ltr'><strong>dentur</strong></span> <span class='ocrx_word' id='word_1_122' title='bbox 651 1123 735 1149; x_wconf 91' lang='lat' dir='ltr'><strong>esse</strong></span> <span class='ocrx_word' id='word_1_123' title='bbox 763 1124 786 1149; x_wconf 92' lang='lat' dir='ltr'><strong>a</strong></span> <span class='ocrx_word' id='word_1_124' title='bbox 815 1123 927 1149; x_wconf 92' lang='lat' dir='ltr'><strong>versa</strong></span> <span class='ocrx_word' id='word_1_125' title='bbox 969 1141 976 1149; x_wconf 91' lang='lat'><strong>.</strong></span> 
     </span>
     <span class='ocr_line' id='line_1_21' title="bbox 326 1158 1344 1217; baseline -0.002 -14"><span class='ocrx_word' id='word_1_126' title='bbox 326 1167 351 1206; x_wconf 11' lang='grc' dir='ltr'><strong>’μ</strong></span> <span class='ocrx_word' id='word_1_127' title='bbox 373 1202 389 1217; x_wconf 42' lang='grc' dir='ltr'><strong>,Α</strong></span> <span class='ocrx_word' id='word_1_128' title='bbox 409 1158 452 1208; x_wconf 51' lang='grc' dir='ltr'><strong>ἶ·</strong></span> <span class='ocrx_word' id='word_1_129' title='bbox 537 1164 642 1203; x_wconf 91' lang='lat' dir='ltr'><strong>Cum</strong></span> <span class='ocrx_word' id='word_1_130' title='bbox 661 1164 767 1202; x_wconf 92' lang='lat' dir='ltr'><strong>enim</strong></span> <span class='ocrx_word' id='word_1_131' title='bbox 787 1166 910 1202; x_wconf 91' lang='lat' dir='ltr'><strong>homo</strong></span> <span class='ocrx_word' id='word_1_132' title='bbox 930 1165 977 1202; x_wconf 88' lang='lat' dir='ltr'><strong>sit</strong></span> <span class='ocrx_word' id='word_1_133' title='bbox 1004 1164 1148 1202; x_wconf 89' lang='lat' dir='ltr'><strong>animal</strong></span> <span class='ocrx_word' id='word_1_134' title='bbox 1180 1164 1344 1214; x_wconf 90' lang='lat' dir='ltr'><strong>inquan-</strong></span> 
     </span>
     <span class='ocr_line' id='line_1_22' title="bbox 297 1217 1345 1264; baseline -0.001 -8"><span class='ocrx_word' id='word_1_135' title='bbox 297 1223 312 1245; x_wconf 71' lang='lat'><strong>-¹</strong></span> <span class='ocrx_word' id='word_1_136' title='bbox 358 1218 383 1235; x_wconf 82' lang='grc'><strong><em>”</em></strong></span> <span class='ocrx_word' id='word_1_137' title='bbox 481 1226 566 1256; x_wconf 92' lang='lat' dir='ltr'><strong>tum</strong></span> <span class='ocrx_word' id='word_1_138' title='bbox 586 1218 703 1256; x_wconf 91' lang='lat' dir='ltr'><strong>habet</strong></span> <span class='ocrx_word' id='word_1_139' title='bbox 722 1217 896 1255; x_wconf 90' lang='lat' dir='ltr'><strong>animam</strong></span> <span class='ocrx_word' id='word_1_140' title='bbox 911 1217 1152 1264; x_wconf 83' lang='lat' dir='ltr'><strong>sensitivam3</strong></span> <span class='ocrx_word' id='word_1_141' title='bbox 1169 1217 1264 1256; x_wconf 87' lang='lat' dir='ltr'><strong>ratio</strong></span> <span class='ocrx_word' id='word_1_142' title='bbox 1280 1229 1345 1255; x_wconf 85' lang='lat' dir='ltr'><strong>au-</strong></span> 
     </span>
     <span class='ocr_line' id='line_1_23' title="bbox 270 1270 1345 1310; baseline -0.001 -1"><span class='ocrx_word' id='word_1_143' title='bbox 270 1279 352 1309; x_wconf 90' lang='lat' dir='ltr'><strong>tem</strong></span> <span class='ocrx_word' id='word_1_144' title='bbox 379 1273 555 1310; x_wconf 82' lang='lat' dir='ltr'><strong>animalis</strong></span> <span class='ocrx_word' id='word_1_145' title='bbox 578 1271 747 1309; x_wconf 89' lang='lat' dir='ltr'><strong>univoce</strong></span> <span class='ocrx_word' id='word_1_146' title='bbox 766 1270 919 1309; x_wconf 91' lang='lat' dir='ltr'><strong>homini</strong></span> <span class='ocrx_word' id='word_1_147' title='bbox 947 1278 984 1309; x_wconf 91' lang='lat' dir='ltr'><strong>et</strong></span> <span class='ocrx_word' id='word_1_148' title='bbox 1011 1271 1093 1308; x_wconf 89' lang='lat' dir='ltr'><strong>aliis</strong></span> <span class='ocrx_word' id='word_1_149' title='bbox 1112 1271 1345 1308; x_wconf 84' lang='lat' dir='ltr'><strong>animalibus</strong></span> 
     </span>
     <span class='ocr_line' id='line_1_24' title="bbox 270 1323 1346 1375; baseline -0.002 -12"><span class='ocrx_word' id='word_1_150' title='bbox 270 1324 496 1372; x_wconf 53' lang='lat' dir='ltr'><strong>conveniam</strong></span> <span class='ocrx_word' id='word_1_151' title='bbox 519 1323 678 1362; x_wconf 79' lang='lat' dir='ltr'><strong>videtur</strong></span> <span class='ocrx_word' id='word_1_152' title='bbox 697 1325 805 1375; x_wconf 92' lang='lat' dir='ltr'><strong>quod</strong></span> <span class='ocrx_word' id='word_1_153' title='bbox 824 1324 956 1363; x_wconf 88' lang='lat' dir='ltr'><strong>anima</strong></span> <span class='ocrx_word' id='word_1_154' title='bbox 974 1323 1156 1361; x_wconf 87' lang='lat' dir='ltr'><strong>sensitiva</strong></span> <span class='ocrx_word' id='word_1_155' title='bbox 1174 1324 1346 1362; x_wconf 88' lang='lat' dir='ltr'><strong>hominis</strong></span> 
     </span>
     <span class='ocr_line' id='line_1_25' title="bbox 270 1377 1344 1427; baseline -0.002 -11"><span class='ocrx_word' id='word_1_156' title='bbox 270 1378 318 1416; x_wconf 93' lang='lat' dir='ltr'><strong>sit</strong></span> <span class='ocrx_word' id='word_1_157' title='bbox 345 1378 524 1416; x_wconf 86' lang='lat' dir='ltr'><strong>eiusdem</strong></span> <span class='ocrx_word' id='word_1_158' title='bbox 550 1377 702 1427; x_wconf 89' lang='lat' dir='ltr'><strong>generis</strong></span> <span class='ocrx_word' id='word_1_159' title='bbox 721 1390 814 1415; x_wconf 89' lang='lat' dir='ltr'><strong>cum</strong></span> <span class='ocrx_word' id='word_1_160' title='bbox 842 1377 1048 1415; x_wconf 88' lang='lat' dir='ltr'><strong>animabus</strong></span> <span class='ocrx_word' id='word_1_161' title='bbox 1068 1377 1235 1415; x_wconf 91' lang='lat' dir='ltr'><strong>aliorum</strong></span> <span class='ocrx_word' id='word_1_162' title='bbox 1263 1377 1344 1415; x_wconf 88' lang='lat' dir='ltr'><strong>ani-</strong></span> 
     </span>
     <span class='ocr_line' id='line_1_26' title="bbox 270 1430 1345 1479; baseline -0.002 -10"><span class='ocrx_word' id='word_1_163' title='bbox 270 1431 446 1470; x_wconf 90' lang='lat' dir='ltr'><strong>malium.</strong></span> <span class='ocrx_word' id='word_1_164' title='bbox 467 1432 581 1479; x_wconf 85' lang='lat' dir='ltr'><strong>Quae</strong></span> <span class='ocrx_word' id='word_1_165' title='bbox 600 1439 733 1469; x_wconf 91' lang='lat' dir='ltr'><strong>autem</strong></span> <span class='ocrx_word' id='word_1_166' title='bbox 753 1439 842 1468; x_wconf 90' lang='lat' dir='ltr'><strong>sunt</strong></span> <span class='ocrx_word' id='word_1_167' title='bbox 861 1430 978 1468; x_wconf 91' lang='lat' dir='ltr'><strong>unius</strong></span> <span class='ocrx_word' id='word_1_168' title='bbox 991 1430 1153 1479; x_wconf 86' lang='lat' dir='ltr'><strong>generis,</strong></span> <span class='ocrx_word' id='word_1_169' title='bbox 1173 1431 1345 1468; x_wconf 90' lang='lat' dir='ltr'><strong>eundem</strong></span> 
     </span>
     <span class='ocr_line' id='line_1_27' title="bbox 270 1483 1346 1534; baseline -0.003 -11"><span class='ocrx_word' id='word_1_170' title='bbox 270 1485 438 1523; x_wconf 88' lang='lat' dir='ltr'><strong>modum</strong></span> <span class='ocrx_word' id='word_1_171' title='bbox 448 1484 602 1522; x_wconf 71' lang='lat' dir='ltr'><strong>habent</strong></span> <span class='ocrx_word' id='word_1_172' title='bbox 620 1484 843 1534; x_wconf 92' lang='lat' dir='ltr'><strong>prodeundi</strong></span> <span class='ocrx_word' id='word_1_173' title='bbox 862 1484 903 1521; x_wconf 90' lang='lat' dir='ltr'><strong>in</strong></span> <span class='ocrx_word' id='word_1_174' title='bbox 921 1496 1004 1521; x_wconf 90' lang='lat' dir='ltr'><strong>esse</strong></span> <span class='ocrx_word' id='word_1_175' title='bbox 1018 1483 1050 1520; x_wconf 87' lang='lat'><strong>*.</strong></span> <span class='ocrx_word' id='word_1_176' title='bbox 1071 1483 1214 1520; x_wconf 89' lang='lat' dir='ltr'><strong>Anima</strong></span> <span class='ocrx_word' id='word_1_177' title='bbox 1233 1483 1346 1532; x_wconf 89' lang='lat' dir='ltr'><strong>igitur</strong></span> 
     </span>
     <span class='ocr_line' id='line_1_28' title="bbox 270 1536 1344 1583; baseline -0.003 -7"><span class='ocrx_word' id='word_1_178' title='bbox 270 1537 452 1576; x_wconf 89' lang='lat' dir='ltr'><strong>sensitiva</strong></span> <span class='ocrx_word' id='word_1_179' title='bbox 489 1537 671 1583; x_wconf 92' lang='lat' dir='ltr'><strong>hominis,</strong></span> <span class='ocrx_word' id='word_1_180' title='bbox 710 1537 808 1574; x_wconf 89' lang='lat' dir='ltr'><strong>sicut</strong></span> <span class='ocrx_word' id='word_1_181' title='bbox 840 1545 878 1574; x_wconf 91' lang='lat' dir='ltr'><strong>et</strong></span> <span class='ocrx_word' id='word_1_182' title='bbox 909 1536 1076 1574; x_wconf 89' lang='lat' dir='ltr'><strong>aliorum</strong></span> <span class='ocrx_word' id='word_1_183' title='bbox 1104 1536 1344 1583; x_wconf 87' lang='lat' dir='ltr'><strong>animalium,</strong></span> 
     </span>
     <span class='ocr_line' id='line_1_29' title="bbox 268 1589 1343 1642; baseline -0.002 -14"><span class='ocrx_word' id='word_1_184' title='bbox 268 1603 341 1642; x_wconf 88' lang='lat' dir='ltr'><strong>per</strong></span> <span class='ocrx_word' id='word_1_185' title='bbox 357 1591 540 1628; x_wconf 88' lang='lat' dir='ltr'><strong>virtutem</strong></span> <span class='ocrx_word' id='word_1_186' title='bbox 560 1601 662 1639; x_wconf 89' lang='lat' dir='ltr'><strong>quae</strong></span> <span class='ocrx_word' id='word_1_187' title='bbox 681 1598 738 1627; x_wconf 92' lang='lat' dir='ltr'><strong>est</strong></span> <span class='ocrx_word' id='word_1_188' title='bbox 766 1590 805 1627; x_wconf 91' lang='lat' dir='ltr'><strong>in</strong></span> <span class='ocrx_word' id='word_1_189' title='bbox 824 1589 974 1627; x_wconf 86' lang='lat' dir='ltr'><strong>semine</strong></span> <span class='ocrx_word' id='word_1_190' title='bbox 994 1589 1033 1626; x_wconf 91' lang='lat' dir='ltr'><strong>in</strong></span> <span class='ocrx_word' id='word_1_191' title='bbox 1052 1601 1136 1626; x_wconf 90' lang='lat' dir='ltr'><strong>esse</strong></span> <span class='ocrx_word' id='word_1_192' title='bbox 1157 1589 1343 1638; x_wconf 89' lang='lat' dir='ltr'><strong>procedit.</strong></span> 
     </span>
     <span class='ocr_line' id='line_1_30' title="bbox 269 1641 1344 1682; baseline -0.003 0"><span class='ocrx_word' id='word_1_193' title='bbox 269 1645 338 1682; x_wconf 88' lang='lat' dir='ltr'><strong>Est</strong></span> <span class='ocrx_word' id='word_1_194' title='bbox 356 1651 489 1681; x_wconf 88' lang='lat' dir='ltr'><strong>autem</strong></span> <span class='ocrx_word' id='word_1_195' title='bbox 509 1643 614 1681; x_wconf 91' lang='lat' dir='ltr'><strong>idem</strong></span> <span class='ocrx_word' id='word_1_196' title='bbox 634 1643 854 1680; x_wconf 89' lang='lat' dir='ltr'><strong>secundum</strong></span> <span class='ocrx_word' id='word_1_197' title='bbox 869 1641 1124 1680; x_wconf 89' lang='lat' dir='ltr'><strong>substantiam</strong></span> <span class='ocrx_word' id='word_1_198' title='bbox 1138 1642 1270 1679; x_wconf 91' lang='lat' dir='ltr'><strong>anima</strong></span> <span class='ocrx_word' id='word_1_199' title='bbox 1289 1642 1344 1679; x_wconf 90' lang='lat' dir='ltr'><strong>in-</strong></span> 
     </span>
     <span class='ocr_line' id='line_1_31' title="bbox 268 1695 1345 1745; baseline -0.003 -10"><span class='ocrx_word' id='word_1_200' title='bbox 268 1696 457 1735; x_wconf 89' lang='lat' dir='ltr'><strong>tellectiva</strong></span> <span class='ocrx_word' id='word_1_201' title='bbox 476 1704 513 1733; x_wconf 89' lang='lat' dir='ltr'><strong>et</strong></span> <span class='ocrx_word' id='word_1_202' title='bbox 532 1696 714 1734; x_wconf 89' lang='lat' dir='ltr'><strong>sensitiva</strong></span> <span class='ocrx_word' id='word_1_203' title='bbox 733 1696 772 1732; x_wconf 92' lang='lat' dir='ltr'><strong>in</strong></span> <span class='ocrx_word' id='word_1_204' title='bbox 792 1696 965 1741; x_wconf 91' lang='lat' dir='ltr'><strong>homine,</strong></span> <span class='ocrx_word' id='word_1_205' title='bbox 986 1703 1028 1732; x_wconf 90' lang='lat' dir='ltr'><strong>ut</strong></span> <span class='ocrx_word' id='word_1_206' title='bbox 1047 1706 1166 1745; x_wconf 91' lang='lat' dir='ltr'><strong>supra</strong></span> <span class='ocrx_word' id='word_1_207' title='bbox 1179 1695 1200 1717; x_wconf 78' lang='lat'><strong>&#39;¹‘</strong></span> <span class='ocrx_word' id='word_1_208' title='bbox 1219 1703 1345 1733; x_wconf 91' lang='lat' dir='ltr'><strong>osten-</strong></span> 
     </span>
     <span class='ocr_line' id='line_1_32' title="bbox 269 1748 1344 1799; baseline -0.003 -11"><span class='ocrx_word' id='word_1_209' title='bbox 269 1762 359 1788; x_wconf 90' lang='lat' dir='ltr'><strong>sum</strong></span> <span class='ocrx_word' id='word_1_210' title='bbox 387 1757 454 1787; x_wconf 90' lang='lat' dir='ltr'><strong>est.</strong></span> <span class='ocrx_word' id='word_1_211' title='bbox 484 1749 648 1787; x_wconf 89' lang='lat' dir='ltr'><strong>Videtur</strong></span> <span class='ocrx_word' id='word_1_212' title='bbox 676 1749 789 1798; x_wconf 88' lang='lat' dir='ltr'><strong>igitur</strong></span> <span class='ocrx_word' id='word_1_213' title='bbox 816 1749 924 1799; x_wconf 94' lang='lat' dir='ltr'><strong>quod</strong></span> <span class='ocrx_word' id='word_1_214' title='bbox 945 1748 1061 1786; x_wconf 90' lang='lat' dir='ltr'><strong>etiam</strong></span> <span class='ocrx_word' id='word_1_215' title='bbox 1081 1748 1211 1786; x_wconf 87' lang='lat' dir='ltr'><strong>anima</strong></span> <span class='ocrx_word' id='word_1_216' title='bbox 1238 1748 1344 1786; x_wconf 88' lang='lat' dir='ltr'><strong>intel-</strong></span> 
     </span>
     <span class='ocr_line' id='line_1_33' title="bbox 266 1802 1170 1854; baseline -0.004 -11"><span class='ocrx_word' id='word_1_217' title='bbox 266 1803 406 1844; x_wconf 80' lang='lat' dir='ltr'><strong>lectiva</strong></span> <span class='ocrx_word' id='word_1_218' title='bbox 432 1814 504 1854; x_wconf 88' lang='lat' dir='ltr'><strong>per</strong></span> <span class='ocrx_word' id='word_1_219' title='bbox 530 1803 714 1841; x_wconf 89' lang='lat' dir='ltr'><strong>virtutem</strong></span> <span class='ocrx_word' id='word_1_220' title='bbox 742 1802 902 1840; x_wconf 88' lang='lat' dir='ltr'><strong>seminis</strong></span> <span class='ocrx_word' id='word_1_221' title='bbox 919 1802 1170 1852; x_wconf 82' lang='lat' dir='ltr'><strong>producatur.</strong></span> 
     </span>
     <span class='ocr_line' id='line_1_34' title="bbox 322 1854 1346 1895; baseline -0.003 0"><span class='ocrx_word' id='word_1_222' title='bbox 322 1858 536 1895; x_wconf 86' lang='lat' dir='ltr'><strong>Praeterea.</strong></span> <span class='ocrx_word' id='word_1_223' title='bbox 568 1856 676 1894; x_wconf 91' lang='lat' dir='ltr'><strong>Sicut</strong></span> <span class='ocrx_word' id='word_1_224' title='bbox 702 1856 817 1894; x_wconf 89' lang='lat' dir='ltr'><strong>docet</strong></span> <span class='ocrx_word' id='word_1_225' title='bbox 846 1855 1068 1893; x_wconf 85' lang='lat' dir='ltr'><strong>Aristoteles</strong></span> <span class='ocrx_word' id='word_1_226' title='bbox 1095 1855 1135 1892; x_wconf 90' lang='lat' dir='ltr'><strong>in</strong></span> <span class='ocrx_word' id='word_1_227' title='bbox 1172 1854 1271 1892; x_wconf 90' lang='lat' dir='ltr'><strong>libro</strong></span> <span class='ocrx_word' id='word_1_228' title='bbox 1300 1856 1346 1892; x_wconf 85' lang='lat' dir='ltr'><strong>de</strong></span> 
     </span>
     <span class='ocr_line' id='line_1_35' title="bbox 271 1908 1345 1959; baseline -0.004 -11"><span class='ocrx_word' id='word_1_229' title='bbox 271 1911 524 1948; x_wconf 84' lang='lat' dir='ltr'><strong>Generatione</strong></span> <span class='ocrx_word' id='word_1_230' title='bbox 549 1910 783 1947; x_wconf 86' lang='lat' dir='ltr'><strong>Animalium</strong></span> <span class='ocrx_word' id='word_1_231' title='bbox 797 1908 828 1955; x_wconf 74' lang='lat'><strong>⁴³,</strong></span> <span class='ocrx_word' id='word_1_232' title='bbox 848 1908 956 1959; x_wconf 90' lang='lat' dir='ltr'><strong>prius</strong></span> <span class='ocrx_word' id='word_1_233' title='bbox 974 1917 1152 1958; x_wconf 88' lang='lat' dir='ltr'><strong>tempore</strong></span> <span class='ocrx_word' id='word_1_234' title='bbox 1171 1915 1228 1945; x_wconf 89' lang='lat' dir='ltr'><strong>est</strong></span> <span class='ocrx_word' id='word_1_235' title='bbox 1246 1908 1345 1945; x_wconf 88' lang='lat' dir='ltr'><strong>fetus</strong></span> 
     </span>
     <span class='ocr_line' id='line_1_36' title="bbox 267 1961 1342 2014; baseline -0.006 -11"><span class='ocrx_word' id='word_1_236' title='bbox 267 1963 413 2003; x_wconf 83' lang='lat' dir='ltr'><strong>animal</strong></span> <span class='ocrx_word' id='word_1_237' title='bbox 432 1974 553 2014; x_wconf 86' lang='lat' dir='ltr'><strong>quam</strong></span> <span class='ocrx_word' id='word_1_238' title='bbox 573 1963 708 2001; x_wconf 90' lang='lat' dir='ltr'><strong>homo.</strong></span> <span class='ocrx_word' id='word_1_239' title='bbox 740 1962 829 2008; x_wconf 90' lang='lat' dir='ltr'><strong>Sed,</strong></span> <span class='ocrx_word' id='word_1_240' title='bbox 849 1973 942 1999; x_wconf 90' lang='lat' dir='ltr'><strong>cum</strong></span> <span class='ocrx_word' id='word_1_241' title='bbox 962 1969 1018 1999; x_wconf 90' lang='lat' dir='ltr'><strong>est</strong></span> <span class='ocrx_word' id='word_1_242' title='bbox 1037 1961 1181 1998; x_wconf 92' lang='lat' dir='ltr'><strong>animal</strong></span> <span class='ocrx_word' id='word_1_243' title='bbox 1206 1969 1242 1998; x_wconf 92' lang='lat' dir='ltr'><strong>et</strong></span> <span class='ocrx_word' id='word_1_244' title='bbox 1261 1973 1342 1998; x_wconf 90' lang='lat' dir='ltr'><strong>non</strong></span> 
     </span>
     <span class='ocr_line' id='line_1_37' title="bbox 267 2013 1343 2064; baseline -0.005 -8"><span class='ocrx_word' id='word_1_245' title='bbox 267 2017 404 2064; x_wconf 85' lang='lat' dir='ltr'><strong>homo,</strong></span> <span class='ocrx_word' id='word_1_246' title='bbox 424 2016 542 2054; x_wconf 90' lang='lat' dir='ltr'><strong>habet</strong></span> <span class='ocrx_word' id='word_1_247' title='bbox 570 2015 744 2053; x_wconf 89' lang='lat' dir='ltr'><strong>animam</strong></span> <span class='ocrx_word' id='word_1_248' title='bbox 772 2014 997 2053; x_wconf 90' lang='lat' dir='ltr'><strong>sensitivam</strong></span> <span class='ocrx_word' id='word_1_249' title='bbox 1025 2022 1062 2051; x_wconf 91' lang='lat' dir='ltr'><strong>et</strong></span> <span class='ocrx_word' id='word_1_250' title='bbox 1088 2026 1171 2053; x_wconf 90' lang='lat' dir='ltr'><strong>non</strong></span> <span class='ocrx_word' id='word_1_251' title='bbox 1199 2013 1343 2052; x_wconf 90' lang='lat' dir='ltr'><strong>intelle-</strong></span> 
     </span>
     <span class='ocr_line' id='line_1_38' title="bbox 267 2067 1343 2119; baseline -0.005 -10"><span class='ocrx_word' id='word_1_252' title='bbox 267 2070 426 2116; x_wconf 78' lang='lat' dir='ltr'><strong>ctivam3</strong></span> <span class='ocrx_word' id='word_1_253' title='bbox 445 2081 568 2119; x_wconf 83' lang='lat' dir='ltr'><strong>quam</strong></span> <span class='ocrx_word' id='word_1_254' title='bbox 587 2068 750 2119; x_wconf 91' lang='lat' dir='ltr'><strong>quidem</strong></span> <span class='ocrx_word' id='word_1_255' title='bbox 765 2068 990 2106; x_wconf 85' lang='lat' dir='ltr'><strong>sensitivam</strong></span> <span class='ocrx_word' id='word_1_256' title='bbox 1009 2079 1091 2105; x_wconf 92' lang='lat' dir='ltr'><strong>non</strong></span> <span class='ocrx_word' id='word_1_257' title='bbox 1106 2075 1162 2105; x_wconf 91' lang='lat' dir='ltr'><strong>est</strong></span> <span class='ocrx_word' id='word_1_258' title='bbox 1175 2067 1343 2105; x_wconf 90' lang='lat' dir='ltr'><strong>dubium</strong></span> 
     </span>
     <span class='ocr_line' id='line_1_39' title="bbox 266 2120 1342 2172; baseline -0.004 -11"><span class='ocrx_word' id='word_1_259' title='bbox 266 2135 315 2161; x_wconf 79' lang='lat' dir='ltr'><strong>ex</strong></span> <span class='ocrx_word' id='word_1_260' title='bbox 340 2123 481 2162; x_wconf 86' lang='lat' dir='ltr'><strong>virtute</strong></span> <span class='ocrx_word' id='word_1_261' title='bbox 507 2122 632 2160; x_wconf 87' lang='lat' dir='ltr'><strong>activa</strong></span> <span class='ocrx_word' id='word_1_262' title='bbox 659 2121 818 2159; x_wconf 87' lang='lat' dir='ltr'><strong>seminis</strong></span> <span class='ocrx_word' id='word_1_263' title='bbox 844 2120 1020 2172; x_wconf 90' lang='lat' dir='ltr'><strong>produci,</strong></span> <span class='ocrx_word' id='word_1_264' title='bbox 1041 2120 1140 2158; x_wconf 89' lang='lat' dir='ltr'><strong>sicut</strong></span> <span class='ocrx_word' id='word_1_265' title='bbox 1165 2128 1202 2158; x_wconf 85' lang='lat' dir='ltr'><strong>et</strong></span> <span class='ocrx_word' id='word_1_266' title='bbox 1223 2120 1262 2157; x_wconf 92' lang='lat' dir='ltr'><strong>in</strong></span> <span class='ocrx_word' id='word_1_267' title='bbox 1281 2133 1342 2158; x_wconf 90' lang='lat' dir='ltr'><strong>ce—</strong></span> 
     </span>
    </p>
   </div>
   <div class='ocr_carea' id='block_1_10' title="bbox 1361 947 1704 989">
    <p class='ocr_par' dir='ltr' id='par_1_11' title="bbox 1361 947 1704 989">
     <span class='ocr_line' id='line_1_40' title="bbox 1361 947 1704 989; baseline 0 -1"><span class='ocrx_word' id='word_1_268' title='bbox 1361 948 1442 988; x_wconf 90' lang='lat' dir='ltr'><strong>EX</strong></span> <span class='ocrx_word' id='word_1_269' title='bbox 1476 947 1662 989; x_wconf 86' lang='lat' dir='ltr'><strong>SEMIN</strong></span> <span class='ocrx_word' id='word_1_270' title='bbox 1666 948 1704 989; x_wconf 89' lang='lat' dir='ltr'>E</span> 
     </span>
    </p>
   </div>
   <div class='ocr_carea' id='block_1_11' title="bbox 1359 1058 2473 2171">
    <p class='ocr_par' dir='ltr' id='par_1_12' title="bbox 1400 1058 2472 1270">
     <span class='ocr_line' id='line_1_41' title="bbox 1453 1058 2472 1108; baseline 0.002 -12"><span class='ocrx_word' id='word_1_271' title='bbox 1453 1060 1560 1096; x_wconf 87' lang='lat' dir='ltr'><strong>Item.</strong></span> <span class='ocrx_word' id='word_1_272' title='bbox 1581 1058 1812 1108; x_wconf 89' lang='lat' dir='ltr'><strong>Apollinaris</strong></span> <span class='ocrx_word' id='word_1_273' title='bbox 1840 1059 1894 1097; x_wconf 90' lang='lat' dir='ltr'><strong>sic</strong></span> <span class='ocrx_word' id='word_1_274' title='bbox 1922 1067 2212 1108; x_wconf 88' lang='lat' dir='ltr'><strong>argumentatur</strong></span> <span class='ocrx_word' id='word_1_275' title='bbox 2224 1060 2255 1097; x_wconf 82' lang='lat'><strong>*.</strong></span> <span class='ocrx_word' id='word_1_276' title='bbox 2282 1060 2472 1108; x_wconf 90' lang='lat' dir='ltr'><strong>Quicum—</strong></span> 
     </span>
     <span class='ocr_line' id='line_1_42' title="bbox 1401 1112 2469 1163; baseline 0.003 -14"><span class='ocrx_word' id='word_1_277' title='bbox 1401 1124 1478 1162; x_wconf 91' lang='lat' dir='ltr'><strong>que</strong></span> <span class='ocrx_word' id='word_1_278' title='bbox 1501 1112 1567 1149; x_wconf 90' lang='lat' dir='ltr'><strong>dat</strong></span> <span class='ocrx_word' id='word_1_279' title='bbox 1585 1113 1920 1162; x_wconf 88' lang='lat' dir='ltr'><strong>complementum</strong></span> <span class='ocrx_word' id='word_1_280' title='bbox 1940 1112 2060 1163; x_wconf 87' lang='lat' dir='ltr'><strong>operi,</strong></span> <span class='ocrx_word' id='word_1_281' title='bbox 2081 1121 2314 1162; x_wconf 88' lang='lat' dir='ltr'><strong>cooperatur</strong></span> <span class='ocrx_word' id='word_1_282' title='bbox 2332 1115 2469 1162; x_wconf 86' lang='lat' dir='ltr'><strong>agenti.</strong></span> 
     </span>
     <span class='ocr_line' id='line_1_43' title="bbox 1401 1164 2470 1217; baseline 0.002 -14"><span class='ocrx_word' id='word_1_283' title='bbox 1401 1165 1491 1211; x_wconf 87' lang='lat' dir='ltr'><strong>Sed,</strong></span> <span class='ocrx_word' id='word_1_284' title='bbox 1511 1164 1542 1202; x_wconf 90' lang='lat' dir='ltr'><strong>si</strong></span> <span class='ocrx_word' id='word_1_285' title='bbox 1570 1165 1724 1202; x_wconf 87' lang='lat' dir='ltr'><strong>animae</strong></span> <span class='ocrx_word' id='word_1_286' title='bbox 1744 1173 1929 1203; x_wconf 81' lang='lat' dir='ltr'><strong>&#39;creantur</strong></span> <span class='ocrx_word' id='word_1_287' title='bbox 1947 1179 1970 1203; x_wconf 89' lang='lat' dir='ltr'><strong>a</strong></span> <span class='ocrx_word' id='word_1_288' title='bbox 1988 1167 2086 1212; x_wconf 91' lang='lat' dir='ltr'><strong>Deo,</strong></span> <span class='ocrx_word' id='word_1_289' title='bbox 2106 1167 2188 1216; x_wconf 90' lang='lat' dir='ltr'><strong>ipse</strong></span> <span class='ocrx_word' id='word_1_290' title='bbox 2207 1167 2272 1204; x_wconf 85' lang='lat' dir='ltr'><strong>dat</strong></span> <span class='ocrx_word' id='word_1_291' title='bbox 2300 1169 2470 1217; x_wconf 90' lang='lat' dir='ltr'><strong>comple-</strong></span> 
     </span>
     <span class='ocr_line' id='line_1_44' title="bbox 1400 1218 2470 1270; baseline 0.003 -15"><span class='ocrx_word' id='word_1_292' title='bbox 1400 1226 1579 1256; x_wconf 91' lang='lat' dir='ltr'><strong>mentum</strong></span> <span class='ocrx_word' id='word_1_293' title='bbox 1607 1218 1845 1267; x_wconf 88' lang='lat' dir='ltr'><strong>generationi</strong></span> <span class='ocrx_word' id='word_1_294' title='bbox 1881 1231 2094 1269; x_wconf 91' lang='lat' dir='ltr'><strong>puerorum</strong></span> <span class='ocrx_word' id='word_1_295' title='bbox 2129 1219 2197 1269; x_wconf 91' lang='lat' dir='ltr'><strong>qui</strong></span> <span class='ocrx_word' id='word_1_296' title='bbox 2232 1220 2470 1270; x_wconf 91' lang='lat' dir='ltr'><strong>quandoque</strong></span> 
     </span>
    </p>

    <p class='ocr_par' dir='ltr' id='par_1_13' title="bbox 1369 1271 2471 1375">
     <span class='ocr_line' id='line_1_45' title="bbox 1369 1271 2471 1321; baseline 0.001 -11"><span class='ocrx_word' id='word_1_297' title='bbox 1369 1290 1378 1310; x_wconf 83' lang='lat'><em>5</em></span> <span class='ocrx_word' id='word_1_298' title='bbox 1401 1283 1448 1309; x_wconf 87' lang='lat' dir='ltr'><strong>ex</strong></span> <span class='ocrx_word' id='word_1_299' title='bbox 1476 1271 1658 1309; x_wconf 89' lang='lat' dir='ltr'><strong>adulteris</strong></span> <span class='ocrx_word' id='word_1_300' title='bbox 1677 1279 1900 1310; x_wconf 88' lang='lat' dir='ltr'><strong>nascuntur.</strong></span> <span class='ocrx_word' id='word_1_301' title='bbox 1931 1273 2034 1321; x_wconf 90' lang='lat' dir='ltr'><strong>Ergo</strong></span> <span class='ocrx_word' id='word_1_302' title='bbox 2054 1273 2161 1310; x_wconf 91' lang='lat' dir='ltr'><strong>Deus</strong></span> <span class='ocrx_word' id='word_1_303' title='bbox 2180 1273 2361 1311; x_wconf 90' lang='lat' dir='ltr'><strong>adulteris</strong></span> <span class='ocrx_word' id='word_1_304' title='bbox 2380 1285 2471 1311; x_wconf 88' lang='lat' dir='ltr'><strong>coo·</strong></span> 
     </span>
     <span class='ocr_line' id='line_1_46' title="bbox 1400 1325 2318 1375; baseline 0.003 -14"><span class='ocrx_word' id='word_1_305' title='bbox 1400 1332 1568 1375; x_wconf 77' lang='lat' dir='ltr'><strong>peretur.</strong></span> <span class='ocrx_word' id='word_1_306' title='bbox 1599 1326 1720 1372; x_wconf 92' lang='lat' dir='ltr'><strong>Quod</strong></span> <span class='ocrx_word' id='word_1_307' title='bbox 1748 1325 1820 1362; x_wconf 88' lang='lat' dir='ltr'><strong>sibi</strong></span> <span class='ocrx_word' id='word_1_308' title='bbox 1849 1325 2127 1363; x_wconf 89' lang='lat' dir='ltr'><strong>inconveniens</strong></span> <span class='ocrx_word' id='word_1_309' title='bbox 2154 1327 2318 1364; x_wconf 88' lang='lat' dir='ltr'><strong>videtur.</strong></span> 
     </span>
    </p>

    <p class='ocr_par' dir='ltr' id='par_1_14' title="bbox 1399 1377 2471 1534">
     <span class='ocr_line' id='line_1_47' title="bbox 1454 1377 2471 1430; baseline 0.002 -15"><span class='ocrx_word' id='word_1_310' title='bbox 1454 1377 1710 1416; x_wconf 87' lang='lat' dir='ltr'><strong>Inveniuntur</strong></span> <span class='ocrx_word' id='word_1_311' title='bbox 1728 1386 1859 1416; x_wconf 90' lang='lat' dir='ltr'><strong>autem</strong></span> <span class='ocrx_word' id='word_1_312' title='bbox 1888 1378 1928 1415; x_wconf 89' lang='lat' dir='ltr'><strong>in</strong></span> <span class='ocrx_word' id='word_1_313' title='bbox 1956 1378 2055 1416; x_wconf 89' lang='lat' dir='ltr'><strong>libro</strong></span> <span class='ocrx_word' id='word_1_314' title='bbox 2074 1379 2143 1429; x_wconf 88' lang='lat' dir='ltr'><strong>qui</strong></span> <span class='ocrx_word' id='word_1_315' title='bbox 2163 1380 2350 1428; x_wconf 89' lang='lat' dir='ltr'><strong>Gregorio</strong></span> <span class='ocrx_word' id='word_1_316' title='bbox 2369 1380 2471 1430; x_wconf 91' lang='lat' dir='ltr'><strong>Nys-</strong></span> 
     </span>
     <span class='ocr_line' id='line_1_48' title="bbox 1401 1428 2469 1480; baseline 0.002 -12"><span class='ocrx_word' id='word_1_317' title='bbox 1401 1443 1496 1468; x_wconf 92' lang='lat' dir='ltr'><strong>seno</strong></span> <span class='ocrx_word' id='word_1_318' title='bbox 1511 1428 1729 1468; x_wconf 72' lang='lat' dir='ltr'><strong>inscribitur</strong></span> <span class='ocrx_word' id='word_1_319' title='bbox 1742 1431 1773 1478; x_wconf 70' lang='lat'><strong>²⁸⁸,</strong></span> <span class='ocrx_word' id='word_1_320' title='bbox 1795 1432 1991 1480; x_wconf 87' lang='lat' dir='ltr'><strong>quaedam</strong></span> <span class='ocrx_word' id='word_1_321' title='bbox 2011 1432 2178 1470; x_wconf 89' lang='lat' dir='ltr'><strong>rationes</strong></span> <span class='ocrx_word' id='word_1_322' title='bbox 2197 1433 2246 1470; x_wconf 92' lang='lat' dir='ltr'><strong>ad</strong></span> <span class='ocrx_word' id='word_1_323' title='bbox 2271 1433 2348 1470; x_wconf 91' lang='lat' dir='ltr'><strong>hoc</strong></span> <span class='ocrx_word' id='word_1_324' title='bbox 2366 1432 2469 1470; x_wconf 89' lang='lat' dir='ltr'><strong>idem</strong></span> 
     </span>
     <span class='ocr_line' id='line_1_49' title="bbox 1399 1484 2471 1534; baseline 0.002 -13"><span class='ocrx_word' id='word_1_325' title='bbox 1399 1484 1662 1534; x_wconf 91' lang='lat' dir='ltr'><strong>probandum.</strong></span> <span class='ocrx_word' id='word_1_326' title='bbox 1686 1486 1990 1533; x_wconf 86' lang='lat' dir='ltr'><strong>Argumentatur</strong></span> <span class='ocrx_word' id='word_1_327' title='bbox 2007 1494 2139 1522; x_wconf 89' lang='lat' dir='ltr'><strong>autem</strong></span> <span class='ocrx_word' id='word_1_328' title='bbox 2158 1486 2223 1523; x_wconf 88' lang='lat' dir='ltr'><strong>sic.</strong></span> <span class='ocrx_word' id='word_1_329' title='bbox 2254 1487 2313 1523; x_wconf 86' lang='lat' dir='ltr'><strong>Ex</strong></span> <span class='ocrx_word' id='word_1_330' title='bbox 2341 1485 2471 1524; x_wconf 87' lang='lat' dir='ltr'><strong>anima</strong></span> 
     </span>
    </p>

    <p class='ocr_par' dir='ltr' id='par_1_15' title="bbox 1361 1537 2473 1799">
     <span class='ocr_line' id='line_1_50' title="bbox 1361 1537 2471 1587; baseline 0.002 -13"><span class='ocrx_word' id='word_1_331' title='bbox 1361 1559 1387 1574; x_wconf 80' lang='lat' dir='ltr'><strong>to</strong></span> <span class='ocrx_word' id='word_1_332' title='bbox 1400 1545 1438 1574; x_wconf 92' lang='lat' dir='ltr'><strong>et</strong></span> <span class='ocrx_word' id='word_1_333' title='bbox 1465 1549 1630 1586; x_wconf 89' lang='lat' dir='ltr'><strong>corpore</strong></span> <span class='ocrx_word' id='word_1_334' title='bbox 1663 1537 1707 1574; x_wconf 90' lang='lat' dir='ltr'><strong>fit</strong></span> <span class='ocrx_word' id='word_1_335' title='bbox 1734 1550 1872 1584; x_wconf 92' lang='lat' dir='ltr'><strong>unum,</strong></span> <span class='ocrx_word' id='word_1_336' title='bbox 1901 1538 2009 1587; x_wconf 94' lang='lat' dir='ltr'><strong>quod</strong></span> <span class='ocrx_word' id='word_1_337' title='bbox 2039 1547 2094 1576; x_wconf 90' lang='lat' dir='ltr'><strong>est</strong></span> <span class='ocrx_word' id='word_1_338' title='bbox 2128 1540 2251 1576; x_wconf 90' lang='lat' dir='ltr'><strong>homo</strong></span> <span class='ocrx_word' id='word_1_339' title='bbox 2284 1551 2399 1576; x_wconf 91' lang='lat' dir='ltr'><strong>unus.</strong></span> <span class='ocrx_word' id='word_1_340' title='bbox 2430 1539 2471 1577; x_wconf 91' lang='lat' dir='ltr'><strong>Si</strong></span> 
     </span>
     <span class='ocr_line' id='line_1_51' title="bbox 1400 1590 2471 1642; baseline 0.003 -16"><span class='ocrx_word' id='word_1_341' title='bbox 1400 1590 1514 1638; x_wconf 89' lang='lat' dir='ltr'><strong>igitur</strong></span> <span class='ocrx_word' id='word_1_342' title='bbox 1541 1590 1671 1627; x_wconf 89' lang='lat' dir='ltr'><strong>anima</strong></span> <span class='ocrx_word' id='word_1_343' title='bbox 1699 1590 1767 1628; x_wconf 88' lang='lat' dir='ltr'><strong>fiat</strong></span> <span class='ocrx_word' id='word_1_344' title='bbox 1793 1591 1901 1640; x_wconf 87' lang='lat' dir='ltr'><strong>prius</strong></span> <span class='ocrx_word' id='word_1_345' title='bbox 1921 1603 2041 1640; x_wconf 91' lang='lat' dir='ltr'><strong>quam</strong></span> <span class='ocrx_word' id='word_1_346' title='bbox 2061 1603 2215 1641; x_wconf 82' lang='lat' dir='ltr'><strong>corpuS,</strong></span> <span class='ocrx_word' id='word_1_347' title='bbox 2235 1600 2301 1629; x_wconf 89' lang='lat' dir='ltr'><strong>aut</strong></span> <span class='ocrx_word' id='word_1_348' title='bbox 2329 1604 2471 1642; x_wconf 89' lang='lat' dir='ltr'><strong>corpus</strong></span> 
     </span>
     <span class='ocr_line' id='line_1_52' title="bbox 1400 1642 2472 1694; baseline 0.003 -15"><span class='ocrx_word' id='word_1_349' title='bbox 1400 1642 1508 1692; x_wconf 91' lang='lat' dir='ltr'><strong>prius</strong></span> <span class='ocrx_word' id='word_1_350' title='bbox 1536 1655 1657 1692; x_wconf 88' lang='lat' dir='ltr'><strong>quam</strong></span> <span class='ocrx_word' id='word_1_351' title='bbox 1686 1643 1827 1689; x_wconf 92' lang='lat' dir='ltr'><strong>anima,</strong></span> <span class='ocrx_word' id='word_1_352' title='bbox 1856 1644 1961 1680; x_wconf 90' lang='lat' dir='ltr'><strong>idem</strong></span> <span class='ocrx_word' id='word_1_353' title='bbox 1990 1644 2058 1681; x_wconf 89' lang='lat' dir='ltr'><strong>erit</strong></span> <span class='ocrx_word' id='word_1_354' title='bbox 2085 1645 2193 1694; x_wconf 90' lang='lat' dir='ltr'><strong>prius</strong></span> <span class='ocrx_word' id='word_1_355' title='bbox 2217 1653 2254 1681; x_wconf 89' lang='lat' dir='ltr'><strong>et</strong></span> <span class='ocrx_word' id='word_1_356' title='bbox 2280 1645 2472 1694; x_wconf 88' lang='lat' dir='ltr'><strong>posterius</strong></span> 
     </span>
     <span class='ocr_line' id='line_1_53' title="bbox 1401 1695 2473 1745; baseline 0.001 -12"><span class='ocrx_word' id='word_1_357' title='bbox 1401 1695 1547 1745; x_wconf 87' lang='lat' dir='ltr'><strong>seipso:</strong></span> <span class='ocrx_word' id='word_1_358' title='bbox 1569 1696 1678 1745; x_wconf 93' lang='lat' dir='ltr'><strong>quod</strong></span> <span class='ocrx_word' id='word_1_359' title='bbox 1698 1696 1852 1733; x_wconf 91' lang='lat' dir='ltr'><strong>videtur</strong></span> <span class='ocrx_word' id='word_1_360' title='bbox 1876 1696 2124 1745; x_wconf 86' lang='lat' dir='ltr'><strong>impossibile.</strong></span> <span class='ocrx_word' id='word_1_361' title='bbox 2151 1697 2276 1734; x_wconf 91' lang='lat' dir='ltr'><strong>Simul</strong></span> <span class='ocrx_word' id='word_1_362' title='bbox 2296 1698 2409 1745; x_wconf 87' lang='lat' dir='ltr'><strong>igitur</strong></span> <span class='ocrx_word' id='word_1_363' title='bbox 2429 1697 2473 1734; x_wconf 90' lang='lat' dir='ltr'><strong>fit</strong></span> 
     </span>
     <span class='ocr_line' id='line_1_54' title="bbox 1401 1748 2472 1799; baseline 0.002 -14"><span class='ocrx_word' id='word_1_364' title='bbox 1401 1761 1544 1798; x_wconf 91' lang='lat' dir='ltr'><strong>corpus</strong></span> <span class='ocrx_word' id='word_1_365' title='bbox 1572 1756 1608 1786; x_wconf 91' lang='lat' dir='ltr'><strong>et</strong></span> <span class='ocrx_word' id='word_1_366' title='bbox 1636 1748 1778 1786; x_wconf 83' lang='lat' dir='ltr'><strong>anima.</strong></span> <span class='ocrx_word' id='word_1_367' title='bbox 1810 1749 1887 1786; x_wconf 91' lang='lat' dir='ltr'><strong>Sed</strong></span> <span class='ocrx_word' id='word_1_368' title='bbox 1916 1761 2059 1799; x_wconf 89' lang='lat' dir='ltr'><strong>corpus</strong></span> <span class='ocrx_word' id='word_1_369' title='bbox 2087 1749 2220 1799; x_wconf 88' lang='lat' dir='ltr'><strong>incipit</strong></span> <span class='ocrx_word' id='word_1_370' title='bbox 2238 1750 2322 1787; x_wconf 90' lang='lat' dir='ltr'><strong>fieri</strong></span> <span class='ocrx_word' id='word_1_371' title='bbox 2349 1750 2388 1787; x_wconf 92' lang='lat' dir='ltr'><strong>in</strong></span> <span class='ocrx_word' id='word_1_372' title='bbox 2408 1751 2472 1788; x_wconf 91' lang='lat' dir='ltr'><strong>de-</strong></span> 
     </span>
    </p>

    <p class='ocr_par' dir='ltr' id='par_1_16' title="bbox 1362 1801 2473 1904">
     <span class='ocr_line' id='line_1_55' title="bbox 1362 1801 2473 1852; baseline 0.004 -15"><span class='ocrx_word' id='word_1_373' title='bbox 1362 1823 1384 1842; x_wconf 79' lang='lat'><strong>15</strong></span> <span class='ocrx_word' id='word_1_374' title='bbox 1400 1802 1546 1840; x_wconf 89' lang='lat' dir='ltr'><strong>cisione</strong></span> <span class='ocrx_word' id='word_1_375' title='bbox 1574 1801 1744 1840; x_wconf 92' lang='lat' dir='ltr'><strong>seminis.</strong></span> <span class='ocrx_word' id='word_1_376' title='bbox 1766 1803 1870 1851; x_wconf 90' lang='lat' dir='ltr'><strong>Ergo</strong></span> <span class='ocrx_word' id='word_1_377' title='bbox 1899 1810 1936 1839; x_wconf 90' lang='lat' dir='ltr'><strong>et</strong></span> <span class='ocrx_word' id='word_1_378' title='bbox 1963 1815 2034 1852; x_wconf 91' lang='lat' dir='ltr'><strong>per</strong></span> <span class='ocrx_word' id='word_1_379' title='bbox 2052 1803 2289 1840; x_wconf 90' lang='lat' dir='ltr'><strong>decisionem</strong></span> <span class='ocrx_word' id='word_1_380' title='bbox 2314 1803 2473 1841; x_wconf 88' lang='lat' dir='ltr'><strong>seminis</strong></span> 
     </span>
     <span class='ocr_line' id='line_1_56' title="bbox 1400 1855 1979 1904; baseline 0 -11"><span class='ocrx_word' id='word_1_381' title='bbox 1400 1855 1532 1893; x_wconf 88' lang='lat' dir='ltr'><strong>anima</strong></span> <span class='ocrx_word' id='word_1_382' title='bbox 1560 1855 1600 1892; x_wconf 92' lang='lat' dir='ltr'><strong>in</strong></span> <span class='ocrx_word' id='word_1_383' title='bbox 1628 1867 1712 1892; x_wconf 90' lang='lat' dir='ltr'><strong>esse</strong></span> <span class='ocrx_word' id='word_1_384' title='bbox 1739 1855 1979 1904; x_wconf 88' lang='lat' dir='ltr'><strong>producitur.</strong></span> 
     </span>
    </p>

    <p class='ocr_par' dir='ltr' id='par_1_17' title="bbox 1400 1908 2471 2064">
     <span class='ocr_line' id='line_1_57' title="bbox 1454 1908 2471 1959; baseline 0.001 -14"><span class='ocrx_word' id='word_1_385' title='bbox 1454 1909 1606 1946; x_wconf 91' lang='lat' dir='ltr'><strong>Adhuc.</strong></span> <span class='ocrx_word' id='word_1_386' title='bbox 1623 1908 1848 1958; x_wconf 87' lang='lat' dir='ltr'><strong>Imperfecta</strong></span> <span class='ocrx_word' id='word_1_387' title='bbox 1862 1908 2017 1946; x_wconf 89' lang='lat' dir='ltr'><strong>videtur</strong></span> <span class='ocrx_word' id='word_1_388' title='bbox 2035 1921 2118 1946; x_wconf 91' lang='lat' dir='ltr'><strong>esse</strong></span> <span class='ocrx_word' id='word_1_389' title='bbox 2138 1908 2312 1959; x_wconf 91' lang='lat' dir='ltr'><strong>operatio</strong></span> <span class='ocrx_word' id='word_1_390' title='bbox 2327 1909 2471 1958; x_wconf 91' lang='lat' dir='ltr'><strong>agentis</strong></span> 
     </span>
     <span class='ocr_line' id='line_1_58' title="bbox 1400 1961 2468 2012; baseline 0.002 -14"><span class='ocrx_word' id='word_1_391' title='bbox 1400 1961 1468 2011; x_wconf 92' lang='lat' dir='ltr'><strong>qui</strong></span> <span class='ocrx_word' id='word_1_392' title='bbox 1496 1973 1577 1998; x_wconf 92' lang='lat' dir='ltr'><strong>non</strong></span> <span class='ocrx_word' id='word_1_393' title='bbox 1606 1968 1728 1998; x_wconf 89' lang='lat' dir='ltr'><strong>totam</strong></span> <span class='ocrx_word' id='word_1_394' title='bbox 1751 1973 1834 1998; x_wconf 90' lang='lat' dir='ltr'><strong>rem</strong></span> <span class='ocrx_word' id='word_1_395' title='bbox 1864 1961 1904 1999; x_wconf 91' lang='lat' dir='ltr'><strong>in</strong></span> <span class='ocrx_word' id='word_1_396' title='bbox 1932 1974 2016 1999; x_wconf 91' lang='lat' dir='ltr'><strong>esse</strong></span> <span class='ocrx_word' id='word_1_397' title='bbox 2034 1962 2225 2012; x_wconf 87' lang='lat' dir='ltr'><strong>producit,</strong></span> <span class='ocrx_word' id='word_1_398' title='bbox 2254 1963 2322 1999; x_wconf 91' lang='lat' dir='ltr'><strong>sed</strong></span> <span class='ocrx_word' id='word_1_399' title='bbox 2342 1963 2468 2000; x_wconf 90' lang='lat' dir='ltr'><strong>solum</strong></span> 
     </span>
     <span class='ocr_line' id='line_1_59' title="bbox 1400 2013 2470 2064; baseline 0.001 -12"><span class='ocrx_word' id='word_1_400' title='bbox 1400 2013 1483 2052; x_wconf 88' lang='lat' dir='ltr'><strong>eius</strong></span> <span class='ocrx_word' id='word_1_401' title='bbox 1511 2015 1671 2052; x_wconf 87' lang='lat' dir='ltr'><strong>alteram</strong></span> <span class='ocrx_word' id='word_1_402' title='bbox 1698 2022 1849 2064; x_wconf 89' lang='lat' dir='ltr'><strong>partem</strong></span> <span class='ocrx_word' id='word_1_403' title='bbox 1863 2014 1894 2051; x_wconf 88' lang='lat'><strong>*.</strong></span> <span class='ocrx_word' id='word_1_404' title='bbox 1922 2014 1962 2052; x_wconf 91' lang='lat' dir='ltr'><strong>Si</strong></span> <span class='ocrx_word' id='word_1_405' title='bbox 1981 2013 2094 2063; x_wconf 86' lang='lat' dir='ltr'><strong>igitur</strong></span> <span class='ocrx_word' id='word_1_406' title='bbox 2111 2015 2219 2052; x_wconf 91' lang='lat' dir='ltr'><strong>Deus</strong></span> <span class='ocrx_word' id='word_1_407' title='bbox 2238 2015 2411 2053; x_wconf 88' lang='lat' dir='ltr'><strong>animam</strong></span> <span class='ocrx_word' id='word_1_408' title='bbox 2431 2015 2470 2053; x_wconf 91' lang='lat' dir='ltr'><strong>in</strong></span> 
     </span>
    </p>

    <p class='ocr_par' dir='ltr' id='par_1_18' title="bbox 1359 2067 2469 2171">
     <span class='ocr_line' id='line_1_60' title="bbox 1359 2067 2469 2117; baseline 0.003 -14"><span class='ocrx_word' id='word_1_409' title='bbox 1359 2088 1385 2102; x_wconf 68' lang='grc' dir='ltr'><strong>,ο</strong></span> <span class='ocrx_word' id='word_1_410' title='bbox 1399 2079 1483 2105; x_wconf 89' lang='lat' dir='ltr'><strong>esse</strong></span> <span class='ocrx_word' id='word_1_411' title='bbox 1511 2067 1754 2117; x_wconf 88' lang='lat' dir='ltr'><strong>produceret,</strong></span> <span class='ocrx_word' id='word_1_412' title='bbox 1783 2079 1927 2117; x_wconf 90' lang='lat' dir='ltr'><strong>corpus</strong></span> <span class='ocrx_word' id='word_1_413' title='bbox 1945 2080 2040 2105; x_wconf 90' lang='lat' dir='ltr'><strong>vero</strong></span> <span class='ocrx_word' id='word_1_414' title='bbox 2060 2067 2200 2105; x_wconf 90' lang='lat' dir='ltr'><strong>virtute</strong></span> <span class='ocrx_word' id='word_1_415' title='bbox 2219 2068 2377 2106; x_wconf 90' lang='lat' dir='ltr'><strong>seminis</strong></span> <span class='ocrx_word' id='word_1_416' title='bbox 2395 2069 2469 2106; x_wconf 86' lang='lat' dir='ltr'><strong>for-</strong></span> 
     </span>
     <span class='ocr_line' id='line_1_61' title="bbox 1398 2121 2469 2171; baseline 0.001 -13"><span class='ocrx_word' id='word_1_417' title='bbox 1398 2129 1580 2167; x_wconf 88' lang='lat' dir='ltr'><strong>maretur,</strong></span> <span class='ocrx_word' id='word_1_418' title='bbox 1609 2132 1711 2170; x_wconf 86' lang='lat' dir='ltr'><strong>quae</strong></span> <span class='ocrx_word' id='word_1_419' title='bbox 1730 2121 1812 2158; x_wconf 91' lang='lat' dir='ltr'><strong>duo</strong></span> <span class='ocrx_word' id='word_1_420' title='bbox 1831 2128 1921 2158; x_wconf 85' lang='lat' dir='ltr'><strong>sunt</strong></span> <span class='ocrx_word' id='word_1_421' title='bbox 1938 2128 2066 2171; x_wconf 89' lang='lat' dir='ltr'><strong>partes</strong></span> <span class='ocrx_word' id='word_1_422' title='bbox 2085 2121 2213 2167; x_wconf 82' lang='lat' dir='ltr'><strong>unius,</strong></span> <span class='ocrx_word' id='word_1_423' title='bbox 2240 2121 2379 2159; x_wconf 90' lang='lat' dir='ltr'><strong>scilicet</strong></span> <span class='ocrx_word' id='word_1_424' title='bbox 2397 2122 2469 2159; x_wconf 93' lang='lat' dir='ltr'><strong>ho-</strong></span> 
     </span>
    </p>
   </div>
   <div class='ocr_carea' id='block_1_12' title="bbox 0 940 246 3654">
    <p class='ocr_par' dir='ltr' id='par_1_19' title="bbox 0 940 246 3654">
     <span class='ocr_line' id='line_1_62' title="bbox 0 940 246 3654; baseline 0 0"><span class='ocrx_word' id='word_1_425' title='bbox 0 940 246 3654; x_wconf 95' lang='lat' dir='ltr'><strong> </strong></span> 
     </span>
    </p>
   </div>
   <div class='ocr_carea' id='block_1_13' title="bbox 262 2173 2470 3506">
    <p class='ocr_par' dir='ltr' id='par_1_20' title="bbox 262 2173 2470 3506">
     <span class='ocr_line' id='line_1_63' title="bbox 265 2173 2469 2224; baseline -0.001 -9"><span class='ocrx_word' id='word_1_426' title='bbox 265 2176 356 2215; x_wconf 88' lang='lat' dir='ltr'><strong>teris</strong></span> <span class='ocrx_word' id='word_1_427' title='bbox 374 2176 607 2214; x_wconf 85' lang='lat' dir='ltr'><strong>animalibus</strong></span> <span class='ocrx_word' id='word_1_428' title='bbox 635 2175 831 2224; x_wconf 88' lang='lat' dir='ltr'><strong>contingit.</strong></span> <span class='ocrx_word' id='word_1_429' title='bbox 861 2176 926 2212; x_wconf 88' lang='lat' dir='ltr'><strong>Illa</strong></span> <span class='ocrx_word' id='word_1_430' title='bbox 945 2182 1077 2212; x_wconf 90' lang='lat' dir='ltr'><strong>autem</strong></span> <span class='ocrx_word' id='word_1_431' title='bbox 1105 2181 1185 2211; x_wconf 90' lang='lat' dir='ltr'><strong>met</strong></span> <span class='ocrx_word' id='word_1_432' title='bbox 1212 2173 1344 2212; x_wconf 89' lang='lat' dir='ltr'><strong>anima</strong></span> <span class='ocrx_word' id='word_1_433' title='bbox 1399 2173 1526 2220; x_wconf 91' lang='lat' dir='ltr'><strong>minis,</strong></span> <span class='ocrx_word' id='word_1_434' title='bbox 1554 2173 1757 2223; x_wconf 90' lang='lat' dir='ltr'><strong>utriusque</strong></span> <span class='ocrx_word' id='word_1_435' title='bbox 1778 2174 1963 2223; x_wconf 89' lang='lat' dir='ltr'><strong>operatio,</strong></span> <span class='ocrx_word' id='word_1_436' title='bbox 1983 2174 2125 2211; x_wconf 89' lang='lat' dir='ltr'><strong>scilicet</strong></span> <span class='ocrx_word' id='word_1_437' title='bbox 2148 2174 2221 2211; x_wconf 93' lang='lat' dir='ltr'><strong>Dei</strong></span> <span class='ocrx_word' id='word_1_438' title='bbox 2240 2182 2277 2211; x_wconf 92' lang='lat' dir='ltr'><strong>et</strong></span> <span class='ocrx_word' id='word_1_439' title='bbox 2304 2174 2469 2212; x_wconf 89' lang='lat' dir='ltr'><strong>semina—</strong></span> 
     </span>
     <span class='ocr_line' id='line_1_64' title="bbox 266 2226 2469 2279; baseline -0.001 -11"><span class='ocrx_word' id='word_1_440' title='bbox 266 2229 448 2268; x_wconf 89' lang='lat' dir='ltr'><strong>sensitiva</strong></span> <span class='ocrx_word' id='word_1_441' title='bbox 467 2237 524 2267; x_wconf 89' lang='lat' dir='ltr'><strong>est</strong></span> <span class='ocrx_word' id='word_1_442' title='bbox 542 2228 582 2266; x_wconf 89' lang='lat' dir='ltr'><strong>in</strong></span> <span class='ocrx_word' id='word_1_443' title='bbox 605 2228 777 2279; x_wconf 87' lang='lat' dir='ltr'><strong>potentia</strong></span> <span class='ocrx_word' id='word_1_444' title='bbox 795 2235 838 2265; x_wconf 89' lang='lat' dir='ltr'><strong>ut</strong></span> <span class='ocrx_word' id='word_1_445' title='bbox 858 2228 903 2265; x_wconf 90' lang='lat' dir='ltr'><strong>sit</strong></span> <span class='ocrx_word' id='word_1_446' title='bbox 922 2227 1163 2274; x_wconf 86' lang='lat' dir='ltr'><strong>intellectiva,</strong></span> <span class='ocrx_word' id='word_1_447' title='bbox 1189 2227 1288 2265; x_wconf 87' lang='lat' dir='ltr'><strong>sicut</strong></span> <span class='ocrx_word' id='word_1_448' title='bbox 1307 2235 1343 2264; x_wconf 91' lang='lat' dir='ltr'><strong>et</strong></span> <span class='ocrx_word' id='word_1_449' title='bbox 1398 2226 1499 2264; x_wconf 90' lang='lat' dir='ltr'><strong>tivae</strong></span> <span class='ocrx_word' id='word_1_450' title='bbox 1528 2226 1688 2273; x_wconf 89' lang='lat' dir='ltr'><strong>virtutis,</strong></span> <span class='ocrx_word' id='word_1_451' title='bbox 1718 2227 1943 2278; x_wconf 90' lang='lat' dir='ltr'><strong>imperfecta</strong></span> <span class='ocrx_word' id='word_1_452' title='bbox 1975 2227 2182 2265; x_wconf 89' lang='lat' dir='ltr'><strong>videretur.</strong></span> <span class='ocrx_word' id='word_1_453' title='bbox 2218 2228 2338 2275; x_wconf 90' lang='lat' dir='ltr'><strong>Quod</strong></span> <span class='ocrx_word' id='word_1_454' title='bbox 2366 2235 2469 2277; x_wconf 89' lang='lat' dir='ltr'><strong>patet</strong></span> 
     </span>
     <span class='ocr_line' id='line_1_65' title="bbox 265 2280 2470 2332; baseline -0.002 -9"><span class='ocrx_word' id='word_1_455' title='bbox 265 2283 361 2323; x_wconf 86' lang='lat' dir='ltr'><strong>illud</strong></span> <span class='ocrx_word' id='word_1_456' title='bbox 379 2283 524 2321; x_wconf 84' lang='lat' dir='ltr'><strong>animal</strong></span> <span class='ocrx_word' id='word_1_457' title='bbox 538 2290 594 2320; x_wconf 88' lang='lat' dir='ltr'><strong>est</strong></span> <span class='ocrx_word' id='word_1_458' title='bbox 613 2282 653 2320; x_wconf 92' lang='lat' dir='ltr'><strong>in</strong></span> <span class='ocrx_word' id='word_1_459' title='bbox 673 2281 845 2332; x_wconf 89' lang='lat' dir='ltr'><strong>potentia</strong></span> <span class='ocrx_word' id='word_1_460' title='bbox 859 2289 902 2318; x_wconf 94' lang='lat' dir='ltr'><strong>ut</strong></span> <span class='ocrx_word' id='word_1_461' title='bbox 915 2280 963 2318; x_wconf 90' lang='lat' dir='ltr'><strong>sit</strong></span> <span class='ocrx_word' id='word_1_462' title='bbox 977 2280 1121 2318; x_wconf 88' lang='lat' dir='ltr'><strong>animal</strong></span> <span class='ocrx_word' id='word_1_463' title='bbox 1139 2280 1340 2318; x_wconf 88' lang='lat' dir='ltr'><strong>rationale:</strong></span> <span class='ocrx_word' id='word_1_464' title='bbox 1399 2292 1481 2318; x_wconf 89' lang='lat' dir='ltr'><strong>esse</strong></span> <span class='ocrx_word' id='word_1_465' title='bbox 1501 2280 1792 2318; x_wconf 88' lang='lat' dir='ltr'><strong>inconveniens.</strong></span> <span class='ocrx_word' id='word_1_466' title='bbox 1814 2281 1874 2317; x_wconf 95' lang='lat' dir='ltr'><strong>Ab</strong></span> <span class='ocrx_word' id='word_1_467' title='bbox 1894 2293 1973 2318; x_wconf 93' lang='lat' dir='ltr'><strong>una</strong></span> <span class='ocrx_word' id='word_1_468' title='bbox 2002 2280 2114 2330; x_wconf 89' lang='lat' dir='ltr'><strong>igitur</strong></span> <span class='ocrx_word' id='word_1_469' title='bbox 2131 2289 2168 2317; x_wconf 90' lang='lat' dir='ltr'><strong>et</strong></span> <span class='ocrx_word' id='word_1_470' title='bbox 2196 2281 2334 2318; x_wconf 90' lang='lat' dir='ltr'><strong>eadem</strong></span> <span class='ocrx_word' id='word_1_471' title='bbox 2353 2293 2470 2319; x_wconf 87' lang='lat' dir='ltr'><strong>causa</strong></span> 
     </span>
     <span class='ocr_line' id='line_1_66' title="bbox 265 2333 2470 2385; baseline -0.002 -10"><span class='ocrx_word' id='word_1_472' title='bbox 265 2336 338 2375; x_wconf 83' lang='lat' dir='ltr'><strong>nisi</strong></span> <span class='ocrx_word' id='word_1_473' title='bbox 361 2336 458 2375; x_wconf 90' lang='lat' dir='ltr'><strong>forte</strong></span> <span class='ocrx_word' id='word_1_474' title='bbox 485 2335 636 2374; x_wconf 85' lang='lat' dir='ltr'><strong>dicatur</strong></span> <span class='ocrx_word' id='word_1_475' title='bbox 662 2336 770 2385; x_wconf 92' lang='lat' dir='ltr'><strong>quod</strong></span> <span class='ocrx_word' id='word_1_476' title='bbox 792 2334 925 2373; x_wconf 86' lang='lat' dir='ltr'><strong>anima</strong></span> <span class='ocrx_word' id='word_1_477' title='bbox 951 2333 1180 2372; x_wconf 88' lang='lat' dir='ltr'><strong>intellectiva</strong></span> <span class='ocrx_word' id='word_1_478' title='bbox 1209 2346 1342 2383; x_wconf 89' lang='lat' dir='ltr'><strong>super·</strong></span> <span class='ocrx_word' id='word_1_479' title='bbox 1358 2353 1381 2374; x_wconf 64' lang='grc' dir='ltr'><strong>ις</strong></span> <span class='ocrx_word' id='word_1_480' title='bbox 1397 2333 1627 2384; x_wconf 90' lang='lat' dir='ltr'><strong>producitur</strong></span> <span class='ocrx_word' id='word_1_481' title='bbox 1662 2333 1794 2371; x_wconf 85' lang='lat' dir='ltr'><strong>anima</strong></span> <span class='ocrx_word' id='word_1_482' title='bbox 1831 2341 1868 2370; x_wconf 90' lang='lat' dir='ltr'><strong>et</strong></span> <span class='ocrx_word' id='word_1_483' title='bbox 1904 2346 2047 2383; x_wconf 91' lang='lat' dir='ltr'><strong>corpus</strong></span> <span class='ocrx_word' id='word_1_484' title='bbox 2085 2333 2268 2371; x_wconf 89' lang='lat' dir='ltr'><strong>hominis.</strong></span> <span class='ocrx_word' id='word_1_485' title='bbox 2309 2334 2470 2371; x_wconf 89' lang='lat' dir='ltr'><strong>Constat</strong></span> 
     </span>
     <span class='ocr_line' id='line_1_67' title="bbox 265 2386 2468 2438; baseline -0.001 -11"><span class='ocrx_word' id='word_1_486' title='bbox 265 2389 426 2428; x_wconf 88' lang='lat' dir='ltr'><strong>veniens</strong></span> <span class='ocrx_word' id='word_1_487' title='bbox 445 2389 492 2427; x_wconf 89' lang='lat' dir='ltr'><strong>sit</strong></span> <span class='ocrx_word' id='word_1_488' title='bbox 510 2388 584 2427; x_wconf 90' lang='lat' dir='ltr'><strong>alia</strong></span> <span class='ocrx_word' id='word_1_489' title='bbox 603 2389 642 2426; x_wconf 92' lang='lat' dir='ltr'><strong>in</strong></span> <span class='ocrx_word' id='word_1_490' title='bbox 657 2388 880 2435; x_wconf 89' lang='lat' dir='ltr'><strong>substantia,</strong></span> <span class='ocrx_word' id='word_1_491' title='bbox 900 2388 1009 2437; x_wconf 92' lang='lat' dir='ltr'><strong>quod</strong></span> <span class='ocrx_word' id='word_1_492' title='bbox 1029 2387 1178 2438; x_wconf 77' lang='lat' dir='ltr'><strong>supra*</strong></span> <span class='ocrx_word' id='word_1_493' title='bbox 1195 2386 1342 2437; x_wconf 88' lang='lat' dir='ltr'><strong>impro·</strong></span> <span class='ocrx_word' id='word_1_494' title='bbox 1397 2395 1529 2424; x_wconf 90' lang='lat' dir='ltr'><strong>autem</strong></span> <span class='ocrx_word' id='word_1_495' title='bbox 1557 2399 1701 2436; x_wconf 91' lang='lat' dir='ltr'><strong>corpus</strong></span> <span class='ocrx_word' id='word_1_496' title='bbox 1729 2386 1901 2424; x_wconf 88' lang='lat' dir='ltr'><strong>hominis</strong></span> <span class='ocrx_word' id='word_1_497' title='bbox 1930 2386 2094 2437; x_wconf 92' lang='lat' dir='ltr'><strong>produci</strong></span> <span class='ocrx_word' id='word_1_498' title='bbox 2123 2387 2262 2424; x_wconf 89' lang='lat' dir='ltr'><strong>virtute</strong></span> <span class='ocrx_word' id='word_1_499' title='bbox 2298 2387 2468 2424; x_wconf 90' lang='lat' dir='ltr'><strong>seminis.</strong></span> 
     </span>
     <span class='ocr_line' id='line_1_68' title="bbox 264 2440 1736 2492; baseline -0.002 -12"><span class='ocrx_word' id='word_1_500' title='bbox 264 2443 401 2481; x_wconf 90' lang='lat' dir='ltr'><strong>batum</strong></span> <span class='ocrx_word' id='word_1_501' title='bbox 429 2450 496 2480; x_wconf 90' lang='lat' dir='ltr'><strong>est.</strong></span> <span class='ocrx_word' id='word_1_502' title='bbox 526 2442 690 2479; x_wconf 91' lang='lat' dir='ltr'><strong>Videtur</strong></span> <span class='ocrx_word' id='word_1_503' title='bbox 708 2453 800 2490; x_wconf 88' lang='lat' dir='ltr'><strong>ergo</strong></span> <span class='ocrx_word' id='word_1_504' title='bbox 829 2441 938 2492; x_wconf 92' lang='lat' dir='ltr'><strong>quod</strong></span> <span class='ocrx_word' id='word_1_505' title='bbox 957 2440 1169 2478; x_wconf 89' lang='lat' dir='ltr'><strong>substantia</strong></span> <span class='ocrx_word' id='word_1_506' title='bbox 1188 2440 1341 2478; x_wconf 87' lang='lat' dir='ltr'><strong>animae</strong></span> <span class='ocrx_word' id='word_1_507' title='bbox 1398 2441 1501 2489; x_wconf 89' lang='lat' dir='ltr'><strong>Ergo</strong></span> <span class='ocrx_word' id='word_1_508' title='bbox 1530 2448 1567 2477; x_wconf 91' lang='lat' dir='ltr'><strong>et</strong></span> <span class='ocrx_word' id='word_1_509' title='bbox 1595 2440 1736 2478; x_wconf 86' lang='lat' dir='ltr'><strong>anima.</strong></span> 
     </span>
     <span class='ocr_line' id='line_1_69' title="bbox 262 2493 2467 2544; baseline -0.001 -10"><span class='ocrx_word' id='word_1_510' title='bbox 262 2496 517 2535; x_wconf 84' lang='lat' dir='ltr'><strong>intellectivae</strong></span> <span class='ocrx_word' id='word_1_511' title='bbox 550 2495 596 2532; x_wconf 88' lang='lat' dir='ltr'><strong>sit</strong></span> <span class='ocrx_word' id='word_1_512' title='bbox 633 2508 679 2533; x_wconf 88' lang='lat' dir='ltr'><strong>ex</strong></span> <span class='ocrx_word' id='word_1_513' title='bbox 714 2495 854 2532; x_wconf 90' lang='lat' dir='ltr'><strong>virtute</strong></span> <span class='ocrx_word' id='word_1_514' title='bbox 889 2506 991 2544; x_wconf 89' lang='lat' dir='ltr'><strong>quae</strong></span> <span class='ocrx_word' id='word_1_515' title='bbox 1026 2502 1083 2531; x_wconf 91' lang='lat' dir='ltr'><strong>est</strong></span> <span class='ocrx_word' id='word_1_516' title='bbox 1110 2493 1150 2531; x_wconf 91' lang='lat' dir='ltr'><strong>in</strong></span> <span class='ocrx_word' id='word_1_517' title='bbox 1179 2493 1339 2531; x_wconf 90' lang='lat' dir='ltr'><strong>semine.</strong></span> <span class='ocrx_word' id='word_1_518' title='bbox 1450 2495 1557 2530; x_wconf 91' lang='lat' dir='ltr'><strong>Item.</strong></span> <span class='ocrx_word' id='word_1_519' title='bbox 1587 2494 1630 2530; x_wconf 93' lang='lat' dir='ltr'><strong>In</strong></span> <span class='ocrx_word' id='word_1_520' title='bbox 1659 2493 1843 2530; x_wconf 88' lang='lat' dir='ltr'><strong>omnibus</strong></span> <span class='ocrx_word' id='word_1_521' title='bbox 1863 2505 1964 2542; x_wconf 91' lang='lat' dir='ltr'><strong>quae</strong></span> <span class='ocrx_word' id='word_1_522' title='bbox 1985 2501 2217 2542; x_wconf 84' lang='lat' dir='ltr'><strong>generantur</strong></span> <span class='ocrx_word' id='word_1_523' title='bbox 2236 2505 2283 2530; x_wconf 89' lang='lat' dir='ltr'><strong>ex</strong></span> <span class='ocrx_word' id='word_1_524' title='bbox 2309 2493 2467 2539; x_wconf 89' lang='lat' dir='ltr'><strong>semine,</strong></span> 
     </span>
     <span class='ocr_line' id='line_1_70' title="bbox 318 2545 2468 2597; baseline -0.001 -10"><span class='ocrx_word' id='word_1_525' title='bbox 318 2549 425 2588; x_wconf 90' lang='lat' dir='ltr'><strong>Item.</strong></span> <span class='ocrx_word' id='word_1_526' title='bbox 455 2548 610 2596; x_wconf 90' lang='lat' dir='ltr'><strong>Anima,</strong></span> <span class='ocrx_word' id='word_1_527' title='bbox 638 2561 731 2586; x_wconf 88' lang='lat' dir='ltr'><strong>curn</strong></span> <span class='ocrx_word' id='word_1_528' title='bbox 759 2548 806 2585; x_wconf 91' lang='lat' dir='ltr'><strong>sit</strong></span> <span class='ocrx_word' id='word_1_529' title='bbox 832 2548 959 2585; x_wconf 88' lang='lat' dir='ltr'><strong>forma</strong></span> <span class='ocrx_word' id='word_1_530' title='bbox 989 2547 1175 2597; x_wconf 90' lang='lat' dir='ltr'><strong>corporis,</strong></span> <span class='ocrx_word' id='word_1_531' title='bbox 1208 2547 1342 2585; x_wconf 91' lang='lat' dir='ltr'><strong>unitur</strong></span> <span class='ocrx_word' id='word_1_532' title='bbox 1396 2558 1535 2584; x_wconf 90' lang='lat' dir='ltr'><strong>omnes</strong></span> <span class='ocrx_word' id='word_1_533' title='bbox 1566 2553 1694 2596; x_wconf 87' lang='lat' dir='ltr'><strong>partes</strong></span> <span class='ocrx_word' id='word_1_534' title='bbox 1730 2545 1785 2583; x_wconf 90' lang='lat' dir='ltr'><strong>rei</strong></span> <span class='ocrx_word' id='word_1_535' title='bbox 1821 2554 2023 2594; x_wconf 89' lang='lat' dir='ltr'><strong>generatae</strong></span> <span class='ocrx_word' id='word_1_536' title='bbox 2060 2545 2176 2583; x_wconf 92' lang='lat' dir='ltr'><strong>simul</strong></span> <span class='ocrx_word' id='word_1_537' title='bbox 2213 2547 2468 2595; x_wconf 88' lang='lat' dir='ltr'><strong>comprehen-</strong></span> 
     </span>
     <span class='ocr_line' id='line_1_71' title="bbox 265 2598 2467 2653; baseline -0.001 -13"><span class='ocrx_word' id='word_1_538' title='bbox 265 2603 419 2653; x_wconf 91' lang='lat' dir='ltr'><strong>corpori</strong></span> <span class='ocrx_word' id='word_1_539' title='bbox 448 2602 669 2640; x_wconf 86' lang='lat' dir='ltr'><strong>secundum</strong></span> <span class='ocrx_word' id='word_1_540' title='bbox 697 2614 813 2639; x_wconf 92' lang='lat' dir='ltr'><strong>suum</strong></span> <span class='ocrx_word' id='word_1_541' title='bbox 844 2613 938 2638; x_wconf 89' lang='lat' dir='ltr'><strong>esse.</strong></span> <span class='ocrx_word' id='word_1_542' title='bbox 970 2601 1048 2638; x_wconf 91' lang='lat' dir='ltr'><strong>Sed</strong></span> <span class='ocrx_word' id='word_1_543' title='bbox 1077 2601 1126 2638; x_wconf 90' lang='lat' dir='ltr'><strong>ad</strong></span> <span class='ocrx_word' id='word_1_544' title='bbox 1164 2612 1211 2638; x_wconf 89' lang='lat' dir='ltr'><strong>ea</strong></span> <span class='ocrx_word' id='word_1_545' title='bbox 1238 2613 1339 2650; x_wconf 89' lang='lat' dir='ltr'><strong>quae</strong></span> <span class='ocrx_word' id='word_1_546' title='bbox 1356 2617 1381 2636; x_wconf 59' lang='grc' dir='ltr'><strong>το</strong></span> <span class='ocrx_word' id='word_1_547' title='bbox 1395 2600 1542 2636; x_wconf 81' lang='lat' dir='ltr'><strong>duntur</strong></span> <span class='ocrx_word' id='word_1_548' title='bbox 1568 2599 1709 2636; x_wconf 89' lang='lat' dir='ltr'><strong>virtute</strong></span> <span class='ocrx_word' id='word_1_549' title='bbox 1737 2599 1777 2635; x_wconf 92' lang='lat' dir='ltr'><strong>in</strong></span> <span class='ocrx_word' id='word_1_550' title='bbox 1806 2598 1965 2645; x_wconf 89' lang='lat' dir='ltr'><strong>semine,</strong></span> <span class='ocrx_word' id='word_1_551' title='bbox 1994 2598 2079 2636; x_wconf 89' lang='lat' dir='ltr'><strong>licet</strong></span> <span class='ocrx_word' id='word_1_552' title='bbox 2111 2607 2200 2636; x_wconf 89' lang='lat' dir='ltr'><strong>actu</strong></span> <span class='ocrx_word' id='word_1_553' title='bbox 2235 2611 2316 2636; x_wconf 90' lang='lat' dir='ltr'><strong>non</strong></span> <span class='ocrx_word' id='word_1_554' title='bbox 2350 2611 2467 2649; x_wconf 91' lang='lat' dir='ltr'><strong>appa-</strong></span> 
     </span>
     <span class='ocr_line' id='line_1_72' title="bbox 265 2653 2468 2702; baseline -0.002 -8"><span class='ocrx_word' id='word_1_555' title='bbox 265 2664 356 2694; x_wconf 90' lang='lat' dir='ltr'><strong>sunt</strong></span> <span class='ocrx_word' id='word_1_556' title='bbox 381 2667 510 2693; x_wconf 91' lang='lat' dir='ltr'><strong>unum</strong></span> <span class='ocrx_word' id='word_1_557' title='bbox 538 2655 758 2693; x_wconf 87' lang='lat' dir='ltr'><strong>secundum</strong></span> <span class='ocrx_word' id='word_1_558' title='bbox 777 2667 872 2701; x_wconf 90' lang='lat' dir='ltr'><strong>esse,</strong></span> <span class='ocrx_word' id='word_1_559' title='bbox 892 2654 1122 2692; x_wconf 89' lang='lat' dir='ltr'><strong>terminatur</strong></span> <span class='ocrx_word' id='word_1_560' title='bbox 1140 2665 1221 2691; x_wconf 90' lang='lat' dir='ltr'><strong>una</strong></span> <span class='ocrx_word' id='word_1_561' title='bbox 1239 2653 1338 2691; x_wconf 88' lang='lat' dir='ltr'><strong>actio</strong></span> <span class='ocrx_word' id='word_1_562' title='bbox 1395 2660 1519 2690; x_wconf 86' lang='lat' dir='ltr'><strong>reant:</strong></span> <span class='ocrx_word' id='word_1_563' title='bbox 1562 2654 1654 2689; x_wconf 85' lang='lat' dir='ltr'><strong>sicut</strong></span> <span class='ocrx_word' id='word_1_564' title='bbox 1688 2653 1855 2689; x_wconf 81' lang='lat' dir='ltr'><strong>videmus</strong></span> <span class='ocrx_word' id='word_1_565' title='bbox 1889 2654 1926 2689; x_wconf 90' lang='lat' dir='ltr'><strong>in</strong></span> <span class='ocrx_word' id='word_1_566' title='bbox 1962 2654 2094 2698; x_wconf 77' lang='lat' dir='ltr'><strong>tritico,</strong></span> <span class='ocrx_word' id='word_1_567' title='bbox 2134 2658 2198 2689; x_wconf 87' lang='lat' dir='ltr'><strong>aut</strong></span> <span class='ocrx_word' id='word_1_568' title='bbox 2234 2654 2271 2688; x_wconf 91' lang='lat' dir='ltr'><strong>in</strong></span> <span class='ocrx_word' id='word_1_569' title='bbox 2310 2653 2468 2702; x_wconf 82' lang='lat' dir='ltr'><strong>quolibet</strong></span> 
     </span>
     <span class='ocr_line' id='line_1_73' title="bbox 265 2705 2467 2759; baseline -0.003 -12"><span class='ocrx_word' id='word_1_570' title='bbox 265 2718 302 2748; x_wconf 93' lang='lat' dir='ltr'><strong>et</strong></span> <span class='ocrx_word' id='word_1_571' title='bbox 329 2709 447 2747; x_wconf 88' lang='lat' dir='ltr'><strong>unius</strong></span> <span class='ocrx_word' id='word_1_572' title='bbox 465 2709 625 2759; x_wconf 86' lang='lat' dir='ltr'><strong>agentis:</strong></span> <span class='ocrx_word' id='word_1_573' title='bbox 656 2708 687 2746; x_wconf 92' lang='lat' dir='ltr'><strong>si</strong></span> <span class='ocrx_word' id='word_1_574' title='bbox 715 2708 822 2746; x_wconf 91' lang='lat' dir='ltr'><strong>enim</strong></span> <span class='ocrx_word' id='word_1_575' title='bbox 841 2715 931 2745; x_wconf 90' lang='lat' dir='ltr'><strong>sunt</strong></span> <span class='ocrx_word' id='word_1_576' title='bbox 950 2707 1103 2744; x_wconf 87' lang='lat' dir='ltr'><strong>diversa</strong></span> <span class='ocrx_word' id='word_1_577' title='bbox 1122 2705 1282 2755; x_wconf 90' lang='lat' dir='ltr'><strong>agentia,</strong></span> <span class='ocrx_word' id='word_1_578' title='bbox 1302 2714 1340 2743; x_wconf 90' lang='lat' dir='ltr'><strong>et</strong></span> <span class='ocrx_word' id='word_1_579' title='bbox 1394 2706 1470 2743; x_wconf 87' lang='lat' dir='ltr'><strong>alio</strong></span> <span class='ocrx_word' id='word_1_580' title='bbox 1496 2707 1648 2751; x_wconf 83' lang='lat' dir='ltr'><strong>semine,</strong></span> <span class='ocrx_word' id='word_1_581' title='bbox 1679 2705 1779 2754; x_wconf 85' lang='lat' dir='ltr'><strong>quod</strong></span> <span class='ocrx_word' id='word_1_582' title='bbox 1804 2706 1920 2742; x_wconf 83' lang='lat' dir='ltr'><strong>herba</strong></span> <span class='ocrx_word' id='word_1_583' title='bbox 1947 2711 1981 2742; x_wconf 86' lang='lat' dir='ltr'><strong>et</strong></span> <span class='ocrx_word' id='word_1_584' title='bbox 2008 2706 2152 2742; x_wconf 83' lang='lat' dir='ltr'><strong>culmus</strong></span> <span class='ocrx_word' id='word_1_585' title='bbox 2187 2711 2221 2741; x_wconf 87' lang='lat' dir='ltr'><strong>et</strong></span> <span class='ocrx_word' id='word_1_586' title='bbox 2257 2706 2467 2742; x_wconf 84' lang='lat' dir='ltr'><strong>internodia</strong></span> 
     </span>
     <span class='ocr_line' id='line_1_74' title="bbox 263 2758 2464 2814; baseline -0.003 -13"><span class='ocrx_word' id='word_1_587' title='bbox 263 2775 335 2814; x_wconf 91' lang='lat' dir='ltr'><strong>per</strong></span> <span class='ocrx_word' id='word_1_588' title='bbox 362 2774 607 2812; x_wconf 89' lang='lat' dir='ltr'><strong>consequens</strong></span> <span class='ocrx_word' id='word_1_589' title='bbox 626 2761 803 2799; x_wconf 88' lang='lat' dir='ltr'><strong>diversae</strong></span> <span class='ocrx_word' id='word_1_590' title='bbox 824 2760 1006 2807; x_wconf 90' lang='lat' dir='ltr'><strong>actiones,</strong></span> <span class='ocrx_word' id='word_1_591' title='bbox 1027 2767 1211 2810; x_wconf 90' lang='lat' dir='ltr'><strong>sequetur</strong></span> <span class='ocrx_word' id='word_1_592' title='bbox 1229 2760 1338 2809; x_wconf 90' lang='lat' dir='ltr'><strong>quod</strong></span> <span class='ocrx_word' id='word_1_593' title='bbox 1394 2765 1427 2795; x_wconf 89' lang='lat' dir='ltr'><strong>et</strong></span> <span class='ocrx_word' id='word_1_594' title='bbox 1450 2760 1597 2806; x_wconf 85' lang='lat' dir='ltr'><strong>fructus</strong></span> <span class='ocrx_word' id='word_1_595' title='bbox 1624 2764 1658 2795; x_wconf 87' lang='lat' dir='ltr'><strong>et</strong></span> <span class='ocrx_word' id='word_1_596' title='bbox 1685 2760 1823 2795; x_wconf 84' lang='lat' dir='ltr'><strong>aristae</strong></span> <span class='ocrx_word' id='word_1_597' title='bbox 1855 2760 1989 2796; x_wconf 78' lang='lat' dir='ltr'><strong>virtute</strong></span> <span class='ocrx_word' id='word_1_598' title='bbox 2025 2758 2391 2807; x_wconf 80' lang='lat' dir='ltr'><strong>comprehenduntur</strong></span> <span class='ocrx_word' id='word_1_599' title='bbox 2427 2760 2464 2795; x_wconf 86' lang='lat' dir='ltr'><strong>in</strong></span> 
     </span>
     <span class='ocr_line' id='line_1_75' title="bbox 265 2811 2467 2863; baseline -0.003 -9"><span class='ocrx_word' id='word_1_600' title='bbox 265 2816 341 2854; x_wconf 89' lang='lat' dir='ltr'><strong>sint</strong></span> <span class='ocrx_word' id='word_1_601' title='bbox 367 2816 465 2854; x_wconf 89' lang='lat' dir='ltr'><strong>facta</strong></span> <span class='ocrx_word' id='word_1_602' title='bbox 492 2815 646 2853; x_wconf 82' lang='lat' dir='ltr'><strong>diversa</strong></span> <span class='ocrx_word' id='word_1_603' title='bbox 674 2814 894 2852; x_wconf 90' lang='lat' dir='ltr'><strong>secundum</strong></span> <span class='ocrx_word' id='word_1_604' title='bbox 914 2826 1008 2851; x_wconf 89' lang='lat' dir='ltr'><strong>esse.</strong></span> <span class='ocrx_word' id='word_1_605' title='bbox 1035 2813 1199 2863; x_wconf 90' lang='lat' dir='ltr'><strong>Oportet</strong></span> <span class='ocrx_word' id='word_1_606' title='bbox 1226 2812 1339 2861; x_wconf 90' lang='lat' dir='ltr'><strong>igitur</strong></span> <span class='ocrx_word' id='word_1_607' title='bbox 1387 2813 1516 2862; x_wconf 86' lang='lat' dir='ltr'><strong>primo</strong></span> <span class='ocrx_word' id='word_1_608' title='bbox 1556 2812 1709 2858; x_wconf 86' lang='lat' dir='ltr'><strong>semine,</strong></span> <span class='ocrx_word' id='word_1_609' title='bbox 1752 2817 1786 2848; x_wconf 88' lang='lat' dir='ltr'><strong>et</strong></span> <span class='ocrx_word' id='word_1_610' title='bbox 1820 2817 1951 2861; x_wconf 82' lang='lat' dir='ltr'><strong>postea</strong></span> <span class='ocrx_word' id='word_1_611' title='bbox 1991 2811 2228 2862; x_wconf 81' lang='lat' dir='ltr'><strong>protenditur</strong></span> <span class='ocrx_word' id='word_1_612' title='bbox 2266 2823 2390 2848; x_wconf 85' lang='lat' dir='ltr'><strong>semen</strong></span> <span class='ocrx_word' id='word_1_613' title='bbox 2433 2818 2467 2848; x_wconf 90' lang='lat' dir='ltr'><strong>et</strong></span> 
     </span>
     <span class='ocr_line' id='line_1_76' title="bbox 265 2864 2464 2918; baseline -0.003 -11"><span class='ocrx_word' id='word_1_614' title='bbox 265 2869 382 2908; x_wconf 91' lang='lat' dir='ltr'><strong>unius</strong></span> <span class='ocrx_word' id='word_1_615' title='bbox 410 2868 555 2918; x_wconf 85' lang='lat' dir='ltr'><strong>agentis</strong></span> <span class='ocrx_word' id='word_1_616' title='bbox 583 2880 706 2906; x_wconf 90' lang='lat' dir='ltr'><strong>unam</strong></span> <span class='ocrx_word' id='word_1_617' title='bbox 734 2867 928 2906; x_wconf 89' lang='lat' dir='ltr'><strong>actionem</strong></span> <span class='ocrx_word' id='word_1_618' title='bbox 955 2865 1153 2904; x_wconf 87' lang='lat' dir='ltr'><strong>terminari</strong></span> <span class='ocrx_word' id='word_1_619' title='bbox 1176 2865 1226 2903; x_wconf 89' lang='lat' dir='ltr'><strong>ad</strong></span> <span class='ocrx_word' id='word_1_620' title='bbox 1254 2878 1338 2904; x_wconf 90' lang='lat' dir='ltr'><strong>esse</strong></span> <span class='ocrx_word' id='word_1_621' title='bbox 1354 2881 1376 2901; x_wconf 67' lang='grc' dir='ltr'>π</span> <span class='ocrx_word' id='word_1_622' title='bbox 1393 2865 1617 2910; x_wconf 86' lang='lat' dir='ltr'><strong>declaratur,</strong></span> <span class='ocrx_word' id='word_1_623' title='bbox 1648 2865 1810 2914; x_wconf 86' lang='lat' dir='ltr'><strong>quadam</strong></span> <span class='ocrx_word' id='word_1_624' title='bbox 1839 2866 2099 2914; x_wconf 86' lang='lat' dir='ltr'><strong>consequentia</strong></span> <span class='ocrx_word' id='word_1_625' title='bbox 2121 2864 2295 2910; x_wconf 86' lang='lat' dir='ltr'><strong>naturali,</strong></span> <span class='ocrx_word' id='word_1_626' title='bbox 2315 2865 2366 2901; x_wconf 84' lang='lat' dir='ltr'><strong>ad</strong></span> <span class='ocrx_word' id='word_1_627' title='bbox 2376 2876 2464 2913; x_wconf 86' lang='lat' dir='ltr'><strong>per-</strong></span> 
     </span>
     <span class='ocr_line' id='line_1_77' title="bbox 265 2917 2462 2971; baseline -0.003 -11"><span class='ocrx_word' id='word_1_628' title='bbox 265 2923 419 2961; x_wconf 88' lang='lat' dir='ltr'><strong>animae</strong></span> <span class='ocrx_word' id='word_1_629' title='bbox 447 2930 484 2960; x_wconf 90' lang='lat' dir='ltr'><strong>et</strong></span> <span class='ocrx_word' id='word_1_630' title='bbox 512 2921 696 2971; x_wconf 89' lang='lat' dir='ltr'><strong>corporis.</strong></span> <span class='ocrx_word' id='word_1_631' title='bbox 728 2921 888 2958; x_wconf 91' lang='lat' dir='ltr'><strong>Constat</strong></span> <span class='ocrx_word' id='word_1_632' title='bbox 915 2928 1047 2958; x_wconf 91' lang='lat' dir='ltr'><strong>autem</strong></span> <span class='ocrx_word' id='word_1_633' title='bbox 1067 2919 1175 2969; x_wconf 91' lang='lat' dir='ltr'><strong>quod</strong></span> <span class='ocrx_word' id='word_1_634' title='bbox 1194 2931 1338 2969; x_wconf 90' lang='lat' dir='ltr'><strong>corpus</strong></span> <span class='ocrx_word' id='word_1_635' title='bbox 1382 2919 1602 2967; x_wconf 83' lang='lat' dir='ltr'><strong>sectionem,</strong></span> <span class='ocrx_word' id='word_1_636' title='bbox 1639 2929 1714 2954; x_wconf 88' lang='lat' dir='ltr'><strong>non</strong></span> <span class='ocrx_word' id='word_1_637' title='bbox 1752 2930 1944 2954; x_wconf 80' lang='lat' dir='ltr'><strong>assumens</strong></span> <span class='ocrx_word' id='word_1_638' title='bbox 1980 2918 2122 2967; x_wconf 83' lang='lat' dir='ltr'><strong>aliquid</strong></span> <span class='ocrx_word' id='word_1_639' title='bbox 2156 2918 2403 2954; x_wconf 85' lang='lat' dir='ltr'><strong>extrinsecum</strong></span> <span class='ocrx_word' id='word_1_640' title='bbox 2431 2917 2462 2953; x_wconf 82' lang='grc'><strong>*.</strong></span> 
     </span>
     <span class='ocr_line' id='line_1_78' title="bbox 265 2969 2463 3026; baseline -0.004 -12"><span class='ocrx_word' id='word_1_641' title='bbox 265 2976 308 3014; x_wconf 85' lang='lat' dir='ltr'><strong>fit</strong></span> <span class='ocrx_word' id='word_1_642' title='bbox 326 2988 397 3026; x_wconf 91' lang='lat' dir='ltr'><strong>per</strong></span> <span class='ocrx_word' id='word_1_643' title='bbox 415 2975 608 3013; x_wconf 89' lang='lat' dir='ltr'><strong>actionem</strong></span> <span class='ocrx_word' id='word_1_644' title='bbox 627 2973 778 3012; x_wconf 89' lang='lat' dir='ltr'><strong>virtutis</strong></span> <span class='ocrx_word' id='word_1_645' title='bbox 797 2985 898 3023; x_wconf 91' lang='lat' dir='ltr'><strong>quae</strong></span> <span class='ocrx_word' id='word_1_646' title='bbox 918 2981 974 3011; x_wconf 90' lang='lat' dir='ltr'><strong>est</strong></span> <span class='ocrx_word' id='word_1_647' title='bbox 993 2972 1033 3010; x_wconf 94' lang='lat' dir='ltr'><strong>in</strong></span> <span class='ocrx_word' id='word_1_648' title='bbox 1052 2972 1212 3010; x_wconf 89' lang='lat' dir='ltr'><strong>semine.</strong></span> <span class='ocrx_word' id='word_1_649' title='bbox 1234 2973 1338 3021; x_wconf 87' lang='lat' dir='ltr'><strong>Ergo</strong></span> <span class='ocrx_word' id='word_1_650' title='bbox 1393 2971 1554 3008; x_wconf 87' lang='lat' dir='ltr'><strong>Constat</strong></span> <span class='ocrx_word' id='word_1_651' title='bbox 1581 2978 1713 3008; x_wconf 88' lang='lat' dir='ltr'><strong>autem</strong></span> <span class='ocrx_word' id='word_1_652' title='bbox 1741 2970 1914 3007; x_wconf 87' lang='lat' dir='ltr'><strong>animam</strong></span> <span class='ocrx_word' id='word_1_653' title='bbox 1935 2982 2018 3007; x_wconf 91' lang='lat' dir='ltr'><strong>esse</strong></span> <span class='ocrx_word' id='word_1_654' title='bbox 2036 2978 2186 3020; x_wconf 87' lang='lat' dir='ltr'><strong>partem</strong></span> <span class='ocrx_word' id='word_1_655' title='bbox 2214 2969 2395 3006; x_wconf 92' lang='lat' dir='ltr'><strong>hominis.</strong></span> <span class='ocrx_word' id='word_1_656' title='bbox 2421 2971 2463 3006; x_wconf 92' lang='lat' dir='ltr'><strong>In</strong></span> 
     </span>
     <span class='ocr_line' id='line_1_79' title="bbox 265 3022 2464 3077; baseline -0.004 -10"><span class='ocrx_word' id='word_1_657' title='bbox 265 3038 302 3068; x_wconf 91' lang='lat' dir='ltr'><strong>et</strong></span> <span class='ocrx_word' id='word_1_658' title='bbox 329 3030 379 3067; x_wconf 89' lang='lat' dir='ltr'><strong>ab</strong></span> <span class='ocrx_word' id='word_1_659' title='bbox 407 3029 546 3067; x_wconf 89' lang='lat' dir='ltr'><strong>eadem</strong></span> <span class='ocrx_word' id='word_1_660' title='bbox 575 3036 631 3065; x_wconf 91' lang='lat' dir='ltr'><strong>est</strong></span> <span class='ocrx_word' id='word_1_661' title='bbox 659 3027 800 3074; x_wconf 87' lang='lat' dir='ltr'><strong>anima,</strong></span> <span class='ocrx_word' id='word_1_662' title='bbox 830 3039 931 3077; x_wconf 91' lang='lat' dir='ltr'><strong>quae</strong></span> <span class='ocrx_word' id='word_1_663' title='bbox 951 3034 1007 3063; x_wconf 89' lang='lat' dir='ltr'><strong>est</strong></span> <span class='ocrx_word' id='word_1_664' title='bbox 1034 3026 1117 3063; x_wconf 91' lang='lat' dir='ltr'><strong>eius</strong></span> <span class='ocrx_word' id='word_1_665' title='bbox 1145 3025 1280 3072; x_wconf 90' lang='lat' dir='ltr'><strong>forma,</strong></span> <span class='ocrx_word' id='word_1_666' title='bbox 1302 3033 1338 3062; x_wconf 90' lang='lat' dir='ltr'><strong>et</strong></span> <span class='ocrx_word' id='word_1_667' title='bbox 1393 3023 1541 3061; x_wconf 89' lang='lat' dir='ltr'><strong>semine</strong></span> <span class='ocrx_word' id='word_1_668' title='bbox 1569 3023 1682 3073; x_wconf 89' lang='lat' dir='ltr'><strong>igitur</strong></span> <span class='ocrx_word' id='word_1_669' title='bbox 1709 3023 1879 3060; x_wconf 90' lang='lat' dir='ltr'><strong>hominis</strong></span> <span class='ocrx_word' id='word_1_670' title='bbox 1914 3023 2052 3061; x_wconf 88' lang='lat' dir='ltr'><strong>virtute</strong></span> <span class='ocrx_word' id='word_1_671' title='bbox 2087 3023 2304 3060; x_wconf 89' lang='lat' dir='ltr'><strong>continetur</strong></span> <span class='ocrx_word' id='word_1_672' title='bbox 2334 3022 2464 3060; x_wconf 88' lang='lat' dir='ltr'><strong>anima</strong></span> 
     </span>
     <span class='ocr_line' id='line_1_80' title="bbox 265 3075 2463 3131; baseline -0.004 -10"><span class='ocrx_word' id='word_1_673' title='bbox 265 3095 346 3121; x_wconf 93' lang='lat' dir='ltr'><strong>non</strong></span> <span class='ocrx_word' id='word_1_674' title='bbox 375 3083 424 3120; x_wconf 90' lang='lat' dir='ltr'><strong>ab</strong></span> <span class='ocrx_word' id='word_1_675' title='bbox 453 3089 588 3131; x_wconf 87' lang='lat' dir='ltr'><strong>agente</strong></span> <span class='ocrx_word' id='word_1_676' title='bbox 617 3087 806 3131; x_wconf 86' lang='lat' dir='ltr'><strong>separato.</strong></span> <span class='ocrx_word' id='word_1_677' title='bbox 1392 3079 1578 3123; x_wconf 87' lang='lat' dir='ltr'><strong>humana,</strong></span> <span class='ocrx_word' id='word_1_678' title='bbox 1608 3089 1689 3114; x_wconf 90' lang='lat' dir='ltr'><strong>non</strong></span> <span class='ocrx_word' id='word_1_679' title='bbox 1725 3084 1856 3114; x_wconf 88' lang='lat' dir='ltr'><strong>autem</strong></span> <span class='ocrx_word' id='word_1_680' title='bbox 1894 3089 1940 3113; x_wconf 87' lang='lat' dir='ltr'><strong>ex</strong></span> <span class='ocrx_word' id='word_1_681' title='bbox 1975 3076 2103 3126; x_wconf 83' lang='lat' dir='ltr'><strong>aliqu&#39;a</strong></span> <span class='ocrx_word' id='word_1_682' title='bbox 2138 3075 2313 3113; x_wconf 86' lang='lat' dir='ltr'><strong>exteriori</strong></span> <span class='ocrx_word' id='word_1_683' title='bbox 2348 3087 2463 3113; x_wconf 89' lang='lat' dir='ltr'><strong>causa</strong></span> 
     </span>
     <span class='ocr_line' id='line_1_81' title="bbox 320 3128 1784 3185; baseline -0.005 -12"><span class='ocrx_word' id='word_1_684' title='bbox 320 3135 509 3185; x_wconf 90' lang='lat' dir='ltr'><strong>Amplius.</strong></span> <span class='ocrx_word' id='word_1_685' title='bbox 539 3135 674 3172; x_wconf 92' lang='lat' dir='ltr'><strong>Homo</strong></span> <span class='ocrx_word' id='word_1_686' title='bbox 701 3141 858 3182; x_wconf 87' lang='lat' dir='ltr'><strong>generat</strong></span> <span class='ocrx_word' id='word_1_687' title='bbox 877 3132 948 3170; x_wconf 91' lang='lat' dir='ltr'><strong>sibi</strong></span> <span class='ocrx_word' id='word_1_688' title='bbox 976 3131 1100 3170; x_wconf 89' lang='lat' dir='ltr'><strong>simile</strong></span> <span class='ocrx_word' id='word_1_689' title='bbox 1118 3132 1338 3170; x_wconf 87' lang='lat' dir='ltr'><strong>secundum</strong></span> <span class='ocrx_word' id='word_1_690' title='bbox 1351 3150 1379 3172; x_wconf 75' lang='lat'><strong>40</strong></span> <span class='ocrx_word' id='word_1_691' title='bbox 1390 3129 1628 3180; x_wconf 91' lang='lat' dir='ltr'><strong>principium</strong></span> <span class='ocrx_word' id='word_1_692' title='bbox 1655 3128 1784 3167; x_wconf 86' lang='lat' dir='ltr'><strong>sumit.</strong></span> 
     </span>
     <span class='ocr_line' id='line_1_82' title="bbox 265 3181 2463 3240; baseline -0.005 -13"><span class='ocrx_word' id='word_1_693' title='bbox 265 3189 435 3240; x_wconf 90' lang='lat' dir='ltr'><strong>speciem</strong></span> <span class='ocrx_word' id='word_1_694' title='bbox 454 3201 524 3239; x_wconf 92' lang='lat' dir='ltr'><strong>per</strong></span> <span class='ocrx_word' id='word_1_695' title='bbox 542 3187 726 3225; x_wconf 88' lang='lat' dir='ltr'><strong>virtutem</strong></span> <span class='ocrx_word' id='word_1_696' title='bbox 744 3198 846 3236; x_wconf 88' lang='lat' dir='ltr'><strong>quae</strong></span> <span class='ocrx_word' id='word_1_697' title='bbox 875 3193 931 3224; x_wconf 91' lang='lat' dir='ltr'><strong>est</strong></span> <span class='ocrx_word' id='word_1_698' title='bbox 949 3185 989 3222; x_wconf 92' lang='lat' dir='ltr'><strong>in</strong></span> <span class='ocrx_word' id='word_1_699' title='bbox 1017 3184 1165 3222; x_wconf 91' lang='lat' dir='ltr'><strong>semine</strong></span> <span class='ocrx_word' id='word_1_700' title='bbox 1193 3184 1335 3222; x_wconf 89' lang='lat' dir='ltr'><strong>deciso.</strong></span> <span class='ocrx_word' id='word_1_701' title='bbox 1446 3183 1636 3233; x_wconf 90' lang='lat' dir='ltr'><strong>Amplius.</strong></span> <span class='ocrx_word' id='word_1_702' title='bbox 1667 3184 1818 3220; x_wconf 91' lang='lat' dir='ltr'><strong>Eorum</strong></span> <span class='ocrx_word' id='word_1_703' title='bbox 1837 3194 2009 3231; x_wconf 90' lang='lat' dir='ltr'><strong>quorum</strong></span> <span class='ocrx_word' id='word_1_704' title='bbox 2028 3181 2223 3219; x_wconf 90' lang='lat' dir='ltr'><strong>invenitur</strong></span> <span class='ocrx_word' id='word_1_705' title='bbox 2247 3181 2351 3219; x_wconf 91' lang='lat' dir='ltr'><strong>idem</strong></span> <span class='ocrx_word' id='word_1_706' title='bbox 2374 3192 2463 3230; x_wconf 93' lang='lat' dir='ltr'><strong>pro-</strong></span> 
     </span>
     <span class='ocr_line' id='line_1_83' title="bbox 265 3233 2463 3290; baseline -0.005 -9"><span class='ocrx_word' id='word_1_707' title='bbox 265 3244 397 3281; x_wconf 91' lang='lat' dir='ltr'><strong>Omne</strong></span> <span class='ocrx_word' id='word_1_708' title='bbox 415 3249 548 3280; x_wconf 90' lang='lat' dir='ltr'><strong>autem</strong></span> <span class='ocrx_word' id='word_1_709' title='bbox 567 3253 684 3290; x_wconf 88' lang='lat' dir='ltr'><strong>agens</strong></span> <span class='ocrx_word' id='word_1_710' title='bbox 702 3240 919 3278; x_wconf 90' lang='lat' dir='ltr'><strong>univocum</strong></span> <span class='ocrx_word' id='word_1_711' title='bbox 937 3245 1094 3287; x_wconf 85' lang='lat' dir='ltr'><strong>generat</strong></span> <span class='ocrx_word' id='word_1_712' title='bbox 1115 3237 1187 3276; x_wconf 91' lang='lat' dir='ltr'><strong>sibi</strong></span> <span class='ocrx_word' id='word_1_713' title='bbox 1215 3237 1339 3276; x_wconf 88' lang='lat' dir='ltr'><strong>simile</strong></span> <span class='ocrx_word' id='word_1_714' title='bbox 1393 3249 1525 3274; x_wconf 89' lang='lat' dir='ltr'><strong>cessus</strong></span> <span class='ocrx_word' id='word_1_715' title='bbox 1557 3244 1594 3274; x_wconf 89' lang='lat' dir='ltr'><strong>et</strong></span> <span class='ocrx_word' id='word_1_716' title='bbox 1624 3235 1827 3281; x_wconf 89' lang='lat' dir='ltr'><strong>terminus,</strong></span> <span class='ocrx_word' id='word_1_717' title='bbox 1866 3242 2017 3285; x_wconf 91' lang='lat' dir='ltr'><strong>oportet</strong></span> <span class='ocrx_word' id='word_1_718' title='bbox 2053 3247 2136 3272; x_wconf 90' lang='lat' dir='ltr'><strong>esse</strong></span> <span class='ocrx_word' id='word_1_719' title='bbox 2171 3234 2276 3271; x_wconf 89' lang='lat' dir='ltr'><strong>idem</strong></span> <span class='ocrx_word' id='word_1_720' title='bbox 2309 3233 2463 3282; x_wconf 90' lang='lat' dir='ltr'><strong>originis</strong></span> 
     </span>
     <span class='ocr_line' id='line_1_84' title="bbox 264 3287 2463 3346; baseline -0.005 -12"><span class='ocrx_word' id='word_1_721' title='bbox 264 3296 305 3334; x_wconf 88' lang='lat' dir='ltr'><strong>in</strong></span> <span class='ocrx_word' id='word_1_722' title='bbox 333 3295 461 3346; x_wconf 91' lang='lat' dir='ltr'><strong>specie</strong></span> <span class='ocrx_word' id='word_1_723' title='bbox 489 3307 560 3345; x_wconf 92' lang='lat' dir='ltr'><strong>per</strong></span> <span class='ocrx_word' id='word_1_724' title='bbox 586 3296 663 3332; x_wconf 91' lang='lat' dir='ltr'><strong>hoc</strong></span> <span class='ocrx_word' id='word_1_725' title='bbox 682 3294 790 3343; x_wconf 92' lang='lat' dir='ltr'><strong>quod</strong></span> <span class='ocrx_word' id='word_1_726' title='bbox 814 3300 945 3331; x_wconf 89' lang='lat' dir='ltr'><strong>causat</strong></span> <span class='ocrx_word' id='word_1_727' title='bbox 969 3292 1137 3328; x_wconf 86' lang='lat' dir='ltr'><strong>formam</strong></span> <span class='ocrx_word' id='word_1_728' title='bbox 1157 3290 1337 3339; x_wconf 87' lang='lat' dir='ltr'><strong>generati,</strong></span> <span class='ocrx_word' id='word_1_729' title='bbox 1392 3289 1640 3340; x_wconf 89' lang='lat' dir='ltr'><strong>principium.</strong></span> <span class='ocrx_word' id='word_1_730' title='bbox 1658 3288 1735 3326; x_wconf 91' lang='lat' dir='ltr'><strong>Sed</strong></span> <span class='ocrx_word' id='word_1_731' title='bbox 1754 3288 1792 3326; x_wconf 92' lang='lat' dir='ltr'><strong>in</strong></span> <span class='ocrx_word' id='word_1_732' title='bbox 1806 3288 2052 3336; x_wconf 90' lang='lat' dir='ltr'><strong>generatione</strong></span> <span class='ocrx_word' id='word_1_733' title='bbox 2067 3287 2237 3325; x_wconf 88' lang='lat' dir='ltr'><strong>hominis</strong></span> <span class='ocrx_word' id='word_1_734' title='bbox 2255 3287 2360 3324; x_wconf 91' lang='lat' dir='ltr'><strong>idem</strong></span> <span class='ocrx_word' id='word_1_735' title='bbox 2374 3299 2463 3336; x_wconf 92' lang='lat' dir='ltr'><strong>pro-</strong></span> 
     </span>
     <span class='ocr_line' id='line_1_85' title="bbox 264 3339 2463 3399; baseline -0.005 -11"><span class='ocrx_word' id='word_1_736' title='bbox 264 3362 288 3388; x_wconf 88' lang='lat' dir='ltr'><strong>a</strong></span> <span class='ocrx_word' id='word_1_737' title='bbox 315 3361 396 3399; x_wconf 86' lang='lat' dir='ltr'><strong>qua</strong></span> <span class='ocrx_word' id='word_1_738' title='bbox 422 3357 479 3387; x_wconf 89' lang='lat' dir='ltr'><strong>est</strong></span> <span class='ocrx_word' id='word_1_739' title='bbox 506 3348 590 3386; x_wconf 88' lang='lat' dir='ltr'><strong>eius</strong></span> <span class='ocrx_word' id='word_1_740' title='bbox 618 3347 776 3398; x_wconf 89' lang='lat' dir='ltr'><strong>speeies.</strong></span> <span class='ocrx_word' id='word_1_741' title='bbox 805 3346 948 3383; x_wconf 87' lang='lat' dir='ltr'><strong>Anima</strong></span> <span class='ocrx_word' id='word_1_742' title='bbox 975 3344 1088 3393; x_wconf 88' lang='lat' dir='ltr'><strong>igitur</strong></span> <span class='ocrx_word' id='word_1_743' title='bbox 1110 3345 1296 3390; x_wconf 89' lang='lat' dir='ltr'><strong>humana,</strong></span> <span class='ocrx_word' id='word_1_744' title='bbox 1316 3356 1338 3381; x_wconf 89' lang='lat' dir='ltr'><strong>a</strong></span> <span class='ocrx_word' id='word_1_745' title='bbox 1393 3355 1524 3381; x_wconf 89' lang='lat' dir='ltr'><strong>cessus</strong></span> <span class='ocrx_word' id='word_1_746' title='bbox 1550 3342 1723 3392; x_wconf 89' lang='lat' dir='ltr'><strong>corporis</strong></span> <span class='ocrx_word' id='word_1_747' title='bbox 1751 3350 1788 3379; x_wconf 89' lang='lat' dir='ltr'><strong>et</strong></span> <span class='ocrx_word' id='word_1_748' title='bbox 1815 3341 1979 3387; x_wconf 84' lang='lat' dir='ltr'><strong>animae,</strong></span> <span class='ocrx_word' id='word_1_749' title='bbox 2004 3348 2040 3378; x_wconf 91' lang='lat' dir='ltr'><strong>et</strong></span> <span class='ocrx_word' id='word_1_750' title='bbox 2067 3341 2173 3378; x_wconf 92' lang='lat' dir='ltr'><strong>idem</strong></span> <span class='ocrx_word' id='word_1_751' title='bbox 2200 3339 2388 3377; x_wconf 88' lang='lat' dir='ltr'><strong>terminus</strong></span> <span class='ocrx_word' id='word_1_752' title='bbox 2407 3339 2463 3377; x_wconf 91' lang='lat' dir='ltr'><strong>in·</strong></span> 
     </span>
     <span class='ocr_line' id='line_1_86' title="bbox 265 3392 2463 3453; baseline -0.005 -13"><span class='ocrx_word' id='word_1_753' title='bbox 265 3415 344 3453; x_wconf 90' lang='lat' dir='ltr'><strong>qua</strong></span> <span class='ocrx_word' id='word_1_754' title='bbox 372 3410 429 3440; x_wconf 92' lang='lat' dir='ltr'><strong>est</strong></span> <span class='ocrx_word' id='word_1_755' title='bbox 455 3401 603 3453; x_wconf 89' lang='lat' dir='ltr'><strong>species</strong></span> <span class='ocrx_word' id='word_1_756' title='bbox 638 3399 821 3446; x_wconf 87' lang='lat' dir='ltr'><strong>hominis,</strong></span> <span class='ocrx_word' id='word_1_757' title='bbox 853 3397 1081 3450; x_wconf 89' lang='lat' dir='ltr'><strong>producitur</strong></span> <span class='ocrx_word' id='word_1_758' title='bbox 1115 3409 1162 3434; x_wconf 88' lang='lat' dir='ltr'><strong>ex</strong></span> <span class='ocrx_word' id='word_1_759' title='bbox 1197 3396 1337 3435; x_wconf 87' lang='lat' dir='ltr'><strong>virtute</strong></span> <span class='ocrx_word' id='word_1_760' title='bbox 1352 3415 1377 3435; x_wconf 59' lang='grc' dir='ltr'><strong>ις</strong></span> <span class='ocrx_word' id='word_1_761' title='bbox 1393 3395 1562 3434; x_wconf 84' lang='lat' dir='ltr'><strong>venitur:</strong></span> <span class='ocrx_word' id='word_1_762' title='bbox 1593 3395 1811 3432; x_wconf 91' lang='lat' dir='ltr'><strong>secundum</strong></span> <span class='ocrx_word' id='word_1_763' title='bbox 1831 3394 1936 3431; x_wconf 89' lang='lat' dir='ltr'><strong>enim</strong></span> <span class='ocrx_word' id='word_1_764' title='bbox 1955 3394 2063 3444; x_wconf 93' lang='lat' dir='ltr'><strong>quod</strong></span> <span class='ocrx_word' id='word_1_765' title='bbox 2082 3392 2260 3442; x_wconf 88' lang='lat' dir='ltr'><strong>figuratio</strong></span> <span class='ocrx_word' id='word_1_766' title='bbox 2279 3400 2316 3430; x_wconf 90' lang='lat' dir='ltr'><strong>et</strong></span> <span class='ocrx_word' id='word_1_767' title='bbox 2341 3404 2463 3442; x_wconf 89' lang='lat' dir='ltr'><strong>quan-</strong></span> 
     </span>
     <span class='ocr_line' id='line_1_87' title="bbox 265 3445 2463 3506; baseline -0.005 -13"><span class='ocrx_word' id='word_1_768' title='bbox 265 3468 382 3506; x_wconf 61' lang='lat' dir='ltr'><strong>quae,</strong></span> <span class='ocrx_word' id='word_1_769' title='bbox 396 3463 452 3494; x_wconf 89' lang='lat' dir='ltr'><strong>est</strong></span> <span class='ocrx_word' id='word_1_770' title='bbox 480 3455 520 3493; x_wconf 93' lang='lat' dir='ltr'><strong>in</strong></span> <span class='ocrx_word' id='word_1_771' title='bbox 549 3453 709 3494; x_wconf 88' lang='lat' dir='ltr'><strong>semine.</strong></span> <span class='ocrx_word' id='word_1_772' title='bbox 1392 3450 1477 3487; x_wconf 88' lang='lat' dir='ltr'><strong>titas</strong></span> <span class='ocrx_word' id='word_1_773' title='bbox 1495 3449 1767 3487; x_wconf 89' lang='lat' dir='ltr'><strong>membrorum</strong></span> <span class='ocrx_word' id='word_1_774' title='bbox 1785 3446 1969 3497; x_wconf 90' lang='lat' dir='ltr'><strong>procedit,</strong></span> <span class='ocrx_word' id='word_1_775' title='bbox 1989 3454 2026 3484; x_wconf 90' lang='lat' dir='ltr'><strong>et</strong></span> <span class='ocrx_word' id='word_1_776' title='bbox 2048 3446 2200 3484; x_wconf 87' lang='lat' dir='ltr'><strong>animae</strong></span> <span class='ocrx_word' id='word_1_777' title='bbox 2220 3445 2463 3495; x_wconf 88' lang='lat' dir='ltr'><strong>operationes</strong></span> 
     </span>
    </p>
   </div>
   <div class='ocr_carea' id='block_1_14' title="bbox 972 3536 2464 3577">
    <p class='ocr_par' dir='ltr' id='par_1_21' title="bbox 972 3536 2464 3577">
     <span class='ocr_line' id='line_1_88' title="bbox 972 3536 2464 3577; baseline -0.004 -10"><span class='ocrx_word' id='word_1_778' title='bbox 972 3551 989 3577; x_wconf 87' lang='lat'>9</span> <span class='ocrx_word' id='word_1_779' title='bbox 1007 3541 1161 3575; x_wconf 78' lang='lat' dir='ltr'><strong>prodeundi]</strong></span> <span class='ocrx_word' id='word_1_780' title='bbox 1181 3541 1308 3575; x_wconf 73' lang='lat' dir='ltr'><strong>prodendi</strong></span> <span class='ocrx_word' id='word_1_781' title='bbox 1327 3541 1354 3572; x_wconf 79' lang='lat' dir='ltr'><strong>d,</strong></span> <span class='ocrx_word' id='word_1_782' title='bbox 1372 3541 1530 3574; x_wconf 81' lang='lat' dir='ltr'><strong>procedendi</strong></span> <span class='ocrx_word' id='word_1_783' title='bbox 1549 3540 1578 3567; x_wconf 84' lang='lat' dir='ltr'><strong>P.</strong></span> <span class='ocrx_word' id='word_1_784' title='bbox 1679 3547 1710 3564; x_wconf 86' lang='lat'><strong>22</strong></span> <span class='ocrx_word' id='word_1_785' title='bbox 1730 3539 1776 3564; x_wconf 83' lang='lat' dir='ltr'><strong>llla</strong></span> <span class='ocrx_word' id='word_1_786' title='bbox 1795 3543 1882 3563; x_wconf 85' lang='lat' dir='ltr'><strong>autem</strong></span> <span class='ocrx_word' id='word_1_787' title='bbox 1901 3536 1963 3571; x_wconf 79' lang='lat' dir='ltr'><strong>met]</strong></span> <span class='ocrx_word' id='word_1_788' title='bbox 1988 3537 2089 3563; x_wconf 75' lang='lat' dir='ltr'><strong>lllamet</strong></span> <span class='ocrx_word' id='word_1_789' title='bbox 2107 3537 2137 3568; x_wconf 80' lang='lat' dir='ltr'><strong>E,</strong></span> <span class='ocrx_word' id='word_1_790' title='bbox 2156 3537 2260 3562; x_wconf 79' lang='lat' dir='ltr'><strong>illarum</strong></span> <span class='ocrx_word' id='word_1_791' title='bbox 2278 3537 2310 3568; x_wconf 88' lang='lat' dir='ltr'><strong>Z;</strong></span> <span class='ocrx_word' id='word_1_792' title='bbox 2330 3543 2394 3562; x_wconf 75' lang='lat' dir='ltr'><strong>rasa</strong></span> <span class='ocrx_word' id='word_1_793' title='bbox 2412 3536 2464 3570; x_wconf 85' lang='lat' dir='ltr'><strong>pN.</strong></span> 
     </span>
    </p>
   </div>
   <div class='ocr_carea' id='block_1_15' title="bbox 933 3576 2267 3646">
    <p class='ocr_par' dir='ltr' id='par_1_22' title="bbox 933 3576 2267 3646">
     <span class='ocr_line' id='line_1_89' title="bbox 933 3576 1553 3610; baseline -0.005 -6"><span class='ocrx_word' id='word_1_794' title='bbox 933 3578 1079 3604; x_wconf 71' lang='lat' dir='ltr'><strong>substantia</strong></span> <span class='ocrx_word' id='word_1_795' title='bbox 1096 3577 1203 3603; x_wconf 84' lang='lat' dir='ltr'><strong>GWPc.</strong></span> <span class='ocrx_word' id='word_1_796' title='bbox 1293 3576 1328 3609; x_wconf 82' lang='lat'><strong>34</strong></span> <span class='ocrx_word' id='word_1_797' title='bbox 1345 3577 1422 3610; x_wconf 77' lang='lat' dir='ltr'><strong>igitur</strong></span> <span class='ocrx_word' id='word_1_798' title='bbox 1440 3583 1483 3602; x_wconf 88' lang='lat' dir='ltr'><strong>om</strong></span> <span class='ocrx_word' id='word_1_799' title='bbox 1503 3576 1553 3601; x_wconf 87' lang='lat' dir='ltr'><strong>Pd.</strong></span> 
     </span>
     <span class='ocr_line' id='line_1_90' title="bbox 960 3607 2267 3646; baseline -0.003 -8"><span class='ocrx_word' id='word_1_800' title='bbox 960 3614 977 3639; x_wconf 91' lang='lat'>8</span> <span class='ocrx_word' id='word_1_801' title='bbox 995 3612 1150 3646; x_wconf 79' lang='lat' dir='ltr'><strong>inscribitur]</strong></span> <span class='ocrx_word' id='word_1_802' title='bbox 1171 3612 1308 3637; x_wconf 82' lang='lat' dir='ltr'><strong>ascribitur</strong></span> <span class='ocrx_word' id='word_1_803' title='bbox 1326 3611 1404 3637; x_wconf 82' lang='lat' dir='ltr'><strong>NYZ.</strong></span> <span class='ocrx_word' id='word_1_804' title='bbox 1496 3610 1527 3636; x_wconf 83' lang='lat'><strong>35</strong></span> <span class='ocrx_word' id='word_1_805' title='bbox 1548 3609 1702 3643; x_wconf 80' lang='lat' dir='ltr'><strong>declaratur]</strong></span> <span class='ocrx_word' id='word_1_806' title='bbox 1723 3609 1842 3635; x_wconf 74' lang='lat' dir='ltr'><strong>dilatatur</strong></span> <span class='ocrx_word' id='word_1_807' title='bbox 1860 3608 1893 3640; x_wconf 85' lang='lat' dir='ltr'><strong>P;</strong></span> <span class='ocrx_word' id='word_1_808' title='bbox 1913 3608 1945 3633; x_wconf 82' lang='lat' dir='ltr'><strong>al&#39;</strong></span> <span class='ocrx_word' id='word_1_809' title='bbox 1966 3608 2101 3633; x_wconf 82' lang='lat' dir='ltr'><strong>deducitur</strong></span> <span class='ocrx_word' id='word_1_810' title='bbox 2119 3615 2215 3641; x_wconf 82' lang='lat' dir='ltr'><strong>margo</strong></span> <span class='ocrx_word' id='word_1_811' title='bbox 2233 3607 2267 3634; x_wconf 82' lang='lat' dir='ltr'><strong>Y.</strong></span> 
     </span>
    </p>
   </div>
   <div class='ocr_carea' id='block_1_16' title="bbox 833 3647 1385 3683">
    <p class='ocr_par' dir='ltr' id='par_1_23' title="bbox 833 3647 1385 3683">
     <span class='ocr_line' id='line_1_91' title="bbox 833 3647 1385 3683; baseline -0.007 -7"><span class='ocrx_word' id='word_1_812' title='bbox 833 3650 868 3682; x_wconf 81' lang='lat'><strong>46</strong></span> <span class='ocrx_word' id='word_1_813' title='bbox 887 3648 996 3683; x_wconf 77' lang='lat' dir='ltr'><strong>animae]</strong></span> <span class='ocrx_word' id='word_1_814' title='bbox 1015 3648 1121 3674; x_wconf 79' lang='lat' dir='ltr'><strong>addunt</strong></span> <span class='ocrx_word' id='word_1_815' title='bbox 1139 3653 1166 3673; x_wconf 84' lang='lat' dir='ltr'><strong>et</strong></span> <span class='ocrx_word' id='word_1_816' title='bbox 1184 3647 1238 3678; x_wconf 86' lang='lat' dir='ltr'><strong>DE,</strong></span> <span class='ocrx_word' id='word_1_817' title='bbox 1257 3647 1335 3672; x_wconf 81' lang='lat' dir='ltr'><strong>etiam</strong></span> <span class='ocrx_word' id='word_1_818' title='bbox 1355 3647 1385 3673; x_wconf 84' lang='lat' dir='ltr'><strong>P.</strong></span> 
     </span>
    </p>
   </div>
   <div class='ocr_carea' id='block_1_17' title="bbox 266 3545 914 3651">
    <p class='ocr_par' dir='ltr' id='par_1_24' title="bbox 266 3545 914 3651">
     <span class='ocr_line' id='line_1_92' title="bbox 320 3545 870 3579; baseline -0.007 -7"><span class='ocrx_word' id='word_1_819' title='bbox 320 3555 331 3573; x_wconf 80' lang='grc' dir='ltr'>ι</span> <span class='ocrx_word' id='word_1_820' title='bbox 354 3548 465 3572; x_wconf 84' lang='lat' dir='ltr'><strong>aliorum</strong></span> <span class='ocrx_word' id='word_1_821' title='bbox 480 3549 545 3579; x_wconf 68' lang='lat' dir='ltr'><strong>post</strong></span> <span class='ocrx_word' id='word_1_822' title='bbox 561 3546 712 3572; x_wconf 74' lang='lat' dir='ltr'><strong>animalium</strong></span> <span class='ocrx_word' id='word_1_823' title='bbox 731 3545 870 3570; x_wconf 78' lang='lat' dir='ltr'><strong>GNXZPc.</strong></span> 
     </span>
     <span class='ocr_line' id='line_1_93' title="bbox 266 3579 914 3612; baseline -0.006 -3"><span class='ocrx_word' id='word_1_824' title='bbox 266 3583 300 3610; x_wconf 81' lang='lat'><strong>23</strong></span> <span class='ocrx_word' id='word_1_825' title='bbox 319 3588 346 3609; x_wconf 81' lang='lat' dir='ltr'><strong>et</strong></span> <span class='ocrx_word' id='word_1_826' title='bbox 363 3591 408 3608; x_wconf 84' lang='lat' dir='ltr'><strong>om</strong></span> <span class='ocrx_word' id='word_1_827' title='bbox 427 3582 574 3608; x_wconf 71' lang='lat' dir='ltr'><strong>anWXPc.</strong></span> <span class='ocrx_word' id='word_1_828' title='bbox 665 3580 699 3606; x_wconf 82' lang='lat'><strong>26</strong></span> <span class='ocrx_word' id='word_1_829' title='bbox 716 3581 743 3606; x_wconf 82' lang='lat' dir='ltr'><strong>in</strong></span> <span class='ocrx_word' id='word_1_830' title='bbox 761 3579 914 3612; x_wconf 70' lang='lat' dir='ltr'><strong>substanti-J</strong></span> 
     </span>
     <span class='ocr_line' id='line_1_94' title="bbox 320 3615 870 3651; baseline -0.007 -7"><span class='ocrx_word' id='word_1_831' title='bbox 320 3619 334 3644; x_wconf 90' lang='grc'>5</span> <span class='ocrx_word' id='word_1_832' title='bbox 355 3618 479 3644; x_wconf 77' lang='lat' dir='ltr'><strong>adulteris</strong></span> <span class='ocrx_word' id='word_1_833' title='bbox 493 3621 559 3651; x_wconf 76' lang='lat' dir='ltr'><strong>post</strong></span> <span class='ocrx_word' id='word_1_834' title='bbox 577 3622 731 3650; x_wconf 71' lang='lat' dir='ltr'><strong>cooperatur</strong></span> <span class='ocrx_word' id='word_1_835' title='bbox 750 3615 870 3641; x_wconf 71' lang='lat' dir='ltr'><strong>aDWPc.</strong></span> 
     </span>
    </p>
   </div>
   <div class='ocr_carea' id='block_1_18' title="bbox 266 3651 736 3688">
    <p class='ocr_par' dir='ltr' id='par_1_25' title="bbox 266 3651 736 3688">
     <span class='ocr_line' id='line_1_95' title="bbox 266 3651 736 3688; baseline -0.002 -8"><span class='ocrx_word' id='word_1_836' title='bbox 266 3655 395 3688; x_wconf 73' lang='lat' dir='ltr'><strong>quaedam</strong></span> <span class='ocrx_word' id='word_1_837' title='bbox 415 3653 474 3679; x_wconf 78' lang='lat' dir='ltr'><strong>aGb</strong></span> <span class='ocrx_word' id='word_1_838' title='bbox 493 3652 539 3687; x_wconf 88' lang='lat'><strong>(...</strong></span> <span class='ocrx_word' id='word_1_839' title='bbox 557 3653 681 3678; x_wconf 78' lang='lat' dir='ltr'><strong>naturalis</strong></span> <span class='ocrx_word' id='word_1_840' title='bbox 700 3651 736 3686; x_wconf 74' lang='lat' dir='ltr'><strong>b).</strong></span> 
     </span>
    </p>
   </div>
   <div class='ocr_carea' id='block_1_19' title="bbox 2339 3606 2462 3641">
    <p class='ocr_par' dir='ltr' id='par_1_26' title="bbox 2339 3606 2462 3641">
     <span class='ocr_line' id='line_1_96' title="bbox 2339 3606 2462 3641; baseline 0.008 -9"><span class='ocrx_word' id='word_1_841' title='bbox 2339 3606 2462 3641; x_wconf 68' lang='lat' dir='ltr'><strong>quadum]</strong></span> 
     </span>
    </p>
   </div>
   <div class='ocr_carea' id='block_1_20' title="bbox 2503 361 2608 383">
    <p class='ocr_par' dir='ltr' id='par_1_27' title="bbox 2503 361 2608 383">
     <span class='ocr_line' id='line_1_97' title="bbox 2503 361 2608 383; baseline 0.01 -1"><span class='ocrx_word' id='word_1_842' title='bbox 2503 362 2511 371; x_wconf 84' lang='lat'><em>·</em></span> <span class='ocrx_word' id='word_1_843' title='bbox 2527 361 2578 383; x_wconf 84' lang='lat' dir='ltr'><strong>Art.</strong></span> <span class='ocrx_word' id='word_1_844' title='bbox 2587 367 2608 383; x_wconf 88' lang='lat'><strong>2.</strong></span> 
     </span>
    </p>
   </div>
   <div class='ocr_carea' id='block_1_21' title="bbox 2500 1068 2711 1122">
    <p class='ocr_par' dir='ltr' id='par_1_28' title="bbox 2500 1068 2711 1122">
     <span class='ocr_line' id='line_1_98' title="bbox 2500 1068 2710 1091; baseline 0.005 -1"><span class='ocrx_word' id='word_1_845' title='bbox 2500 1070 2509 1078; x_wconf 89' lang='lat'><strong>·</strong></span> <span class='ocrx_word' id='word_1_846' title='bbox 2533 1068 2569 1090; x_wconf 81' lang='lat' dir='ltr'><strong>Cf.</strong></span> <span class='ocrx_word' id='word_1_847' title='bbox 2594 1069 2645 1090; x_wconf 76' lang='lat' dir='ltr'><strong>loca</strong></span> <span class='ocrx_word' id='word_1_848' title='bbox 2671 1069 2710 1091; x_wconf 85' lang='lat' dir='ltr'><strong>cit.</strong></span> 
     </span>
     <span class='ocr_line' id='line_1_99' title="bbox 2501 1095 2711 1122; baseline 0.005 -6"><span class='ocrx_word' id='word_1_849' title='bbox 2501 1101 2551 1122; x_wconf 73' lang='lat' dir='ltr'><strong>cap.</strong></span> <span class='ocrx_word' id='word_1_850' title='bbox 2566 1101 2658 1122; x_wconf 70' lang='lat' dir='ltr'><strong>lxxxvi,</strong></span> <span class='ocrx_word' id='word_1_851' title='bbox 2673 1095 2711 1117; x_wconf 80' lang='lat' dir='ltr'><strong>fin.</strong></span> 
     </span>
    </p>
   </div>
   <div class='ocr_carea' id='block_1_22' title="bbox 2498 1438 2712 1493">
    <p class='ocr_par' dir='ltr' id='par_1_29' title="bbox 2498 1438 2712 1493">
     <span class='ocr_line' id='line_1_100' title="bbox 2499 1438 2712 1460; baseline 0 0"><span class='ocrx_word' id='word_1_852' title='bbox 2499 1439 2508 1448; x_wconf 83' lang='lat'>&#39;</span> <span class='ocrx_word' id='word_1_853' title='bbox 2527 1438 2564 1460; x_wconf 89' lang='lat' dir='ltr'><strong>De</strong></span> <span class='ocrx_word' id='word_1_854' title='bbox 2585 1438 2712 1460; x_wconf 81' lang='lat' dir='ltr'><strong>Creatione</strong></span> 
     </span>
     <span class='ocr_line' id='line_1_101' title="bbox 2498 1464 2711 1493; baseline 0.005 -7"><span class='ocrx_word' id='word_1_855' title='bbox 2498 1464 2617 1492; x_wconf 73' lang='lat' dir='ltr'><strong>Hominis,</strong></span> <span class='ocrx_word' id='word_1_856' title='bbox 2660 1471 2711 1493; x_wconf 76' lang='lat' dir='ltr'><strong>cap.</strong></span> 
     </span>
    </p>
   </div>
   <div class='ocr_carea' id='block_1_23' title="bbox 2499 1491 2712 1546">
    <p class='ocr_par' dir='ltr' id='par_1_30' title="bbox 2499 1491 2712 1546">
     <span class='ocr_line' id='line_1_102' title="bbox 2499 1491 2712 1546; baseline 0 -7"><span class='ocrx_word' id='word_1_857' title='bbox 2499 1491 2712 1546; x_wconf 55' lang='grc' dir='ltr'><strong>ῗῗὶξὲὶὲἓὶῗοὶἶ·</strong></span> 
     </span>
    </p>
   </div>
   <div class='ocr_carea' id='block_1_24' title="bbox 2499 1542 2711 1600">
    <p class='ocr_par' dir='ltr' id='par_1_31' title="bbox 2499 1542 2711 1600">
     <span class='ocr_line' id='line_1_103' title="bbox 2499 1542 2711 1600; baseline 0 -8"><span class='ocrx_word' id='word_1_858' title='bbox 2499 1542 2711 1600; x_wconf 50' lang='grc' dir='ltr'><strong>ἕρέῗΐιθίἕξᾶτ</strong></span> 
     </span>
    </p>
   </div>
   <div class='ocr_carea' id='block_1_25' title="bbox 2498 2024 2580 2046">
    <p class='ocr_par' dir='ltr' id='par_1_32' title="bbox 2498 2024 2580 2046">
     <span class='ocr_line' id='line_1_104' title="bbox 2498 2024 2580 2046; baseline 0.012 -1"><span class='ocrx_word' id='word_1_859' title='bbox 2498 2025 2508 2034; x_wconf 86' lang='grc'><em>·</em></span> <span class='ocrx_word' id='word_1_860' title='bbox 2522 2024 2580 2046; x_wconf 86' lang='lat' dir='ltr'><strong>Ibid.</strong></span> 
     </span>
    </p>
   </div>
   <div class='ocr_carea' id='block_1_26' title="bbox 2492 2921 2575 2944">
    <p class='ocr_par' dir='ltr' id='par_1_33' title="bbox 2492 2921 2575 2944">
     <span class='ocr_line' id='line_1_105' title="bbox 2492 2921 2575 2944; baseline -0.024 0"><span class='ocrx_word' id='word_1_861' title='bbox 2492 2923 2502 2933; x_wconf 80' lang='grc'><em>·</em></span> <span class='ocrx_word' id='word_1_862' title='bbox 2515 2921 2575 2944; x_wconf 87' lang='lat' dir='ltr'><strong>lbid.</strong></span> 
     </span>
    </p>
   </div>
  </div>
 </body>
</html>
