2768 4134
44 1105 54 1114 ⁸
69 1103 106 1125 Cf.
119 1103 258 1134 Comment-

46 1136 66 1153 e.
81 1136 104 1157 ι,
118 1133 168 1152 init.

46 1512 56 1520 ⁶
71 1509 107 1532 Cf.
123 1516 145 1531 n.
157 1515 198 1531 vu.

50 2575 59 2584 ·
74 2573 109 2596 Cf.
126 2579 189 2595 n.1v.

52 3030 61 3038 '
78 3028 113 3051 cf.
130 3035 151 3050 n.
163 3035 182 3050 v.

57 3296 88 3345 'cl
94 3297 248 3344 ''3:1¹1ssth
258 3308 266 3312 ·

57 3339 108 3376 vui,
122 3355 141 3370 a.
155 3357 188 3375 ¹⁴·
216 3339 230 3347 ⁸¹
245 3329 268 3351 q*

60 3656 69 3665 ·
83 3655 118 3677 cf.
135 3661 156 3677 n.
170 3661 202 3676 vi.

294 265 365 303 158
895 256 1084 295 SUMMA
1113 254 1337 292 CONTRA
1366 252 1644 299 GENTILES,
1675 252 1787 290 CAP.
1808 253 1890 289 LV.

289 355 406 393 supra
420 343 440 364 *
468 349 668 379 ostensum
688 346 755 375 est.
777 336 894 386 Igitur
915 348 990 373 nec
1008 333 1267 372 consideratio
1287 331 1360 370 Dei
1416 339 1548 369 autern
1587 331 1744 369 divinus
1785 344 1992 381 nunquam
2034 338 2090 368 est
2126 329 2167 367 in
2208 329 2381 380 potentia
2427 330 2496 367 sed

287 397 403 434 habet
417 394 524 446 prius
539 401 576 430 et
589 390 793 442 posterius,
810 390 878 428 sed
894 388 1028 427 omnia
1042 388 1159 426 simul
1178 385 1359 435 intelligit.
1417 396 1573 434 semper
1595 391 1684 422 actu
1707 384 1919 434 intelligens
1937 385 1969 422 ²¹².
2000 384 2095 422 Non
2113 382 2228 432 igitur
2246 382 2417 432 intelligit
2436 395 2497 435 res

341 450 554 486 Praeterea.
586 445 726 484 Omnis
755 444 968 482 intellectus
996 441 1210 491 intelligens
1234 441 1362 477 unum
1417 437 1647 488 successive,
1677 438 1746 475 sed
1775 438 1910 476 omnia
1938 437 2054 476 simul
2083 435 2266 486 intelligit.

286 510 374 553 post
401 501 506 539 aliud
534 508 590 538 est
616 499 858 549 quandoque
885 495 1059 547 potentia
1087 493 1298 544 intelligens
1326 501 1363 530 et
1471 490 1575 529 Huic
1603 498 1734 540 autem
1764 486 1913 530 veritati
1948 490 2217 539 testimonium
2234 491 2236 494 '
2251 490 2370 528 Sacra
2398 488 2497 536 Scriss

287 553 526 606 quandoque
546 561 650 593 actu:
681 553 779 591 dum
799 550 906 589 enim
930 549 1099 598 intelligit
1127 548 1302 598 primum
1323 546 1362 584 in
1385 564 1395 585 ς
1418 553 1533 596 ptura
1546 544 1674 585 affert:
1691 544 1831 586 dicitur
1845 545 1951 586 enim
1965 547 2046 586 Iac.
2059 558 2068 582 1
2080 548 2117 592 ¹⁷,
2133 544 2243 594 quod
2258 543 2362 594 apud
2373 544 2498 581 Deum

286 617 385 656 actu,
415 607 585 656 intelligit
612 606 832 644 secundum
861 604 900 642 in
933 603 1117 654 potentia.
1147 602 1363 639 Intellectus
1419 612 1494 636 non
1521 604 1572 635 est
1594 600 1856 636 transmutatio
1881 612 1949 636 nec
1971 599 2229 637 vicissitudinis
2248 598 2498 636 obumbratio.

339 730 358 755 4
376 727 417 749 est
432 725 496 755 post
514 718 674 755 quandoque
689 719 802 745 aDYPc.
892 717 1007 751 potentia
1020 718 1043 742 Α
1058 717 1144 747 solus3
1162 723 1206 740 om
1220 715 1251 745 E,
1265 715 1290 740 in
1304 712 1422 747 potentia
1434 712 1584 738 DGNWXb
1596 715 1697 744 etpost
1709 712 1857 745 intelligens
1872 711 1963 744 aYPc;
1981 713 2130 746 intelligens
2144 720 2187 739 om
2201 713 2234 739 N.
2326 718 2351 737 et
2363 719 2407 737 om
2423 712 2500 737 DNZ.

288 766 302 784 ὃ
322 758 560 827 εξωεὲἑῖνεξὲἷεᾞ
578 762 645 818 aPcdm
719 799 732 816 2
753 796 811 816 actu
830 790 866 821 D;
885 790 911 815 in
930 795 998 815 actu.
1091 787 1105 812 5
1126 787 1199 820 quod
1217 793 1261 812 om
1281 786 1347 811 ZPc.
1366 786 1421 810 Pro
1440 785 1535 815 Deum,
1555 791 1635 817 quem
1654 784 1683 808 Z.

1054 893 1394 928 Commentario.
1424 891 1737 926 Fert-ariensis
1753 895 1761 905 ⁴·

343 1018 489 1040 osi-oum
520 1006 743 1038 determinavit
778 1005 914 1035 Sanctus
937 1003 1084 1033 Thomas
1111 1001 1151 1032 de
1183 1000 1284 1032 modo
1309 1009 1364 1031 co·
1420 1000 1498 1031 bent
1513 999 1651 1030 eandem
1674 999 1834 1030 rationem
1858 997 1985 1030 essendi
2008 998 2191 1030 secundum
2207 1008 2277 1031 esse
2291 999 2501 1040 intelligibile,

341 1054 495 1094 gnitionis
519 1052 645 1082 divinae
670 1060 708 1081 ex
731 1055 821 1090 parte
837 1048 936 1079 medii
953 1045 1184 1088 cognoscendi,
1201 1055 1290 1077 nunc
1310 1045 1366 1076 de·
1420 1050 1496 1075 sunt
1511 1044 1657 1075 eiusdem
1681 1044 1818 1085 generis,
1843 1053 1921 1084 ergo
1938 1049 1970 1075 et
1986 1053 2024 1074 ea
2039 1053 2124 1084 quae
2142 1043 2183 1074 ab
2205 1043 2374 1075 intellectu
2388 1050 2502 1076 nostro

286 1099 436 1130 terminat
452 1097 492 1128 de
507 1096 609 1127 modo
623 1095 819 1136 cognitionis
836 1103 874 1124 ex
890 1098 980 1134 parte
1002 1092 1104 1133 ipsius
1127 1091 1325 1132 cognitionis
1337 1091 1364 1121 *.
1418 1099 1478 1131 per
1492 1089 1562 1120 illas
1577 1090 1703 1130 species
1718 1089 1953 1129 intelliguntur,
1974 1094 2069 1120 erunt
2092 1088 2240 1120 eiusdem
2256 1089 2398 1130 generis:
2423 1098 2502 1120 con-

287 1144 437 1182 Quatuor
461 1147 570 1172 autem
594 1146 670 1171 sunt
693 1149 777 1180 quae
801 1138 842 1169 de
865 1139 929 1169 hoc
945 1137 1049 1168 modo
1066 1136 1204 1167 Sanctus
1220 1135 1367 1166 Thomas
1419 1135 1556 1166 veniunt
1578 1134 1667 1165 enim
1691 1134 1802 1165 omnia
1825 1135 1859 1165 in
1883 1133 1998 1165 eadem
2021 1134 2148 1165 ratione
2170 1133 2298 1165 essendi
2320 1133 2503 1165 secundum

287 1187 441 1219 ostendit:
467 1187 574 1227 primo
598 1194 741 1225 namque
765 1182 907 1221 ostendit
929 1181 1021 1223 quod
1037 1181 1126 1212 Deus
1142 1181 1254 1212 omnia
1270 1180 1366 1211 simul
1420 1189 1490 1211 esse
1513 1179 1688 1210 materiale.
1713 1179 1815 1218 Quod
1837 1185 1947 1210 tamen
1972 1184 2019 1209 est
2043 1178 2171 1215 falsum,
2196 1184 2233 1210 ut
2254 1179 2308 1210 hic
2331 1178 2401 1209 vult
2423 1178 2503 1210 San-

287 1232 471 1273 cognoscit;
496 1230 653 1266 secundo,
679 1228 770 1270 quod
794 1229 827 1259 in
851 1229 924 1269 ipso
948 1236 1016 1258 non
1041 1232 1088 1257 est
1116 1225 1287 1257 habitualis
1311 1235 1367 1256 co-
1420 1231 1492 1256 ctus
1516 1224 1673 1255 Thomas.
2008 1236 2022 1242 ··

285 1278 399 1319 gnitio,
425 1276 529 1317 capite
552 1274 716 1316 sequenti3
740 1274 847 1309 tertio,
872 1271 964 1314 quod
987 1272 1057 1303 eius
1073 1271 1218 1312 cognitio
1234 1279 1303 1302 non
1321 1276 1369 1301 est
1466 1269 1529 1312 ¹111.
1553 1268 1606 1300 Ad
1628 1270 1747 1300 horum
1771 1268 1968 1300 evidentiam
1989 1268 2270 1300 considerandum
2300 1267 2401 1309 quod,
2426 1277 2504 1299 cum

286 1322 472 1358 discursiva,
489 1330 559 1361 cap.
577 1329 654 1357 ινῐις
680 1324 807 1359 quarto,
825 1317 916 1359 quod
932 1318 966 1348 in
981 1317 1052 1358 ipsa
1070 1326 1140 1348 non
1156 1322 1205 1347 est
1228 1324 1367 1356 compo·
1420 1315 1568 1355 operatio
1592 1314 1730 1355 accipiat
1762 1314 1922 1345 unitatem
1953 1313 1992 1345 ab
2021 1314 2146 1345 unitate
2177 1313 2298 1345 obiecti
2320 1312 2503 1344 secundum

287 1368 359 1399 sitio
384 1376 493 1407 neque
517 1365 644 1401 divisio,
669 1374 740 1405 cap.
758 1374 842 1394 nvni.
1420 1359 1512 1401 quod
1535 1360 1633 1391 habet
1655 1360 1689 1390 in
1714 1364 1870 1400 operante
1893 1358 2155 1395 similitudinem;
2175 1364 2207 1390 et
2223 1368 2282 1399 per
2297 1367 2504 1399 consequens

343 1412 365 1443 1.
394 1411 564 1450 Quantum
591 1409 632 1440 ad
658 1410 813 1450 primum,
842 1407 984 1439 ostendit
1015 1406 1106 1447 quod
1137 1407 1227 1437 Deus
1255 1407 1365 1437 omnia
1420 1406 1517 1436 etiam
1534 1405 1574 1435 ab
1590 1405 1715 1436 unitate
1730 1403 1855 1435 formae
1879 1413 1963 1445 quae
1987 1410 2035 1435 est
2059 1404 2260 1445 operationis
2284 1403 2502 1444 principium:

285 1457 384 1489 simul
408 1456 572 1498 intelligit.
1420 1460 1488 1481 non
1513 1456 1561 1481 est
1584 1450 1786 1491 intelligibile
1817 1449 1908 1490 quod
1938 1459 2004 1480 una
2026 1449 2067 1480 sit
2091 1450 2250 1490 operatio,
2274 1454 2306 1479 et
2336 1449 2504 1480 obiectum

343 1502 384 1533 Et
400 1501 504 1542 arguit
522 1500 633 1541 primo
646 1500 663 1516 ³*
687 1499 742 1529 sic.
761 1498 882 1529 Omnia
897 1497 1069 1538 cognoscit
1084 1496 1174 1527 Deus
1189 1505 1248 1537 per
1266 1505 1367 1527 unam
1419 1505 1457 1527 ac
1481 1495 1681 1536 principium
1713 1495 1913 1536 operationis
1945 1504 2013 1526 non
2043 1495 2084 1525 sit
2114 1494 2226 1536 aliquo
2257 1493 2360 1525 modo
2388 1502 2504 1525 unum.

287 1548 442 1588 speciem,
462 1555 546 1586 quae
570 1551 617 1576 est
641 1544 780 1575 essentia
803 1553 871 1574 sua.
888 1542 976 1583 Ergo
993 1542 1105 1573 omnia
1120 1541 1218 1572 simul
1242 1550 1367 1582 cogno·
1420 1540 1510 1577 Ideo,
1545 1541 1602 1571 ubi
1635 1539 1819 1572 intellectus
1852 1539 1955 1571 multa
1988 1539 2086 1570 unica
2118 1539 2311 1581 operatione
2343 1538 2504 1580 intelligit,

287 1593 356 1623 scit.
382 1611 404 1614 -
426 1591 586 1622 Probatur
625 1588 872 1629 consequentia.
897 1587 984 1626 Quia
1012 1595 1243 1627 quaecumque
1274 1586 1367 1626 plura
1421 1591 1553 1626 oportet
1577 1591 1612 1616 ut
1636 1591 1668 1616 et
1691 1585 1745 1616 illa
1769 1586 1853 1617 inter
1876 1595 1910 1616 se
1934 1584 2078 1626 aliquam
2108 1585 2248 1616 habeant
2278 1584 2457 1620 unitatem,
2472 1589 2506 1614 et

288 1647 353 1669 una
376 1636 485 1678 specie
509 1635 666 1675 cognosci
689 1638 837 1675 possunt,
862 1632 959 1664 simul
982 1637 1122 1672 possunt
1143 1630 1290 1671 intelligi.
1420 1631 1620 1672 principium
1638 1630 1869 1662 intellectionis
1885 1630 1925 1661 sit
1940 1630 2052 1671 aliquo
2067 1629 2172 1662 modo
2188 1627 2410 1668 unum-,Cum
2425 1637 2503 1669 ergo

342 1681 532 1713 Declaratur
554 1677 758 1720 assumptum
781 1679 846 1709 hoc
869 1678 903 1708 in
927 1676 1094 1708 intellectu
1117 1681 1241 1706 nostro.
1266 1675 1368 1715 Quod
1421 1675 1604 1707 intellectus
1627 1681 1738 1706 noster
1761 1675 1854 1716 plura
1869 1674 2018 1716 intelligit
2033 1673 2223 1712 differentia,
2239 1670 2319 1716 puta
2333 1670 2505 1709 hominem

289 1727 376 1758 enim
400 1725 583 1757 intellectus
606 1730 717 1755 noster
740 1724 843 1754 multa
859 1722 954 1754 simul
970 1721 1150 1762 intelligere
1170 1722 1238 1752 non
1255 1721 1368 1762 possit,
1421 1726 1453 1751 et
1465 1730 1600 1761 equum,
1613 1720 1827 1761 intelligendo
1839 1720 2011 1751 hominem
2022 1729 2092 1751 non
2105 1729 2175 1752 esse
2187 1728 2323 1761 equum,
2340 1728 2380 1750 ex
2394 1715 2505 1760 speeie

289 1778 336 1802 est
359 1771 436 1813 quia
459 1779 528 1801 non
558 1774 666 1810 potest
696 1769 798 1800 multa
829 1767 925 1799 simul
959 1776 1028 1798 esse
1058 1765 1240 1797 secundum
1264 1775 1368 1807 genus
1421 1766 1574 1802 hominis,
1591 1775 1656 1806 qua
1671 1765 1830 1797 intellexit
1845 1771 1994 1796 naturam
2018 1765 2171 1801 hominis,
2189 1770 2221 1796 et
2236 1774 2275 1796 ex
2291 1763 2401 1805 specie
2415 1763 2505 1806 equi,

288 1825 403 1848 unum.
428 1814 530 1854 Quod
553 1814 714 1846 accideret
743 1815 769 1844 si
797 1812 902 1844 multa
924 1812 1021 1843 simul
1051 1811 1254 1852 intelligeret.
1284 1811 1368 1843 Nam
1421 1820 1487 1852 qua
1502 1816 1652 1841 naturam
1669 1811 1746 1851 equi
1761 1810 1930 1847 intellexit,
1946 1810 2066 1842 format
2080 1810 2115 1841 in
2130 1820 2166 1841 se
2181 1810 2327 1851 speeiem
2338 1808 2505 1850 quandam

289 1870 404 1892 omnes
435 1860 560 1901 species
590 1859 806 1899 intelligibiles
836 1863 912 1888 sunt
942 1856 1089 1888 eiusdem
1119 1857 1260 1896 generis:
1292 1866 1368 1888 cum
1420 1856 1725 1896 repraesentativam
1749 1855 1948 1888 differentiae
1971 1855 2114 1889 hominis
2131 1861 2163 1886 et
2183 1855 2275 1896 equi:
2299 1855 2383 1886 sicut
2405 1854 2440 1886 in
2463 1854 2505 1885 si-

288 1907 429 1937 habeant
452 1914 552 1936 unam
575 1904 734 1935 rationem
759 1902 887 1934 essendi
911 1901 1093 1933 secundum
1117 1911 1187 1932 esse
1217 1901 1369 1944 intelligi·
1421 1901 1491 1932 mili
1511 1901 1618 1940 inquit
1634 1899 1772 1932 sanctus
1787 1901 1945 1938 Thomas,
1961 1900 2069 1932 Prima
2083 1899 2188 1936 Parte,
2205 1909 2237 1942 q.
2254 1909 2309 1936 m,
2325 1908 2354 1930 a.
2367 1908 2399 1940 9,
2414 1897 2457 1942 ad
2473 1907 2504 1935 2,

288 1951 362 1981 bile.
388 1949 573 1981 Intellectus
596 1955 706 1980 autem
731 1954 778 1979 est
801 1947 1003 1978 intellectum
1026 1947 1060 1977 in
1085 1951 1170 1976 actu.
1195 1945 1237 1976 Et
1260 1946 1317 1982 sic,
1342 1946 1368 1976 si
1421 1944 1512 1986 quod
1536 1954 1578 1975 ex
1602 1945 1851 1986 praeconceptis
1882 1944 2046 1986 speciebus
2075 1944 2210 1986 generis
2239 1949 2271 1974 et
2299 1942 2506 1986 differentiae

288 1996 380 2036 plura
395 1994 492 2025 simul
516 1993 718 2034 intelligeret,
735 1998 819 2024 esset
834 1992 926 2033 plura
946 1990 1092 2022 eiusdem
1108 1990 1244 2031 generis.
1261 2008 1284 2013 —-
1299 1990 1368 2022 No-
1412 1989 1548 2032 format
1571 1989 1734 2020 rationem
1756 1990 1884 2031 speciei.
1910 1990 1951 2021 Et
1974 1991 2031 2027 sic.
2047 1989 2124 2021 licet
2147 1989 2251 2021 homo
2268 1994 2300 2020 et
2315 1997 2422 2030 equus
2441 1988 2507 2020 sint

287 2046 372 2071 tatur
395 2046 503 2070 tamen
528 2038 619 2079 quod
645 2038 726 2069 nihil
753 2037 906 2079 prohibet
932 2036 1055 2077 aliquid
1079 2035 1176 2066 simul
1200 2034 1369 2066 informari
1421 2034 1534 2071 multa,
1559 2035 1761 2066 conveniunt
1785 2041 1894 2066 tamen
1918 2034 2203 2075 ut‘intelliguntur
2217 2034 2252 2066 in
2267 2034 2394 2065 ratione
2414 2031 2506 2065 diffe-

288 2085 400 2116 formis
424 2083 627 2115 diversorum
650 2091 822 2124 generum:
847 2082 931 2113 sicut
953 2081 1041 2112 idem
1071 2089 1192 2121 corpus
1216 2086 1264 2111 est
1287 2079 1369 2121 figu-
1421 2080 1556 2110 tentiae:
1583 2080 1676 2111 etsie
1692 2086 1740 2111 est
1755 2080 1864 2121 aliqua
1887 2080 1995 2112 unitas
2018 2089 2058 2111 ex
2080 2085 2171 2121 parte
2195 2079 2326 2111 obiecti.
2350 2078 2399 2110 Ex
2414 2083 2505 2120 parte

288 2136 394 2161 ratum
418 2134 450 2160 et
473 2129 667 2165 coloratum,
691 2128 767 2159 licet
788 2127 937 2168 pluribus
952 2126 1066 2157 formis
1081 2124 1227 2157 eiusdem
1243 2126 1370 2166 generis
1422 2133 1559 2166 quoque
1582 2124 1734 2166 principii
1758 2131 1806 2156 est
1828 2125 1938 2166 aliqua
1962 2125 2082 2158 unitas:
2108 2125 2185 2165 quia
2207 2125 2242 2157 in
2265 2122 2434 2158 intellectu
2457 2129 2506 2158 est

288 2174 457 2206 informari
479 2183 548 2204 non
573 2174 685 2214 possit.
1421 2179 1487 2200 una
1510 2170 1636 2211 species
1659 2170 1930 2211 repraesentativa
1953 2169 2153 2201 differentiae
2177 2170 2335 2211 ipsorum.
2360 2168 2403 2200 Et
2429 2169 2508 2211 licet

344 2219 392 2251 Ex
407 2219 456 2250 his
473 2219 619 2260 sequitur
635 2217 737 2259 quod,
754 2217 810 2248 ubi
826 2217 935 2257 aliqua
950 2215 1053 2246 multa
1069 2215 1269 2256 accipiantur
1286 2225 1369 2256 quo·
1421 2214 1546 2256 species
1570 2213 1713 2246 hominis
1741 2220 1773 2246 et
1803 2215 1928 2256 species
1958 2215 2036 2256 equi
2067 2215 2131 2245 sint
2160 2214 2308 2246 absolute
2337 2213 2449 2255 plures
2470 2210 2506 2247 in

290 2273 434 2305 cumque
450 2262 552 2295 modo
570 2263 671 2299 unita,
695 2262 793 2293 simul
817 2260 1051 2301 intelliguntur,
1068 2260 1151 2291 sicut
1167 2266 1274 2300 partes
1290 2269 1369 2291 con·
1422 2258 1600 2295 intellectu,
1625 2259 1659 2290 in
1689 2260 1750 2291 hac
1780 2265 1891 2292 tamen
1920 2259 2143 2291 intellectione
2175 2257 2359 2290 efficiuntur
2389 2267 2506 2295 unum.

289 2309 373 2340 tinui
395 2309 429 2339 in
453 2309 623 2344 continuo,
641 2313 672 2338 et
696 2307 879 2338 subiectum
904 2311 935 2336 et
958 2304 1180 2346 praedicatum
1197 2305 1230 2335 in
1247 2313 1370 2346 propo·
1394 2317 1397 2364 1
1423 2303 1502 2335 dum
1526 2303 1690 2345 quaelibet
1714 2314 1826 2336 earum
1850 2304 2016 2336 concurrit
2037 2309 2075 2335 ut
2097 2303 2295 2345 principium
2315 2303 2449 2344 partiale
2464 2302 2505 2334 ad

290 2355 423 2385 sitione:
448 2354 526 2394 quia
548 2353 670 2383 scilicet
693 2358 772 2383 tunc
796 2350 978 2382 intellectus
1002 2359 1071 2381 non
1099 2355 1146 2381 est
1176 2350 1290 2386 multa,
1313 2349 1370 2380 sed
1422 2348 1624 2380 causandum
1647 2350 1792 2390 speciem
1816 2348 2016 2381 differentiae
2032 2349 2066 2380 in
2081 2348 2228 2389 qualibet
2250 2357 2363 2380 earum
2385 2348 2505 2379 virtua-

290 2408 405 2434 unum.
430 2398 495 2429 Ubi
517 2407 595 2438 ergo
620 2397 728 2438 aliqua
747 2398 782 2428 in
798 2405 863 2427 una
886 2396 994 2436 specie
1019 2395 1187 2431 uniuntur,
1205 2395 1258 2426 illa
1273 2394 1369 2425 simul
1422 2393 1494 2425 liter
1517 2393 1629 2434 aliquo
1653 2393 1755 2426 modo
1780 2399 1980 2427 contentam.
2005 2393 2047 2425 Et
2069 2394 2116 2425 sic
2140 2393 2275 2426 ulterius
2298 2399 2366 2426 tam
2380 2393 2507 2434 speeies

291 2443 426 2484 intelligi
449 2448 597 2483 possunt.
1422 2447 1522 2480 quam
1546 2438 1675 2470 obiecta
1698 2439 1902 2471 conveniunt
1916 2439 1950 2470 in
1967 2448 2036 2470 uno
2053 2444 2217 2479 conceptu
2235 2438 2431 2476 intellectus.
2446 2438 2506 2479 qui

347 2487 385 2519 11.
410 2487 505 2519 Circa
521 2488 614 2518 istam
630 2487 789 2518 rationem
805 2485 1028 2526 multipliciter
1051 2483 1226 2516 dubitatur.
1248 2483 1371 2516 Contra
1423 2483 1630 2514 obiectorum
1654 2483 1833 2515 similitudo
1866 2489 1913 2515 est
1946 2489 1982 2516 ut
2014 2484 2216 2515 conveniunt
2244 2484 2278 2515 in
2306 2481 2507 2516 differentiae

292 2533 380 2564 enim
404 2538 607 2574 assumptum
631 2530 722 2567 illud,
750 2530 980 2571 Quaecumque
1004 2537 1070 2559 una
1093 2529 1198 2570 specie
1214 2529 1371 2572 cognosci
1422 2533 1547 2564 natura,
1565 2533 1597 2559 et
1616 2529 1799 2569 specierum
1824 2534 1872 2559 est
1896 2528 2083 2559 communis
2099 2527 2243 2560 effectus.
2268 2527 2310 2559 Et
2325 2528 2371 2559 sic
2386 2528 2421 2559 in
2436 2527 2508 2559 aliis

286 2582 435 2619 possunt,
452 2577 551 2608 simul
567 2581 708 2617 possunt
728 2575 879 2617 intelligi,
900 2574 1044 2615 arguitur
1059 2574 1093 2604 ἐ
1111 2575 1188 2615 quia
1204 2580 1260 2605 aut
1276 2573 1370 2606 intel·
1424 2572 1535 2604 multis
1558 2573 1597 2603 ab
1622 2573 1789 2604 intellectu
1812 2578 1926 2604 nostro
1950 2573 2090 2614 cognitis
2113 2578 2162 2604 est
2184 2571 2446 2604 existimandum.

291 2623 399 2664 ligitur
423 2622 463 2653 de
487 2622 676 2662 cognitione
701 2619 852 2656 confusa3
877 2625 933 2651 aut
948 2618 989 2650 de
1004 2619 1194 2659 cognitione
1210 2619 1370 2651 distincta.
1481 2616 1545 2649 Sed
1560 2618 1638 2658 quia
1653 2627 1722 2649 non
1737 2617 1846 2649 solum
1863 2618 2024 2659 contingit
2039 2617 2079 2648 ab
2095 2617 2208 2659 aliquo
2223 2617 2392 2649 intellectu
2402 2617 2507 2648 multa

292 2667 325 2699 Si
349 2667 389 2699 de
413 2667 602 2707 cognitione
632 2665 780 2702 confusa,
805 2675 874 2696 non
898 2670 946 2696 est
969 2663 1009 2696 ad
1040 2665 1262 2705 propositum:
1295 2664 1371 2705 quia
1422 2662 1520 2695 simul
1532 2662 1668 2703 intelligi
1683 2663 1781 2695 unica
1797 2663 1989 2703 operatione
2005 2662 2199 2699 intellectus,
2215 2662 2273 2694 sed
2289 2663 2389 2695 etiam
2402 2661 2508 2695 multa

292 2713 381 2744 Deus
405 2722 472 2743 non
496 2711 668 2752 cognoscit
698 2720 748 2742 res
780 2709 928 2747 confuse,
956 2708 1013 2740 sed
1043 2709 1203 2742 distincte.
1227 2728 1250 2732 —
1273 2710 1307 2741 Si
1330 2709 1371 2740 de
1423 2706 1556 2739 diversis
1568 2707 1694 2738 actibus
1709 2714 1742 2739 et
1753 2706 1886 2739 diversis
1898 2707 2012 2739 formis
2027 2707 2293 2749 intelligibilibus,
2309 2707 2393 2746 sicut
2407 2706 2506 2740 simul

292 2757 480 2798 cognitione
511 2756 671 2793 distincta,
695 2761 774 2788 tunc
804 2755 914 2796 plures
944 2759 1124 2795 conceptus
1157 2755 1295 2786 omnino
1323 2753 1371 2786 di·
1422 2751 1557 2793 angelus
1579 2752 1693 2784 beatus
1717 2753 1888 2793 cognoscit
1903 2752 2047 2785 divinam
2063 2753 2236 2785 essentiam
2251 2758 2284 2784 et
2299 2761 2333 2784 se
2349 2758 2382 2784 et
2397 2751 2506 2794 aliqua

291 2802 399 2833 stincti
415 2806 509 2833 erunt
525 2801 621 2832 simul
637 2802 670 2832 in
686 2800 864 2832 intellectu.
881 2799 982 2838 Quod
994 2809 1063 2830 non
1076 2806 1123 2830 est
1134 2801 1243 2831 minus
1255 2800 1371 2831 incon·
1423 2806 1540 2828 eorum
1565 2806 1709 2838 quorum
1732 2797 1828 2828 habet
1851 2798 1988 2840 species,
2013 2796 2146 2828 diversis
2169 2797 2295 2829 actibus
2318 2802 2351 2828 et
2373 2796 2508 2828 diversis

292 2848 425 2878 veniens
449 2856 548 2888 quam
572 2845 652 2877 duas
675 2846 801 2886 species
824 2845 921 2876 simul
946 2853 1015 2875 esse
1038 2850 1112 2875 actu
1136 2845 1169 2875 in
1193 2845 1370 2876 intellectu.
1423 2842 1608 2883 speciebus;
1627 2841 1901 2874 considerandum
1913 2842 2059 2879 ulterius,
2075 2851 2114 2873 ex
2130 2841 2278 2874 doctrina
2293 2841 2402 2873 Sancti
2413 2841 2506 2872 Tho-

291 2892 450 2923 Probatur
473 2891 722 2931 consequentia:
747 2891 824 2931 quia
847 2890 1003 2931 cognosci
1020 2890 1151 2930 proprie
1171 2896 1203 2921 et
1222 2889 1372 2921 distincte
1423 2896 1498 2918 mae
1516 2887 1623 2922 Ver-it„
1641 2896 1672 2928 q.
1685 2897 1751 2922 viu,
1769 2897 1797 2919 a.
1817 2895 1865 2927 14,
1882 2887 1923 2919 ad
1940 2887 1971 2924 6,
1988 2893 2020 2919 et
2036 2887 2142 2918 Prima
2158 2886 2261 2924 Parte,
2278 2895 2311 2928 q.
2327 2896 2413 2923 um,
2430 2896 2458 2917 a.
2472 2895 2506 2926 7,

293 2944 340 2969 est
364 2937 522 2977 cognosci
544 2936 679 2976 proprio
704 2940 735 2966 et
759 2935 912 2968 distincto
937 2941 1111 2976 conceptu.
1424 2931 1465 2963 ad
1483 2941 1513 2968 2,
1538 2932 1629 2973 quod
1653 2933 1709 2963 ubi
1733 2942 1837 2964 unum
1862 2938 1910 2964 est
1932 2933 2013 2963 ratio
2037 2932 2178 2969 alterius,
2194 2932 2239 2963 ibi
2255 2930 2506 2973 quodammodo

351 2991 380 3012 2.
405 2981 530 3012 Contra
552 2981 713 3012 rationem
736 2989 836 3021 quare
859 2979 1042 3011 intellectus
1061 2985 1171 3011 noster
1190 2989 1258 3011 non
1279 2979 1371 3010 intel·
1425 2983 1473 3009 est
1489 2986 1604 3014 unum,
1621 2977 1698 3018 quia
1714 2987 1753 3008 ex
1770 2976 1875 3009 forma
1899 2983 1931 3008 et
1955 2978 2089 3008 materia
2111 2976 2148 3008 fit
2170 2985 2289 3009 unm:
2314 2977 2399 3008 sicut
2413 2975 2507 3015 color

293 3027 369 3068 ligat
384 3026 487 3068 plura,
505 3026 686 3066 arguiturt:
703 3025 822 3066 primo,
840 3025 916 3065 quia
932 3025 965 3056 in
982 3034 1055 3056 aere
1071 3025 1169 3057 simul
1185 3030 1232 3056 est
1248 3025 1373 3065 species
1425 3028 1457 3053 et
1480 3021 1594 3054 lumen
1617 3028 1693 3053 sunt
1717 3031 1820 3055 unum
1846 3022 1980 3060 visibile,
2005 3023 2082 3064 quia
2104 3022 2218 3054 lumen
2241 3021 2346 3054 colori
2361 3026 2409 3054 est
2422 3021 2507 3053 ratio

294 3071 357 3102 albi
381 3077 412 3102 et
436 3071 562 3112 species
585 3070 668 3111 nigri
691 3069 874 3101 secundum
898 3068 1035 3101 eandem
1059 3075 1195 3110 partem,
1212 3070 1237 3100 si
1262 3069 1371 3100 album
1425 3066 1517 3108 quod
1530 3066 1685 3098 videatur.
1696 3066 1785 3104 Ideo,
1799 3067 1855 3098 ubi
1867 3077 1972 3099 unum
1985 3073 2033 3098 est
2048 3066 2130 3098 ratio
2143 3066 2343 3108 intelligendi
2357 3065 2504 3102 alterum,

295 3122 326 3147 et
349 3116 478 3156 nigrum
502 3117 566 3147 sint
587 3116 621 3146 in
645 3124 718 3146 aere
741 3115 936 3156 propinqua.
961 3113 1049 3155 Ergo
1075 3114 1197 3146 formae
1227 3114 1372 3145 eiusdem
1425 3112 1537 3152 aliquo
1561 3111 1664 3143 modo
1687 3112 1733 3143 ibi
1757 3117 1805 3143 est
1829 3121 1933 3143 unum
1957 3111 2176 3152 intelligibile;
2199 3116 2232 3143 et
2254 3111 2365 3152 plures
2380 3110 2507 3151 species

294 3162 420 3201 generis
443 3165 581 3202 possunt
604 3159 700 3191 simul
716 3168 786 3190 esse
802 3160 835 3190 in
852 3158 971 3190 eodem
994 3159 1152 3191 subiecto.
1168 3177 1191 3182 —
1207 3158 1372 3190 Secundo.
1424 3156 1641 3197 intelligibiles
1657 3165 1796 3198 quarum
1821 3167 1886 3188 una
1909 3156 1950 3188 ad
1973 3157 2105 3189 alteram
2121 3161 2329 3197 comparatur
2347 3159 2384 3186 ut
2400 3153 2507 3186 forma

296 3205 420 3237 Omnes
429 3205 553 3237 formae
564 3215 648 3246 quae
660 3205 781 3237 suntin
793 3203 960 3236 intellectu
972 3204 1215 3244 angelico‚sunt
1227 3203 1373 3236 eiusdem
1426 3202 1503 3243 quia
1519 3207 1566 3233 est
1581 3202 1642 3232 sibi
1657 3202 1769 3243 aliquo
1793 3202 1896 3234 modo
1918 3202 2000 3234 ratio
2024 3199 2286 3243 repraesentandi
2301 3208 2398 3231 suum
2414 3199 2506 3231 obie-

295 3251 434 3290 generis:
460 3251 537 3292 quia
559 3250 736 3291 respiciunt
752 3248 890 3281 eandem
905 3249 1103 3290 potentiam3
1123 3250 1210 3280 iuxta
1226 3249 1314 3280 enim
1337 3259 1374 3280 ea
1425 3252 1526 3284 ctum,
1543 3252 1619 3278 sunt
1634 3247 1746 3288 aliquo
1763 3247 1865 3278 modo
1883 3257 1948 3280 una
1971 3247 2110 3288 species3
2135 3250 2168 3277 et
2190 3250 2281 3277 actus
2303 3243 2505 3285 intelligendi

297 3304 379 3335 quae
403 3294 481 3327 dicit
504 3295 641 3329 Sanctus
665 3294 812 3326 Thomas
826 3293 935 3325 Prima
950 3293 1053 3330 Parte,
1070 3295 1152 3325 etin
1167 3294 1236 3325 aliis
1253 3293 1333 3325 locis
1345 3295 1372 3330 ⁹,
1426 3301 1570 3333 quorum
1601 3301 1685 3323 unus
1716 3291 1757 3324 ad
1785 3291 1923 3324 alterum
1947 3290 2125 3328 ordinetur,
2148 3290 2216 3321 sive
2247 3298 2390 3330 quorum
2419 3298 2505 3320 unus

297 3338 420 3372 formae
444 3349 527 3381 quae
552 3339 690 3371 eandem
713 3339 894 3380 potentiam
918 3339 1105 3380 respiciunt,
1129 3344 1205 3370 sunt
1228 3338 1373 3369 eiusdem
1426 3343 1474 3368 est
1497 3337 1578 3368 ratio
1602 3336 1743 3373 alterius,
1768 3342 1844 3367 sunt
1868 3334 2116 3378 quodammodo
2131 3343 2218 3365 unus
2238 3339 2339 3365 actus.
2363 3333 2506 3365 Possunt

297 3384 430 3423 generis.
453 3384 517 3415 Sed
532 3385 654 3415 multae
669 3383 796 3415 illarum
813 3383 909 3414 simul
926 3389 1001 3414 sunt
1016 3383 1050 3414 in
1067 3389 1141 3414 actu
1158 3384 1191 3414 in
1207 3383 1373 3414 intellectu
1426 3391 1503 3423 ergo
1527 3381 1621 3423 plura
1650 3381 1748 3413 simul
1779 3381 1914 3422 intelligi
1944 3379 2076 3412 diversis
2103 3377 2379 3410 intellectionibus
2403 3383 2435 3410 et
2457 3377 2507 3409 di-

298 3428 459 3468 angelico:
485 3429 580 3460 simul
605 3430 692 3460 enim
717 3429 886 3469 cognoscit
918 3438 952 3459 se
983 3438 1040 3469 per
1069 3438 1162 3459 suam
1190 3429 1372 3464 essentiam,
1426 3427 1524 3458 versis
1544 3426 1725 3467 speciebus,
1743 3425 1876 3467 quando
1900 3430 1933 3456 et
1955 3425 2079 3466 species
2103 3429 2135 3454 et
2158 3423 2395 3455 intellectiones
2419 3422 2504 3454 ordi-

299 3478 330 3502 et
353 3473 429 3503 alias
452 3483 501 3504 res
525 3483 582 3514 per
600 3474 755 3514 speciem,
773 3479 804 3504 et
823 3473 931 3504 Deum
947 3473 1072 3504 visione
1088 3474 1181 3504 beata
1196 3481 1254 3513 per
1269 3473 1373 3513 ipsam
1426 3481 1502 3503 nem
1526 3470 1697 3502 formalem
1721 3471 1804 3502 inter
1827 3480 1861 3502 se
1883 3470 2014 3505 habent,
2037 3469 2080 3500 ita
2104 3467 2195 3509 quod
2219 3478 2324 3500 unum
2347 3474 2396 3500 est
2422 3468 2506 3499 ratio

299 3516 439 3547 divinam
463 3518 645 3549 essentiam.
678 3517 767 3558 Ergo
790 3523 899 3559 potest
922 3518 1104 3549 intellectus
1128 3517 1223 3548 simul
1248 3527 1317 3548 esse
1340 3518 1374 3548 in
1426 3517 1556 3548 alterius
1579 3517 1613 3547 in
1636 3514 1858 3557 intelligendo.
1882 3514 1925 3546 Et
1947 3513 2053 3545 multo
2080 3514 2183 3555 magis
2212 3513 2306 3554 plura
2336 3512 2432 3544 simul
2455 3512 2505 3543 in-

300 3566 373 3591 actu
397 3571 454 3601 per
477 3562 584 3603 plures
608 3563 742 3604 species.
983 3594 987 3598 ,
1426 3561 1526 3602 telligi
1551 3566 1689 3602 possunt
1718 3559 1851 3601 quando
1880 3567 1938 3600 per
1965 3567 2064 3590 unam
2095 3558 2239 3599 speciem
2263 3563 2295 3589 et
2317 3566 2376 3599 per
2404 3566 2504 3588 unam

357 3605 386 3635 3.
412 3605 533 3637 Contra
560 3607 719 3639 rationem
747 3616 846 3648 quare
870 3616 985 3644 omnes
1011 3607 1135 3648 species
1158 3606 1374 3647 intelligibiles
1427 3606 1653 3647 operationem
1676 3602 1912 3646 intelliguntur:
1938 3604 2021 3635 sicut
2043 3602 2161 3634 accidit
2184 3603 2218 3634 in
2242 3602 2430 3644 cognitione
2457 3601 2507 3632 di-

301 3655 374 3680 sunt
391 3649 535 3681 eiusdem
551 3652 687 3691 generis,
704 3653 847 3692 arguitur
862 3652 892 3682 *z
911 3652 998 3693 quia,
1015 3652 1041 3683 si
1057 3661 1115 3693 per
1131 3651 1195 3683 hoc
1211 3650 1302 3692 quod
1318 3651 1373 3682 ha·
1427 3651 1500 3682 vina
1517 3660 1581 3691 qua
1597 3650 1686 3682 Deus
1709 3649 1821 3681 omnia
1843 3648 2002 3688 intelligit.

2526 380 2534 391 ¹
2549 378 2606 407 cap.
2617 384 2666 400 xvi.
