<?xml version="1.0" encoding="UTF-8"?>
<!DOCTYPE html PUBLIC "-//W3C//DTD XHTML 1.0 Transitional//EN"
    "http://www.w3.org/TR/xhtml1/DTD/xhtml1-transitional.dtd">
<html xmlns="http://www.w3.org/1999/xhtml" xml:lang="en" lang="en">
 <head>
  <title>
</title>
<meta http-equiv="Content-Type" content="text/html;charset=utf-8" />
  <meta name='ocr-system' content='tesseract 3.04.00' />
  <meta name='ocr-capabilities' content='ocr_page ocr_carea ocr_par ocr_line ocrx_word'/>
</head>
<body>
  <div class='ocr_page' id='page_1' title='image "./operaomniaiussui13thom/operaomniaiussui13thom_0126.png"; bbox 0 0 2742 4152; ppageno 0'>
   <div class='ocr_carea' id='block_1_1' title="bbox 16 1691 175 1719">
    <p class='ocr_par' dir='ltr' id='par_1_1' title="bbox 16 1691 175 1719">
     <span class='ocr_line' id='line_1_1' title="bbox 16 1691 175 1719; baseline -0.006 -6"><span class='ocrx_word' id='word_1_1' title='bbox 16 1693 26 1702; x_wconf 84' lang='grc'><em>·</em></span> <span class='ocrx_word' id='word_1_2' title='bbox 41 1691 175 1719; x_wconf 79' lang='lat' dir='ltr'>cap.xv1n.</span> 
     </span>
    </p>
   </div>
   <div class='ocr_carea' id='block_1_2' title="bbox 15 2065 152 2093">
    <p class='ocr_par' dir='ltr' id='par_1_2' title="bbox 15 2065 152 2093">
     <span class='ocr_line' id='line_1_2' title="bbox 15 2065 152 2093; baseline -0.015 -6"><span class='ocrx_word' id='word_1_3' title='bbox 15 2067 22 2076; x_wconf 88' lang='grc'><em>“</em></span> <span class='ocrx_word' id='word_1_4' title='bbox 39 2065 95 2093; x_wconf 77' lang='lat' dir='ltr'>Cap.</span> <span class='ocrx_word' id='word_1_5' title='bbox 106 2070 152 2085; x_wconf 80' lang='lat' dir='ltr'>xvi.</span> 
     </span>
    </p>
   </div>
   <div class='ocr_carea' id='block_1_3' title="bbox 15 2281 199 2336">
    <p class='ocr_par' dir='ltr' id='par_1_3' title="bbox 15 2281 199 2336">
     <span class='ocr_line' id='line_1_3' title="bbox 15 2281 185 2309; baseline 0.006 -5"><span class='ocrx_word' id='word_1_6' title='bbox 15 2285 23 2293; x_wconf 92' lang='grc'>·</span> <span class='ocrx_word' id='word_1_7' title='bbox 39 2283 58 2304; x_wconf 86' lang='lat'>11</span> <span class='ocrx_word' id='word_1_8' title='bbox 73 2281 185 2309; x_wconf 68' lang='lat' dir='ltr'>Melaph..</span> 
     </span>
     <span class='ocr_line' id='line_1_4' title="bbox 15 2309 199 2336; baseline -0.016 -5"><span class='ocrx_word' id='word_1_9' title='bbox 15 2317 33 2331; x_wconf 88' lang='lat' dir='ltr'>s.</span> <span class='ocrx_word' id='word_1_10' title='bbox 42 2309 87 2331; x_wconf 84' lang='lat' dir='ltr'>Th.</span> <span class='ocrx_word' id='word_1_11' title='bbox 96 2309 135 2335; x_wconf 77' lang='lat'>111,</span> <span class='ocrx_word' id='word_1_12' title='bbox 145 2309 158 2330; x_wconf 79' lang='lat'>1.</span> <span class='ocrx_word' id='word_1_13' title='bbox 170 2314 199 2336; x_wconf 74' lang='lat'>¹3.</span> 
     </span>
    </p>
   </div>
   <div class='ocr_carea' id='block_1_4' title="bbox 16 2389 158 2416">
    <p class='ocr_par' dir='ltr' id='par_1_4' title="bbox 16 2389 158 2416">
     <span class='ocr_line' id='line_1_5' title="bbox 16 2389 158 2416; baseline -0.014 -5"><span class='ocrx_word' id='word_1_14' title='bbox 16 2391 24 2400; x_wconf 91' lang='grc'>·</span> <span class='ocrx_word' id='word_1_15' title='bbox 39 2389 96 2416; x_wconf 85' lang='lat' dir='ltr'>Cap.</span> <span class='ocrx_word' id='word_1_16' title='bbox 107 2394 158 2410; x_wconf 81' lang='lat' dir='ltr'>xm.</span> 
     </span>
    </p>
   </div>
   <div class='ocr_carea' id='block_1_5' title="bbox 17 2603 228 2656">
    <p class='ocr_par' dir='ltr' id='par_1_5' title="bbox 17 2603 228 2656">
     <span class='ocr_line' id='line_1_6' title="bbox 17 2603 228 2656; baseline -0.014 -5"><span class='ocrx_word' id='word_1_17' title='bbox 17 2605 36 2651; x_wconf 64' lang='grc' dir='ltr'>ἑ.</span> <span class='ocrx_word' id='word_1_18' title='bbox 46 2603 121 2651; x_wconf 57' lang='lat' dir='ltr'>iffi.</span> <span class='ocrx_word' id='word_1_19' title='bbox 132 2608 150 2656; x_wconf 83' lang='lat' dir='ltr'>v9</span> <span class='ocrx_word' id='word_1_20' title='bbox 165 2607 228 2656; x_wconf 57' lang='lat'>⁸⁸33?</span> 
     </span>
    </p>
   </div>
   <div class='ocr_carea' id='block_1_6' title="bbox 266 235 312 270">
    <p class='ocr_par' dir='ltr' id='par_1_6' title="bbox 266 235 312 270">
     <span class='ocr_line' id='line_1_7' title="bbox 266 235 312 270; baseline 0 0"><span class='ocrx_word' id='word_1_21' title='bbox 266 235 312 270; x_wconf 87' lang='lat'>52</span> 
     </span>
    </p>
   </div>
   <div class='ocr_carea' id='block_1_7' title="bbox 258 308 1334 886">
    <p class='ocr_par' dir='ltr' id='par_1_7' title="bbox 262 308 1334 442">
     <span class='ocr_line' id='line_1_8' title="bbox 318 308 1334 348; baseline -0.005 -5"><span class='ocrx_word' id='word_1_22' title='bbox 318 311 475 343; x_wconf 81' lang='lat' dir='ltr'>Secundo.</span> <span class='ocrx_word' id='word_1_23' title='bbox 501 311 536 340; x_wconf 92' lang='lat' dir='ltr'>In</span> <span class='ocrx_word' id='word_1_24' title='bbox 553 310 624 340; x_wconf 92' lang='lat' dir='ltr'>Deo</span> <span class='ocrx_word' id='word_1_25' title='bbox 640 319 708 339; x_wconf 91' lang='lat' dir='ltr'>non</span> <span class='ocrx_word' id='word_1_26' title='bbox 726 314 772 339; x_wconf 90' lang='lat' dir='ltr'>est</span> <span class='ocrx_word' id='word_1_27' title='bbox 786 309 959 339; x_wconf 85' lang='lat' dir='ltr'>necessitas</span> <span class='ocrx_word' id='word_1_28' title='bbox 975 308 1014 338; x_wconf 93' lang='lat' dir='ltr'>ab</span> <span class='ocrx_word' id='word_1_29' title='bbox 1038 308 1119 338; x_wconf 90' lang='lat' dir='ltr'>alio:</span> <span class='ocrx_word' id='word_1_30' title='bbox 1146 309 1248 339; x_wconf 87' lang='lat' dir='ltr'>immo</span> <span class='ocrx_word' id='word_1_31' title='bbox 1264 309 1334 348; x_wconf 92' lang='lat' dir='ltr'>ipse</span> 
     </span>
     <span class='ocr_line' id='line_1_9' title="bbox 262 353 1334 393; baseline -0.005 -5"><span class='ocrx_word' id='word_1_32' title='bbox 262 357 329 389; x_wconf 88' lang='lat' dir='ltr'>aliis</span> <span class='ocrx_word' id='word_1_33' title='bbox 360 362 407 387; x_wconf 87' lang='lat' dir='ltr'>est</span> <span class='ocrx_word' id='word_1_34' title='bbox 437 365 532 385; x_wconf 87' lang='lat' dir='ltr'>causa</span> <span class='ocrx_word' id='word_1_35' title='bbox 562 353 768 384; x_wconf 86' lang='lat' dir='ltr'>necessitatis.</span> <span class='ocrx_word' id='word_1_36' title='bbox 793 353 879 393; x_wconf 87' lang='lat' dir='ltr'>Ergo</span> <span class='ocrx_word' id='word_1_37' title='bbox 904 358 964 383; x_wconf 92' lang='lat' dir='ltr'>etc.</span> <span class='ocrx_word' id='word_1_38' title='bbox 988 371 1011 375; x_wconf 92' lang='lat'>—</span> <span class='ocrx_word' id='word_1_39' title='bbox 1034 353 1192 383; x_wconf 86' lang='lat' dir='ltr'>Probatur</span> <span class='ocrx_word' id='word_1_40' title='bbox 1219 362 1334 383; x_wconf 91' lang='lat' dir='ltr'>conse-</span> 
     </span>
     <span class='ocr_line' id='line_1_10' title="bbox 262 397 1141 442; baseline -0.005 -11"><span class='ocrx_word' id='word_1_41' title='bbox 262 401 402 442; x_wconf 87' lang='lat' dir='ltr'>quentia.</span> <span class='ocrx_word' id='word_1_42' title='bbox 427 399 513 437; x_wconf 90' lang='lat' dir='ltr'><strong>Quia</strong></span> <span class='ocrx_word' id='word_1_43' title='bbox 536 399 708 429; x_wconf 88' lang='lat' dir='ltr'>necessitas</span> <span class='ocrx_word' id='word_1_44' title='bbox 732 398 909 428; x_wconf 87' lang='lat' dir='ltr'>coactionis</span> <span class='ocrx_word' id='word_1_45' title='bbox 934 403 981 428; x_wconf 87' lang='lat' dir='ltr'>est</span> <span class='ocrx_word' id='word_1_46' title='bbox 1004 397 1043 428; x_wconf 85' lang='lat' dir='ltr'>ab</span> <span class='ocrx_word' id='word_1_47' title='bbox 1067 397 1141 428; x_wconf 92' lang='lat' dir='ltr'>alio.</span> 
     </span>
    </p>

    <p class='ocr_par' dir='ltr' id='par_1_8' title="bbox 258 441 1333 662">
     <span class='ocr_line' id='line_1_11' title="bbox 320 441 1332 483; baseline -0.002 -9"><span class='ocrx_word' id='word_1_48' title='bbox 320 445 438 475; x_wconf 86' lang='lat' dir='ltr'>Tertio.</span> <span class='ocrx_word' id='word_1_49' title='bbox 463 443 551 474; x_wconf 92' lang='lat' dir='ltr'>Nihil</span> <span class='ocrx_word' id='word_1_50' title='bbox 575 448 682 483; x_wconf 90' lang='lat' dir='ltr'>potest</span> <span class='ocrx_word' id='word_1_51' title='bbox 706 453 775 473; x_wconf 89' lang='lat' dir='ltr'>esse</span> <span class='ocrx_word' id='word_1_52' title='bbox 798 443 832 473; x_wconf 94' lang='lat' dir='ltr'>in</span> <span class='ocrx_word' id='word_1_53' title='bbox 852 443 924 473; x_wconf 88' lang='lat' dir='ltr'>Deo</span> <span class='ocrx_word' id='word_1_54' title='bbox 941 447 1067 483; x_wconf 89' lang='lat' dir='ltr'>praeter</span> <span class='ocrx_word' id='word_1_55' title='bbox 1082 441 1162 472; x_wconf 92' lang='lat' dir='ltr'>illud</span> <span class='ocrx_word' id='word_1_56' title='bbox 1179 441 1269 482; x_wconf 92' lang='lat' dir='ltr'>quod</span> <span class='ocrx_word' id='word_1_57' title='bbox 1285 451 1332 472; x_wconf 87' lang='lat' dir='ltr'>se-</span> 
     </span>
     <span class='ocr_line' id='line_1_12' title="bbox 260 487 1333 527; baseline -0.003 -8"><span class='ocrx_word' id='word_1_58' title='bbox 260 488 405 520; x_wconf 92' lang='lat' dir='ltr'>cundum</span> <span class='ocrx_word' id='word_1_59' title='bbox 428 497 461 518; x_wconf 87' lang='lat' dir='ltr'>se</span> <span class='ocrx_word' id='word_1_60' title='bbox 486 488 516 518; x_wconf 89' lang='lat' dir='ltr'>ei</span> <span class='ocrx_word' id='word_1_61' title='bbox 539 488 701 518; x_wconf 91' lang='lat' dir='ltr'>convenit.</span> <span class='ocrx_word' id='word_1_62' title='bbox 733 488 820 527; x_wconf 91' lang='lat' dir='ltr'>Ergo</span> <span class='ocrx_word' id='word_1_63' title='bbox 850 487 931 517; x_wconf 90' lang='lat' dir='ltr'>nihil</span> <span class='ocrx_word' id='word_1_64' title='bbox 961 487 1142 517; x_wconf 91' lang='lat' dir='ltr'>violentum</span> <span class='ocrx_word' id='word_1_65' title='bbox 1169 492 1277 527; x_wconf 88' lang='lat' dir='ltr'>potest</span> <span class='ocrx_word' id='word_1_66' title='bbox 1300 487 1333 516; x_wconf 94' lang='lat' dir='ltr'>in</span> 
     </span>
     <span class='ocr_line' id='line_1_13' title="bbox 259 531 1333 574; baseline -0.003 -10"><span class='ocrx_word' id='word_1_67' title='bbox 259 535 330 574; x_wconf 91' lang='lat' dir='ltr'>ipso</span> <span class='ocrx_word' id='word_1_68' title='bbox 356 542 434 564; x_wconf 89' lang='lat' dir='ltr'>esse.</span> <span class='ocrx_word' id='word_1_69' title='bbox 451 551 474 554; x_wconf 97' lang='lat'><strong>—</strong></span> <span class='ocrx_word' id='word_1_70' title='bbox 489 532 647 563; x_wconf 89' lang='lat' dir='ltr'>Probatur</span> <span class='ocrx_word' id='word_1_71' title='bbox 670 532 913 572; x_wconf 88' lang='lat' dir='ltr'>consequentia.</span> <span class='ocrx_word' id='word_1_72' title='bbox 939 531 1025 570; x_wconf 92' lang='lat' dir='ltr'>Quia</span> <span class='ocrx_word' id='word_1_73' title='bbox 1049 531 1230 561; x_wconf 87' lang='lat' dir='ltr'>violentum</span> <span class='ocrx_word' id='word_1_74' title='bbox 1254 541 1333 561; x_wconf 91' lang='lat' dir='ltr'>con-</span> 
     </span>
     <span class='ocr_line' id='line_1_14' title="bbox 258 575 1333 617; baseline -0.003 -9"><span class='ocrx_word' id='word_1_75' title='bbox 258 578 404 608; x_wconf 89' lang='lat' dir='ltr'>trariatur</span> <span class='ocrx_word' id='word_1_76' title='bbox 420 577 450 607; x_wconf 85' lang='lat' dir='ltr'>ei</span> <span class='ocrx_word' id='word_1_77' title='bbox 465 576 555 617; x_wconf 90' lang='lat' dir='ltr'>quod</span> <span class='ocrx_word' id='word_1_78' title='bbox 571 582 619 607; x_wconf 86' lang='lat' dir='ltr'>est</span> <span class='ocrx_word' id='word_1_79' title='bbox 634 576 815 608; x_wconf 90' lang='lat' dir='ltr'>secundum</span> <span class='ocrx_word' id='word_1_80' title='bbox 831 581 987 606; x_wconf 89' lang='lat' dir='ltr'>naturam.</span> <span class='ocrx_word' id='word_1_81' title='bbox 1001 594 1023 598; x_wconf 80' lang='lat'>—-</span> <span class='ocrx_word' id='word_1_82' title='bbox 1034 575 1239 606; x_wconf 88' lang='lat' dir='ltr'>Antecedens</span> <span class='ocrx_word' id='word_1_83' title='bbox 1255 585 1333 605; x_wconf 88' lang='lat' dir='ltr'>vero</span> 
     </span>
     <span class='ocr_line' id='line_1_15' title="bbox 259 621 1171 662; baseline -0.003 -9"><span class='ocrx_word' id='word_1_84' title='bbox 259 628 355 662; x_wconf 89' lang='lat' dir='ltr'>patet.</span> <span class='ocrx_word' id='word_1_85' title='bbox 380 622 467 660; x_wconf 90' lang='lat' dir='ltr'>Quia</span> <span class='ocrx_word' id='word_1_86' title='bbox 490 621 579 652; x_wconf 92' lang='lat' dir='ltr'>Deus</span> <span class='ocrx_word' id='word_1_87' title='bbox 604 627 650 652; x_wconf 91' lang='lat' dir='ltr'>est</span> <span class='ocrx_word' id='word_1_88' title='bbox 674 621 855 652; x_wconf 85' lang='lat' dir='ltr'>secundum</span> <span class='ocrx_word' id='word_1_89' title='bbox 878 630 912 651; x_wconf 92' lang='lat' dir='ltr'>se</span> <span class='ocrx_word' id='word_1_90' title='bbox 935 630 1068 651; x_wconf 87' lang='lat' dir='ltr'>necesse</span> <span class='ocrx_word' id='word_1_91' title='bbox 1092 629 1171 651; x_wconf 88' lang='lat' dir='ltr'>esse.</span> 
     </span>
    </p>

    <p class='ocr_par' dir='ltr' id='par_1_9' title="bbox 258 665 1334 886">
     <span class='ocr_line' id='line_1_16' title="bbox 314 665 1333 707; baseline -0.003 -10"><span class='ocrx_word' id='word_1_92' title='bbox 314 666 454 697; x_wconf 88' lang='lat' dir='ltr'>Adverte</span> <span class='ocrx_word' id='word_1_93' title='bbox 479 666 569 706; x_wconf 94' lang='lat' dir='ltr'>quod</span> <span class='ocrx_word' id='word_1_94' title='bbox 592 666 625 696; x_wconf 94' lang='lat' dir='ltr'>in</span> <span class='ocrx_word' id='word_1_95' title='bbox 650 676 689 697; x_wconf 94' lang='lat' dir='ltr'>eo</span> <span class='ocrx_word' id='word_1_96' title='bbox 715 665 805 707; x_wconf 90' lang='lat' dir='ltr'>quod</span> <span class='ocrx_word' id='word_1_97' title='bbox 829 671 876 696; x_wconf 89' lang='lat' dir='ltr'>est</span> <span class='ocrx_word' id='word_1_98' title='bbox 900 674 938 695; x_wconf 84' lang='lat' dir='ltr'>ex</span> <span class='ocrx_word' id='word_1_99' title='bbox 962 665 1070 705; x_wconf 91' lang='lat' dir='ltr'>seipso</span> <span class='ocrx_word' id='word_1_100' title='bbox 1094 674 1226 695; x_wconf 89' lang='lat' dir='ltr'>necesse</span> <span class='ocrx_word' id='word_1_101' title='bbox 1254 673 1333 700; x_wconf 89' lang='lat' dir='ltr'>esse,</span> 
     </span>
     <span class='ocr_line' id='line_1_17' title="bbox 258 709 1333 752; baseline -0.004 -10"><span class='ocrx_word' id='word_1_102' title='bbox 258 711 338 742; x_wconf 89' lang='lat' dir='ltr'>nihil</span> <span class='ocrx_word' id='word_1_103' title='bbox 355 721 423 742; x_wconf 89' lang='lat' dir='ltr'>esse</span> <span class='ocrx_word' id='word_1_104' title='bbox 439 716 546 752; x_wconf 86' lang='lat' dir='ltr'>potest</span> <span class='ocrx_word' id='word_1_105' title='bbox 566 710 656 751; x_wconf 91' lang='lat' dir='ltr'>quod</span> <span class='ocrx_word' id='word_1_106' title='bbox 680 721 748 741; x_wconf 92' lang='lat' dir='ltr'>non</span> <span class='ocrx_word' id='word_1_107' title='bbox 771 709 951 741; x_wconf 89' lang='lat' dir='ltr'>necessario</span> <span class='ocrx_word' id='word_1_108' title='bbox 975 709 1021 740; x_wconf 92' lang='lat' dir='ltr'>illi</span> <span class='ocrx_word' id='word_1_109' title='bbox 1045 710 1231 740; x_wconf 87' lang='lat' dir='ltr'>conveniat:</span> <span class='ocrx_word' id='word_1_110' title='bbox 1257 717 1333 738; x_wconf 87' lang='lat' dir='ltr'>cum</span> 
     </span>
     <span class='ocr_line' id='line_1_18' title="bbox 259 752 1334 795; baseline -0.003 -9"><span class='ocrx_word' id='word_1_111' title='bbox 259 766 298 786; x_wconf 88' lang='lat' dir='ltr'>ex</span> <span class='ocrx_word' id='word_1_112' title='bbox 322 756 391 786; x_wconf 88' lang='lat' dir='ltr'>eius</span> <span class='ocrx_word' id='word_1_113' title='bbox 414 756 590 786; x_wconf 89' lang='lat' dir='ltr'>substantia</span> <span class='ocrx_word' id='word_1_114' title='bbox 620 755 792 786; x_wconf 89' lang='lat' dir='ltr'>necessitas</span> <span class='ocrx_word' id='word_1_115' title='bbox 822 755 855 785; x_wconf 91' lang='lat' dir='ltr'>in</span> <span class='ocrx_word' id='word_1_116' title='bbox 887 755 958 795; x_wconf 90' lang='lat' dir='ltr'>ipso</span> <span class='ocrx_word' id='word_1_117' title='bbox 987 754 1036 784; x_wconf 92' lang='lat' dir='ltr'>sit.</span> <span class='ocrx_word' id='word_1_118' title='bbox 1068 753 1145 784; x_wconf 92' lang='lat' dir='ltr'>Ideo</span> <span class='ocrx_word' id='word_1_119' title='bbox 1169 752 1250 783; x_wconf 87' lang='lat' dir='ltr'>nihil</span> <span class='ocrx_word' id='word_1_120' title='bbox 1274 753 1334 783; x_wconf 91' lang='lat' dir='ltr'>sibi</span> 
     </span>
     <span class='ocr_line' id='line_1_19' title="bbox 259 798 1331 840; baseline -0.004 -9"><span class='ocrx_word' id='word_1_121' title='bbox 259 800 434 831; x_wconf 90' lang='lat' dir='ltr'>convenire</span> <span class='ocrx_word' id='word_1_122' title='bbox 463 805 571 840; x_wconf 92' lang='lat' dir='ltr'>potest</span> <span class='ocrx_word' id='word_1_123' title='bbox 601 799 691 840; x_wconf 92' lang='lat' dir='ltr'>quod</span> <span class='ocrx_word' id='word_1_124' title='bbox 722 801 751 830; x_wconf 90' lang='lat' dir='ltr'>ei</span> <span class='ocrx_word' id='word_1_125' title='bbox 781 799 962 830; x_wconf 85' lang='lat' dir='ltr'>secundum</span> <span class='ocrx_word' id='word_1_126' title='bbox 987 808 1020 828; x_wconf 89' lang='lat' dir='ltr'>se</span> <span class='ocrx_word' id='word_1_127' title='bbox 1043 807 1111 828; x_wconf 92' lang='lat' dir='ltr'>non</span> <span class='ocrx_word' id='word_1_128' title='bbox 1143 798 1331 828; x_wconf 91' lang='lat' dir='ltr'>conveniat:</span> 
     </span>
     <span class='ocr_line' id='line_1_20' title="bbox 259 842 1332 886; baseline -0.004 -10"><span class='ocrx_word' id='word_1_129' title='bbox 259 845 403 886; x_wconf 91' lang='lat' dir='ltr'>alioquin</span> <span class='ocrx_word' id='word_1_130' title='bbox 419 846 453 875; x_wconf 93' lang='lat' dir='ltr'>in</span> <span class='ocrx_word' id='word_1_131' title='bbox 468 845 540 885; x_wconf 88' lang='lat' dir='ltr'>ipso</span> <span class='ocrx_word' id='word_1_132' title='bbox 557 843 678 885; x_wconf 89' lang='lat' dir='ltr'>aliquid</span> <span class='ocrx_word' id='word_1_133' title='bbox 693 844 933 885; x_wconf 90' lang='lat' dir='ltr'>potentialitatis</span> <span class='ocrx_word' id='word_1_134' title='bbox 957 848 1048 874; x_wconf 90' lang='lat' dir='ltr'>esset.</span> <span class='ocrx_word' id='word_1_135' title='bbox 1065 861 1088 864; x_wconf 98' lang='lat'><strong>—</strong></span> <span class='ocrx_word' id='word_1_136' title='bbox 1108 842 1199 873; x_wconf 90' lang='lat' dir='ltr'>Haec</span> <span class='ocrx_word' id='word_1_137' title='bbox 1222 847 1332 873; x_wconf 88' lang='lat' dir='ltr'>autern</span> 
     </span>
    </p>
   </div>
   <div class='ocr_carea' id='block_1_8' title="bbox 805 228 1922 279">
    <p class='ocr_par' dir='ltr' id='par_1_10' title="bbox 805 228 1922 279">
     <span class='ocr_line' id='line_1_21' title="bbox 805 228 1922 279; baseline 0.002 -13"><span class='ocrx_word' id='word_1_138' title='bbox 805 230 994 267; x_wconf 91' lang='lat' dir='ltr'>SUMMA</span> <span class='ocrx_word' id='word_1_139' title='bbox 1023 229 1246 266; x_wconf 92' lang='lat' dir='ltr'>CONTRA</span> <span class='ocrx_word' id='word_1_140' title='bbox 1274 228 1552 277; x_wconf 90' lang='lat' dir='ltr'>GENTILES,</span> <span class='ocrx_word' id='word_1_141' title='bbox 1583 229 1695 267; x_wconf 92' lang='lat' dir='ltr'>CAP.</span> <span class='ocrx_word' id='word_1_142' title='bbox 1716 231 1817 279; x_wconf 91' lang='lat' dir='ltr'>XIX,</span> <span class='ocrx_word' id='word_1_143' title='bbox 1838 231 1922 268; x_wconf 91' lang='lat' dir='ltr'>XX.</span> 
     </span>
    </p>
   </div>
   <div class='ocr_carea' id='block_1_9' title="bbox 1385 309 2466 874">
    <p class='ocr_par' dir='ltr' id='par_1_11' title="bbox 1386 309 2465 481">
     <span class='ocr_line' id='line_1_22' title="bbox 1386 309 2462 351; baseline 0.003 -13"><span class='ocrx_word' id='word_1_144' title='bbox 1386 309 1467 339; x_wconf 89' lang='lat' dir='ltr'>ratio</span> <span class='ocrx_word' id='word_1_145' title='bbox 1491 309 1552 339; x_wconf 89' lang='lat' dir='ltr'>alia</span> <span class='ocrx_word' id='word_1_146' title='bbox 1575 314 1624 339; x_wconf 91' lang='lat' dir='ltr'>est</span> <span class='ocrx_word' id='word_1_147' title='bbox 1646 319 1665 340; x_wconf 94' lang='lat' dir='ltr'>a</span> <span class='ocrx_word' id='word_1_148' title='bbox 1688 311 1802 350; x_wconf 88' lang='lat' dir='ltr'>prima.</span> <span class='ocrx_word' id='word_1_149' title='bbox 1833 310 1920 349; x_wconf 89' lang='lat' dir='ltr'>Quia</span> <span class='ocrx_word' id='word_1_150' title='bbox 1949 312 1983 341; x_wconf 91' lang='lat' dir='ltr'>in</span> <span class='ocrx_word' id='word_1_151' title='bbox 2013 311 2118 351; x_wconf 87' lang='lat' dir='ltr'>prima</span> <span class='ocrx_word' id='word_1_152' title='bbox 2144 310 2336 351; x_wconf 83' lang='lat' dir='ltr'>arguebatur</span> <span class='ocrx_word' id='word_1_153' title='bbox 2359 319 2398 341; x_wconf 86' lang='lat' dir='ltr'>ex</span> <span class='ocrx_word' id='word_1_154' title='bbox 2422 319 2462 341; x_wconf 90' lang='lat' dir='ltr'>eo</span> 
     </span>
     <span class='ocr_line' id='line_1_23' title="bbox 1387 352 2465 393; baseline 0.003 -11"><span class='ocrx_word' id='word_1_155' title='bbox 1387 352 1478 393; x_wconf 92' lang='lat' dir='ltr'>quod</span> <span class='ocrx_word' id='word_1_156' title='bbox 1502 353 1535 383; x_wconf 92' lang='lat' dir='ltr'>in</span> <span class='ocrx_word' id='word_1_157' title='bbox 1558 353 1631 393; x_wconf 86' lang='lat' dir='ltr'>ipso</span> <span class='ocrx_word' id='word_1_158' title='bbox 1654 354 1734 385; x_wconf 86' lang='lat' dir='ltr'>nihil</span> <span class='ocrx_word' id='word_1_159' title='bbox 1767 356 1807 385; x_wconf 90' lang='lat' dir='ltr'>sit</span> <span class='ocrx_word' id='word_1_160' title='bbox 1835 355 2032 386; x_wconf 86' lang='lat' dir='ltr'>substantiae</span> <span class='ocrx_word' id='word_1_161' title='bbox 2062 356 2131 386; x_wconf 89' lang='lat' dir='ltr'>eius</span> <span class='ocrx_word' id='word_1_162' title='bbox 2161 354 2324 386; x_wconf 87' lang='lat' dir='ltr'>additum:</span> <span class='ocrx_word' id='word_1_163' title='bbox 2348 355 2382 385; x_wconf 90' lang='lat' dir='ltr'>in</span> <span class='ocrx_word' id='word_1_164' title='bbox 2405 355 2465 386; x_wconf 85' lang='lat' dir='ltr'>ista</span> 
     </span>
     <span class='ocr_line' id='line_1_24' title="bbox 1386 398 2465 440; baseline 0.003 -13"><span class='ocrx_word' id='word_1_165' title='bbox 1386 407 1464 428; x_wconf 89' lang='lat' dir='ltr'>vero</span> <span class='ocrx_word' id='word_1_166' title='bbox 1482 407 1520 427; x_wconf 91' lang='lat' dir='ltr'>ex</span> <span class='ocrx_word' id='word_1_167' title='bbox 1537 407 1576 427; x_wconf 90' lang='lat' dir='ltr'>eo</span> <span class='ocrx_word' id='word_1_168' title='bbox 1590 398 1682 438; x_wconf 92' lang='lat' dir='ltr'>quod</span> <span class='ocrx_word' id='word_1_169' title='bbox 1697 399 1778 430; x_wconf 87' lang='lat' dir='ltr'>nihil</span> <span class='ocrx_word' id='word_1_170' title='bbox 1792 400 1827 430; x_wconf 93' lang='lat' dir='ltr'>in</span> <span class='ocrx_word' id='word_1_171' title='bbox 1842 401 1915 440; x_wconf 93' lang='lat' dir='ltr'>ipso</span> <span class='ocrx_word' id='word_1_172' title='bbox 1933 410 2002 431; x_wconf 90' lang='lat' dir='ltr'>esse</span> <span class='ocrx_word' id='word_1_173' title='bbox 2017 405 2126 440; x_wconf 89' lang='lat' dir='ltr'>potest</span> <span class='ocrx_word' id='word_1_174' title='bbox 2140 405 2266 440; x_wconf 83' lang='lat' dir='ltr'>praeter</span> <span class='ocrx_word' id='word_1_175' title='bbox 2281 399 2362 431; x_wconf 90' lang='lat' dir='ltr'>illud</span> <span class='ocrx_word' id='word_1_176' title='bbox 2373 398 2465 440; x_wconf 92' lang='lat' dir='ltr'>quod</span> 
     </span>
     <span class='ocr_line' id='line_1_25' title="bbox 1386 441 2463 481; baseline 0.003 -10"><span class='ocrx_word' id='word_1_177' title='bbox 1386 441 1568 472; x_wconf 90' lang='lat' dir='ltr'>secundum</span> <span class='ocrx_word' id='word_1_178' title='bbox 1591 452 1626 473; x_wconf 86' lang='lat' dir='ltr'>se</span> <span class='ocrx_word' id='word_1_179' title='bbox 1648 443 1695 474; x_wconf 90' lang='lat' dir='ltr'>illi</span> <span class='ocrx_word' id='word_1_180' title='bbox 1722 446 1886 481; x_wconf 89' lang='lat' dir='ltr'>convenit,</span> <span class='ocrx_word' id='word_1_181' title='bbox 1911 445 1977 475; x_wconf 90' lang='lat' dir='ltr'>sive</span> <span class='ocrx_word' id='word_1_182' title='bbox 2000 444 2208 476; x_wconf 86' lang='lat' dir='ltr'>substantiale</span> <span class='ocrx_word' id='word_1_183' title='bbox 2231 445 2272 475; x_wconf 91' lang='lat' dir='ltr'>sit</span> <span class='ocrx_word' id='word_1_184' title='bbox 2293 444 2361 475; x_wconf 88' lang='lat' dir='ltr'>sive</span> <span class='ocrx_word' id='word_1_185' title='bbox 2383 453 2463 474; x_wconf 91' lang='lat' dir='ltr'>non.</span> 
     </span>
    </p>

    <p class='ocr_par' dir='ltr' id='par_1_12' title="bbox 1387 485 2466 606">
     <span class='ocr_line' id='line_1_26' title="bbox 1446 485 2465 529; baseline 0.003 -13"><span class='ocrx_word' id='word_1_186' title='bbox 1446 485 1585 522; x_wconf 83' lang='lat' dir='ltr'>Quarto.</span> <span class='ocrx_word' id='word_1_187' title='bbox 1610 487 1688 518; x_wconf 89' lang='lat' dir='ltr'>Non</span> <span class='ocrx_word' id='word_1_188' title='bbox 1710 493 1819 528; x_wconf 87' lang='lat' dir='ltr'>potest</span> <span class='ocrx_word' id='word_1_189' title='bbox 1841 489 1930 520; x_wconf 89' lang='lat' dir='ltr'>Deus</span> <span class='ocrx_word' id='word_1_190' title='bbox 1954 490 1994 519; x_wconf 93' lang='lat' dir='ltr'>ab</span> <span class='ocrx_word' id='word_1_191' title='bbox 2018 489 2082 520; x_wconf 92' lang='lat' dir='ltr'>alio</span> <span class='ocrx_word' id='word_1_192' title='bbox 2106 489 2240 520; x_wconf 88' lang='lat' dir='ltr'>moveri.</span> <span class='ocrx_word' id='word_1_193' title='bbox 2272 489 2359 529; x_wconf 87' lang='lat' dir='ltr'>Ergo</span> <span class='ocrx_word' id='word_1_194' title='bbox 2383 488 2465 519; x_wconf 86' lang='lat' dir='ltr'>nihil</span> 
     </span>
     <span class='ocr_line' id='line_1_27' title="bbox 1387 531 2466 574; baseline 0.003 -14"><span class='ocrx_word' id='word_1_195' title='bbox 1387 536 1435 561; x_wconf 91' lang='lat' dir='ltr'>est</span> <span class='ocrx_word' id='word_1_196' title='bbox 1458 531 1491 560; x_wconf 90' lang='lat' dir='ltr'>in</span> <span class='ocrx_word' id='word_1_197' title='bbox 1521 531 1593 571; x_wconf 91' lang='lat' dir='ltr'>ipso</span> <span class='ocrx_word' id='word_1_198' title='bbox 1617 531 1808 564; x_wconf 89' lang='lat' dir='ltr'>violentum.</span> <span class='ocrx_word' id='word_1_199' title='bbox 1832 551 1856 556; x_wconf 91' lang='lat'><em>-</em></span> <span class='ocrx_word' id='word_1_200' title='bbox 1878 534 1970 565; x_wconf 90' lang='lat' dir='ltr'>Patet</span> <span class='ocrx_word' id='word_1_201' title='bbox 1999 534 2234 574; x_wconf 88' lang='lat' dir='ltr'>consequentia</span> <span class='ocrx_word' id='word_1_202' title='bbox 2265 543 2303 564; x_wconf 86' lang='lat' dir='ltr'>ex</span> <span class='ocrx_word' id='word_1_203' title='bbox 2330 533 2466 564; x_wconf 87' lang='lat' dir='ltr'>violenti</span> 
     </span>
     <span class='ocr_line' id='line_1_28' title="bbox 1387 574 1587 606; baseline 0 0"><span class='ocrx_word' id='word_1_204' title='bbox 1387 574 1587 606; x_wconf 87' lang='lat' dir='ltr'>definitione.</span> 
     </span>
    </p>

    <p class='ocr_par' dir='ltr' id='par_1_13' title="bbox 1385 618 2466 874">
     <span class='ocr_line' id='line_1_29' title="bbox 1441 618 2466 664; baseline 0.003 -15"><span class='ocrx_word' id='word_1_205' title='bbox 1441 618 1583 650; x_wconf 86' lang='lat' dir='ltr'>Adverte</span> <span class='ocrx_word' id='word_1_206' title='bbox 1607 619 1698 660; x_wconf 89' lang='lat' dir='ltr'>quod</span> <span class='ocrx_word' id='word_1_207' title='bbox 1721 621 1798 652; x_wconf 88' lang='lat' dir='ltr'>huic</span> <span class='ocrx_word' id='word_1_208' title='bbox 1821 621 2003 654; x_wconf 89' lang='lat' dir='ltr'>definitioni</span> <span class='ocrx_word' id='word_1_209' title='bbox 2023 622 2245 664; x_wconf 88' lang='lat' dir='ltr'>supplendum</span> <span class='ocrx_word' id='word_1_210' title='bbox 2261 627 2308 654; x_wconf 86' lang='lat' dir='ltr'>est</span> <span class='ocrx_word' id='word_1_211' title='bbox 2324 621 2416 662; x_wconf 90' lang='lat' dir='ltr'>quod</span> <span class='ocrx_word' id='word_1_212' title='bbox 2431 622 2466 652; x_wconf 89' lang='lat' dir='ltr'>in</span> 
     </span>
     <span class='ocr_line' id='line_1_30' title="bbox 1386 664 2466 706; baseline 0.003 -12"><span class='ocrx_word' id='word_1_213' title='bbox 1386 673 1482 704; x_wconf 91' lang='lat' dir='ltr'>passo</span> <span class='ocrx_word' id='word_1_214' title='bbox 1506 664 1546 694; x_wconf 90' lang='lat' dir='ltr'>sit</span> <span class='ocrx_word' id='word_1_215' title='bbox 1568 664 1736 695; x_wconf 87' lang='lat' dir='ltr'>inclinatio</span> <span class='ocrx_word' id='word_1_216' title='bbox 1760 665 1800 695; x_wconf 93' lang='lat' dir='ltr'>ad</span> <span class='ocrx_word' id='word_1_217' title='bbox 1824 667 2026 706; x_wconf 87' lang='lat' dir='ltr'>oppositum.</span> <span class='ocrx_word' id='word_1_218' title='bbox 2059 668 2136 699; x_wconf 92' lang='lat' dir='ltr'>Non</span> <span class='ocrx_word' id='word_1_219' title='bbox 2167 667 2284 698; x_wconf 86' lang='lat' dir='ltr'>sufficit</span> <span class='ocrx_word' id='word_1_220' title='bbox 2314 667 2402 697; x_wconf 88' lang='lat' dir='ltr'>enirn</span> <span class='ocrx_word' id='word_1_221' title='bbox 2425 665 2466 697; x_wconf 90' lang='lat' dir='ltr'>ad</span> 
     </span>
     <span class='ocr_line' id='line_1_31' title="bbox 1386 708 2466 750; baseline 0.004 -11"><span class='ocrx_word' id='word_1_222' title='bbox 1386 708 1521 739; x_wconf 89' lang='lat' dir='ltr'>violenti</span> <span class='ocrx_word' id='word_1_223' title='bbox 1543 709 1704 740; x_wconf 89' lang='lat' dir='ltr'>rationem</span> <span class='ocrx_word' id='word_1_224' title='bbox 1728 709 1820 749; x_wconf 92' lang='lat' dir='ltr'>quod</span> <span class='ocrx_word' id='word_1_225' title='bbox 1842 719 1974 750; x_wconf 88' lang='lat' dir='ltr'>passum</span> <span class='ocrx_word' id='word_1_226' title='bbox 1993 722 2062 743; x_wconf 88' lang='lat' dir='ltr'>non</span> <span class='ocrx_word' id='word_1_227' title='bbox 2082 712 2198 743; x_wconf 85' lang='lat' dir='ltr'>habeat</span> <span class='ocrx_word' id='word_1_228' title='bbox 2220 712 2466 743; x_wconf 85' lang='lat' dir='ltr'>inclinationem</span> 
     </span>
     <span class='ocr_line' id='line_1_32' title="bbox 1387 752 2466 798; baseline 0.004 -15"><span class='ocrx_word' id='word_1_229' title='bbox 1387 752 1427 784; x_wconf 91' lang='lat' dir='ltr'>ad</span> <span class='ocrx_word' id='word_1_230' title='bbox 1442 752 1475 784; x_wconf 93' lang='lat' dir='ltr'>id</span> <span class='ocrx_word' id='word_1_231' title='bbox 1492 752 1583 793; x_wconf 92' lang='lat' dir='ltr'>quod</span> <span class='ocrx_word' id='word_1_232' title='bbox 1606 754 1640 784; x_wconf 92' lang='lat' dir='ltr'>in</span> <span class='ocrx_word' id='word_1_233' title='bbox 1663 753 1736 794; x_wconf 89' lang='lat' dir='ltr'>ipso</span> <span class='ocrx_word' id='word_1_234' title='bbox 1760 752 1807 790; x_wconf 92' lang='lat' dir='ltr'>fit,</span> <span class='ocrx_word' id='word_1_235' title='bbox 1831 754 1918 785; x_wconf 90' lang='lat' dir='ltr'>istud</span> <span class='ocrx_word' id='word_1_236' title='bbox 1940 757 2029 786; x_wconf 85' lang='lat' dir='ltr'>enirn</span> <span class='ocrx_word' id='word_1_237' title='bbox 2052 762 2101 787; x_wconf 91' lang='lat' dir='ltr'>est</span> <span class='ocrx_word' id='word_1_238' title='bbox 2123 757 2232 788; x_wconf 91' lang='lat' dir='ltr'>solum</span> <span class='ocrx_word' id='word_1_239' title='bbox 2246 761 2384 798; x_wconf 77' lang='lat' dir='ltr'>praeter</span> <span class='ocrx_word' id='word_1_240' title='bbox 2407 765 2466 787; x_wconf 84' lang='lat' dir='ltr'>na-</span> 
     </span>
     <span class='ocr_line' id='line_1_33' title="bbox 1386 797 2465 842; baseline 0.004 -15"><span class='ocrx_word' id='word_1_241' title='bbox 1386 803 1514 828; x_wconf 84' lang='lat' dir='ltr'>turam:</span> <span class='ocrx_word' id='word_1_242' title='bbox 1537 797 1595 828; x_wconf 92' lang='lat' dir='ltr'>sed</span> <span class='ocrx_word' id='word_1_243' title='bbox 1618 798 1791 838; x_wconf 82' lang='lat' dir='ltr'>requiritur</span> <span class='ocrx_word' id='word_1_244' title='bbox 1813 798 1980 830; x_wconf 89' lang='lat' dir='ltr'>inclinatio</span> <span class='ocrx_word' id='word_1_245' title='bbox 2004 799 2045 831; x_wconf 92' lang='lat' dir='ltr'>ad</span> <span class='ocrx_word' id='word_1_246' title='bbox 2068 802 2270 841; x_wconf 84' lang='lat' dir='ltr'>oppositum,</span> <span class='ocrx_word' id='word_1_247' title='bbox 2295 802 2372 842; x_wconf 86' lang='lat' dir='ltr'>quia</span> <span class='ocrx_word' id='word_1_248' title='bbox 2394 801 2465 831; x_wconf 91' lang='lat' dir='ltr'>vio-</span> 
     </span>
     <span class='ocr_line' id='line_1_34' title="bbox 1385 842 1903 874; baseline 0.002 -1"><span class='ocrx_word' id='word_1_249' title='bbox 1385 842 1512 873; x_wconf 90' lang='lat' dir='ltr'>lentum</span> <span class='ocrx_word' id='word_1_250' title='bbox 1536 848 1649 873; x_wconf 89' lang='lat' dir='ltr'>contra</span> <span class='ocrx_word' id='word_1_251' title='bbox 1673 847 1821 874; x_wconf 80' lang='lat' dir='ltr'>naturam</span> <span class='ocrx_word' id='word_1_252' title='bbox 1845 849 1903 874; x_wconf 89' lang='lat' dir='ltr'>est.</span> 
     </span>
    </p>
   </div>
   <div class='ocr_carea' id='block_1_10' title="bbox 858 1096 1867 1154">
    <p class='ocr_par' dir='ltr' id='par_1_14' title="bbox 858 1096 1867 1154">
     <span class='ocr_line' id='line_1_35' title="bbox 858 1096 1867 1154; baseline 0.002 -2"><span class='ocrx_word' id='word_1_253' title='bbox 858 1096 1347 1153; x_wconf 86' lang='lat' dir='ltr'>CAPITULUM</span> <span class='ocrx_word' id='word_1_254' title='bbox 1395 1096 1867 1154; x_wconf 87' lang='lat' dir='ltr'>VIGESIMUM</span> 
     </span>
    </p>
   </div>
   <div class='ocr_carea' id='block_1_11' title="bbox 712 1206 2016 1342">
    <p class='ocr_par' dir='ltr' id='par_1_15' title="bbox 712 1206 2016 1342">
     <span class='ocr_line' id='line_1_36' title="bbox 790 1206 1939 1247; baseline 0.001 -10"><span class='ocrx_word' id='word_1_255' title='bbox 790 1207 982 1247; x_wconf 79' lang='lat' dir='ltr'>Fragmenta</span> <span class='ocrx_word' id='word_1_256' title='bbox 1006 1216 1045 1237; x_wconf 81' lang='lat' dir='ltr'>ex</span> <span class='ocrx_word' id='word_1_257' title='bbox 1068 1207 1153 1237; x_wconf 86' lang='lat' dir='ltr'>A52</span> <span class='ocrx_word' id='word_1_258' title='bbox 1178 1206 1348 1247; x_wconf 84' lang='lat' dir='ltr'>b37-53</span> <span class='ocrx_word' id='word_1_259' title='bbox 1374 1206 1461 1243; x_wconf 86' lang='lat' dir='ltr'>a38;</span> <span class='ocrx_word' id='word_1_260' title='bbox 1489 1207 1531 1246; x_wconf 88' lang='lat'>54</span> <span class='ocrx_word' id='word_1_261' title='bbox 1555 1214 1616 1237; x_wconf 73' lang='lat' dir='ltr'>an</span> <span class='ocrx_word' id='word_1_262' title='bbox 1638 1206 1734 1243; x_wconf 83' lang='lat'><strong>—32;</strong></span> <span class='ocrx_word' id='word_1_263' title='bbox 1759 1207 1939 1247; x_wconf 82' lang='lat' dir='ltr'>b34-57.</span> 
     </span>
     <span class='ocr_line' id='line_1_37' title="bbox 712 1289 2016 1342; baseline 0.001 -11"><span class='ocrx_word' id='word_1_264' title='bbox 712 1289 934 1342; x_wconf 73' lang='lat' dir='ltr'>QUOD</span> <span class='ocrx_word' id='word_1_265' title='bbox 993 1289 1206 1331; x_wconf 87' lang='lat' dir='ltr'>DEUS</span> <span class='ocrx_word' id='word_1_266' title='bbox 1265 1289 1428 1330; x_wconf 91' lang='lat' dir='ltr'>NON</span> <span class='ocrx_word' id='word_1_267' title='bbox 1489 1289 1636 1331; x_wconf 89' lang='lat' dir='ltr'>EST</span> <span class='ocrx_word' id='word_1_268' title='bbox 1696 1290 2016 1332; x_wconf 89' lang='lat' dir='ltr'>CORPUS</span> 
     </span>
    </p>
   </div>
   <div class='ocr_carea' id='block_1_12' title="bbox 254 1419 1335 2274">
    <p class='ocr_par' dir='ltr' id='par_1_16' title="bbox 276 1419 1335 1580">
     <span class='ocr_line' id='line_1_38' title="bbox 394 1419 1335 1471; baseline -0.002 -12"><span class='ocrx_word' id='word_1_269' title='bbox 394 1457 400 1466; x_wconf 78' lang='grc'><em>,</em></span> <span class='ocrx_word' id='word_1_270' title='bbox 437 1444 449 1465; x_wconf 61' lang='lat'>&lt;</span> <span class='ocrx_word' id='word_1_271' title='bbox 467 1434 491 1459; x_wconf 86' lang='lat' dir='ltr'>x</span> <span class='ocrx_word' id='word_1_272' title='bbox 505 1419 726 1471; x_wconf 88' lang='lat' dir='ltr'>praemissis</span> <span class='ocrx_word' id='word_1_273' title='bbox 741 1419 857 1457; x_wconf 90' lang='lat' dir='ltr'>etiam</span> <span class='ocrx_word' id='word_1_274' title='bbox 873 1419 1088 1457; x_wconf 91' lang='lat' dir='ltr'>ostenditur</span> <span class='ocrx_word' id='word_1_275' title='bbox 1102 1419 1211 1470; x_wconf 93' lang='lat' dir='ltr'>quod</span> <span class='ocrx_word' id='word_1_276' title='bbox 1225 1420 1335 1458; x_wconf 89' lang='lat' dir='ltr'>Deus</span> 
     </span>
     <span class='ocr_line' id='line_1_39' title="bbox 281 1482 827 1523; baseline -0.004 -11"><span class='ocrx_word' id='word_1_277' title='bbox 281 1485 295 1505; x_wconf 40' lang='lat' dir='ltr'>rt</span> <span class='ocrx_word' id='word_1_278' title='bbox 481 1486 563 1512; x_wconf 92' lang='lat' dir='ltr'>non</span> <span class='ocrx_word' id='word_1_279' title='bbox 592 1482 647 1511; x_wconf 89' lang='lat' dir='ltr'>est</span> <span class='ocrx_word' id='word_1_280' title='bbox 674 1486 827 1523; x_wconf 91' lang='lat' dir='ltr'>corpus.</span> 
     </span>
     <span class='ocr_line' id='line_1_40' title="bbox 330 1522 1334 1580; baseline -0.002 -14.102"><span class='ocrx_word' id='word_1_281' title='bbox 330 1522 452 1580; x_wconf 31' lang='lat' dir='ltr'>iifl-³⁴52.</span> <span class='ocrx_word' id='word_1_282' title='bbox 535 1528 666 1566; x_wconf 88' lang='lat' dir='ltr'>Omne</span> <span class='ocrx_word' id='word_1_283' title='bbox 695 1527 801 1576; x_wconf 82' lang='lat' dir='ltr'>enirn</span> <span class='ocrx_word' id='word_1_284' title='bbox 833 1539 988 1577; x_wconf 82' lang='lat' dir='ltr'>corpuS,</span> <span class='ocrx_word' id='word_1_285' title='bbox 1017 1538 1111 1564; x_wconf 92' lang='lat' dir='ltr'>cum</span> <span class='ocrx_word' id='word_1_286' title='bbox 1139 1526 1186 1564; x_wconf 90' lang='lat' dir='ltr'>sit</span> <span class='ocrx_word' id='word_1_287' title='bbox 1213 1526 1334 1564; x_wconf 89' lang='lat' dir='ltr'>conti—</span> 
     </span>
    </p>

    <p class='ocr_par' dir='ltr' id='par_1_17' title="bbox 258 1574 1333 1738">
     <span class='ocr_line' id='line_1_41' title="bbox 288 1574 1333 1630; baseline -0.001 -11"><span class='ocrx_word' id='word_1_288' title='bbox 288 1584 299 1611; x_wconf 61' lang='grc'><em>3</em></span> <span class='ocrx_word' id='word_1_289' title='bbox 330 1574 452 1603; x_wconf 39' lang='grc' dir='ltr'>*Ἀ</span> <span class='ocrx_word' id='word_1_290' title='bbox 482 1594 621 1629; x_wconf 90' lang='lat' dir='ltr'>nuum,</span> <span class='ocrx_word' id='word_1_291' title='bbox 650 1580 915 1630; x_wconf 87' lang='lat' dir='ltr'>compositum</span> <span class='ocrx_word' id='word_1_292' title='bbox 949 1588 1005 1617; x_wconf 91' lang='lat' dir='ltr'>est</span> <span class='ocrx_word' id='word_1_293' title='bbox 1040 1588 1076 1617; x_wconf 93' lang='lat' dir='ltr'>et</span> <span class='ocrx_word' id='word_1_294' title='bbox 1104 1588 1232 1630; x_wconf 89' lang='lat' dir='ltr'>partes</span> <span class='ocrx_word' id='word_1_295' title='bbox 1266 1581 1333 1618; x_wconf 91' lang='lat' dir='ltr'>ha-</span> 
     </span>
     <span class='ocr_line' id='line_1_42' title="bbox 258 1633 1333 1684; baseline -0.003 -10"><span class='ocrx_word' id='word_1_296' title='bbox 258 1637 364 1674; x_wconf 92' lang='lat' dir='ltr'>bens.</span> <span class='ocrx_word' id='word_1_297' title='bbox 394 1636 501 1673; x_wconf 91' lang='lat' dir='ltr'>Deus</span> <span class='ocrx_word' id='word_1_298' title='bbox 520 1643 651 1673; x_wconf 90' lang='lat' dir='ltr'>autem</span> <span class='ocrx_word' id='word_1_299' title='bbox 680 1646 761 1672; x_wconf 92' lang='lat' dir='ltr'>non</span> <span class='ocrx_word' id='word_1_300' title='bbox 789 1642 846 1672; x_wconf 91' lang='lat' dir='ltr'>est</span> <span class='ocrx_word' id='word_1_301' title='bbox 873 1633 1124 1684; x_wconf 85' lang='lat' dir='ltr'>compositus,</span> <span class='ocrx_word' id='word_1_302' title='bbox 1145 1642 1188 1671; x_wconf 93' lang='lat' dir='ltr'>ut</span> <span class='ocrx_word' id='word_1_303' title='bbox 1208 1642 1333 1672; x_wconf 89' lang='lat' dir='ltr'>osten-</span> 
     </span>
     <span class='ocr_line' id='line_1_43' title="bbox 258 1689 996 1738; baseline -0.004 -10"><span class='ocrx_word' id='word_1_304' title='bbox 258 1702 347 1728; x_wconf 90' lang='lat' dir='ltr'>sum</span> <span class='ocrx_word' id='word_1_305' title='bbox 376 1697 431 1726; x_wconf 90' lang='lat' dir='ltr'>est</span> <span class='ocrx_word' id='word_1_306' title='bbox 446 1689 475 1726; x_wconf 78' lang='lat'>*.</span> <span class='ocrx_word' id='word_1_307' title='bbox 506 1689 621 1738; x_wconf 89' lang='lat' dir='ltr'>Igitur</span> <span class='ocrx_word' id='word_1_308' title='bbox 648 1700 791 1738; x_wconf 90' lang='lat' dir='ltr'>corpus</span> <span class='ocrx_word' id='word_1_309' title='bbox 819 1700 901 1725; x_wconf 92' lang='lat' dir='ltr'>non</span> <span class='ocrx_word' id='word_1_310' title='bbox 930 1696 996 1725; x_wconf 90' lang='lat' dir='ltr'>est.</span> 
     </span>
    </p>

    <p class='ocr_par' dir='ltr' id='par_1_18' title="bbox 256 1741 1333 2113">
     <span class='ocr_line' id='line_1_44' title="bbox 311 1741 1333 1791; baseline -0.001 -11"><span class='ocrx_word' id='word_1_311' title='bbox 311 1745 522 1781; x_wconf 89' lang='lat' dir='ltr'>Praeterea.</span> <span class='ocrx_word' id='word_1_312' title='bbox 554 1743 684 1781; x_wconf 90' lang='lat' dir='ltr'>Omne</span> <span class='ocrx_word' id='word_1_313' title='bbox 705 1749 898 1791; x_wconf 86' lang='lat' dir='ltr'>quantum</span> <span class='ocrx_word' id='word_1_314' title='bbox 917 1749 973 1779; x_wconf 89' lang='lat' dir='ltr'>est</span> <span class='ocrx_word' id='word_1_315' title='bbox 992 1741 1123 1791; x_wconf 89' lang='lat' dir='ltr'>aliquo</span> <span class='ocrx_word' id='word_1_316' title='bbox 1151 1742 1273 1779; x_wconf 91' lang='lat' dir='ltr'>modo</span> <span class='ocrx_word' id='word_1_317' title='bbox 1293 1742 1333 1779; x_wconf 90' lang='lat' dir='ltr'>in</span> 
     </span>
     <span class='ocr_line' id='line_1_45' title="bbox 257 1794 1332 1848; baseline -0.002 -14"><span class='ocrx_word' id='word_1_318' title='bbox 257 1797 442 1848; x_wconf 88' lang='lat' dir='ltr'>potentia:</span> <span class='ocrx_word' id='word_1_319' title='bbox 473 1809 566 1834; x_wconf 88' lang='lat' dir='ltr'>nam</span> <span class='ocrx_word' id='word_1_320' title='bbox 599 1795 831 1834; x_wconf 89' lang='lat' dir='ltr'>continuum</span> <span class='ocrx_word' id='word_1_321' title='bbox 860 1802 916 1832; x_wconf 93' lang='lat' dir='ltr'>est</span> <span class='ocrx_word' id='word_1_322' title='bbox 943 1795 1115 1845; x_wconf 90' lang='lat' dir='ltr'>potentia</span> <span class='ocrx_word' id='word_1_323' title='bbox 1142 1794 1332 1832; x_wconf 90' lang='lat' dir='ltr'>divisibile</span> 
     </span>
     <span class='ocr_line' id='line_1_46' title="bbox 257 1848 1333 1895; baseline -0.002 -7"><span class='ocrx_word' id='word_1_324' title='bbox 257 1851 297 1888; x_wconf 94' lang='lat' dir='ltr'>in</span> <span class='ocrx_word' id='word_1_325' title='bbox 325 1850 540 1895; x_wconf 89' lang='lat' dir='ltr'>infinitum;</span> <span class='ocrx_word' id='word_1_326' title='bbox 577 1862 766 1887; x_wconf 91' lang='lat' dir='ltr'>numerus</span> <span class='ocrx_word' id='word_1_327' title='bbox 801 1856 932 1886; x_wconf 89' lang='lat' dir='ltr'>autern</span> <span class='ocrx_word' id='word_1_328' title='bbox 969 1848 1008 1886; x_wconf 91' lang='lat' dir='ltr'>in</span> <span class='ocrx_word' id='word_1_329' title='bbox 1046 1848 1243 1886; x_wconf 90' lang='lat' dir='ltr'>infinitum</span> <span class='ocrx_word' id='word_1_330' title='bbox 1277 1856 1333 1886; x_wconf 90' lang='lat' dir='ltr'>est</span> 
     </span>
     <span class='ocr_line' id='line_1_47' title="bbox 257 1903 1330 1953; baseline -0.002 -11"><span class='ocrx_word' id='word_1_331' title='bbox 257 1903 561 1953; x_wconf 79' lang='lat' dir='ltr'>augmentabilis,</span> <span class='ocrx_word' id='word_1_332' title='bbox 584 1903 715 1941; x_wconf 90' lang='lat' dir='ltr'>Omne</span> <span class='ocrx_word' id='word_1_333' title='bbox 735 1910 866 1940; x_wconf 89' lang='lat' dir='ltr'>autern</span> <span class='ocrx_word' id='word_1_334' title='bbox 886 1914 1029 1952; x_wconf 86' lang='lat' dir='ltr'>corpus</span> <span class='ocrx_word' id='word_1_335' title='bbox 1051 1909 1107 1939; x_wconf 91' lang='lat' dir='ltr'>est</span> <span class='ocrx_word' id='word_1_336' title='bbox 1126 1910 1330 1952; x_wconf 88' lang='lat' dir='ltr'>quantum.</span> 
     </span>
     <span class='ocr_line' id='line_1_48' title="bbox 256 1955 1329 2007; baseline -0.003 -12"><span class='ocrx_word' id='word_1_337' title='bbox 256 1959 507 2007; x_wconf 68' lang='lat' dir='ltr'>Ergo*omne</span> <span class='ocrx_word' id='word_1_338' title='bbox 536 1969 678 2006; x_wconf 87' lang='lat' dir='ltr'>corpus</span> <span class='ocrx_word' id='word_1_339' title='bbox 703 1963 759 1993; x_wconf 90' lang='lat' dir='ltr'>est</span> <span class='ocrx_word' id='word_1_340' title='bbox 781 1955 821 1992; x_wconf 91' lang='lat' dir='ltr'>in</span> <span class='ocrx_word' id='word_1_341' title='bbox 849 1955 1032 2005; x_wconf 87' lang='lat' dir='ltr'>potentia.</span> <span class='ocrx_word' id='word_1_342' title='bbox 1063 1956 1171 1993; x_wconf 88' lang='lat' dir='ltr'>Deus</span> <span class='ocrx_word' id='word_1_343' title='bbox 1199 1963 1329 1993; x_wconf 90' lang='lat' dir='ltr'>autern</span> 
     </span>
     <span class='ocr_line' id='line_1_49' title="bbox 256 2009 1332 2060; baseline -0.002 -11"><span class='ocrx_word' id='word_1_344' title='bbox 256 2024 337 2049; x_wconf 89' lang='lat' dir='ltr'>non</span> <span class='ocrx_word' id='word_1_345' title='bbox 361 2019 417 2048; x_wconf 90' lang='lat' dir='ltr'>est</span> <span class='ocrx_word' id='word_1_346' title='bbox 436 2010 475 2048; x_wconf 91' lang='lat' dir='ltr'>in</span> <span class='ocrx_word' id='word_1_347' title='bbox 495 2009 676 2060; x_wconf 84' lang='lat' dir='ltr'>potentia,</span> <span class='ocrx_word' id='word_1_348' title='bbox 698 2009 766 2046; x_wconf 92' lang='lat' dir='ltr'>sed</span> <span class='ocrx_word' id='word_1_349' title='bbox 785 2017 893 2046; x_wconf 88' lang='lat' dir='ltr'>actus</span> <span class='ocrx_word' id='word_1_350' title='bbox 911 2021 1047 2058; x_wconf 84' lang='lat' dir='ltr'>puruS,</span> <span class='ocrx_word' id='word_1_351' title='bbox 1068 2017 1110 2046; x_wconf 92' lang='lat' dir='ltr'>ut</span> <span class='ocrx_word' id='word_1_352' title='bbox 1129 2016 1332 2047; x_wconf 89' lang='lat' dir='ltr'>ostensum</span> 
     </span>
     <span class='ocr_line' id='line_1_50' title="bbox 256 2065 1009 2113; baseline -0.004 -11"><span class='ocrx_word' id='word_1_353' title='bbox 256 2073 311 2102; x_wconf 91' lang='lat' dir='ltr'>est</span> <span class='ocrx_word' id='word_1_354' title='bbox 328 2065 359 2102; x_wconf 84' lang='grc'>*.</span> <span class='ocrx_word' id='word_1_355' title='bbox 391 2065 494 2113; x_wconf 90' lang='lat' dir='ltr'>Ergo</span> <span class='ocrx_word' id='word_1_356' title='bbox 523 2065 631 2101; x_wconf 92' lang='lat' dir='ltr'>Deus</span> <span class='ocrx_word' id='word_1_357' title='bbox 660 2074 740 2100; x_wconf 92' lang='lat' dir='ltr'>non</span> <span class='ocrx_word' id='word_1_358' title='bbox 770 2070 826 2099; x_wconf 91' lang='lat' dir='ltr'>est</span> <span class='ocrx_word' id='word_1_359' title='bbox 854 2074 1009 2112; x_wconf 89' lang='lat' dir='ltr'>corpus.</span> 
     </span>
    </p>

    <p class='ocr_par' dir='ltr' id='par_1_19' title="bbox 254 2115 1332 2274">
     <span class='ocr_line' id='line_1_51' title="bbox 309 2115 1332 2166; baseline -0.002 -11"><span class='ocrx_word' id='word_1_360' title='bbox 309 2118 458 2155; x_wconf 88' lang='lat' dir='ltr'>Adhuc.</span> <span class='ocrx_word' id='word_1_361' title='bbox 493 2117 533 2155; x_wconf 93' lang='lat' dir='ltr'>Si</span> <span class='ocrx_word' id='word_1_362' title='bbox 562 2118 670 2154; x_wconf 88' lang='lat' dir='ltr'>Deus</span> <span class='ocrx_word' id='word_1_363' title='bbox 698 2123 754 2153; x_wconf 91' lang='lat' dir='ltr'>est</span> <span class='ocrx_word' id='word_1_364' title='bbox 782 2128 937 2166; x_wconf 91' lang='lat' dir='ltr'>corpus,</span> <span class='ocrx_word' id='word_1_365' title='bbox 968 2123 1120 2166; x_wconf 89' lang='lat' dir='ltr'>oportet</span> <span class='ocrx_word' id='word_1_366' title='bbox 1148 2116 1257 2165; x_wconf 91' lang='lat' dir='ltr'>quod</span> <span class='ocrx_word' id='word_1_367' title='bbox 1286 2115 1332 2153; x_wconf 94' lang='lat' dir='ltr'>sit</span> 
     </span>
     <span class='ocr_line' id='line_1_52' title="bbox 255 2170 1331 2222; baseline -0.003 -12"><span class='ocrx_word' id='word_1_368' title='bbox 255 2172 413 2222; x_wconf 90' lang='lat' dir='ltr'>aliquod</span> <span class='ocrx_word' id='word_1_369' title='bbox 437 2183 580 2221; x_wconf 90' lang='lat' dir='ltr'>corpus</span> <span class='ocrx_word' id='word_1_370' title='bbox 604 2171 795 2208; x_wconf 87' lang='lat' dir='ltr'>naturale:</span> <span class='ocrx_word' id='word_1_371' title='bbox 827 2182 920 2207; x_wconf 90' lang='lat' dir='ltr'>nam</span> <span class='ocrx_word' id='word_1_372' title='bbox 949 2181 1092 2220; x_wconf 91' lang='lat' dir='ltr'>corpus</span> <span class='ocrx_word' id='word_1_373' title='bbox 1116 2170 1331 2207; x_wconf 89' lang='lat' dir='ltr'>mathema-</span> 
     </span>
     <span class='ocr_line' id='line_1_53' title="bbox 254 2223 1332 2274; baseline -0.003 -11"><span class='ocrx_word' id='word_1_374' title='bbox 254 2226 376 2263; x_wconf 91' lang='lat' dir='ltr'>ticum</span> <span class='ocrx_word' id='word_1_375' title='bbox 404 2237 485 2262; x_wconf 92' lang='lat' dir='ltr'>non</span> <span class='ocrx_word' id='word_1_376' title='bbox 519 2232 574 2262; x_wconf 89' lang='lat' dir='ltr'>est</span> <span class='ocrx_word' id='word_1_377' title='bbox 607 2236 677 2274; x_wconf 92' lang='lat' dir='ltr'>per</span> <span class='ocrx_word' id='word_1_378' title='bbox 709 2236 749 2261; x_wconf 90' lang='lat' dir='ltr'>se</span> <span class='ocrx_word' id='word_1_379' title='bbox 782 2223 960 2271; x_wconf 88' lang='lat' dir='ltr'>existens,</span> <span class='ocrx_word' id='word_1_380' title='bbox 990 2231 1033 2261; x_wconf 93' lang='lat' dir='ltr'>ut</span> <span class='ocrx_word' id='word_1_381' title='bbox 1068 2223 1332 2274; x_wconf 89' lang='lat' dir='ltr'>Philosophus</span> 
     </span>
    </p>
   </div>
   <div class='ocr_carea' id='block_1_13' title="bbox 259 1429 471 1626">
    <p class='ocr_par' dir='ltr' id='par_1_20' title="bbox 259 1429 471 1626">
     <span class='ocr_line' id='line_1_54' title="bbox 259 1429 471 1626; baseline 0 -129"><span class='ocrx_word' id='word_1_382' title='bbox 259 1429 471 1626; x_wconf 95' lang='lat' dir='ltr'>   </span> 
     </span>
    </p>
   </div>
   <div class='ocr_carea' id='block_1_14' title="bbox 207 2276 1330 2330">
    <p class='ocr_par' dir='ltr' id='par_1_21' title="bbox 207 2276 1330 2330">
     <span class='ocr_line' id='line_1_55' title="bbox 207 2276 1330 2330; baseline -0.003 -13"><span class='ocrx_word' id='word_1_383' title='bbox 207 2287 227 2305; x_wconf 58' lang='lat'>*³</span> <span class='ocrx_word' id='word_1_384' title='bbox 255 2279 393 2330; x_wconf 90' lang='lat' dir='ltr'>probat</span> <span class='ocrx_word' id='word_1_385' title='bbox 407 2278 438 2324; x_wconf 70' lang='lat'>²¹⁶,</span> <span class='ocrx_word' id='word_1_386' title='bbox 469 2291 516 2316; x_wconf 94' lang='lat' dir='ltr'>eo</span> <span class='ocrx_word' id='word_1_387' title='bbox 552 2278 661 2328; x_wconf 93' lang='lat' dir='ltr'>quod</span> <span class='ocrx_word' id='word_1_388' title='bbox 689 2277 953 2315; x_wconf 90' lang='lat' dir='ltr'>dimensiones</span> <span class='ocrx_word' id='word_1_389' title='bbox 988 2276 1201 2315; x_wconf 88' lang='lat' dir='ltr'>accidentia</span> <span class='ocrx_word' id='word_1_390' title='bbox 1229 2285 1330 2315; x_wconf 91' lang='lat' dir='ltr'>sunt.</span> 
     </span>
    </p>
   </div>
   <div class='ocr_carea' id='block_1_15' title="bbox 255 2330 1334 2703">
    <p class='ocr_par' dir='ltr' id='par_1_22' title="bbox 255 2330 1334 2703">
     <span class='ocr_line' id='line_1_56' title="bbox 256 2330 1332 2381; baseline -0.002 -10"><span class='ocrx_word' id='word_1_391' title='bbox 256 2334 350 2371; x_wconf 92' lang='lat' dir='ltr'>Non</span> <span class='ocrx_word' id='word_1_392' title='bbox 373 2340 504 2370; x_wconf 89' lang='lat' dir='ltr'>autem</span> <span class='ocrx_word' id='word_1_393' title='bbox 529 2339 585 2368; x_wconf 92' lang='lat' dir='ltr'>est</span> <span class='ocrx_word' id='word_1_394' title='bbox 608 2343 751 2381; x_wconf 91' lang='lat' dir='ltr'>corpus</span> <span class='ocrx_word' id='word_1_395' title='bbox 775 2332 964 2368; x_wconf 86' lang='lat' dir='ltr'>naturale:</span> <span class='ocrx_word' id='word_1_396' title='bbox 995 2343 1088 2368; x_wconf 90' lang='lat' dir='ltr'>curn</span> <span class='ocrx_word' id='word_1_397' title='bbox 1117 2330 1164 2368; x_wconf 91' lang='lat' dir='ltr'>sit</span> <span class='ocrx_word' id='word_1_398' title='bbox 1191 2330 1332 2369; x_wconf 92' lang='lat' dir='ltr'>immo-</span> 
     </span>
     <span class='ocr_line' id='line_1_57' title="bbox 256 2384 1332 2434; baseline -0.002 -10"><span class='ocrx_word' id='word_1_399' title='bbox 256 2387 352 2434; x_wconf 91' lang='lat' dir='ltr'>bilis,</span> <span class='ocrx_word' id='word_1_400' title='bbox 373 2394 415 2423; x_wconf 93' lang='lat' dir='ltr'>ut</span> <span class='ocrx_word' id='word_1_401' title='bbox 440 2393 640 2423; x_wconf 89' lang='lat' dir='ltr'>ostensum</span> <span class='ocrx_word' id='word_1_402' title='bbox 660 2393 716 2422; x_wconf 91' lang='lat' dir='ltr'>est</span> <span class='ocrx_word' id='word_1_403' title='bbox 729 2384 767 2431; x_wconf 82' lang='lat'>*;</span> <span class='ocrx_word' id='word_1_404' title='bbox 798 2397 917 2422; x_wconf 90' lang='lat' dir='ltr'>omne</span> <span class='ocrx_word' id='word_1_405' title='bbox 944 2392 1077 2422; x_wconf 93' lang='lat' dir='ltr'>autern</span> <span class='ocrx_word' id='word_1_406' title='bbox 1101 2397 1244 2434; x_wconf 89' lang='lat' dir='ltr'>corpus</span> <span class='ocrx_word' id='word_1_407' title='bbox 1265 2397 1332 2422; x_wconf 90' lang='lat' dir='ltr'>na-</span> 
     </span>
     <span class='ocr_line' id='line_1_58' title="bbox 255 2438 1242 2488; baseline -0.002 -10"><span class='ocrx_word' id='word_1_408' title='bbox 255 2441 377 2478; x_wconf 91' lang='lat' dir='ltr'>turale</span> <span class='ocrx_word' id='word_1_409' title='bbox 397 2439 542 2477; x_wconf 92' lang='lat' dir='ltr'>mobile</span> <span class='ocrx_word' id='word_1_410' title='bbox 562 2446 628 2477; x_wconf 89' lang='lat' dir='ltr'>est.</span> <span class='ocrx_word' id='word_1_411' title='bbox 650 2439 758 2477; x_wconf 87' lang='lat' dir='ltr'>Deus</span> <span class='ocrx_word' id='word_1_412' title='bbox 777 2438 891 2486; x_wconf 86' lang='lat' dir='ltr'>igitur</span> <span class='ocrx_word' id='word_1_413' title='bbox 910 2450 991 2476; x_wconf 92' lang='lat' dir='ltr'>non</span> <span class='ocrx_word' id='word_1_414' title='bbox 1012 2446 1068 2476; x_wconf 89' lang='lat' dir='ltr'>est</span> <span class='ocrx_word' id='word_1_415' title='bbox 1087 2450 1242 2488; x_wconf 89' lang='lat' dir='ltr'>corpus.</span> 
     </span>
     <span class='ocr_line' id='line_1_59' title="bbox 310 2491 1333 2544; baseline -0.001 -13"><span class='ocrx_word' id='word_1_416' title='bbox 310 2493 500 2544; x_wconf 88' lang='lat' dir='ltr'>Amplius.</span> <span class='ocrx_word' id='word_1_417' title='bbox 527 2493 658 2531; x_wconf 90' lang='lat' dir='ltr'>Omne</span> <span class='ocrx_word' id='word_1_418' title='bbox 678 2505 821 2542; x_wconf 90' lang='lat' dir='ltr'>corpus</span> <span class='ocrx_word' id='word_1_419' title='bbox 840 2491 994 2530; x_wconf 90' lang='lat' dir='ltr'>finitum</span> <span class='ocrx_word' id='word_1_420' title='bbox 1017 2500 1088 2530; x_wconf 89' lang='lat' dir='ltr'>est:</span> <span class='ocrx_word' id='word_1_421' title='bbox 1119 2492 1227 2542; x_wconf 91' lang='lat' dir='ltr'>quod</span> <span class='ocrx_word' id='word_1_422' title='bbox 1252 2499 1333 2530; x_wconf 89' lang='lat' dir='ltr'>tam</span> 
     </span>
     <span class='ocr_line' id='line_1_60' title="bbox 258 2545 1333 2597; baseline -0.002 -12"><span class='ocrx_word' id='word_1_423' title='bbox 258 2548 305 2585; x_wconf 90' lang='lat' dir='ltr'>de</span> <span class='ocrx_word' id='word_1_424' title='bbox 334 2559 497 2597; x_wconf 88' lang='lat' dir='ltr'>corpore</span> <span class='ocrx_word' id='word_1_425' title='bbox 526 2545 700 2584; x_wconf 88' lang='lat' dir='ltr'>circulari</span> <span class='ocrx_word' id='word_1_426' title='bbox 729 2558 850 2595; x_wconf 90' lang='lat' dir='ltr'>quam</span> <span class='ocrx_word' id='word_1_427' title='bbox 879 2546 928 2583; x_wconf 94' lang='lat' dir='ltr'>de</span> <span class='ocrx_word' id='word_1_428' title='bbox 953 2553 1057 2584; x_wconf 92' lang='lat' dir='ltr'>recto</span> <span class='ocrx_word' id='word_1_429' title='bbox 1082 2546 1271 2596; x_wconf 92' lang='lat' dir='ltr'>probatur</span> <span class='ocrx_word' id='word_1_430' title='bbox 1293 2545 1333 2584; x_wconf 93' lang='lat' dir='ltr'>in</span> 
     </span>
     <span class='ocr_line' id='line_1_61' title="bbox 258 2599 1334 2650; baseline -0.002 -11"><span class='ocrx_word' id='word_1_431' title='bbox 258 2603 271 2638; x_wconf 95' lang='lat' dir='ltr'>I</span> <span class='ocrx_word' id='word_1_432' title='bbox 290 2602 391 2639; x_wconf 89' lang='lat' dir='ltr'>Cael.</span> <span class='ocrx_word' id='word_1_433' title='bbox 413 2607 446 2638; x_wconf 89' lang='lat' dir='ltr'>et</span> <span class='ocrx_word' id='word_1_434' title='bbox 464 2600 607 2638; x_wconf 86' lang='lat' dir='ltr'>Mundi</span> <span class='ocrx_word' id='word_1_435' title='bbox 618 2600 649 2637; x_wconf 67' lang='lat'>²⁸.</span> <span class='ocrx_word' id='word_1_436' title='bbox 681 2599 894 2648; x_wconf 87' lang='lat' dir='ltr'>Quodlibet</span> <span class='ocrx_word' id='word_1_437' title='bbox 920 2607 1052 2638; x_wconf 88' lang='lat' dir='ltr'>autem</span> <span class='ocrx_word' id='word_1_438' title='bbox 1078 2612 1222 2650; x_wconf 88' lang='lat' dir='ltr'>corpus</span> <span class='ocrx_word' id='word_1_439' title='bbox 1246 2599 1334 2638; x_wconf 89' lang='lat' dir='ltr'>fini-</span> 
     </span>
     <span class='ocr_line' id='line_1_62' title="bbox 257 2652 1334 2703; baseline -0.002 -10"><span class='ocrx_word' id='word_1_440' title='bbox 257 2663 342 2693; x_wconf 91' lang='lat' dir='ltr'>tum</span> <span class='ocrx_word' id='word_1_441' title='bbox 371 2654 563 2692; x_wconf 86' lang='lat' dir='ltr'>intellectu</span> <span class='ocrx_word' id='word_1_442' title='bbox 582 2661 619 2691; x_wconf 92' lang='lat' dir='ltr'>et</span> <span class='ocrx_word' id='word_1_443' title='bbox 644 2652 916 2702; x_wconf 86' lang='lat' dir='ltr'>imaginatione</span> <span class='ocrx_word' id='word_1_444' title='bbox 944 2654 1215 2692; x_wconf 87' lang='lat' dir='ltr'>transcendere</span> <span class='ocrx_word' id='word_1_445' title='bbox 1244 2665 1334 2703; x_wconf 90' lang='lat' dir='ltr'>pos·</span> 
     </span>
    </p>
   </div>
   <div class='ocr_carea' id='block_1_16' title="bbox 1357 1420 2473 1900">
    <p class='ocr_par' dir='ltr' id='par_1_23' title="bbox 1389 1420 2473 1632">
     <span class='ocr_line' id='line_1_63' title="bbox 1444 1420 2470 1471; baseline 0 -13"><span class='ocrx_word' id='word_1_446' title='bbox 1444 1421 1658 1458; x_wconf 89' lang='lat' dir='ltr'>Praeterea.</span> <span class='ocrx_word' id='word_1_447' title='bbox 1690 1420 1876 1468; x_wconf 89' lang='lat' dir='ltr'>Quolibet</span> <span class='ocrx_word' id='word_1_448' title='bbox 1907 1433 2072 1471; x_wconf 91' lang='lat' dir='ltr'>corpore</span> <span class='ocrx_word' id='word_1_449' title='bbox 2110 1433 2192 1459; x_wconf 92' lang='lat' dir='ltr'>non</span> <span class='ocrx_word' id='word_1_450' title='bbox 2220 1420 2376 1459; x_wconf 90' lang='lat' dir='ltr'>vivente</span> <span class='ocrx_word' id='word_1_451' title='bbox 2408 1432 2470 1459; x_wconf 87' lang='lat' dir='ltr'>res</span> 
     </span>
     <span class='ocr_line' id='line_1_64' title="bbox 1389 1473 2473 1525; baseline 0 -13"><span class='ocrx_word' id='word_1_452' title='bbox 1389 1474 1526 1512; x_wconf 88' lang='lat' dir='ltr'>vivens</span> <span class='ocrx_word' id='word_1_453' title='bbox 1554 1482 1611 1512; x_wconf 89' lang='lat' dir='ltr'>est</span> <span class='ocrx_word' id='word_1_454' title='bbox 1634 1474 1814 1512; x_wconf 87' lang='lat' dir='ltr'>nobilior.</span> <span class='ocrx_word' id='word_1_455' title='bbox 1845 1474 2032 1522; x_wconf 91' lang='lat' dir='ltr'>Quolibet</span> <span class='ocrx_word' id='word_1_456' title='bbox 2059 1482 2192 1513; x_wconf 89' lang='lat' dir='ltr'>autem</span> <span class='ocrx_word' id='word_1_457' title='bbox 2219 1486 2388 1525; x_wconf 88' lang='lat' dir='ltr'>corpore</span> <span class='ocrx_word' id='word_1_458' title='bbox 2411 1473 2473 1512; x_wconf 78' lang='lat' dir='ltr'>vi-&#39;</span> 
     </span>
     <span class='ocr_line' id='line_1_65' title="bbox 1389 1526 2471 1579; baseline 0 -14"><span class='ocrx_word' id='word_1_459' title='bbox 1389 1536 1504 1565; x_wconf 92' lang='lat' dir='ltr'>vente</span> <span class='ocrx_word' id='word_1_460' title='bbox 1525 1540 1596 1565; x_wconf 90' lang='lat' dir='ltr'>sua</span> <span class='ocrx_word' id='word_1_461' title='bbox 1614 1527 1693 1565; x_wconf 89' lang='lat' dir='ltr'>vita</span> <span class='ocrx_word' id='word_1_462' title='bbox 1716 1536 1773 1565; x_wconf 91' lang='lat' dir='ltr'>est</span> <span class='ocrx_word' id='word_1_463' title='bbox 1796 1527 1979 1565; x_wconf 87' lang='lat' dir='ltr'>nobilior:</span> <span class='ocrx_word' id='word_1_464' title='bbox 2009 1540 2103 1566; x_wconf 89' lang='lat' dir='ltr'>cum</span> <span class='ocrx_word' id='word_1_465' title='bbox 2125 1540 2197 1579; x_wconf 90' lang='lat' dir='ltr'>per</span> <span class='ocrx_word' id='word_1_466' title='bbox 2224 1529 2300 1566; x_wconf 93' lang='lat' dir='ltr'>hoc</span> <span class='ocrx_word' id='word_1_467' title='bbox 2327 1526 2471 1565; x_wconf 85' lang='lat' dir='ltr'>habeat</span> 
     </span>
     <span class='ocr_line' id='line_1_66' title="bbox 1390 1579 2470 1632; baseline 0 -13"><span class='ocrx_word' id='word_1_468' title='bbox 1390 1594 1508 1632; x_wconf 91' lang='lat' dir='ltr'>supra</span> <span class='ocrx_word' id='word_1_469' title='bbox 1527 1581 1601 1619; x_wconf 89' lang='lat' dir='ltr'>alia</span> <span class='ocrx_word' id='word_1_470' title='bbox 1620 1593 1786 1632; x_wconf 88' lang='lat' dir='ltr'>corpora</span> <span class='ocrx_word' id='word_1_471' title='bbox 1804 1581 2057 1619; x_wconf 89' lang='lat' dir='ltr'>nobilitatem.</span> <span class='ocrx_word' id='word_1_472' title='bbox 2078 1582 2120 1620; x_wconf 93' lang='lat' dir='ltr'>Id</span> <span class='ocrx_word' id='word_1_473' title='bbox 2140 1581 2254 1631; x_wconf 88' lang='lat' dir='ltr'>igitur</span> <span class='ocrx_word' id='word_1_474' title='bbox 2271 1593 2353 1632; x_wconf 93' lang='lat' dir='ltr'>quo</span> <span class='ocrx_word' id='word_1_475' title='bbox 2372 1579 2470 1619; x_wconf 87' lang='lat' dir='ltr'>nihil</span> 
     </span>
    </p>

    <p class='ocr_par' dir='ltr' id='par_1_24' title="bbox 1357 1635 2465 1739">
     <span class='ocr_line' id='line_1_67' title="bbox 1357 1635 2465 1685; baseline -0.001 -12"><span class='ocrx_word' id='word_1_476' title='bbox 1357 1647 1366 1668; x_wconf 65' lang='grc' dir='ltr'>ε</span> <span class='ocrx_word' id='word_1_477' title='bbox 1390 1643 1446 1673; x_wconf 91' lang='lat' dir='ltr'>est</span> <span class='ocrx_word' id='word_1_478' title='bbox 1466 1635 1648 1682; x_wconf 83' lang='lat' dir='ltr'>nobilius,</span> <span class='ocrx_word' id='word_1_479' title='bbox 1663 1646 1806 1685; x_wconf 82' lang='lat' dir='ltr'>corpus</span> <span class='ocrx_word' id='word_1_480' title='bbox 1826 1647 1908 1672; x_wconf 90' lang='lat' dir='ltr'>non</span> <span class='ocrx_word' id='word_1_481' title='bbox 1927 1642 1994 1672; x_wconf 91' lang='lat' dir='ltr'>est.</span> <span class='ocrx_word' id='word_1_482' title='bbox 2015 1636 2104 1674; x_wconf 92' lang='lat' dir='ltr'>Hoc</span> <span class='ocrx_word' id='word_1_483' title='bbox 2122 1643 2255 1674; x_wconf 89' lang='lat' dir='ltr'>autem</span> <span class='ocrx_word' id='word_1_484' title='bbox 2274 1642 2331 1674; x_wconf 89' lang='lat' dir='ltr'>est</span> <span class='ocrx_word' id='word_1_485' title='bbox 2345 1635 2465 1673; x_wconf 90' lang='lat' dir='ltr'>Deus.</span> 
     </span>
     <span class='ocr_line' id='line_1_68' title="bbox 1389 1689 1880 1739; baseline 0 -13"><span class='ocrx_word' id='word_1_486' title='bbox 1389 1689 1505 1739; x_wconf 89' lang='lat' dir='ltr'>Igitur</span> <span class='ocrx_word' id='word_1_487' title='bbox 1532 1700 1614 1726; x_wconf 92' lang='lat' dir='ltr'>non</span> <span class='ocrx_word' id='word_1_488' title='bbox 1642 1696 1699 1726; x_wconf 91' lang='lat' dir='ltr'>est</span> <span class='ocrx_word' id='word_1_489' title='bbox 1725 1701 1880 1738; x_wconf 88' lang='lat' dir='ltr'>corpus.</span> 
     </span>
    </p>

    <p class='ocr_par' dir='ltr' id='par_1_25' title="bbox 1388 1741 2468 1900">
     <span class='ocr_line' id='line_1_69' title="bbox 1443 1741 2468 1792; baseline 0.001 -13"><span class='ocrx_word' id='word_1_490' title='bbox 1443 1744 1550 1780; x_wconf 92' lang='lat' dir='ltr'>Item.</span> <span class='ocrx_word' id='word_1_491' title='bbox 1581 1742 1837 1780; x_wconf 88' lang='lat' dir='ltr'>Inveniuntur</span> <span class='ocrx_word' id='word_1_492' title='bbox 1865 1741 2032 1780; x_wconf 90' lang='lat' dir='ltr'>rationes</span> <span class='ocrx_word' id='word_1_493' title='bbox 2060 1742 2391 1792; x_wconf 90' lang='lat' dir='ltr'>philosophorum</span> <span class='ocrx_word' id='word_1_494' title='bbox 2416 1741 2468 1780; x_wconf 88' lang='lat' dir='ltr'>ad</span> 
     </span>
     <span class='ocr_line' id='line_1_70' title="bbox 1388 1795 2467 1846; baseline 0 -13"><span class='ocrx_word' id='word_1_495' title='bbox 1388 1796 1494 1833; x_wconf 91' lang='lat' dir='ltr'>idem</span> <span class='ocrx_word' id='word_1_496' title='bbox 1536 1796 1826 1833; x_wconf 91' lang='lat' dir='ltr'>ostendendum</span> <span class='ocrx_word' id='word_1_497' title='bbox 1862 1796 2118 1846; x_wconf 88' lang='lat' dir='ltr'>procedentes</span> <span class='ocrx_word' id='word_1_498' title='bbox 2156 1808 2203 1833; x_wconf 86' lang='lat' dir='ltr'>ex</span> <span class='ocrx_word' id='word_1_499' title='bbox 2244 1795 2467 1834; x_wconf 83' lang='lat' dir='ltr'>aeternitate</span> 
     </span>
     <span class='ocr_line' id='line_1_71' title="bbox 1388 1847 2467 1900; baseline 0 -14"><span class='ocrx_word' id='word_1_500' title='bbox 1388 1857 1532 1897; x_wconf 91' lang='lat' dir='ltr'>motus,</span> <span class='ocrx_word' id='word_1_501' title='bbox 1553 1849 1593 1886; x_wconf 91' lang='lat' dir='ltr'>in</span> <span class='ocrx_word' id='word_1_502' title='bbox 1613 1849 1720 1887; x_wconf 89' lang='lat' dir='ltr'>hunc</span> <span class='ocrx_word' id='word_1_503' title='bbox 1739 1849 1908 1886; x_wconf 88' lang='lat' dir='ltr'>modum</span> <span class='ocrx_word' id='word_1_504' title='bbox 1926 1849 1958 1886; x_wconf 74' lang='lat'>²⁸².</span> <span class='ocrx_word' id='word_1_505' title='bbox 1988 1850 2031 1886; x_wconf 94' lang='lat' dir='ltr'>In</span> <span class='ocrx_word' id='word_1_506' title='bbox 2054 1848 2164 1886; x_wconf 90' lang='lat' dir='ltr'>omni</span> <span class='ocrx_word' id='word_1_507' title='bbox 2188 1857 2300 1887; x_wconf 89' lang='lat' dir='ltr'>motu</span> <span class='ocrx_word' id='word_1_508' title='bbox 2324 1847 2467 1900; x_wconf 90' lang='lat' dir='ltr'>sempi-</span> 
     </span>
    </p>
   </div>
   <div class='ocr_carea' id='block_1_17' title="bbox 1348 1901 2466 1952">
    <p class='ocr_par' dir='ltr' id='par_1_26' title="bbox 1348 1901 2466 1952">
     <span class='ocr_line' id='line_1_72' title="bbox 1348 1901 2466 1952; baseline 0 -12"><span class='ocrx_word' id='word_1_509' title='bbox 1348 1920 1374 1935; x_wconf 79' lang='grc' dir='ltr'>ιο</span> <span class='ocrx_word' id='word_1_510' title='bbox 1386 1910 1498 1940; x_wconf 91' lang='lat' dir='ltr'>terno</span> <span class='ocrx_word' id='word_1_511' title='bbox 1535 1909 1687 1952; x_wconf 89' lang='lat' dir='ltr'>oportet</span> <span class='ocrx_word' id='word_1_512' title='bbox 1721 1902 1831 1952; x_wconf 89' lang='lat' dir='ltr'>quod</span> <span class='ocrx_word' id='word_1_513' title='bbox 1866 1901 2042 1952; x_wconf 85' lang='lat' dir='ltr'>primum</span> <span class='ocrx_word' id='word_1_514' title='bbox 2075 1914 2242 1940; x_wconf 91' lang='lat' dir='ltr'>movens</span> <span class='ocrx_word' id='word_1_515' title='bbox 2270 1914 2353 1940; x_wconf 92' lang='lat' dir='ltr'>non</span> <span class='ocrx_word' id='word_1_516' title='bbox 2380 1914 2466 1940; x_wconf 89' lang='lat' dir='ltr'>rno—</span> 
     </span>
    </p>
   </div>
   <div class='ocr_carea' id='block_1_18' title="bbox 1386 1955 2469 2167">
    <p class='ocr_par' dir='ltr' id='par_1_27' title="bbox 1386 1955 2469 2167">
     <span class='ocr_line' id='line_1_73' title="bbox 1387 1955 2467 2006; baseline 0.001 -13"><span class='ocrx_word' id='word_1_517' title='bbox 1387 1963 1524 1994; x_wconf 89' lang='lat' dir='ltr'>veatur</span> <span class='ocrx_word' id='word_1_518' title='bbox 1550 1967 1680 2006; x_wconf 90' lang='lat' dir='ltr'>neque</span> <span class='ocrx_word' id='word_1_519' title='bbox 1709 1968 1780 2006; x_wconf 90' lang='lat' dir='ltr'>per</span> <span class='ocrx_word' id='word_1_520' title='bbox 1807 1967 1848 1992; x_wconf 89' lang='lat' dir='ltr'>se</span> <span class='ocrx_word' id='word_1_521' title='bbox 1882 1967 2012 2005; x_wconf 90' lang='lat' dir='ltr'>neque</span> <span class='ocrx_word' id='word_1_522' title='bbox 2045 1967 2116 2005; x_wconf 90' lang='lat' dir='ltr'>per</span> <span class='ocrx_word' id='word_1_523' title='bbox 2148 1955 2339 2004; x_wconf 83' lang='lat' dir='ltr'>accidens,</span> <span class='ocrx_word' id='word_1_524' title='bbox 2368 1955 2467 1994; x_wconf 87' lang='lat' dir='ltr'>sicut</span> 
     </span>
     <span class='ocr_line' id='line_1_74' title="bbox 1387 2008 2467 2060; baseline 0 -13"><span class='ocrx_word' id='word_1_525' title='bbox 1387 2022 1434 2047; x_wconf 87' lang='lat' dir='ltr'>ex</span> <span class='ocrx_word' id='word_1_526' title='bbox 1462 2021 1581 2060; x_wconf 89' lang='lat' dir='ltr'>supra</span> <span class='ocrx_word' id='word_1_527' title='bbox 1594 2008 1615 2031; x_wconf 85' lang='grc'>*</span> <span class='ocrx_word' id='word_1_528' title='bbox 1643 2009 1753 2047; x_wconf 90' lang='lat' dir='ltr'>dictis</span> <span class='ocrx_word' id='word_1_529' title='bbox 1781 2016 1897 2059; x_wconf 86' lang='lat' dir='ltr'>patet.</span> <span class='ocrx_word' id='word_1_530' title='bbox 1928 2009 2084 2059; x_wconf 88' lang='lat' dir='ltr'>Corpus</span> <span class='ocrx_word' id='word_1_531' title='bbox 2111 2017 2244 2047; x_wconf 86' lang='lat' dir='ltr'>autem</span> <span class='ocrx_word' id='word_1_532' title='bbox 2267 2009 2363 2047; x_wconf 85' lang='lat' dir='ltr'>caeli</span> <span class='ocrx_word' id='word_1_533' title='bbox 2380 2021 2467 2047; x_wconf 91' lang='lat' dir='ltr'>mo-</span> 
     </span>
     <span class='ocr_line' id='line_1_75' title="bbox 1386 2061 2467 2113; baseline 0.001 -13"><span class='ocrx_word' id='word_1_534' title='bbox 1386 2071 1501 2100; x_wconf 90' lang='lat' dir='ltr'>vetur</span> <span class='ocrx_word' id='word_1_535' title='bbox 1527 2062 1762 2101; x_wconf 85' lang='lat' dir='ltr'>circulariter</span> <span class='ocrx_word' id='word_1_536' title='bbox 1780 2070 1892 2100; x_wconf 90' lang='lat' dir='ltr'>motu</span> <span class='ocrx_word' id='word_1_537' title='bbox 1912 2062 2162 2112; x_wconf 85' lang='lat' dir='ltr'>sempiterno.</span> <span class='ocrx_word' id='word_1_538' title='bbox 2192 2063 2296 2112; x_wconf 85' lang='lat' dir='ltr'>Ergo</span> <span class='ocrx_word' id='word_1_539' title='bbox 2314 2061 2467 2113; x_wconf 87' lang='lat' dir='ltr'>primus</span> 
     </span>
     <span class='ocr_line' id='line_1_76' title="bbox 1387 2116 2469 2167; baseline 0 -13"><span class='ocrx_word' id='word_1_540' title='bbox 1387 2124 1519 2154; x_wconf 89' lang='lat' dir='ltr'>motor</span> <span class='ocrx_word' id='word_1_541' title='bbox 1537 2116 1621 2154; x_wconf 90' lang='lat' dir='ltr'>eius</span> <span class='ocrx_word' id='word_1_542' title='bbox 1640 2128 1721 2154; x_wconf 93' lang='lat' dir='ltr'>non</span> <span class='ocrx_word' id='word_1_543' title='bbox 1741 2123 1925 2154; x_wconf 88' lang='lat' dir='ltr'>movetur</span> <span class='ocrx_word' id='word_1_544' title='bbox 1943 2128 2072 2166; x_wconf 90' lang='lat' dir='ltr'>neque</span> <span class='ocrx_word' id='word_1_545' title='bbox 2091 2128 2163 2166; x_wconf 91' lang='lat' dir='ltr'>per</span> <span class='ocrx_word' id='word_1_546' title='bbox 2181 2128 2222 2154; x_wconf 91' lang='lat' dir='ltr'>se</span> <span class='ocrx_word' id='word_1_547' title='bbox 2248 2128 2378 2167; x_wconf 88' lang='lat' dir='ltr'>neque</span> <span class='ocrx_word' id='word_1_548' title='bbox 2396 2128 2469 2167; x_wconf 88' lang='lat' dir='ltr'>per</span> 
     </span>
    </p>
   </div>
   <div class='ocr_carea' id='block_1_19' title="bbox 1349 2169 2468 2220">
    <p class='ocr_par' dir='ltr' id='par_1_28' title="bbox 1349 2169 2468 2220">
     <span class='ocr_line' id='line_1_77' title="bbox 1349 2169 2468 2220; baseline 0 -12"><span class='ocrx_word' id='word_1_549' title='bbox 1349 2186 1370 2206; x_wconf 70' lang='lat'>¹5</span> <span class='ocrx_word' id='word_1_550' title='bbox 1388 2170 1579 2208; x_wconf 87' lang='lat' dir='ltr'>accidens.</span> <span class='ocrx_word' id='word_1_551' title='bbox 1609 2170 1776 2208; x_wconf 87' lang='lat' dir='ltr'>Nullum</span> <span class='ocrx_word' id='word_1_552' title='bbox 1804 2177 1938 2217; x_wconf 77' lang='lat' dir='ltr'>autern</span> <span class='ocrx_word' id='word_1_553' title='bbox 1965 2181 2110 2220; x_wconf 89' lang='lat' dir='ltr'>corpus</span> <span class='ocrx_word' id='word_1_554' title='bbox 2138 2178 2273 2208; x_wconf 87' lang='lat' dir='ltr'>movet</span> <span class='ocrx_word' id='word_1_555' title='bbox 2297 2169 2468 2208; x_wconf 81' lang='lat' dir='ltr'>localiter</span> 
     </span>
    </p>
   </div>
   <div class='ocr_carea' id='block_1_20' title="bbox 1388 2223 2468 2435">
    <p class='ocr_par' dir='ltr' id='par_1_29' title="bbox 1388 2223 2468 2435">
     <span class='ocr_line' id='line_1_78' title="bbox 1388 2223 2467 2273; baseline 0 -11"><span class='ocrx_word' id='word_1_556' title='bbox 1388 2223 1460 2262; x_wconf 91' lang='lat' dir='ltr'>nisi</span> <span class='ocrx_word' id='word_1_557' title='bbox 1480 2231 1702 2262; x_wconf 89' lang='lat' dir='ltr'>moveatur:</span> <span class='ocrx_word' id='word_1_558' title='bbox 1719 2236 1768 2261; x_wconf 94' lang='lat' dir='ltr'>eo</span> <span class='ocrx_word' id='word_1_559' title='bbox 1783 2223 1892 2273; x_wconf 93' lang='lat' dir='ltr'>quod</span> <span class='ocrx_word' id='word_1_560' title='bbox 1907 2230 2061 2273; x_wconf 89' lang='lat' dir='ltr'>oportet</span> <span class='ocrx_word' id='word_1_561' title='bbox 2074 2235 2241 2262; x_wconf 87' lang='lat' dir='ltr'>movens</span> <span class='ocrx_word' id='word_1_562' title='bbox 2255 2231 2293 2261; x_wconf 89' lang='lat' dir='ltr'>et</span> <span class='ocrx_word' id='word_1_563' title='bbox 2310 2230 2467 2262; x_wconf 87' lang='lat' dir='ltr'>motum</span> 
     </span>
     <span class='ocr_line' id='line_1_79' title="bbox 1388 2276 2466 2327; baseline 0.001 -12"><span class='ocrx_word' id='word_1_564' title='bbox 1388 2290 1471 2315; x_wconf 91' lang='lat' dir='ltr'>esse</span> <span class='ocrx_word' id='word_1_565' title='bbox 1491 2277 1625 2324; x_wconf 82' lang='lat' dir='ltr'>simu13</span> <span class='ocrx_word' id='word_1_566' title='bbox 1651 2285 1688 2316; x_wconf 92' lang='lat' dir='ltr'>et</span> <span class='ocrx_word' id='word_1_567' title='bbox 1707 2277 1761 2315; x_wconf 93' lang='lat' dir='ltr'>sic</span> <span class='ocrx_word' id='word_1_568' title='bbox 1779 2289 1924 2327; x_wconf 91' lang='lat' dir='ltr'>corpus</span> <span class='ocrx_word' id='word_1_569' title='bbox 1942 2289 2110 2314; x_wconf 91' lang='lat' dir='ltr'>movens</span> <span class='ocrx_word' id='word_1_570' title='bbox 2129 2276 2282 2315; x_wconf 89' lang='lat' dir='ltr'>moveri</span> <span class='ocrx_word' id='word_1_571' title='bbox 2301 2284 2466 2327; x_wconf 86' lang='lat' dir='ltr'>oportet,</span> 
     </span>
     <span class='ocr_line' id='line_1_80' title="bbox 1388 2330 2467 2382; baseline 0 -13"><span class='ocrx_word' id='word_1_572' title='bbox 1388 2331 1438 2369; x_wconf 94' lang='lat' dir='ltr'>ad</span> <span class='ocrx_word' id='word_1_573' title='bbox 1457 2332 1535 2369; x_wconf 92' lang='lat' dir='ltr'>hoc</span> <span class='ocrx_word' id='word_1_574' title='bbox 1558 2331 1667 2382; x_wconf 92' lang='lat' dir='ltr'>quod</span> <span class='ocrx_word' id='word_1_575' title='bbox 1691 2330 1738 2368; x_wconf 87' lang='lat' dir='ltr'>sit</span> <span class='ocrx_word' id='word_1_576' title='bbox 1761 2330 1879 2368; x_wconf 91' lang='lat' dir='ltr'>simul</span> <span class='ocrx_word' id='word_1_577' title='bbox 1901 2340 1994 2368; x_wconf 90' lang='lat' dir='ltr'>cum</span> <span class='ocrx_word' id='word_1_578' title='bbox 2013 2342 2179 2381; x_wconf 89' lang='lat' dir='ltr'>corpore</span> <span class='ocrx_word' id='word_1_579' title='bbox 2198 2338 2319 2369; x_wconf 91' lang='lat' dir='ltr'>moto.</span> <span class='ocrx_word' id='word_1_580' title='bbox 2347 2331 2467 2370; x_wconf 81' lang='lat' dir='ltr'>Nulla</span> 
     </span>
     <span class='ocr_line' id='line_1_81' title="bbox 1389 2383 2468 2435; baseline 0 -12"><span class='ocrx_word' id='word_1_581' title='bbox 1389 2385 1506 2423; x_wconf 86' lang='lat' dir='ltr'>etiam</span> <span class='ocrx_word' id='word_1_582' title='bbox 1525 2384 1647 2422; x_wconf 89' lang='lat' dir='ltr'>virtus</span> <span class='ocrx_word' id='word_1_583' title='bbox 1675 2383 1715 2422; x_wconf 90' lang='lat' dir='ltr'>in</span> <span class='ocrx_word' id='word_1_584' title='bbox 1743 2396 1908 2435; x_wconf 90' lang='lat' dir='ltr'>corpore</span> <span class='ocrx_word' id='word_1_585' title='bbox 1927 2391 2062 2422; x_wconf 90' lang='lat' dir='ltr'>movet</span> <span class='ocrx_word' id='word_1_586' title='bbox 2089 2384 2164 2422; x_wconf 88' lang='lat' dir='ltr'>nisi</span> <span class='ocrx_word' id='word_1_587' title='bbox 2190 2396 2262 2435; x_wconf 89' lang='lat' dir='ltr'>per</span> <span class='ocrx_word' id='word_1_588' title='bbox 2288 2385 2468 2423; x_wconf 88' lang='lat' dir='ltr'>accidens</span> 
     </span>
    </p>
   </div>
   <div class='ocr_carea' id='block_1_21' title="bbox 1348 2437 2467 2488">
    <p class='ocr_par' dir='ltr' id='par_1_30' title="bbox 1348 2437 2467 2488">
     <span class='ocr_line' id='line_1_82' title="bbox 1348 2437 2467 2488; baseline 0.001 -12"><span class='ocrx_word' id='word_1_589' title='bbox 1348 2456 1375 2471; x_wconf 64' lang='grc' dir='ltr'>ιο</span> <span class='ocrx_word' id='word_1_590' title='bbox 1389 2446 1612 2476; x_wconf 88' lang='lat' dir='ltr'>moveatur:</span> <span class='ocrx_word' id='word_1_591' title='bbox 1633 2437 1737 2488; x_wconf 87' lang='lat' dir='ltr'>quia,</span> <span class='ocrx_word' id='word_1_592' title='bbox 1758 2445 1868 2476; x_wconf 88' lang='lat' dir='ltr'>moto</span> <span class='ocrx_word' id='word_1_593' title='bbox 1887 2450 2066 2488; x_wconf 90' lang='lat' dir='ltr'>corpore,</span> <span class='ocrx_word' id='word_1_594' title='bbox 2082 2445 2265 2476; x_wconf 91' lang='lat' dir='ltr'>movetur</span> <span class='ocrx_word' id='word_1_595' title='bbox 2282 2450 2354 2488; x_wconf 88' lang='lat' dir='ltr'>per</span> <span class='ocrx_word' id='word_1_596' title='bbox 2371 2437 2467 2478; x_wconf 79' lang='lat' dir='ltr'>aoei-</span> 
     </span>
    </p>
   </div>
   <div class='ocr_carea' id='block_1_22' title="bbox 1374 2491 2469 2703">
    <p class='ocr_par' dir='ltr' id='par_1_31' title="bbox 1374 2491 2469 2703">
     <span class='ocr_line' id='line_1_83' title="bbox 1389 2491 2469 2542; baseline 0.001 -12"><span class='ocrx_word' id='word_1_597' title='bbox 1389 2492 1486 2530; x_wconf 88' lang='lat' dir='ltr'>dens</span> <span class='ocrx_word' id='word_1_598' title='bbox 1513 2491 1636 2530; x_wconf 90' lang='lat' dir='ltr'>virtus</span> <span class='ocrx_word' id='word_1_599' title='bbox 1668 2491 1855 2542; x_wconf 90' lang='lat' dir='ltr'>corporis.</span> <span class='ocrx_word' id='word_1_600' title='bbox 1890 2492 1994 2541; x_wconf 92' lang='lat' dir='ltr'>Ergo</span> <span class='ocrx_word' id='word_1_601' title='bbox 2027 2491 2178 2542; x_wconf 90' lang='lat' dir='ltr'>primus</span> <span class='ocrx_word' id='word_1_602' title='bbox 2210 2499 2342 2530; x_wconf 90' lang='lat' dir='ltr'>motor</span> <span class='ocrx_word' id='word_1_603' title='bbox 2371 2491 2469 2531; x_wconf 86' lang='lat' dir='ltr'>caeli</span> 
     </span>
     <span class='ocr_line' id='line_1_84' title="bbox 1389 2544 2468 2596; baseline 0.001 -13"><span class='ocrx_word' id='word_1_604' title='bbox 1389 2558 1471 2584; x_wconf 92' lang='lat' dir='ltr'>non</span> <span class='ocrx_word' id='word_1_605' title='bbox 1510 2553 1567 2583; x_wconf 89' lang='lat' dir='ltr'>est</span> <span class='ocrx_word' id='word_1_606' title='bbox 1601 2557 1744 2595; x_wconf 90' lang='lat' dir='ltr'>corpus</span> <span class='ocrx_word' id='word_1_607' title='bbox 1782 2557 1911 2595; x_wconf 91' lang='lat' dir='ltr'>neque</span> <span class='ocrx_word' id='word_1_608' title='bbox 1944 2544 2066 2583; x_wconf 90' lang='lat' dir='ltr'>virtus</span> <span class='ocrx_word' id='word_1_609' title='bbox 2100 2545 2141 2583; x_wconf 92' lang='lat' dir='ltr'>in</span> <span class='ocrx_word' id='word_1_610' title='bbox 2173 2557 2349 2596; x_wconf 89' lang='lat' dir='ltr'>corpore.</span> <span class='ocrx_word' id='word_1_611' title='bbox 2379 2546 2468 2584; x_wconf 89' lang='lat' dir='ltr'>Hoc</span> 
     </span>
     <span class='ocr_line' id='line_1_85' title="bbox 1389 2598 2469 2649; baseline 0.001 -12"><span class='ocrx_word' id='word_1_612' title='bbox 1389 2607 1521 2637; x_wconf 88' lang='lat' dir='ltr'>autem</span> <span class='ocrx_word' id='word_1_613' title='bbox 1541 2599 1592 2638; x_wconf 88' lang='lat' dir='ltr'>ad</span> <span class='ocrx_word' id='word_1_614' title='bbox 1611 2599 1719 2649; x_wconf 92' lang='lat' dir='ltr'>quod</span> <span class='ocrx_word' id='word_1_615' title='bbox 1734 2599 1873 2637; x_wconf 91' lang='lat' dir='ltr'>ultimo</span> <span class='ocrx_word' id='word_1_616' title='bbox 1893 2598 2092 2637; x_wconf 89' lang='lat' dir='ltr'>reducitur</span> <span class='ocrx_word' id='word_1_617' title='bbox 2105 2607 2237 2637; x_wconf 89' lang='lat' dir='ltr'>motus</span> <span class='ocrx_word' id='word_1_618' title='bbox 2255 2598 2351 2638; x_wconf 84' lang='lat' dir='ltr'>caeli</span> <span class='ocrx_word' id='word_1_619' title='bbox 2370 2599 2469 2638; x_wconf 89' lang='lat' dir='ltr'>sicut</span> 
     </span>
     <span class='ocr_line' id='line_1_86' title="bbox 1374 2652 2469 2703; baseline 0.001 -12"><span class='ocrx_word' id='word_1_620' title='bbox 1374 2653 1439 2691; x_wconf 39' lang='lat' dir='ltr'>ffad</span> <span class='ocrx_word' id='word_1_621' title='bbox 1468 2653 1643 2703; x_wconf 90' lang='lat' dir='ltr'>primum</span> <span class='ocrx_word' id='word_1_622' title='bbox 1677 2665 1845 2691; x_wconf 91' lang='lat' dir='ltr'>movens</span> <span class='ocrx_word' id='word_1_623' title='bbox 1878 2652 2091 2700; x_wconf 88' lang='lat' dir='ltr'>immobile,</span> <span class='ocrx_word' id='word_1_624' title='bbox 2117 2655 2178 2691; x_wconf 71' lang='lat' dir='ltr'>&#39;est</span> <span class='ocrx_word' id='word_1_625' title='bbox 2209 2653 2329 2691; x_wconf 90' lang='lat' dir='ltr'>Deus.</span> <span class='ocrx_word' id='word_1_626' title='bbox 2358 2654 2469 2692; x_wconf 85' lang='lat' dir='ltr'>Deus</span> 
     </span>
    </p>
   </div>
   <div class='ocr_carea' id='block_1_23' title="bbox 258 2706 1879 2758">
    <p class='ocr_par' dir='ltr' id='par_1_32' title="bbox 258 2706 1879 2758">
     <span class='ocr_line' id='line_1_87' title="bbox 258 2706 1879 2758; baseline -0.002 -11"><span class='ocrx_word' id='word_1_627' title='bbox 258 2721 405 2747; x_wconf 90' lang='lat' dir='ltr'>sumus.</span> <span class='ocrx_word' id='word_1_628' title='bbox 437 2708 477 2746; x_wconf 90' lang='lat' dir='ltr'>Si</span> <span class='ocrx_word' id='word_1_629' title='bbox 505 2707 619 2757; x_wconf 90' lang='lat' dir='ltr'>igitur</span> <span class='ocrx_word' id='word_1_630' title='bbox 646 2708 754 2745; x_wconf 93' lang='lat' dir='ltr'>Deus</span> <span class='ocrx_word' id='word_1_631' title='bbox 782 2714 838 2745; x_wconf 92' lang='lat' dir='ltr'>est</span> <span class='ocrx_word' id='word_1_632' title='bbox 871 2719 1027 2758; x_wconf 90' lang='lat' dir='ltr'>corpus,</span> <span class='ocrx_word' id='word_1_633' title='bbox 1057 2707 1270 2745; x_wconf 88' lang='lat' dir='ltr'>intellectus</span> <span class='ocrx_word' id='word_1_634' title='bbox 1298 2715 1335 2745; x_wconf 90' lang='lat' dir='ltr'>et</span> <span class='ocrx_word' id='word_1_635' title='bbox 1349 2717 1374 2738; x_wconf 75' lang='lat'>²³</span> <span class='ocrx_word' id='word_1_636' title='bbox 1390 2706 1503 2756; x_wconf 85' lang='lat' dir='ltr'>igitur</span> <span class='ocrx_word' id='word_1_637' title='bbox 1530 2719 1612 2745; x_wconf 91' lang='lat' dir='ltr'>non</span> <span class='ocrx_word' id='word_1_638' title='bbox 1640 2714 1697 2744; x_wconf 90' lang='lat' dir='ltr'>est</span> <span class='ocrx_word' id='word_1_639' title='bbox 1724 2719 1879 2757; x_wconf 89' lang='lat' dir='ltr'>corpus.</span> 
     </span>
    </p>
   </div>
   <div class='ocr_carea' id='block_1_24' title="bbox 258 2760 1337 2972">
    <p class='ocr_par' dir='ltr' id='par_1_33' title="bbox 258 2760 1334 2811">
     <span class='ocr_line' id='line_1_88' title="bbox 258 2760 1334 2811; baseline -0.002 -11"><span class='ocrx_word' id='word_1_640' title='bbox 258 2761 478 2811; x_wconf 87' lang='lat' dir='ltr'>imaginatio</span> <span class='ocrx_word' id='word_1_641' title='bbox 493 2769 624 2799; x_wconf 90' lang='lat' dir='ltr'>nostra</span> <span class='ocrx_word' id='word_1_642' title='bbox 643 2760 788 2810; x_wconf 90' lang='lat' dir='ltr'>aliquid</span> <span class='ocrx_word' id='word_1_643' title='bbox 809 2760 937 2798; x_wconf 85' lang='lat' dir='ltr'>maius</span> <span class='ocrx_word' id='word_1_644' title='bbox 953 2761 1038 2799; x_wconf 92' lang='lat' dir='ltr'>Deo</span> <span class='ocrx_word' id='word_1_645' title='bbox 1059 2761 1224 2810; x_wconf 89' lang='lat' dir='ltr'>cogitare</span> <span class='ocrx_word' id='word_1_646' title='bbox 1244 2773 1334 2811; x_wconf 92' lang='lat' dir='ltr'>pos—</span> 
     </span>
    </p>

    <p class='ocr_par' dir='ltr' id='par_1_34' title="bbox 259 2814 1337 2854">
     <span class='ocr_line' id='line_1_89' title="bbox 259 2814 1337 2854; baseline -0.001 -1"><span class='ocrx_word' id='word_1_647' title='bbox 259 2824 358 2854; x_wconf 91' lang='lat' dir='ltr'>sunt.</span> <span class='ocrx_word' id='word_1_648' title='bbox 387 2816 435 2854; x_wconf 88' lang='lat' dir='ltr'>Et</span> <span class='ocrx_word' id='word_1_649' title='bbox 454 2815 508 2853; x_wconf 90' lang='lat' dir='ltr'>sie</span> <span class='ocrx_word' id='word_1_650' title='bbox 527 2816 635 2853; x_wconf 89' lang='lat' dir='ltr'>Deus</span> <span class='ocrx_word' id='word_1_651' title='bbox 654 2827 736 2852; x_wconf 90' lang='lat' dir='ltr'>non</span> <span class='ocrx_word' id='word_1_652' title='bbox 756 2822 812 2852; x_wconf 91' lang='lat' dir='ltr'>est</span> <span class='ocrx_word' id='word_1_653' title='bbox 831 2814 957 2852; x_wconf 90' lang='lat' dir='ltr'>maior</span> <span class='ocrx_word' id='word_1_654' title='bbox 976 2814 1167 2852; x_wconf 91' lang='lat' dir='ltr'>intellectu</span> <span class='ocrx_word' id='word_1_655' title='bbox 1188 2822 1337 2852; x_wconf 73' lang='lat' dir='ltr'>nostro.</span> 
     </span>
    </p>

    <p class='ocr_par' dir='ltr' id='par_1_35' title="bbox 260 2867 1335 2972">
     <span class='ocr_line' id='line_1_90' title="bbox 260 2867 1270 2918; baseline -0.002 -11"><span class='ocrx_word' id='word_1_656' title='bbox 260 2870 381 2918; x_wconf 91' lang='lat' dir='ltr'>Quod</span> <span class='ocrx_word' id='word_1_657' title='bbox 400 2877 456 2906; x_wconf 89' lang='lat' dir='ltr'>est</span> <span class='ocrx_word' id='word_1_658' title='bbox 475 2868 764 2906; x_wconf 88' lang='lat' dir='ltr'>inconveniens.</span> <span class='ocrx_word' id='word_1_659' title='bbox 795 2869 888 2906; x_wconf 93' lang='lat' dir='ltr'>Non</span> <span class='ocrx_word' id='word_1_660' title='bbox 908 2876 964 2905; x_wconf 91' lang='lat' dir='ltr'>est</span> <span class='ocrx_word' id='word_1_661' title='bbox 983 2867 1097 2916; x_wconf 87' lang='lat' dir='ltr'>igitur</span> <span class='ocrx_word' id='word_1_662' title='bbox 1114 2880 1270 2918; x_wconf 91' lang='lat' dir='ltr'>corpus.</span> 
     </span>
     <span class='ocr_line' id='line_1_91' title="bbox 314 2921 1335 2972; baseline -0.001 -12"><span class='ocrx_word' id='word_1_663' title='bbox 314 2923 466 2960; x_wconf 92' lang='lat' dir='ltr'>Adhuc.</span> <span class='ocrx_word' id='word_1_664' title='bbox 498 2922 676 2971; x_wconf 87' lang='lat' dir='ltr'>Cognitio</span> <span class='ocrx_word' id='word_1_665' title='bbox 706 2921 933 2960; x_wconf 91' lang='lat' dir='ltr'>intellectiva</span> <span class='ocrx_word' id='word_1_666' title='bbox 962 2921 1101 2959; x_wconf 89' lang='lat' dir='ltr'>certior</span> <span class='ocrx_word' id='word_1_667' title='bbox 1129 2930 1185 2959; x_wconf 91' lang='lat' dir='ltr'>est</span> <span class='ocrx_word' id='word_1_668' title='bbox 1213 2934 1335 2972; x_wconf 91' lang='lat' dir='ltr'>quam</span> 
     </span>
    </p>
   </div>
   <div class='ocr_carea' id='block_1_25' title="bbox 1390 2759 2470 2972">
    <p class='ocr_par' dir='ltr' id='par_1_36' title="bbox 1390 2759 2470 2972">
     <span class='ocr_line' id='line_1_92' title="bbox 1443 2759 2467 2811; baseline 0 -13"><span class='ocrx_word' id='word_1_669' title='bbox 1443 2761 1596 2799; x_wconf 91' lang='lat' dir='ltr'>Adhuc.</span> <span class='ocrx_word' id='word_1_670' title='bbox 1626 2761 1745 2798; x_wconf 88' lang='lat' dir='ltr'>Nulla</span> <span class='ocrx_word' id='word_1_671' title='bbox 1772 2759 1945 2810; x_wconf 87' lang='lat' dir='ltr'>potentia</span> <span class='ocrx_word' id='word_1_672' title='bbox 1972 2759 2123 2798; x_wconf 85' lang='lat' dir='ltr'>infinita</span> <span class='ocrx_word' id='word_1_673' title='bbox 2147 2768 2204 2798; x_wconf 90' lang='lat' dir='ltr'>est</span> <span class='ocrx_word' id='word_1_674' title='bbox 2227 2759 2399 2811; x_wconf 85' lang='lat' dir='ltr'>potentia</span> <span class='ocrx_word' id='word_1_675' title='bbox 2426 2759 2467 2798; x_wconf 90' lang='lat' dir='ltr'>in</span> 
     </span>
     <span class='ocr_line' id='line_1_93' title="bbox 1390 2813 2469 2864; baseline 0 -12"><span class='ocrx_word' id='word_1_676' title='bbox 1390 2814 1669 2864; x_wconf 86' lang='lat' dir='ltr'>magnitudine.</span> <span class='ocrx_word' id='word_1_677' title='bbox 1684 2839 1686 2841; x_wconf 58' lang='lat'>&gt;</span> <span class='ocrx_word' id='word_1_678' title='bbox 1700 2814 1877 2852; x_wconf 85' lang='lat' dir='ltr'>Potentia</span> <span class='ocrx_word' id='word_1_679' title='bbox 1900 2813 2016 2864; x_wconf 88' lang='lat' dir='ltr'>primi</span> <span class='ocrx_word' id='word_1_680' title='bbox 2039 2814 2202 2852; x_wconf 91' lang='lat' dir='ltr'>motoris</span> <span class='ocrx_word' id='word_1_681' title='bbox 2221 2821 2278 2859; x_wconf 87' lang='lat' dir='ltr'>est</span> <span class='ocrx_word' id='word_1_682' title='bbox 2295 2813 2469 2864; x_wconf 81' lang='lat' dir='ltr'>potentia</span> 
     </span>
     <span class='ocr_line' id='line_1_94' title="bbox 1390 2867 2468 2917; baseline 0 -12"><span class='ocrx_word' id='word_1_683' title='bbox 1390 2867 1550 2906; x_wconf 89' lang='lat' dir='ltr'>infinita.</span> <span class='ocrx_word' id='word_1_684' title='bbox 1581 2869 1684 2917; x_wconf 90' lang='lat' dir='ltr'>Ergo</span> <span class='ocrx_word' id='word_1_685' title='bbox 1703 2880 1785 2905; x_wconf 91' lang='lat' dir='ltr'>non</span> <span class='ocrx_word' id='word_1_686' title='bbox 1805 2876 1862 2906; x_wconf 93' lang='lat' dir='ltr'>est</span> <span class='ocrx_word' id='word_1_687' title='bbox 1889 2867 1929 2905; x_wconf 91' lang='lat' dir='ltr'>in</span> <span class='ocrx_word' id='word_1_688' title='bbox 1957 2867 2087 2917; x_wconf 89' lang='lat' dir='ltr'>aliqua</span> <span class='ocrx_word' id='word_1_689' title='bbox 2114 2867 2393 2917; x_wconf 84' lang='lat' dir='ltr'>magnitudine.</span> <span class='ocrx_word' id='word_1_690' title='bbox 2418 2867 2468 2906; x_wconf 89' lang='lat' dir='ltr'>Et</span> 
     </span>
     <span class='ocr_line' id='line_1_95' title="bbox 1390 2921 2470 2972; baseline 0.001 -14"><span class='ocrx_word' id='word_1_691' title='bbox 1390 2921 1444 2959; x_wconf 88' lang='lat' dir='ltr'>sic</span> <span class='ocrx_word' id='word_1_692' title='bbox 1463 2922 1582 2969; x_wconf 89' lang='lat' dir='ltr'>Deus,</span> <span class='ocrx_word' id='word_1_693' title='bbox 1602 2921 1670 2972; x_wconf 91' lang='lat' dir='ltr'>qui</span> <span class='ocrx_word' id='word_1_694' title='bbox 1690 2929 1746 2959; x_wconf 91' lang='lat' dir='ltr'>est</span> <span class='ocrx_word' id='word_1_695' title='bbox 1765 2922 1916 2972; x_wconf 89' lang='lat' dir='ltr'>primus</span> <span class='ocrx_word' id='word_1_696' title='bbox 1935 2929 2075 2967; x_wconf 88' lang='lat' dir='ltr'>motor,</span> <span class='ocrx_word' id='word_1_697' title='bbox 2101 2933 2230 2972; x_wconf 88' lang='lat' dir='ltr'>neque</span> <span class='ocrx_word' id='word_1_698' title='bbox 2249 2929 2306 2959; x_wconf 88' lang='lat' dir='ltr'>est</span> <span class='ocrx_word' id='word_1_699' title='bbox 2324 2933 2470 2971; x_wconf 43' lang='lat' dir='ltr'>corpus*</span> 
     </span>
    </p>
   </div>
   <div class='ocr_carea' id='block_1_26' title="bbox 261 2975 2028 3025">
    <p class='ocr_par' dir='ltr' id='par_1_37' title="bbox 261 2975 2028 3025">
     <span class='ocr_line' id='line_1_96' title="bbox 261 2975 2028 3025; baseline -0.001 -11"><span class='ocrx_word' id='word_1_700' title='bbox 261 2976 452 3014; x_wconf 88' lang='lat' dir='ltr'>sensitiva.</span> <span class='ocrx_word' id='word_1_701' title='bbox 465 2975 662 3014; x_wconf 90' lang='lat' dir='ltr'>Invenitur</span> <span class='ocrx_word' id='word_1_702' title='bbox 672 2983 803 3013; x_wconf 88' lang='lat' dir='ltr'>autem</span> <span class='ocrx_word' id='word_1_703' title='bbox 814 2975 958 3025; x_wconf 88' lang='lat' dir='ltr'>aliquid</span> <span class='ocrx_word' id='word_1_704' title='bbox 975 2975 1193 3014; x_wconf 90' lang='lat' dir='ltr'>subiectum</span> <span class='ocrx_word' id='word_1_705' title='bbox 1205 2975 1335 3013; x_wconf 86' lang='lat' dir='ltr'>sensui</span> <span class='ocrx_word' id='word_1_706' title='bbox 1351 2990 1377 3010; x_wconf 66' lang='grc' dir='ltr'>ιο</span> <span class='ocrx_word' id='word_1_707' title='bbox 1391 2987 1519 3025; x_wconf 92' lang='lat' dir='ltr'>neque</span> <span class='ocrx_word' id='word_1_708' title='bbox 1549 2983 1605 3013; x_wconf 90' lang='lat' dir='ltr'>est</span> <span class='ocrx_word' id='word_1_709' title='bbox 1632 2975 1755 3013; x_wconf 87' lang='lat' dir='ltr'>virtus</span> <span class='ocrx_word' id='word_1_710' title='bbox 1784 2975 1823 3013; x_wconf 92' lang='lat' dir='ltr'>in</span> <span class='ocrx_word' id='word_1_711' title='bbox 1852 2987 2028 3025; x_wconf 87' lang='lat' dir='ltr'>corpore.</span> 
     </span>
    </p>
   </div>
   <div class='ocr_carea' id='block_1_27' title="bbox 262 3028 1337 3241">
    <p class='ocr_par' dir='ltr' id='par_1_38' title="bbox 262 3028 1337 3241">
     <span class='ocr_line' id='line_1_97' title="bbox 262 3028 1335 3078; baseline -0.002 -10"><span class='ocrx_word' id='word_1_712' title='bbox 262 3030 301 3068; x_wconf 91' lang='lat' dir='ltr'>in</span> <span class='ocrx_word' id='word_1_713' title='bbox 328 3042 458 3068; x_wconf 90' lang='lat' dir='ltr'>rerum</span> <span class='ocrx_word' id='word_1_714' title='bbox 479 3037 626 3067; x_wconf 89' lang='lat' dir='ltr'>natura.</span> <span class='ocrx_word' id='word_1_715' title='bbox 657 3029 771 3078; x_wconf 88' lang='lat' dir='ltr'>Igitur</span> <span class='ocrx_word' id='word_1_716' title='bbox 795 3037 832 3067; x_wconf 93' lang='lat' dir='ltr'>et</span> <span class='ocrx_word' id='word_1_717' title='bbox 856 3028 1074 3067; x_wconf 92' lang='lat' dir='ltr'>intellectui.</span> <span class='ocrx_word' id='word_1_718' title='bbox 1101 3029 1179 3066; x_wconf 90' lang='lat' dir='ltr'>Sed</span> <span class='ocrx_word' id='word_1_719' title='bbox 1199 3041 1335 3067; x_wconf 89' lang='lat' dir='ltr'>secun-</span> 
     </span>
     <span class='ocr_line' id='line_1_98' title="bbox 262 3082 1334 3133; baseline -0.001 -12"><span class='ocrx_word' id='word_1_720' title='bbox 262 3084 359 3121; x_wconf 91' lang='lat' dir='ltr'>dum</span> <span class='ocrx_word' id='word_1_721' title='bbox 388 3083 566 3121; x_wconf 91' lang='lat' dir='ltr'>ordinem</span> <span class='ocrx_word' id='word_1_722' title='bbox 592 3083 836 3122; x_wconf 87' lang='lat' dir='ltr'>obiectorum</span> <span class='ocrx_word' id='word_1_723' title='bbox 856 3091 912 3120; x_wconf 92' lang='lat' dir='ltr'>est</span> <span class='ocrx_word' id='word_1_724' title='bbox 937 3083 1036 3120; x_wconf 93' lang='lat' dir='ltr'>ordo</span> <span class='ocrx_word' id='word_1_725' title='bbox 1059 3082 1334 3133; x_wconf 88' lang='lat' dir='ltr'>potentiarum,</span> 
     </span>
     <span class='ocr_line' id='line_1_99' title="bbox 263 3135 1337 3186; baseline -0.001 -12"><span class='ocrx_word' id='word_1_726' title='bbox 263 3137 359 3175; x_wconf 91' lang='lat' dir='ltr'>sicut</span> <span class='ocrx_word' id='word_1_727' title='bbox 387 3145 423 3175; x_wconf 86' lang='lat' dir='ltr'>et</span> <span class='ocrx_word' id='word_1_728' title='bbox 451 3137 653 3175; x_wconf 91' lang='lat' dir='ltr'>distinctio.</span> <span class='ocrx_word' id='word_1_729' title='bbox 691 3138 793 3186; x_wconf 89' lang='lat' dir='ltr'>Ergo</span> <span class='ocrx_word' id='word_1_730' title='bbox 832 3148 950 3186; x_wconf 89' lang='lat' dir='ltr'>super</span> <span class='ocrx_word' id='word_1_731' title='bbox 977 3136 1111 3174; x_wconf 87' lang='lat' dir='ltr'>omnia</span> <span class='ocrx_word' id='word_1_732' title='bbox 1144 3135 1337 3174; x_wconf 89' lang='lat' dir='ltr'>sensibilia</span> 
     </span>
     <span class='ocr_line' id='line_1_100' title="bbox 263 3190 1335 3241; baseline -0.001 -13"><span class='ocrx_word' id='word_1_733' title='bbox 263 3199 319 3228; x_wconf 88' lang='lat' dir='ltr'>est</span> <span class='ocrx_word' id='word_1_734' title='bbox 347 3191 490 3241; x_wconf 91' lang='lat' dir='ltr'>aliquid</span> <span class='ocrx_word' id='word_1_735' title='bbox 520 3191 749 3240; x_wconf 91' lang='lat' dir='ltr'>intelligibile</span> <span class='ocrx_word' id='word_1_736' title='bbox 779 3190 818 3228; x_wconf 93' lang='lat' dir='ltr'>in</span> <span class='ocrx_word' id='word_1_737' title='bbox 843 3202 975 3228; x_wconf 89' lang='lat' dir='ltr'>rerum</span> <span class='ocrx_word' id='word_1_738' title='bbox 999 3198 1136 3228; x_wconf 87' lang='lat' dir='ltr'>natura</span> <span class='ocrx_word' id='word_1_739' title='bbox 1159 3190 1335 3227; x_wconf 86' lang='lat' dir='ltr'>existens.</span> 
     </span>
    </p>
   </div>
   <div class='ocr_carea' id='block_1_28' title="bbox 1391 3026 2472 3240">
    <p class='ocr_par' dir='ltr' id='par_1_39' title="bbox 1391 3026 2472 3240">
     <span class='ocr_line' id='line_1_101' title="bbox 1445 3026 2468 3079; baseline -0.001 -12"><span class='ocrx_word' id='word_1_740' title='bbox 1445 3029 1576 3067; x_wconf 90' lang='lat' dir='ltr'>Prima</span> <span class='ocrx_word' id='word_1_741' title='bbox 1604 3029 1659 3067; x_wconf 89' lang='lat' dir='ltr'>sic</span> <span class='ocrx_word' id='word_1_742' title='bbox 1686 3029 1885 3079; x_wconf 88' lang='lat' dir='ltr'>probatur.</span> <span class='ocrx_word' id='word_1_743' title='bbox 1923 3028 1964 3067; x_wconf 89' lang='lat' dir='ltr'>Si</span> <span class='ocrx_word' id='word_1_744' title='bbox 1992 3027 2164 3079; x_wconf 87' lang='lat' dir='ltr'>potentia</span> <span class='ocrx_word' id='word_1_745' title='bbox 2191 3026 2468 3078; x_wconf 83' lang='lat' dir='ltr'>magnitudinis</span> 
     </span>
     <span class='ocr_line' id='line_1_102' title="bbox 1391 3078 2472 3131; baseline -0.001 -11"><span class='ocrx_word' id='word_1_746' title='bbox 1391 3082 1570 3129; x_wconf 63' lang='lat' dir='ltr'>alicuius&gt;</span> <span class='ocrx_word' id='word_1_747' title='bbox 1589 3091 1645 3121; x_wconf 92' lang='lat' dir='ltr'>est</span> <span class='ocrx_word' id='word_1_748' title='bbox 1673 3082 1834 3128; x_wconf 87' lang='lat' dir='ltr'>infinita,</span> <span class='ocrx_word' id='word_1_749' title='bbox 1864 3090 1931 3121; x_wconf 91' lang='lat' dir='ltr'>aut</span> <span class='ocrx_word' id='word_1_750' title='bbox 1963 3094 2054 3131; x_wconf 90' lang='lat' dir='ltr'>ergo</span> <span class='ocrx_word' id='word_1_751' title='bbox 2087 3081 2157 3120; x_wconf 88' lang='lat' dir='ltr'>erit</span> <span class='ocrx_word' id='word_1_752' title='bbox 2192 3078 2472 3131; x_wconf 83' lang='lat' dir='ltr'>magnitudinis</span> 
     </span>
     <span class='ocr_line' id='line_1_103' title="bbox 1392 3134 2468 3185; baseline -0.002 -11"><span class='ocrx_word' id='word_1_753' title='bbox 1392 3136 1541 3183; x_wconf 87' lang='lat' dir='ltr'>finitae;</span> <span class='ocrx_word' id='word_1_754' title='bbox 1581 3144 1647 3175; x_wconf 84' lang='lat' dir='ltr'>aut</span> <span class='ocrx_word' id='word_1_755' title='bbox 1684 3136 1868 3174; x_wconf 87' lang='lat' dir='ltr'>infinitae.</span> <span class='ocrx_word' id='word_1_756' title='bbox 1910 3135 2140 3185; x_wconf 88' lang='lat' dir='ltr'>Magnitudo</span> <span class='ocrx_word' id='word_1_757' title='bbox 2178 3134 2329 3173; x_wconf 87' lang='lat' dir='ltr'>infinita</span> <span class='ocrx_word' id='word_1_758' title='bbox 2362 3135 2468 3172; x_wconf 83' lang='lat' dir='ltr'>nulla</span> 
     </span>
     <span class='ocr_line' id='line_1_104' title="bbox 1393 3188 2469 3240; baseline -0.002 -13"><span class='ocrx_word' id='word_1_759' title='bbox 1393 3198 1460 3235; x_wconf 88' lang='lat' dir='ltr'>est,</span> <span class='ocrx_word' id='word_1_760' title='bbox 1490 3198 1532 3227; x_wconf 91' lang='lat' dir='ltr'>ut</span> <span class='ocrx_word' id='word_1_761' title='bbox 1560 3190 1748 3240; x_wconf 89' lang='lat' dir='ltr'>probatur</span> <span class='ocrx_word' id='word_1_762' title='bbox 1776 3190 1815 3228; x_wconf 93' lang='lat' dir='ltr'>in</span> <span class='ocrx_word' id='word_1_763' title='bbox 1844 3191 1889 3228; x_wconf 90' lang='lat' dir='ltr'>III</span> <span class='ocrx_word' id='word_1_764' title='bbox 1911 3191 2060 3240; x_wconf 82' lang='lat' dir='ltr'>Physic.</span> <span class='ocrx_word' id='word_1_765' title='bbox 2079 3189 2100 3212; x_wconf 79' lang='lat'>&#39;¹&#39;</span> <span class='ocrx_word' id='word_1_766' title='bbox 2127 3196 2164 3226; x_wconf 93' lang='lat' dir='ltr'>et</span> <span class='ocrx_word' id='word_1_767' title='bbox 2191 3188 2231 3227; x_wconf 91' lang='lat' dir='ltr'>in</span> <span class='ocrx_word' id='word_1_768' title='bbox 2260 3189 2273 3226; x_wconf 95' lang='lat'>1</span> <span class='ocrx_word' id='word_1_769' title='bbox 2301 3188 2403 3226; x_wconf 84' lang='lat' dir='ltr'>Cael.</span> <span class='ocrx_word' id='word_1_770' title='bbox 2434 3193 2469 3225; x_wconf 85' lang='lat' dir='ltr'>et</span> 
     </span>
    </p>
   </div>
   <div class='ocr_carea' id='block_1_29' title="bbox 265 3241 2467 3294">
    <p class='ocr_par' dir='ltr' id='par_1_40' title="bbox 265 3241 2467 3294">
     <span class='ocr_line' id='line_1_105' title="bbox 265 3241 2467 3294; baseline -0.002 -12"><span class='ocrx_word' id='word_1_771' title='bbox 265 3245 395 3282; x_wconf 90' lang='lat' dir='ltr'>Omne</span> <span class='ocrx_word' id='word_1_772' title='bbox 431 3252 560 3282; x_wconf 90' lang='lat' dir='ltr'>autem</span> <span class='ocrx_word' id='word_1_773' title='bbox 589 3257 732 3294; x_wconf 89' lang='lat' dir='ltr'>corpus</span> <span class='ocrx_word' id='word_1_774' title='bbox 761 3244 800 3282; x_wconf 94' lang='lat' dir='ltr'>in</span> <span class='ocrx_word' id='word_1_775' title='bbox 829 3244 956 3281; x_wconf 75' lang='lat' dir='ltr'>rebust-</span> <span class='ocrx_word' id='word_1_776' title='bbox 974 3243 1138 3281; x_wconf 91' lang='lat' dir='ltr'>existens</span> <span class='ocrx_word' id='word_1_777' title='bbox 1167 3251 1222 3281; x_wconf 90' lang='lat' dir='ltr'>est</span> <span class='ocrx_word' id='word_1_778' title='bbox 1250 3255 1336 3280; x_wconf 90' lang='lat' dir='ltr'>sen·</span> <span class='ocrx_word' id='word_1_779' title='bbox 1353 3257 1376 3278; x_wconf 75' lang='grc' dir='ltr'>ις</span> <span class='ocrx_word' id='word_1_780' title='bbox 1392 3245 1534 3282; x_wconf 85' lang='lat' dir='ltr'>Mundi</span> <span class='ocrx_word' id='word_1_781' title='bbox 1546 3243 1577 3281; x_wconf 80' lang='lat'>*.</span> <span class='ocrx_word' id='word_1_782' title='bbox 1599 3243 1878 3293; x_wconf 88' lang='lat' dir='ltr'>Magnitudinis</span> <span class='ocrx_word' id='word_1_783' title='bbox 1897 3251 2028 3281; x_wconf 89' lang='lat' dir='ltr'>autem</span> <span class='ocrx_word' id='word_1_784' title='bbox 2047 3241 2179 3280; x_wconf 89' lang='lat' dir='ltr'>finitae</span> <span class='ocrx_word' id='word_1_785' title='bbox 2198 3253 2279 3279; x_wconf 92' lang='lat' dir='ltr'>non</span> <span class='ocrx_word' id='word_1_786' title='bbox 2303 3248 2359 3279; x_wconf 89' lang='lat' dir='ltr'>est</span> <span class='ocrx_word' id='word_1_787' title='bbox 2377 3253 2467 3291; x_wconf 91' lang='lat' dir='ltr'>pos-</span> 
     </span>
    </p>
   </div>
   <div class='ocr_carea' id='block_1_30' title="bbox 265 3296 1338 3453">
    <p class='ocr_par' dir='ltr' id='par_1_41' title="bbox 265 3296 1338 3453">
     <span class='ocr_line' id='line_1_106' title="bbox 265 3296 1336 3348; baseline 0 -14"><span class='ocrx_word' id='word_1_788' title='bbox 265 3297 382 3335; x_wconf 90' lang='lat' dir='ltr'>sibile.</span> <span class='ocrx_word' id='word_1_789' title='bbox 403 3298 517 3347; x_wconf 87' lang='lat' dir='ltr'>Igitur</span> <span class='ocrx_word' id='word_1_790' title='bbox 536 3311 654 3348; x_wconf 88' lang='lat' dir='ltr'>super</span> <span class='ocrx_word' id='word_1_791' title='bbox 672 3298 806 3336; x_wconf 91' lang='lat' dir='ltr'>omnia</span> <span class='ocrx_word' id='word_1_792' title='bbox 824 3310 991 3347; x_wconf 85' lang='lat' dir='ltr'>corpora</span> <span class='ocrx_word' id='word_1_793' title='bbox 1010 3305 1065 3335; x_wconf 91' lang='lat' dir='ltr'>est</span> <span class='ocrx_word' id='word_1_794' title='bbox 1080 3296 1224 3347; x_wconf 90' lang='lat' dir='ltr'>aliquid</span> <span class='ocrx_word' id='word_1_795' title='bbox 1240 3297 1336 3335; x_wconf 88' lang='lat' dir='ltr'>acci-</span> 
     </span>
     <span class='ocr_line' id='line_1_107' title="bbox 266 3351 1338 3413; baseline 0.001 -26"><span class='ocrx_word' id='word_1_796' title='bbox 266 3363 357 3410; x_wconf 78' lang='lat' dir='ltr'>pere</span> <span class='ocrx_word' id='word_1_797' title='bbox 386 3351 563 3390; x_wconf 87' lang='lat' dir='ltr'>nobilius.</span> <span class='ocrx_word' id='word_1_798' title='bbox 591 3351 631 3413; x_wconf 77' lang='lat' dir='ltr'>Si</span> <span class='ocrx_word' id='word_1_799' title='bbox 655 3351 768 3400; x_wconf 88' lang='lat' dir='ltr'>igitur</span> <span class='ocrx_word' id='word_1_800' title='bbox 787 3352 895 3389; x_wconf 87' lang='lat' dir='ltr'>Deus</span> <span class='ocrx_word' id='word_1_801' title='bbox 915 3358 970 3389; x_wconf 87' lang='lat' dir='ltr'>est</span> <span class='ocrx_word' id='word_1_802' title='bbox 990 3363 1144 3401; x_wconf 88' lang='lat' dir='ltr'>corpus,</span> <span class='ocrx_word' id='word_1_803' title='bbox 1165 3363 1246 3388; x_wconf 92' lang='lat' dir='ltr'>non</span> <span class='ocrx_word' id='word_1_804' title='bbox 1268 3351 1338 3388; x_wconf 90' lang='lat' dir='ltr'>erit</span> 
     </span>
     <span class='ocr_line' id='line_1_108' title="bbox 267 3412 857 3453; baseline 0.003 -12"><span class='ocrx_word' id='word_1_805' title='bbox 267 3416 438 3453; x_wconf 83' lang='lat' dir='ltr'>primum</span> <span class='ocrx_word' id='word_1_806' title='bbox 467 3413 503 3442; x_wconf 92' lang='lat' dir='ltr'>et</span> <span class='ocrx_word' id='word_1_807' title='bbox 531 3412 749 3443; x_wconf 81' lang='lat' dir='ltr'>maximum</span> <span class='ocrx_word' id='word_1_808' title='bbox 777 3417 857 3443; x_wconf 77' lang='lat' dir='ltr'>enS.</span> 
     </span>
    </p>
   </div>
   <div class='ocr_carea' id='block_1_31' title="bbox 268 3518 1078 3615">
    <p class='ocr_par' dir='ltr' id='par_1_42' title="bbox 268 3518 1078 3615">
     <span class='ocr_line' id='line_1_109' title="bbox 321 3518 1078 3554; baseline 0.003 -12"><span class='ocrx_word' id='word_1_809' title='bbox 321 3524 332 3542; x_wconf 88' lang='grc' dir='ltr'><strong>ι</strong></span> <span class='ocrx_word' id='word_1_810' title='bbox 356 3518 391 3542; x_wconf 88' lang='lat' dir='ltr'>Ex</span> <span class='ocrx_word' id='word_1_811' title='bbox 410 3519 560 3550; x_wconf 79' lang='lat' dir='ltr'>praemissis</span> <span class='ocrx_word' id='word_1_812' title='bbox 579 3519 666 3554; x_wconf 69' lang='lat' dir='ltr'>etiam}</span> <span class='ocrx_word' id='word_1_813' title='bbox 687 3520 723 3545; x_wconf 84' lang='lat' dir='ltr'>Ex</span> <span class='ocrx_word' id='word_1_814' title='bbox 743 3519 882 3553; x_wconf 80' lang='lat' dir='ltr'>praedictis</span> <span class='ocrx_word' id='word_1_815' title='bbox 902 3524 988 3544; x_wconf 70' lang='lat' dir='ltr'>autem</span> <span class='ocrx_word' id='word_1_816' title='bbox 1008 3519 1078 3545; x_wconf 71' lang='lat' dir='ltr'>Gpc.</span> 
     </span>
     <span class='ocr_line' id='line_1_110' title="bbox 268 3554 556 3582; baseline 0.014 -6"><span class='ocrx_word' id='word_1_817' title='bbox 268 3560 362 3577; x_wconf 80' lang='lat' dir='ltr'>sensus</span> <span class='ocrx_word' id='word_1_818' title='bbox 381 3554 441 3582; x_wconf 79' lang='grc' dir='ltr'>αΡσ,</span> <span class='ocrx_word' id='word_1_819' title='bbox 461 3561 502 3579; x_wconf 89' lang='lat' dir='ltr'>om</span> <span class='ocrx_word' id='word_1_820' title='bbox 523 3555 556 3581; x_wconf 87' lang='lat' dir='ltr'>G.</span> 
     </span>
     <span class='ocr_line' id='line_1_111' title="bbox 325 3590 528 3615; baseline 0.015 -3"><span class='ocrx_word' id='word_1_821' title='bbox 325 3595 334 3613; x_wconf 83' lang='lat'>1</span> <span class='ocrx_word' id='word_1_822' title='bbox 358 3596 399 3613; x_wconf 90' lang='lat' dir='ltr'>res</span> <span class='ocrx_word' id='word_1_823' title='bbox 417 3596 460 3614; x_wconf 88' lang='lat' dir='ltr'>om</span> <span class='ocrx_word' id='word_1_824' title='bbox 480 3590 528 3615; x_wconf 70' lang='lat' dir='ltr'>ali.</span> 
     </span>
    </p>
   </div>
   <div class='ocr_carea' id='block_1_32' title="bbox 269 3591 957 3657">
    <p class='ocr_par' dir='ltr' id='par_1_43' title="bbox 269 3591 957 3657">
     <span class='ocr_line' id='line_1_112' title="bbox 620 3591 957 3625; baseline 0.003 -10"><span class='ocrx_word' id='word_1_825' title='bbox 620 3598 633 3615; x_wconf 83' lang='lat'>²</span> <span class='ocrx_word' id='word_1_826' title='bbox 654 3591 772 3625; x_wconf 86' lang='lat' dir='ltr'>nobilior]</span> <span class='ocrx_word' id='word_1_827' title='bbox 793 3591 907 3616; x_wconf 70' lang='lat' dir='ltr'>nobilius</span> <span class='ocrx_word' id='word_1_828' title='bbox 927 3591 957 3616; x_wconf 85' lang='grc' dir='ltr'>Ε.</span> 
     </span>
     <span class='ocr_line' id='line_1_113' title="bbox 269 3625 533 3657; baseline 0.008 -9"><span class='ocrx_word' id='word_1_829' title='bbox 269 3631 332 3657; x_wconf 86' lang='lat' dir='ltr'>ergo</span> <span class='ocrx_word' id='word_1_830' title='bbox 351 3625 462 3656; x_wconf 82' lang='lat' dir='ltr'>potentia</span> <span class='ocrx_word' id='word_1_831' title='bbox 482 3625 533 3650; x_wconf 87' lang='lat' dir='ltr'>BC.</span> 
     </span>
    </p>
   </div>
   <div class='ocr_carea' id='block_1_33' title="bbox 626 3518 2083 3660">
    <p class='ocr_par' dir='ltr' id='par_1_44' title="bbox 648 3518 1819 3590">
     <span class='ocr_line' id='line_1_114' title="bbox 1171 3518 1505 3553; baseline 0.006 -10"><span class='ocrx_word' id='word_1_832' title='bbox 1171 3519 1204 3544; x_wconf 87' lang='lat'>30</span> <span class='ocrx_word' id='word_1_833' title='bbox 1223 3518 1330 3553; x_wconf 90' lang='lat' dir='ltr'>aliquid]</span> <span class='ocrx_word' id='word_1_834' title='bbox 1351 3519 1457 3552; x_wconf 81' lang='lat' dir='ltr'>aliquod</span> <span class='ocrx_word' id='word_1_835' title='bbox 1477 3520 1505 3545; x_wconf 88' lang='grc' dir='ltr'>Ρ.</span> 
     </span>
     <span class='ocr_line' id='line_1_115' title="bbox 648 3553 1819 3590; baseline -0.001 -10"><span class='ocrx_word' id='word_1_836' title='bbox 648 3555 676 3580; x_wconf 84' lang='lat'>31</span> <span class='ocrx_word' id='word_1_837' title='bbox 699 3555 850 3590; x_wconf 80' lang='lat' dir='ltr'>intellectui}</span> <span class='ocrx_word' id='word_1_838' title='bbox 870 3555 1001 3581; x_wconf 78' lang='lat' dir='ltr'>intellectu</span> <span class='ocrx_word' id='word_1_839' title='bbox 1022 3555 1089 3588; x_wconf 83' lang='grc' dir='ltr'><strong>αρΝ,</strong></span> <span class='ocrx_word' id='word_1_840' title='bbox 1109 3555 1135 3580; x_wconf 91' lang='lat' dir='ltr'>in</span> <span class='ocrx_word' id='word_1_841' title='bbox 1154 3555 1287 3580; x_wconf 82' lang='lat' dir='ltr'>intellectu</span> <span class='ocrx_word' id='word_1_842' title='bbox 1306 3555 1350 3585; x_wconf 80' lang='lat' dir='ltr'>Fe,</span> <span class='ocrx_word' id='word_1_843' title='bbox 1370 3562 1495 3580; x_wconf 76' lang='lat' dir='ltr'>rasuram</span> <span class='ocrx_word' id='word_1_844' title='bbox 1516 3555 1584 3585; x_wconf 84' lang='lat' dir='ltr'>GW,</span> <span class='ocrx_word' id='word_1_845' title='bbox 1603 3555 1751 3580; x_wconf 78' lang='lat' dir='ltr'>intellectus</span> <span class='ocrx_word' id='word_1_846' title='bbox 1770 3553 1819 3579; x_wconf 75' lang='lat' dir='ltr'>Pd.</span> 
     </span>
    </p>

    <p class='ocr_par' dir='ltr' id='par_1_45' title="bbox 626 3588 2083 3660">
     <span class='ocr_line' id='line_1_116' title="bbox 1052 3588 2083 3624; baseline -0.003 -8"><span class='ocrx_word' id='word_1_847' title='bbox 1052 3590 1083 3616; x_wconf 79' lang='lat'>13</span> <span class='ocrx_word' id='word_1_848' title='bbox 1103 3590 1269 3624; x_wconf 77' lang='lat' dir='ltr'>circulariter]</span> <span class='ocrx_word' id='word_1_849' title='bbox 1290 3591 1405 3616; x_wconf 78' lang='lat' dir='ltr'>localiter</span> <span class='ocrx_word' id='word_1_850' title='bbox 1423 3591 1474 3622; x_wconf 69' lang='lat' dir='ltr'>«D,</span> <span class='ocrx_word' id='word_1_851' title='bbox 1493 3591 1653 3616; x_wconf 81' lang='lat' dir='ltr'>circulariter</span> <span class='ocrx_word' id='word_1_852' title='bbox 1669 3590 1711 3615; x_wconf 80' lang='lat' dir='ltr'>vel</span> <span class='ocrx_word' id='word_1_853' title='bbox 1731 3589 1847 3615; x_wconf 83' lang='lat' dir='ltr'>localiter</span> <span class='ocrx_word' id='word_1_854' title='bbox 1865 3588 1896 3619; x_wconf 85' lang='grc' dir='ltr'>Ε,</span> <span class='ocrx_word' id='word_1_855' title='bbox 1914 3588 2032 3614; x_wconf 79' lang='lat' dir='ltr'>circulari</span> <span class='ocrx_word' id='word_1_856' title='bbox 2050 3588 2083 3613; x_wconf 84' lang='grc' dir='ltr'>Υ.</span> 
     </span>
     <span class='ocr_line' id='line_1_117' title="bbox 626 3626 1561 3660; baseline 0.001 -9"><span class='ocrx_word' id='word_1_857' title='bbox 626 3626 656 3658; x_wconf 88' lang='lat'>37</span> <span class='ocrx_word' id='word_1_858' title='bbox 678 3627 755 3657; x_wconf 87' lang='lat' dir='ltr'>Quod</span> <span class='ocrx_word' id='word_1_859' title='bbox 774 3632 861 3652; x_wconf 82' lang='lat' dir='ltr'>autem</span> <span class='ocrx_word' id='word_1_860' title='bbox 883 3627 981 3659; x_wconf 77' lang='lat' dir='ltr'>Incipit</span> <span class='ocrx_word' id='word_1_861' title='bbox 996 3626 1116 3659; x_wconf 75' lang='lat' dir='ltr'>primum</span> <span class='ocrx_word' id='word_1_862' title='bbox 1139 3626 1259 3659; x_wconf 77' lang='lat' dir='ltr'>Capituli</span> <span class='ocrx_word' id='word_1_863' title='bbox 1270 3627 1460 3660; x_wconf 71' lang='lat' dir='ltr'>fragmentum</span> <span class='ocrx_word' id='word_1_864' title='bbox 1482 3627 1508 3652; x_wconf 77' lang='lat' dir='ltr'>in</span> <span class='ocrx_word' id='word_1_865' title='bbox 1528 3628 1561 3653; x_wconf 86' lang='grc' dir='ltr'>Α.</span> 
     </span>
    </p>
   </div>
   <div class='ocr_carea' id='block_1_34' title="bbox 1393 3294 2467 3454">
    <p class='ocr_par' dir='ltr' id='par_1_46' title="bbox 1393 3294 2467 3454">
     <span class='ocr_line' id='line_1_118' title="bbox 1393 3294 2467 3347; baseline -0.003 -12"><span class='ocrx_word' id='word_1_866' title='bbox 1393 3297 1500 3335; x_wconf 88' lang='lat' dir='ltr'>sibile</span> <span class='ocrx_word' id='word_1_867' title='bbox 1516 3309 1599 3335; x_wconf 91' lang='lat' dir='ltr'>esse</span> <span class='ocrx_word' id='word_1_868' title='bbox 1609 3297 1827 3347; x_wconf 87' lang='lat' dir='ltr'>potentiam</span> <span class='ocrx_word' id='word_1_869' title='bbox 1847 3296 2050 3335; x_wconf 87' lang='lat' dir='ltr'>infinitam.</span> <span class='ocrx_word' id='word_1_870' title='bbox 2071 3296 2121 3334; x_wconf 93' lang='lat' dir='ltr'>Et</span> <span class='ocrx_word' id='word_1_871' title='bbox 2134 3294 2188 3333; x_wconf 93' lang='lat' dir='ltr'>sic</span> <span class='ocrx_word' id='word_1_872' title='bbox 2202 3294 2242 3333; x_wconf 91' lang='lat' dir='ltr'>in</span> <span class='ocrx_word' id='word_1_873' title='bbox 2261 3295 2367 3333; x_wconf 88' lang='lat' dir='ltr'>nulla</span> <span class='ocrx_word' id='word_1_874' title='bbox 2385 3306 2467 3332; x_wconf 85' lang='lat' dir='ltr'>ma-</span> 
     </span>
     <span class='ocr_line' id='line_1_119' title="bbox 1393 3346 2467 3401; baseline -0.003 -13"><span class='ocrx_word' id='word_1_875' title='bbox 1393 3350 1591 3399; x_wconf 89' lang='lat' dir='ltr'>gnitudine</span> <span class='ocrx_word' id='word_1_876' title='bbox 1611 3358 1737 3401; x_wconf 89' lang='lat' dir='ltr'>potest</span> <span class='ocrx_word' id='word_1_877' title='bbox 1756 3363 1839 3388; x_wconf 89' lang='lat' dir='ltr'>esse</span> <span class='ocrx_word' id='word_1_878' title='bbox 1858 3349 2030 3400; x_wconf 87' lang='lat' dir='ltr'>potentia</span> <span class='ocrx_word' id='word_1_879' title='bbox 2048 3348 2208 3386; x_wconf 88' lang='lat' dir='ltr'>infinita.</span> <span class='ocrx_word' id='word_1_880' title='bbox 2238 3370 2264 3376; x_wconf 94' lang='lat'>-</span> <span class='ocrx_word' id='word_1_881' title='bbox 2291 3346 2322 3401; x_wconf 87' lang='lat'>†</span> <span class='ocrx_word' id='word_1_882' title='bbox 2346 3347 2467 3396; x_wconf 92' lang='lat' dir='ltr'>Quod</span> 
     </span>
     <span class='ocr_line' id='line_1_120' title="bbox 1393 3401 2467 3454; baseline -0.004 -12"><span class='ocrx_word' id='word_1_883' title='bbox 1393 3412 1525 3442; x_wconf 88' lang='lat' dir='ltr'>autem</span> <span class='ocrx_word' id='word_1_884' title='bbox 1567 3404 1606 3442; x_wconf 92' lang='lat' dir='ltr'>in</span> <span class='ocrx_word' id='word_1_885' title='bbox 1648 3403 1914 3454; x_wconf 85' lang='lat' dir='ltr'>magnitudine</span> <span class='ocrx_word' id='word_1_886' title='bbox 1955 3401 2064 3440; x_wconf 88' lang='lat' dir='ltr'>finita</span> <span class='ocrx_word' id='word_1_887' title='bbox 2104 3414 2186 3439; x_wconf 93' lang='lat' dir='ltr'>non</span> <span class='ocrx_word' id='word_1_888' title='bbox 2227 3401 2347 3452; x_wconf 89' lang='lat' dir='ltr'>possit</span> <span class='ocrx_word' id='word_1_889' title='bbox 2383 3413 2467 3439; x_wconf 89' lang='lat' dir='ltr'>esse</span> 
     </span>
    </p>
   </div>
   <div class='ocr_carea' id='block_1_35' title="bbox 1598 3514 2467 3552">
    <p class='ocr_par' dir='ltr' id='par_1_47' title="bbox 1598 3514 2467 3552">
     <span class='ocr_line' id='line_1_121' title="bbox 1598 3514 2467 3552; baseline -0.003 -8"><span class='ocrx_word' id='word_1_890' title='bbox 1598 3517 1754 3552; x_wconf 75' lang='lat' dir='ltr'>subiectum]</span> <span class='ocrx_word' id='word_1_891' title='bbox 1773 3517 1904 3543; x_wconf 78' lang='lat' dir='ltr'>obiectum</span> <span class='ocrx_word' id='word_1_892' title='bbox 1923 3516 1985 3542; x_wconf 79' lang='lat' dir='ltr'>Zl‘d</span> <span class='ocrx_word' id='word_1_893' title='bbox 2003 3519 2030 3542; x_wconf 72' lang='lat' dir='ltr'>er</span> <span class='ocrx_word' id='word_1_894' title='bbox 2048 3515 2185 3550; x_wconf 75' lang='lat' dir='ltr'>margines</span> <span class='ocrx_word' id='word_1_895' title='bbox 2203 3515 2271 3541; x_wconf 69' lang='grc' dir='ltr'>ΨΥ.</span> <span class='ocrx_word' id='word_1_896' title='bbox 2369 3514 2467 3549; x_wconf 78' lang='lat' dir='ltr'>sensui]</span> 
     </span>
    </p>
   </div>
   <div class='ocr_carea' id='block_1_36' title="bbox 1653 3586 2470 3659">
    <p class='ocr_par' dir='ltr' id='par_1_48' title="bbox 1653 3586 2470 3659">
     <span class='ocr_line' id='line_1_122' title="bbox 2175 3586 2470 3621; baseline -0.007 -7"><span class='ocrx_word' id='word_1_897' title='bbox 2175 3594 2207 3621; x_wconf 83' lang='lat'>27</span> <span class='ocrx_word' id='word_1_898' title='bbox 2227 3592 2268 3613; x_wconf 78' lang='lat' dir='ltr'>eat</span> <span class='ocrx_word' id='word_1_899' title='bbox 2286 3586 2410 3621; x_wconf 73' lang='lat' dir='ltr'>potentin]</span> <span class='ocrx_word' id='word_1_900' title='bbox 2430 3592 2470 3612; x_wconf 77' lang='lat' dir='ltr'>eat</span> 
     </span>
     <span class='ocr_line' id='line_1_123' title="bbox 1653 3624 1950 3659; baseline -0.007 -7"><span class='ocrx_word' id='word_1_901' title='bbox 1653 3625 1686 3653; x_wconf 82' lang='lat'>³8</span> <span class='ocrx_word' id='word_1_902' title='bbox 1705 3624 1799 3659; x_wconf 74' lang='lat' dir='ltr'>possit]</span> <span class='ocrx_word' id='word_1_903' title='bbox 1819 3629 1906 3658; x_wconf 75' lang='lat' dir='ltr'>potest</span> <span class='ocrx_word' id='word_1_904' title='bbox 1924 3632 1950 3650; x_wconf 82' lang='grc' dir='ltr'>α.</span> 
     </span>
    </p>
   </div>
   <div class='ocr_carea' id='block_1_37' title="bbox 2493 1851 2711 1932">
    <p class='ocr_par' dir='ltr' id='par_1_49' title="bbox 2493 1851 2711 1932">
     <span class='ocr_line' id='line_1_124' title="bbox 2494 1851 2709 1881; baseline -0.005 -6"><span class='ocrx_word' id='word_1_905' title='bbox 2494 1854 2504 1864; x_wconf 92' lang='grc'>·</span> <span class='ocrx_word' id='word_1_906' title='bbox 2528 1852 2566 1876; x_wconf 79' lang='lat' dir='ltr'>cr.</span> <span class='ocrx_word' id='word_1_907' title='bbox 2582 1852 2635 1881; x_wconf 79' lang='lat' dir='ltr'>vu.</span> <span class='ocrx_word' id='word_1_908' title='bbox 2655 1851 2709 1874; x_wconf 89' lang='lat' dir='ltr'>vm</span> 
     </span>
     <span class='ocr_line' id='line_1_125' title="bbox 2493 1878 2711 1932; baseline -0.005 -4"><span class='ocrx_word' id='word_1_909' title='bbox 2493 1879 2573 1929; x_wconf 61' lang='lat' dir='ltr'>ss&#39;zz‘c</span> <span class='ocrx_word' id='word_1_910' title='bbox 2580 1878 2711 1932; x_wconf 58' lang='grc' dir='ltr'>ῗῗθῗῖ</span> 
     </span>
    </p>
   </div>
   <div class='ocr_carea' id='block_1_38' title="bbox 2494 1937 2710 1962">
    <p class='ocr_par' dir='ltr' id='par_1_50' title="bbox 2494 1937 2710 1962">
     <span class='ocr_line' id='line_1_126' title="bbox 2494 1937 2710 1962; baseline -0.005 -7"><span class='ocrx_word' id='word_1_911' title='bbox 2494 1938 2574 1962; x_wconf 68' lang='lat' dir='ltr'>supra,</span> <span class='ocrx_word' id='word_1_912' title='bbox 2588 1937 2640 1960; x_wconf 68' lang='lat' dir='ltr'>etp.</span> <span class='ocrx_word' id='word_1_913' title='bbox 2656 1937 2710 1954; x_wconf 82' lang='grc' dir='ltr'><strong>ιιιι.</strong></span> 
     </span>
    </p>
   </div>
   <div class='ocr_carea' id='block_1_39' title="bbox 2494 2011 2642 2040">
    <p class='ocr_par' dir='ltr' id='par_1_51' title="bbox 2494 2011 2642 2040">
     <span class='ocr_line' id='line_1_127' title="bbox 2494 2011 2642 2040; baseline -0.014 -5"><span class='ocrx_word' id='word_1_914' title='bbox 2494 2013 2504 2023; x_wconf 83' lang='grc'><em>·</em></span> <span class='ocrx_word' id='word_1_915' title='bbox 2519 2011 2578 2040; x_wconf 72' lang='lat' dir='ltr'>Cap.</span> <span class='ocrx_word' id='word_1_916' title='bbox 2587 2018 2642 2034; x_wconf 76' lang='lat' dir='ltr'>uu.</span> 
     </span>
    </p>
   </div>
   <div class='ocr_carea' id='block_1_40' title="bbox 2494 3185 2708 3300">
    <p class='ocr_par' dir='ltr' id='par_1_52' title="bbox 2494 3185 2708 3300">
     <span class='ocr_line' id='line_1_128' title="bbox 2494 3185 2708 3215; baseline -0.019 -4"><span class='ocrx_word' id='word_1_917' title='bbox 2494 3188 2504 3198; x_wconf 92' lang='grc'>·</span> <span class='ocrx_word' id='word_1_918' title='bbox 2520 3187 2578 3215; x_wconf 77' lang='lat' dir='ltr'>Cap.</span> <span class='ocrx_word' id='word_1_919' title='bbox 2589 3193 2615 3214; x_wconf 75' lang='grc' dir='ltr'>νς</span> <span class='ocrx_word' id='word_1_920' title='bbox 2630 3193 2650 3209; x_wconf 78' lang='grc' dir='ltr'>ι.</span> <span class='ocrx_word' id='word_1_921' title='bbox 2662 3185 2708 3208; x_wconf 76' lang='lat' dir='ltr'>Th.</span> 
     </span>
     <span class='ocr_line' id='line_1_129' title="bbox 2494 3214 2708 3256; baseline 0 -21"><span class='ocrx_word' id='word_1_922' title='bbox 2494 3214 2510 3255; x_wconf 61' lang='lat' dir='ltr'>l.</span> <span class='ocrx_word' id='word_1_923' title='bbox 2521 3215 2544 3241; x_wconf 81' lang='lat'>8,</span> <span class='ocrx_word' id='word_1_924' title='bbox 2556 3219 2578 3242; x_wconf 82' lang='lat'>9.</span> <span class='ocrx_word' id='word_1_925' title='bbox 2703 3251 2708 3256; x_wconf 48' lang='grc'><em>.</em></span> 
     </span>
     <span class='ocr_line' id='line_1_130' title="bbox 2495 3244 2708 3300; baseline -0.005 -6"><span class='ocrx_word' id='word_1_926' title='bbox 2495 3278 2514 3294; x_wconf 83' lang='grc'>..</span> <span class='ocrx_word' id='word_1_927' title='bbox 2525 3244 2628 3300; x_wconf 52' lang='grc' dir='ltr'>τοιῖῗῑῷ</span> <span class='ocrx_word' id='word_1_928' title='bbox 2642 3250 2708 3300; x_wconf 61' lang='lat'>333¹?</span> 
     </span>
    </p>
   </div>
   <div class='ocr_carea' id='block_1_41' title="bbox 2494 3349 2709 3400">
    <p class='ocr_par' dir='ltr' id='par_1_53' title="bbox 2494 3349 2709 3400">
     <span class='ocr_line' id='line_1_131' title="bbox 2495 3349 2709 3378; baseline -0.014 -5"><span class='ocrx_word' id='word_1_929' title='bbox 2495 3352 2515 3378; x_wconf 70' lang='lat'>⁴}—</span> <span class='ocrx_word' id='word_1_930' title='bbox 2537 3352 2632 3374; x_wconf 76' lang='grc' dir='ltr'><strong>Αυτοο.</strong></span> <span class='ocrx_word' id='word_1_931' title='bbox 2647 3349 2709 3372; x_wconf 70' lang='lat' dir='ltr'>Vn.</span> 
     </span>
     <span class='ocr_line' id='line_1_132' title="bbox 2494 3377 2588 3400; baseline -0.011 0"><span class='ocrx_word' id='word_1_932' title='bbox 2494 3383 2506 3400; x_wconf 71' lang='lat' dir='ltr'>a</span> <span class='ocrx_word' id='word_1_933' title='bbox 2516 3384 2530 3399; x_wconf 85' lang='lat' dir='ltr'>v</span> <span class='ocrx_word' id='word_1_934' title='bbox 2545 3377 2559 3399; x_wconf 72' lang='lat' dir='ltr'>b</span> <span class='ocrx_word' id='word_1_935' title='bbox 2570 3385 2588 3399; x_wconf 92' lang='grc' dir='ltr'>ι.</span> 
     </span>
    </p>
   </div>
  </div>
 </body>
</html>
