2768 4134
84 524 174 546 'Num.
190 529 206 548 1,
221 523 298 549 Argu-

84 550 237 573 mentahatur.

82 925 91 934 ’
108 923 143 946 cf.
159 922 209 945 init.
226 922 295 944 Com-

82 954 153 972 ment.

78 3288 88 3297 '
101 3286 165 3309 Lect.
177 3293 212 3310 ιο.

76 3332 86 3341 ·
102 3330 138 3352 cf.
153 3330 204 3353 init.
219 3331 288 3354 com-

76 3361 148 3379 mem.

326 310 402 346 560

326 385 466 417 cundum
476 383 573 423 prius
596 386 628 412 et
643 380 818 421 posterius,
837 389 902 409 non
919 377 1096 409 secundum
1120 376 1392 407 univocationem.

324 431 368 460 Et
391 428 462 459 ideo
487 432 606 457 natura
630 424 798 455 cuiuslibet
822 422 981 454 individui
1004 430 1117 452 eorum
1134 426 1181 451 est
1199 420 1268 451 alia
1291 429 1312 450 a
1336 429 1394 450 na—

325 479 399 504 tura
424 471 560 502 alterius
583 469 693 510 aliquo
718 468 824 498 modo.

382 516 476 547 Circa
488 515 715 555 probationem
731 513 816 543 illius
837 511 998 552 suppositi
1011 511 1038 547 ⁴⁹,
1055 509 1287 541 advertendum
1305 508 1396 549 quod

324 571 381 602 per
407 561 461 591 illa
491 560 596 595 verba,
626 567 710 599 quae
738 557 898 588 sensibilis
930 560 985 591 est,
1017 555 1087 585 vult
1113 555 1231 585 habere
1259 554 1394 585 Sanctus

325 606 479 641 Thomas,
492 604 532 635 de
544 609 653 634 mente
668 601 859 638 Aristotelis,
873 601 963 641 quod
975 600 1108 630 varietas
1121 600 1230 630 stellae
1246 598 1286 629 ad
1302 599 1394 628 cuius

323 656 451 681 motum
476 648 665 679 ordinantur
688 652 797 677 motus
825 647 966 682 orbium,
995 644 1193 685 deprehendi
1221 649 1328 684 potest
1357 652 1395 672 ex

324 704 434 731 sensu3
459 699 491 724 et
513 693 587 723 ideo
612 701 729 722 omnes
751 696 861 721 motus
885 691 1025 726 orbium,
1043 698 1119 719 cum
1143 699 1180 719 ex
1202 689 1247 718 eis
1271 686 1395 718 accidat

323 740 456 769 varietas
472 738 531 768 ista
554 738 587 767 in
603 742 697 767 motu
718 736 838 772 stellae,
859 741 914 766 aut
938 733 1223 774 deprehenduntur
1244 737 1298 762 aut
1318 741 1395 772 pos-

323 789 398 814 sunt
421 781 630 823 deprehendi.
655 780 756 819 Quod
780 786 847 811 erat
869 780 1041 810 intentum.

378 827 430 858 111.
455 827 563 857 Posita
586 826 744 866 opinione
766 824 947 855 Aristotelis
963 824 1003 854 de
1022 821 1230 853 multitudine
1246 821 1394 851 substan-

321 872 439 903 tiarum
463 876 691 912 separatarum,
714 869 860 901 secundo
890 869 966 899 loco
994 867 1034 898 ad
1064 867 1224 897 rationem
1248 866 1318 896 eius
1346 874 1394 894 re-

322 917 462 957 spondet
485 916 620 948 Sanctus
644 915 789 945 Thomas
805 915 832 950 θ,
856 912 1008 953 inquiens
1024 910 1115 952 quod
1134 920 1201 941 non
1225 911 1322 941 habet
1337 919 1394 940 ne-

323 962 513 992 cessitatem.
542 960 630 991 Turn
661 960 746 999 quia,
776 959 801 988 si
829 963 939 988 motus
966 956 1118 987 caelestes
1147 955 1338 985 ordinantur
1360 955 1394 984 in

322 1006 513 1037 substantias
536 1009 695 1045 separatas
719 1004 801 1033 sicut
827 1003 860 1032 in
884 1000 975 1037 fines,
1005 1010 1074 1031 non
1103 1005 1212 1040 potest
1240 998 1394 1030 concludi

321 1051 501 1082 necessario
517 1058 672 1079 numerus
688 1056 798 1078 earum
812 1056 850 1077 ex
862 1055 1000 1076 numero
1016 1050 1184 1076 motuum:
1202 1045 1235 1075 in
1251 1044 1290 1074 iis
1306 1044 1394 1074 enim

322 1105 405 1136 quae
429 1100 503 1125 sunt
526 1093 566 1123 ad
589 1092 699 1128 finem,
716 1092 854 1122 sumitur
875 1091 1049 1121 necessitas
1073 1099 1111 1120 ex
1134 1089 1211 1126 fine,
1231 1088 1258 1119 11
1282 1088 1393 1130 Pnys„

321 1145 396 1170 text.
422 1139 474 1175 23,
498 1148 567 1168 non
591 1143 700 1167 autem
725 1146 743 1167 e
767 1136 940 1166 contrario.
965 1135 1039 1165 Dici
1064 1135 1151 1165 enim
1175 1139 1284 1174 potest
1303 1133 1395 1174 quod

321 1189 396 1214 sunt
411 1184 490 1214 aliae
505 1182 701 1213 substantiae
718 1181 839 1211 altioris
854 1186 989 1211 naturae
1009 1189 1109 1219 quam
1133 1179 1196 1209 sint
1218 1179 1292 1209 illae
1310 1187 1394 1219 quae

320 1233 395 1259 sunt
418 1227 557 1268 proximi
580 1225 662 1257 fines
684 1231 837 1256 motuum
861 1225 1064 1255 caelestium:
1082 1224 1165 1254 sicut
1179 1225 1394 1254 instrumenta

321 1272 495 1303 artificialia
525 1277 600 1302 sunt
630 1276 763 1311 propter
791 1270 942 1300 homines
973 1270 1030 1309 qui
1056 1278 1115 1309 per
1145 1278 1182 1299 ea
1206 1273 1393 1309 operantur,

319 1317 398 1348 nihil
421 1322 531 1347 tamen
554 1316 704 1356 prohibet
730 1324 800 1345 esse
827 1314 908 1345 alios
934 1314 1086 1344 homines
1110 1314 1167 1354 qui
1190 1322 1248 1354 per
1275 1314 1393 1343 instru-

319 1367 428 1392 menta
446 1361 499 1392 illa
514 1370 583 1391 non
599 1365 775 1400 operantur
790 1358 986 1395 immediate,
1008 1358 1066 1389 sed
1079 1359 1241 1398 imperant
1256 1367 1393 1398 operan-

319 1407 414 1437 tibus.
431 1423 454 1428 —
469 1406 557 1436 Tum
575 1406 651 1446 quia
665 1410 697 1435 et
711 1405 782 1445 ipse
798 1404 988 1434 Aristoteles
1003 1404 1047 1434 ait
1069 1412 1104 1433 se
1126 1402 1282 1433 inducere
1304 1403 1394 1433 illam

319 1451 478 1481 rationem
493 1456 649 1490 tanquam
668 1449 880 1490 probabilem,
900 1458 968 1479 non
987 1454 1144 1488 tanquam
1168 1448 1392 1478 necessariam.

377 1505 407 1526 2.
431 1495 571 1526 Adverte
595 1494 696 1535 quod,
720 1494 796 1524 licet
819 1503 857 1524 ex
885 1502 1025 1524 numero
1056 1501 1171 1523 eorum
1196 1501 1280 1532 quae
1307 1492 1393 1523 ordi-

318 1547 437 1571 nantur
452 1539 491 1570 ad
507 1539 617 1576 finem,
634 1539 774 1570 maxime
797 1538 830 1568 in
851 1538 947 1568 rebus
965 1537 1275 1578 incorruptibilibus,
1291 1537 1394 1577 possit

319 1585 410 1625 argui
432 1593 587 1615 numerus
610 1583 726 1614 finium
750 1593 768 1614 a
795 1583 977 1623 posteriori,
1006 1583 1063 1613 ubi
1093 1582 1150 1613 uni
1179 1582 1328 1613 ordinato
1353 1581 1394 1612 ad

319 1629 419 1660 finem
442 1639 527 1660 unus
549 1628 624 1659 finis
649 1627 824 1668 respondet
853 1633 885 1658 et
911 1628 970 1658 uni
991 1627 1050 1658 fini
1079 1626 1255 1666 respondet
1288 1636 1393 1658 unum

320 1674 485 1705 dumtaxat
500 1673 684 1704 ordinatum
701 1672 741 1703 ad
764 1671 880 1708 finem;
905 1681 975 1702 non
989 1677 1098 1712 potest
1115 1677 1225 1702 tamen
1242 1671 1331 1712 argui
1353 1671 1394 1702 de

320 1719 510 1749 necessitate
526 1727 683 1748 numerus
708 1726 823 1748 eorum
843 1726 927 1756 quae
950 1717 1113 1757 pertinent
1129 1715 1169 1746 ad
1189 1715 1277 1747 idem
1292 1725 1395 1756 genus

322 1763 362 1794 ad
378 1763 469 1804 quod
484 1762 623 1803 pertinet
642 1761 726 1792 finis.
743 1761 835 1792 Licet
851 1761 938 1791 enim
955 1770 994 1791 ex
1009 1760 1218 1791 multitudine
1237 1770 1394 1801 generum

321 1809 612 1838 instrumentorum
629 1806 670 1837 ad
686 1806 825 1836 diversas
842 1812 924 1836 artes
936 1805 1169 1846 pertinentium
1185 1806 1288 1846 possit
1304 1806 1394 1846 argui

320 1862 475 1883 numerus
499 1861 656 1892 generum
680 1850 850 1886 artificum,
875 1850 952 1890 quia
974 1855 1024 1880 tot
1051 1856 1127 1880 sunt
1155 1849 1315 1880 artificum
1338 1860 1393 1890 ge-

321 1906 397 1927 nera
416 1902 498 1937 quot
521 1901 596 1926 sunt
610 1904 728 1935 genera
743 1896 1034 1925 instrumentorum
1050 1893 1265 1925 artificialium
1288 1894 1329 1924 ad
1345 1894 1393 1925 di—

320 1950 425 1971 versas
448 1945 530 1970 artes
553 1940 802 1980 pertinentium;
826 1948 896 1969 non
918 1944 1027 1968 tamen
1043 1944 1151 1978 potest
1166 1939 1257 1979 argui
1279 1947 1392 1969 neces-

319 1986 394 2016 sitas
416 1985 501 2016 illius
523 1984 654 2015 numeri
676 1984 710 2013 in
733 1989 846 2014 natura
869 1983 1011 2013 hominis
1027 1982 1186 2019 absolute,
1211 1989 1247 2013 ut
1270 1983 1393 2014 scilicet

318 2029 500 2060 necessario
523 2029 587 2059 sint
609 2033 658 2058 tot
680 2028 841 2064 homines,
865 2033 897 2058 et
919 2036 988 2057 non
1004 2027 1123 2067 plures,
1141 2033 1223 2068 quot
1245 2033 1322 2058 sunt
1335 2037 1391 2068 ge-

318 2083 395 2105 nera
418 2074 708 2104 instrumentorum
732 2071 772 2102 ad
795 2073 884 2113 ipsos
907 2071 1058 2102 homines
1082 2072 1139 2112 qui
1169 2073 1391 2103 instrumentis

318 2118 380 2149 illis
403 2123 540 2149 utuntur
563 2117 723 2148 ordinata:
753 2122 892 2157 possunt
921 2117 1020 2153 enirn,
1049 2122 1085 2147 ut
1115 2117 1222 2157 inquit
1253 2116 1390 2148 Sanctus

319 2163 474 2198 Thomas,
499 2171 568 2193 esse
583 2161 693 2202 plures
715 2161 769 2192 alii
784 2162 935 2192 homines
951 2161 1008 2201 qui
1030 2171 1090 2202 per
1104 2161 1158 2192 illa
1176 2163 1390 2193 instrumenta

317 2217 386 2239 non
410 2212 596 2248 operantur.
621 2205 784 2243 Similiter,
808 2207 867 2237 etsi
891 2215 930 2236 ex
956 2215 1096 2237 numero
1123 2213 1277 2238 motuum
1303 2207 1389 2238 ordi-

317 2259 469 2283 natorum
500 2251 540 2282 ad
568 2251 759 2282 substantias
788 2257 958 2291 separatas,
985 2252 1088 2291 possit
1115 2251 1270 2283 concludi
1299 2252 1390 2293 quod

317 2302 392 2328 sunt
418 2302 467 2327 tot
497 2296 693 2327 substantiae
724 2301 886 2336 separatae
915 2305 998 2336 quae
1022 2301 1098 2326 sunt
1127 2295 1209 2327 fines
1241 2297 1388 2337 ipsorum

317 2347 469 2372 motuum
493 2346 525 2371 et
547 2345 682 2371 utuntur
702 2341 779 2381 ipsis
802 2341 946 2371 motibus
961 2340 1146 2371 immediate
1170 2347 1325 2382 tanquam
1340 2342 1389 2372 in-

317 2386 520 2422 strumentis;
544 2394 612 2416 non
636 2391 745 2415 tamen
761 2390 870 2425 potest
892 2386 982 2425 argui
999 2385 1089 2426 quod
1104 2395 1173 2416 non
1194 2386 1257 2416 sint
1280 2386 1389 2427 plures

317 2431 513 2462 substantiae
529 2435 692 2470 separatae
709 2439 808 2470 quam
832 2430 904 2461 illae
921 2439 1006 2470 quae
1021 2436 1097 2461 sunt
1111 2429 1193 2461 fines
1215 2437 1386 2462 motuum:

316 2481 454 2516 possunt
477 2475 565 2506 enim
588 2480 620 2505 et
643 2474 723 2505 aliae
747 2484 826 2505 esse.

372 2519 472 2558 Quod
489 2529 565 2560 ergo
584 2520 691 2559 inquit
707 2519 844 2550 Sanctus
860 2519 1017 2556 Thomas,
1033 2520 1125 2560 quod
1140 2529 1296 2551 numerus
1311 2521 1387 2552 sub-

316 2565 504 2595 stantiarum
521 2570 738 2604 separatarum
759 2573 827 2594 non
842 2570 951 2605 potest
974 2564 1127 2595 concludi
1150 2566 1332 2596 necessario
1350 2576 1388 2597 ex

315 2618 453 2640 numero
469 2614 632 2645 motuum,
649 2609 838 2649 intelligitur
862 2608 902 2639 de
918 2618 1058 2640 numero
1077 2610 1224 2650 praeciso
1240 2611 1387 2642 substan—

315 2654 431 2685 tiarum
450 2659 677 2695 separatarum,
689 2654 733 2684 ita
749 2653 839 2694 quod
855 2663 922 2688 non
939 2654 979 2684 sit
993 2663 1054 2684 nec
1070 2655 1176 2685 maior
1189 2664 1252 2686 nec
1267 2656 1385 2686 minor.

314 2698 390 2729 Non
414 2704 523 2730 autem
547 2698 735 2738 intelligitur
757 2698 798 2729 de
820 2708 959 2729 numero
983 2699 1111 2730 illarum
1134 2699 1385 2731 substantiarum

314 2752 398 2783 quae
414 2749 489 2774 sunt
504 2742 595 2780 fines,
612 2742 887 2783 correspondente
903 2743 1050 2774 absolute
1066 2753 1205 2775 numero
1221 2750 1384 2776 motuum.

314 2787 471 2826 Quamvis
489 2788 576 2819 enim
596 2789 770 2819 necessitas
785 2787 859 2819 finis
873 2797 943 2819 non
962 2789 1002 2819 sit
1017 2789 1176 2820 sumenda
1191 2799 1230 2820 ex
1246 2790 1284 2821 iis
1301 2799 1385 2831 quae

314 2838 389 2863 sunt
401 2832 441 2863 ad
457 2831 566 2869 finem,
579 2833 656 2873 quia
671 2833 844 2863 necessitas
860 2833 976 2873 prioris
991 2843 1059 2864 non
1075 2834 1213 2865 sumitur
1225 2844 1263 2865 ex
1275 2841 1384 2876 poste—

314 2877 399 2914 riori,
413 2876 469 2908 sed
484 2878 586 2917 magis
598 2886 636 2908 ex
649 2876 714 2908 fine
730 2883 875 2908 sumatur
889 2878 1063 2909 necessitas
1079 2888 1194 2910 eorum
1210 2889 1294 2920 quae
1310 2886 1386 2911 sunt

314 2921 353 2952 ad
365 2921 481 2958 finem3
494 2927 603 2952 tamen
615 2931 790 2952 numerum
802 2921 918 2952 finium
931 2923 1157 2962 proximorum
1170 2930 1302 2964 oportet
1314 2934 1385 2956 cor-

313 2966 509 3006 respondere
524 2975 663 2997 numero
679 2975 795 2997 eorum
811 2976 895 3007 quae
919 2972 994 2998 sunt
1010 2967 1050 2998 ad
1072 2967 1184 3005 finem,
1207 2970 1263 3000 ubi
1280 2979 1384 3001 unum

314 3010 498 3042 ordinatum
520 3011 561 3042 ad
583 3010 685 3042 finem
707 3011 842 3052 requirit
862 3021 967 3042 unum
983 3021 1040 3052 per
1063 3022 1097 3043 se
1119 3012 1220 3044 finem
1244 3019 1275 3045 et
1299 3024 1384 3046 unus

314 3054 385 3086 finis
409 3065 512 3086 unum
535 3061 662 3086 tantum
677 3056 774 3087 habet
788 3055 829 3087 ad
851 3057 960 3097 ipsum
976 3056 1172 3095 ordinatum,
1195 3064 1232 3089 ut
1254 3059 1320 3090 iam
1336 3059 1383 3091 di-

313 3100 435 3137 ximus3
460 3106 491 3131 et
515 3109 552 3130 ex
576 3110 715 3131 numero
738 3101 852 3132 talium
876 3100 1100 3132 ordinatorum
1125 3102 1165 3133 ad
1187 3102 1287 3134 finem
1311 3110 1384 3145 pot-

314 3150 360 3174 est
391 3154 409 3174 a
438 3145 610 3185 posteriori
638 3144 790 3176 concludi
820 3155 976 3177 numerus
1002 3144 1119 3177 finium
1147 3148 1382 3188 proximorum.

368 3188 462 3220 Unde
478 3189 531 3219 illa
547 3190 739 3230 propositio,
756 3189 871 3221 Omnis
884 3190 1066 3222 substantia
1077 3197 1231 3232 separata
1247 3198 1295 3224 est
1298 3194 1384 3235 finis

307 3233 483 3272 proximus
505 3234 646 3264 alicuius
669 3239 776 3265 motus
798 3235 954 3272 caelestis,
976 3245 1045 3266 non
1069 3241 1117 3266 est
1139 3238 1331 3269 necessaria:
1349 3244 1384 3270 ut

314 3277 419 3317 inquit
442 3277 578 3309 Sanctus
601 3278 747 3309 Thomas
769 3279 828 3310 ΧΠ
851 3280 1098 3321 Metaplgrsicae
1109 3281 1136 3311 ⁹.

369 3321 421 3352 lv.
435 3322 602 3360 Quantum
610 3322 651 3354 ad
658 3323 837 3355 secundum
848 3325 1027 3366 principale
1036 3325 1064 3361 *,
1072 3325 1228 3366 probatur
1235 3327 1383 3359 substan-

311 3365 377 3396 -tias
392 3372 562 3407 separatas
577 3368 679 3398 multo
690 3368 805 3409 plures
821 3378 889 3400 esse
904 3379 1001 3410 quam
1017 3369 1083 3400 sint
1097 3375 1204 3401 motus
1220 3371 1381 3403 caelestes.

369 3410 412 3440 Et
435 3411 591 3452 arguitur
607 3412 719 3452 primo
742 3413 798 3443 sic.
824 3413 859 3444 In
876 3414 1060 3445 substantiis
1083 3415 1237 3455 separatis
1253 3422 1383 3457 oportet

315 3454 459 3494 accipere
481 3456 616 3496 gradum
640 3457 820 3488 secundum
844 3467 955 3489 earum
972 3458 1187 3490 elevationem
1210 3469 1307 3501 supra
1327 3471 1383 3492 na-

314 3502 418 3528 turam
447 3509 652 3540 corpoream:
684 3510 759 3532 cum
791 3511 860 3533 esse
889 3503 1043 3544 ipsarum,
1071 3503 1252 3535 secundum
1281 3515 1383 3546 genus

316 3550 421 3579 suum,
445 3545 646 3576 transcendat
669 3555 802 3577 omnem
825 3553 973 3579 naturam
997 3557 1200 3588 corpoream.
1222 3549 1286 3580 Sed
1309 3557 1384 3582 sunt

316 3586 441 3625 aliquae
457 3589 650 3620 substantiae
666 3590 898 3622 intellectuales
914 3592 1103 3624 huiusmodi
1118 3602 1203 3634 quae
1226 3595 1383 3626 uniuntur

317 3631 506 3670 corporibus
527 3638 564 3663 ut
587 3632 720 3665 formae.
743 3635 784 3666 Et
808 3636 884 3676 quia
900 3645 968 3668 esse
984 3638 1234 3669 substantiarum
1257 3639 1383 3671 intelle—

317 3674 482 3712 ctualium,
506 3677 686 3709 secundum
709 3688 811 3719 genus
835 3689 956 3719 earum,
975 3682 1099 3713 nullam
1123 3692 1142 3714 a
1165 3691 1304 3724 corpore
1328 3684 1383 3716 de-

810 301 998 338 SUMMA
1028 298 1251 336 CONTRA
1279 295 1555 340 GENTILES,
1583 294 1679 331 LIB.
1705 294 1747 339 11,
1777 293 1889 330 CAP.
1915 292 2029 330 XCII.

1447 373 1658 415 pendentiam
1674 373 1781 408 habet,
1800 372 1964 402 invenitur
1980 371 2073 402 altior
2088 372 2206 412 gradus
2221 382 2348 404 earum:
2366 383 2450 415 quae
2466 375 2527 405 sci-

1448 419 1524 449 licet
1546 427 1615 448 non
1639 417 1797 448 uniuntur
1824 416 2016 456 corporibus
2046 421 2083 446 ut
2106 415 2241 453 formae,
2266 417 2323 448 sed
2345 424 2382 450 ut
2403 420 2527 460 proprii

1448 469 1592 493 motores
1616 467 1754 492 tantum.
1768 459 1872 501 'Ergo
1903 459 2058 497 similiter,
2089 470 2166 491 cum
2195 462 2373 493 substantia
2401 463 2526 494 intelle-

1449 507 1562 538 ctualis
1585 516 1655 537 non
1678 505 1861 546 dependeat
1884 515 1902 535 a
1924 504 2102 542 movendo,
2127 515 2204 536 cum
2227 515 2360 537 movere
2384 507 2425 538 sit
2447 517 2526 538 con-

1448 561 1589 592 sequens
1617 550 1656 582 ad
1680 550 1895 591 principalem
1918 559 2034 581 eorum
2058 551 2296 591 operationem,
2325 551 2384 582 erit
2411 551 2527 593 aliquis

1447 596 1565 637 gradus
1589 595 1683 626 altior
1705 604 1834 626 earum:
1863 604 1948 635 quae
1971 595 2095 626 scilicet
2116 604 2186 626 non
2209 601 2285 626 sunt
2307 596 2432 636 proprii
2453 606 2527 628 mo-

1447 647 1534 671 tores
1557 640 1744 680 aliquorum
1767 648 1956 680 corporum.

1506 695 1536 716 2.
1554 684 1650 716 Circa
1672 685 1832 715 rationem
1849 693 1913 724 qua
1928 684 2085 725 probatur
2101 685 2294 716 substantias
2310 685 2529 726 intelligibiles

1447 739 1516 760 non
1540 728 1725 770 dependere
1749 739 1767 759 a
1790 728 1968 765 movendo,
1986 729 2063 769 quia
2086 728 2238 760 videlicet
2261 739 2391 761 movere
2414 739 2527 761 conse-

1447 775 1560 815 quitur
1583 774 1628 805 ad
1650 774 1721 804 eius
1738 773 1958 814 principalem
1975 774 2211 814 operationem,
2231 784 2316 816 quae
2339 780 2388 806 est
2406 775 2526 806 intelli-

1447 827 1546 861 gere:
1578 818 1854 850 considerandum
1889 824 1937 849 est
1968 818 2070 859 quod,
2094 828 2171 849 cum
2199 820 2454 861 unumquodque
2485 821 2528 852 sit

1442 869 1583 905 propter
1604 873 1699 895 suam
1723 863 1949 904 operationem
1967 868 2124 904 tanquam
2138 869 2279 905 propter
2289 865 2408 906 finem,
2425 871 2463 896 ut
2477 865 2526 896 di-

1448 910 1532 940 citur
1556 909 1583 939 Π
1610 908 1744 945 Caeli*;
1770 913 1802 939 et
1825 907 2091 949 unumquodque
2114 918 2134 939 a
2156 917 2218 939 suo
2241 908 2309 940 fine
2332 909 2525 950 dependeat,

1448 955 1525 995 quia
1539 953 1662 984 scilicet
1677 962 1746 984 non
1766 953 1863 983 habet
1878 961 1947 984 esse
1963 953 2025 983 nisi
2040 953 2075 983 in
2091 952 2206 984 ordine
2221 953 2263 984 ad
2285 952 2402 985 finem:
2426 964 2526 996 opor-

1447 1004 1493 1030 tet
1509 1004 1546 1029 ut
1560 997 1826 1039 unumquodque
1842 1007 1860 1028 a
1875 995 1935 1028 sua
1957 998 2149 1038 operatione
2172 997 2355 1039 dependeat
2369 1003 2527 1040 tanquam

1447 1053 1466 1074 a
1488 1043 1565 1074 fine.
1582 1042 1830 1074 Attendendum
1849 1047 1959 1072 tamen
1983 1042 2075 1082 quod
2097 1052 2167 1074 non
2191 1052 2422 1084 quaecumque
2445 1053 2526 1085 ope·

1446 1089 1529 1120 ratio
1545 1089 1591 1119 rei
1615 1088 1816 1119 conveniens
1831 1092 1881 1118 est
1895 1088 1966 1118 eius
1981 1085 2070 1118 finis:
2087 1087 2145 1118 sed
2159 1087 2214 1118 illa
2229 1093 2358 1119 tantum
2373 1097 2459 1129 quae
2478 1091 2527 1120 est

1447 1133 1494 1164 illi
1509 1133 1642 1174 propria
1667 1138 1700 1163 et
1722 1131 1920 1173 principalis,
1936 1137 2093 1173 tanquam
2115 1138 2266 1164 naturam
2288 1133 2397 1174 primo
2421 1139 2454 1165 et
2467 1143 2527 1176 per

1447 1187 1482 1208 se
1494 1178 1731 1209 concomitans.
1745 1177 1803 1208 Illa
1817 1181 1929 1208 autem
1944 1186 2029 1217 quae
2044 1178 2192 1218 sequitur
2206 1178 2346 1218 primam
2362 1180 2527 1219 operatio·

1447 1232 1525 1254 nem
1547 1228 1681 1253 naturae
1704 1221 1887 1253 secundum
1903 1220 1995 1262 quod
2017 1222 2058 1253 in'
2067 1222 2180 1264 aliquo
2196 1221 2413 1254 determinato
2434 1224 2526 1255 inve-

1447 1269 1545 1304 nitur,
1569 1277 1638 1298 non
1655 1272 1703 1298 est
1718 1266 1792 1298 finis
1814 1266 1918 1307 ipsius
1932 1271 2082 1298 naturae:
2107 1273 2140 1298 et
2161 1266 2238 1298 ideo
2253 1277 2323 1300 non
2339 1273 2477 1309 oportet·
2489 1273 2527 1300 ut

1447 1313 1487 1343 ab
1510 1313 1581 1353 ipsa
1603 1311 1786 1353 dependeat
1809 1317 1934 1348 natura,
1958 1313 2050 1352 quasi
2073 1321 2143 1343 non
2171 1313 2275 1353 possit
2302 1322 2372 1344 esse
2400 1313 2462 1344 nisi
2485 1313 2526 1345 ad

1446 1357 1536 1388 illam
1560 1357 1786 1397 operationem
1802 1357 1843 1387 sit
1865 1356 2024 1387 ordinata.
2040 1357 2128 1395 Quia
2143 1366 2222 1398 ergo
2238 1358 2372 1398 propria
2390 1364 2423 1390 et
2437 1358 2526 1399 prin-

1447 1402 1560 1443 cipalis
1582 1402 1731 1442 operatio
1754 1406 1889 1432 naturae
1911 1401 2138 1433 intellectualis
2165 1407 2214 1433 est
2241 1402 2432 1444 intelligere,
2455 1412 2526 1436 non

1446 1453 1556 1478 autem
1579 1456 1724 1485 movere,
1747 1445 1806 1477 sed
1827 1455 1963 1477 movere
1987 1447 2200 1488 consequitur
2222 1446 2264 1478 ad
2285 1447 2466 1490 intelligere
2486 1449 2526 1481 il·

1446 1493 1551 1523 larum
1573 1491 1825 1523 substantiarum
1841 1500 1925 1532 quae
1944 1496 2020 1522 sunt
2038 1492 2164 1533 proprii
2177 1497 2323 1523 motores
2337 1493 2526 1534 aliquorum

1448 1546 1636 1578 corporum,
1660 1537 1857 1578 inquantum
1881 1542 2017 1567 movent
2040 1546 2099 1577 per
2117 1537 2338 1568 intellectum:
2369 1538 2444 1570 ideo
2467 1547 2525 1571 m·

1447 1588 1519 1613 tura
1541 1581 1768 1612 intellectualis
1790 1590 1860 1612 non
1892 1580 2055 1621 dependet
2084 1591 2102 1612 a
2131 1582 2310 1619 movendo,
2334 1583 2429 1624 quasi
2452 1592 2525 1615 esse

1447 1636 1516 1658 non
1539 1627 1643 1667 possit
1665 1626 1728 1657 nisi
1750 1625 1791 1656 ad
1813 1632 1944 1656 motum
1967 1626 2104 1657 alicuius
2128 1627 2275 1667 corporis
2298 1628 2340 1658 sit
2365 1628 2524 1660 ordinata.

1447 1671 1511 1703 Sed
1526 1672 1610 1702 bene
1626 1671 1666 1702 ab
1681 1670 1894 1710 intelligendo
1909 1670 2089 1711 dependet:
2114 1672 2192 1712 quia
2213 1672 2304 1703 nulla
2326 1679 2436 1713 potest
2452 1683 2525 1706 esse

1447 1726 1532 1757 quae
1554 1725 1624 1747 non
1648 1715 1817 1746 ordinetur
1838 1714 1879 1746 ad
1901 1715 2160 1755 intelligendum.
2176 1716 2353 1757 Propterea
2375 1718 2461 1750 bene
2473 1719 2524 1750 in-

1447 1761 1508 1792 fert
1523 1760 1661 1792 Sanctus
1674 1760 1819 1790 Thomas
1835 1765 1984 1791 naturam
2000 1761 2197 1792 substantiae
2211 1761 2440 1794 intellectualis
2453 1772 2523 1794 non

1446 1805 1630 1846 dependere
1655 1814 1673 1835 a
1695 1804 1873 1841 movendo,
1903 1805 1995 1846 quia·
2008 1815 2143 1836 movere
2171 1811 2219 1836 est
2246 1815 2454 1848 consequens
2482 1807 2524 1839 ad

1446 1850 1636 1890 intelligere,
1661 1858 1745 1889 quae
1770 1854 1818 1880 est
1841 1850 1912 1880 eius
1934 1850 2122 1890 principalis
2146 1851 2305 1891 operatio.

1501 1895 1540 1925 V.
1557 1894 1708 1924 Secundo
1720 1895 1748 1924 ⁸.
1769 1893 1910 1934 Oportet
1923 1894 2042 1934 gradus
2057 1895 2308 1926 substantiarum
2321 1896 2523 1928 intellectua-

1443 1939 1526 1969 lium
1548 1937 1732 1971 secundum
1754 1937 1892 1978 gradum
1907 1939 2135 1970 intellectualis
2151 1940 2351 1980 operationis
2367 1942 2457 1981 quae*
2472 1947 2525 1974 est

1444 1984 1490 2014 eis
1513 1984 1654 2024 propria,
1671 1983 1830 2023 accipere.
1847 1982 1912 2014 Sed
1930 1992 2029 2024 supra
2047 1984 2283 2025 conceptiones
2306 1985 2524 2026 intelligibiles

1442 2028 1653 2069 propriorum
1669 2033 1837 2058 motorum
1855 2027 1996 2065 orbium,
2010 2034 2061 2068 ‚est
2083 2029 2232 2070 accipere
2254 2029 2381 2071 aliquas
2393 2031 2524 2069 univer-

1442 2072 1574 2103 saliores
1596 2072 1842 2113 conceptiones.
1859 2072 1947 2114 Ergo
1963 2079 2040 2104 sunt
2063 2073 2192 2114 aliquae
2207 2074 2405 2107 substantiae
2427 2075 2524 2108 intel-

1441 2117 1596 2149 lectuales
1619 2126 1718 2158 supra
1740 2117 1810 2148 illas
1833 2126 1918 2158 quae
1933 2123 2010 2149 sunt
2025 2119 2149 2159 proprii
2165 2124 2198 2150 et
2212 2120 2354 2160 proximi
2375 2125 2522 2152 motos-es

1443 2162 1735 2194 determinatorum
1758 2162 1900 2194 orbium.

1498 2207 1658 2238 Probatur
1674 2208 1792 2238 minor.
1808 2206 1906 2245 Quia,
1923 2217 2000 2239 curn
2016 2216 2114 2248 agens
2129 2217 2189 2248 per
2201 2209 2407 2240 intellectum
2421 2219 2522 2251 opor·

1442 2258 1508 2283 teat
1530 2252 1774 2294 proportionari
1789 2252 1925 2293 patienti
1939 2258 1972 2283 et
1988 2252 2074 2284 facto
2090 2261 2149 2294 per
2171 2252 2312 2285 formam
2326 2254 2521 2292 intellectus,

1442 2303 1479 2328 ut
1502 2297 1624 2328 scilicet
1647 2295 1837 2328 huiusmodi
1853 2298 1894 2328 sit
1916 2295 2023 2328 forma
2038 2297 2235 2329 intellectiva
2251 2308 2337 2340 quae
2351 2299 2456 2340 possit
2469 2300 2521 2332 in*

1443 2341 1519 2373 duci
1542 2351 1602 2383 per
1623 2342 1788 2373 actionem
1803 2342 1928 2383 agentis
1949 2342 1984 2373 in
1999 2342 2178 2380 maternam,
2194 2343 2279 2374 sicut
2293 2349 2327 2375 et
2349 2347 2522 2386 agens‘per

1442 2392 1590 2418 naturam
1615 2392 1663 2418 est
1685 2387 1973 2428 proportionatum
1989 2387 2125 2428 patienti
2138 2388 2266 2420 ratione
2281 2397 2360 2420 suae
2379 2388 2519 2421 forme:

1441 2441 1574 2463 necesse
1591 2437 1649 2468 est,
1672 2431 1828 2463 sectando
1845 2432 2038 2472 opinionem
2053 2432 2236 2464 Aristotelia
2253 2433 2301 2474 (in
2316 2433 2383 2465 hoc
2396 2434 2521 2466 scilieet

1442 2476 1534 2518 quod
1557 2477 1736 2508 substantia
1758 2476 1985 2508 intellectualis
2008 2477 2050 2508 sit
2076 2478 2122 2508 ita
2150 2477 2192 2508 ad
2222 2477 2368 2519 aliquem
2388 2484 2519 2511 monim

1441 2521 1654 2553 determinata
1677 2527 1714 2552 ut
1735 2522 1888 2563 proprius
1909 2528 2022 2553 motor
2045 2522 2138 2563 quod
2167 2522 2257 2554 aliud
2290 2532 2425 2555 movere
2440 2533 2520 2562 ’μου

1440 2567 1557 2608 possit)
1581 2571 1727 2597 motores
1750 2567 1900 2608 proprios
1916 2567 2058 2604 orbium,
2075 2567 2133 2608 qui
2155 2576 2215 2608 per
2228 2567 2433 2600 intellectum
2446 2570 2520 2600 mn*

1440 2617 1526 2648 vent,
1550 2611 1668 2642 habere
1692 2611 1771 2642 tales
1794 2611 2021 2652 intelligentias
2044 2621 2130 2653 quae
2152 2612 2217 2643 sint
2240 2612 2447 2654 explicabilea
2461 2621 2520 2656 pu·

1439 2661 1570 2687 motum
1586 2656 1726 2692 orbium,
1739 2661 1772 2687 et
1786 2656 2006 2697 producibiles
2019 2657 2055 2687 in
2067 2657 2164 2688 rebus
2172 2657 2519 2700 materialibussupm

1439 2707 1550 2732 autem
1573 2700 1764 2732 huiusmodi
1786 2702 2021 2742 conceptiones
2050 2707 2099 2732 est
2120 2702 2268 2743 accipere
2298 2702 2519 2744 aliquarum·

1439 2746 1644 2777 versaliores:
1669 2755 1746 2778 cum
1768 2744 1952 2777 intellectus
1974 2746 2189 2778 universalius
2207 2747 2430 2788 apprehendat
2451 2747 2519 2780 Cor*-

1438 2801 1508 2823 mas
1531 2800 1640 2822 rerum
1664 2800 1764 2832 quam
1787 2791 1828 2822 sit
1851 2800 1922 2822 esse
1938 2801 2050 2822 earum
2072 2791 2107 2822 in
2123 2792 2231 2828 rebus,
2247 2797 2284 2823 ut
2306 2797 2396 2833 patet
2418 2793 2517 2825 imin-

1438 2835 1572 2867 tellectu
1595 2835 1797 2877 speculativo
1821 2841 1854 2867 et
1877 2841 1943 2867 arte
1966 2836 2158 2877 imperante.
2182 2836 2270 2877 Ergo
2294 2843 2355 2868 etc.

1494 2881 1549 2911 Vl.
1565 2880 1630 2912 Sed
1653 2881 1738 2912 circa
1759 2881 1843 2912 hanc
1867 2881 2027 2912 rationem
2050 2881 2192 2912 occurrit
2206 2881 2355 2913 dubium.
2378 2881 2429 2913 Ex
2443 2882 2517 2914 uni-

1439 2926 1603 2956 versaliori
1627 2925 1715 2957 enim
1731 2925 1993 2966 apprehensione
2008 2934 2076 2957 non
2093 2925 2221 2957 videtur
2239 2926 2330 2967 argui
2345 2935 2444 2968 posse
2458 2934 2515 2958 su-

1438 2970 1548 3011 perior
1574 2970 1691 3011 gradus
1721 2976 1855 3002 naturae
1882 2970 2110 3002 intellectualis
2137 2970 2264 3002 realiter
2290 2977 2456 3012 separatu
2482 2977 2517 3003 α

1439 3016 1608 3046 distinctus
1631 3025 1650 3046 a
1672 3015 1774 3056 gradu
1796 3021 1931 3047 naturae
1957 3015 2183 3047 intellectualis
2207 3016 2517 3058 particularius-ap-

1438 3059 1679 3101 prehendentis.
1703 3059 1801 3099 Quia,
1825 3066 1862 3091 ut
1884 3060 1938 3092 hic
1961 3060 2089 3098 dicitur,
2112 3059 2219 3092 foma
2235 3060 2420 3093 intellectus
2440 3069 2515 3103 ape-

1438 3104 1571 3136 culativi
1586 3111 1634 3136 est
1649 3104 1862 3137 universalior
1873 3104 1979 3136 forma
1993 3104 2177 3137 intellectus
2191 3105 2341 3147 practici:
2358 3111 2391 3137 et
2405 3111 2515 3138 tamen

1437 3149 1525 3181 idem
1538 3155 1586 3181 est
1601 3149 1784 3181 intellectus
1795 3150 1957 3191 practicus
1968 3155 2002 3181 et
2015 3149 2236 3191 speculativus
2250 3150 2284 3181 in
2296 3149 2516 3182 nobie-uad·

1438 3194 1479 3226 ad
1502 3195 1663 3226 rationem
1686 3194 1750 3226 dici
1773 3195 1896 3235 poterit
1909 3194 2002 3236 quod
2017 3195 2170 3236 proprius
2185 3200 2306 3232 motor,
2322 3195 2381 3236 qui
2394 3193 2514 3226 fimat

1438 3239 1673 3280 conceptiones
1695 3249 1805 3271 rerum
1828 3239 2071 3280 particularium
2094 3239 2350 3280 producibilium
2363 3241 2423 3280 ρετ
2439 3247 2515 3270 mo·

1437 3290 1520 3322 tum,
1544 3284 1664 3316 format
1694 3285 1793 3316 etiam
1820 3284 2068 3316 universaliores
2098 3284 2348 3325 conceptiones:
2374 3283 2459 3314 sicut
2480 3289 2514 3315 et

1437 3328 1550 3360 artifex
1566 3328 1686 3360 format
1701 3335 1733 3360 et
1749 3329 1985 3371 conceptiones
2000 3329 2208 3370 particulares
2221 3333 2261 3359 etr
2277 3328 2515 3369 conceptiones

1438 3373 1644 3405 universales.
1662 3373 1704 3405 Et
1726 3374 1772 3405 sic
1788 3383 1857 3405 non
1873 3379 2005 3415 oportet
2019 3382 2117 3415 supra
2130 3372 2284 3414 proprios
2298 3378 2445 3404 motor-es
2460 3383 2514 3405 on·

1437 3419 1529 3450 bium
1553 3427 1622 3450 esse
1646 3418 1776 3449 altiores
1798 3423 1930 3450 naturas
1951 3416 2194 3450 intellectuales.

1494 3463 1562 3494 Vll.
1575 3463 1628 3494 Ad
1639 3463 1737 3494 huius
1754 3462 1845 3494 dubii
1861 3462 2123 3504 explicationem,
2140 3460 2207 3492 duo
2224 3467 2299 3492 sunt
2318 3462 2513 3494 advertenda

1437 3517 1522 3548 quae
1544 3508 1578 3539 in
1601 3507 1818 3539 fundamento
1841 3508 1939 3539 huius
1961 3506 2094 3538 rationis
2115 3511 2302 3547 tanguntur.
2320 3505 2408 3538 Cum
2424 3507 2513 3539 enim

1438 3551 1554 3583 dicitur
1570 3552 1661 3593 quod
1677 3552 1931 3584 substantiarum
1944 3549 2216 3582 intellectualium
2231 3550 2350 3591 gradus
2365 3551 2513 3593 accipere

1437 3602 1567 3637 oportet
1590 3597 1774 3629 secundum
1795 3595 1932 3638 gradum
1954 3595 2181 3626 intellectualis
2205 3596 2404 3636 operationis
2427 3605 2512 3637 quae

1437 3647 1485 3672 est
1500 3642 1546 3672 eis
1562 3642 1704 3682 propria,
1720 3641 1788 3673 duo
1806 3645 1996 3681 tanguntur:
2016 3640 2139 3671 scilicet
2154 3640 2271 3681 gradus
2286 3640 2515 3672 intellectualis

1437 3686 1650 3727 operationis;
1663 3691 1697 3717 et
1706 3685 1887 3727 proprietas
1897 3684 1984 3716 illius
1994 3683 2113 3725 gradus
2123 3691 2274 3727 respectu
2285 3685 2515 3717 intellectualis

2554 908 2636 957 i‘ssi':
2659 950 2666 958 .

2551 1900 2560 1910 ’
2575 1898 2612 1921 Cf.
2627 1904 2693 1921 num.
2713 1905 2768 1921 vm,
