2664 4120
203 242 227 266 X

255 312 306 337 Sed
325 312 419 336 iterum
438 309 514 334 novis
536 307 685 340 sumptibus
705 306 784 331 simul
808 309 834 330 et
857 303 999 329 sudoribus
1023 304 1230 334 recognoscente
1249 306 1279 323 ac

200 356 343 382 innumeris
363 360 388 380 et
406 353 566 387 gravissimis
586 350 689 376 mendis
708 354 869 383 expui-gente
887 348 906 373 1.
929 348 959 373 Ρ.
978 347 1072 380 Migne,
1097 344 1280 371 Bibliothecae

206 401 277 427 Cleri
299 400 443 425 Universae
460 398 515 422 sive
534 403 659 421 cursuum
674 395 867 427 completorum
880 394 906 418 in
919 392 1041 425 singulos
1054 390 1178 416 scientiae
1196 388 1279 413 eccle-

205 445 323 471 siasticae
342 450 437 472 ramos,
458 441 565 466 editore.

257 490 293 514 lta
311 493 347 517 ut,
361 491 422 519 post
441 485 507 511 hane
519 485 673 518 perlongam
688 488 715 508 et
733 482 904 510 carissimam,
918 480 965 506 sed
978 479 1087 505 omnino
1101 476 1278 503 necessariam

204 531 425 566 expurgationem,
438 537 562 562 praesens
582 528 661 554 editio
675 527 803 553 excelsius
822 533 904 559 quam
922 525 995 558 gigas
1010 523 1145 556 pigmaeos
1166 524 1280 553 superat,

204 577 259 603 aliis
278 575 402 601 omnibus
421 573 578 600 editionibus
602 577 730 606 praestet;
756 576 782 596 et
805 570 862 600 hoc,
887 570 943 594 sive
966 567 1133 593 materiarum
1153 564 1280 594 ubertate,

203 622 258 646 sive
282 620 442 654 perfectione
465 618 632 644 correctionis
656 623 714 642 tum
738 614 950 649 typographicae,
976 618 1032 638 tum
1058 610 1204 642 litterariae,
1223 614 1281 634 tum

206 667 282 692 etiam
302 665 474 697 theologicae.

258 710 360 735 'somus
380 710 480 734 unicus.
498 722 518 727 —
537 707 614 732 Venit
632 706 650 731 8
669 706 762 731 ftancis
782 704 898 730 Gallicis.
920 717 940 723 -
961 701 1144 727 Excudebatur
1167 704 1194 725 et
1211 699 1283 724 venit

205 755 275 788 apud
295 755 314 780 l.
333 754 362 779 P.
381 754 468 786 Migne
485 753 628 783 Editorem,
648 751 673 776 in
686 750 729 775 via
743 750 811 775 dicta
827 747 987 777 d'Ambm'se,
1003 745 1067 770 olim
1080 752 1164 778 prope
1178 748 1282 777 portam

206 800 323 826 Lutetiae
342 798 501 824 Parisiorum
519 797 599 829 vulgo
617 795 733 829 d'Enser
752 794 923 822 nominatam,
947 799 994 816 seu
1017 788 1282 823 Petit-Montrouge,

206 853 274 871 nunc
293 852 356 869 vero
375 844 441 868 intra
460 841 562 867 moenia
583 840 707 865 Parisina.
730 837 808 864 1863.

265 929 448 969 Exemplari
468 926 559 968 quod
582 927 706 957 Romae
723 925 756 955 in
773 923 976 954 Bibliotheca
1000 919 1213 951 Casanatensi
1228 919 1285 950 ha-

208 976 302 1006 betur
325 974 422 1004 huius
445 971 667 1012 impressionis
691 969 767 1000 anni
794 967 888 1003 1863,
906 966 1098 997 adiunctum
1121 964 1286 995 invenitur

208 1019 459 1059 chirographum
482 1017 584 1057 ipsius
608 1014 754 1050 Uccellii,
786 1011 878 1053 quod
900 1011 999 1042 inseri
1026 1010 1151 1041 curavit
1173 1009 1208 1040 in
1231 1008 1285 1039 illa

207 1065 313 1104 copia,
327 1072 394 1103 pro
413 1061 581 1096 memoria,
599 1060 632 1090 in
657 1068 725 1099 quo
742 1058 836 1098 plura
851 1057 935 1087 circa
958 1056 1064 1095 ipsam
1087 1053 1195 1085 refert.
1216 1052 1286 1094 Op-

207 1114 385 1149 portunum
410 1106 591 1137 iudicamus
614 1105 723 1144 ipsum
747 1101 944 1142 integraliter
966 1099 1095 1131 referre.

234 1221 235 1224 ,
262 1202 318 1227 Ριιο
336 1208 464 1226 annonis.
484 1199 520 1224 La
539 1203 661 1230 presente
675 1196 794 1222 edizione
813 1195 848 1221 lu
866 1195 941 1221 molti
959 1194 1041 1220 difetti
1060 1201 1076 1219 e
1095 1200 1248 1219 mancanze.
1267 1192 1287 1217 ll

209 1247 292 1279 primo
311 1245 401 1270 difetto
420 1244 440 1269 si
461 1244 474 1267 e
493 1242 541 1268 che
564 1242 589 1268 la
607 1240 756 1274 prefatione
779 1247 832 1265 non
857 1239 872 1264 ὲ
892 1239 1039 1272 complet&
1063 1245 1125 1264 essa
1148 1243 1242 1263 manca
1261 1236 1287 1262 di

207 1294 275 1314 tutta
293 1289 380 1322 quella
399 1292 471 1320 parte
490 1286 538 1311 che
557 1286 641 1310 dovea
659 1285 770 1310 rendere
792 1284 899 1318 ragione
923 1284 965 1309 dei
989 1283 1066 1309 codd.
1089 1282 1222 1316 impiegati
1239 1288 1289 1315 per

208 1340 319 1359 estrarre
347 1333 371 1357 le
394 1331 510 1360 varianti.
534 1331 603 1356 della
626 1331 684 1355 loro
706 1329 837 1360 antichita.
859 1328 1016 1359 autenticiti,
1039 1328 1210 1362 importante.
1233 1334 1289 1353 ecc.

207 1379 358 1411 Sopratutto
377 1383 504 1401 mancano
523 1375 548 1400 le
566 1375 661 1400 notizie
680 1374 721 1399 del
742 1374 832 1399 codice
846 1373 872 1399 di
891 1372 1049 1399 Gomon-edo
1061 1373 1096 1398 de
1113 1371 1250 1402 Fontibus.
1269 1371 1288 1397 il

209 1424 286 1456 quale
305 1422 332 1447 fii
352 1422 454 1447 scolaro
467 1420 492 1445 di
512 1421 540 1446 S.
551 1419 677 1451 Tomaso,
691 1419 846 1444 cancelliere
863 1417 1079 1444 dell’Universisa
1097 1418 1124 1443 di
1142 1416 1237 1450 Psi-igi.
1255 1417 1288 1442 ed

208 1467 369 1493 arcidiacono
387 1466 412 1490 di
427 1465 522 1490 Nostra
540 1465 650 1497 Signora
671 1464 740 1489 della
760 1463 908 1489 medesima
932 1462 999 1489 ἀκτὴ.
1023 1462 1056 1488 Di
1080 1467 1180 1496 questo
1197 1469 1290 1496 perso·

210 1511 303 1545 naggio
322 1519 337 1535 e
355 1510 381 1534 di
399 1514 495 1542 questo
513 1516 563 1533 suo
581 1507 679 1533 Codice
702 1515 737 1533 ne
754 1507 898 1541 regionam
915 1507 924 1533 i
943 1507 996 1533 ΡΙ).
1014 1506 1108 1538 Queat
1122 1506 1156 1532 ed
1177 1506 1290 1539 Echard,

209 1563 261 1580 non
281 1554 329 1580 che
347 1554 382 1587 gli
401 1553 516 1579 Scrittori
536 1553 605 1578 della
623 1552 703 1578 storia
722 1552 852 1578 letter-ria
871 1552 897 1578 di
920 1551 1042 1583 Francia
1062 1551 1126 1584 pero
1144 1558 1196 1576 eon
1213 1550 1291 1584 qual-

210 1600 258 1626 che
282 1601 446 1625 inesattezza.
461 1598 504 1623 Gli
523 1598 605 1630 scogli
629 1605 697 1623 sono
716 1597 922 1630 singolarmente
940 1596 1091 1630 importanti
1110 1594 1208 1629 perche
1227 1596 1254 1621 io
1273 1596 1290 1622 li

210 1645 289 1670 stimo
307 1644 323 1669 il
337 1643 422 1676 primo
435 1647 587 1668 commento
602 1642 665 1667 fatto
679 1649 694 1667 a
707 1642 734 1667 S.
748 1641 876 1671 Tomaso.
891 1642 926 1668 da
938 1649 976 1668 un
989 1648 1040 1668 sno
1056 1646 1291 1675 contemporaneo,

209 1691 242 1716 ed
261 1691 287 1715 in
306 1689 357 1714 essi
377 1689 399 1713 si
417 1688 548 1713 tracciano
566 1687 591 1712 le
610 1687 766 1720 divergenze
785 1686 855 1712 delle
870 1686 961 1712 scuole
975 1686 1002 1712 di
1014 1685 1100 1719 Parigi
1112 1686 1154 1712 dni
1172 1685 1292 1720 principii

210 1736 251 1761 del
270 1735 297 1760 S.
316 1734 434 1759 Dottore.
447 1746 485 1753 ——
498 1732 621 1758 Secundo
640 1731 741 1757 difetto.
754 1731 792 1757 La
805 1731 954 1765 prefatione
966 1738 1062 1757 manca
1077 1731 1120 1757 del
1141 1730 1293 1757 necessario

204 1781 254 1814 sac
271 1779 358 1805 simile
377 1777 576 1811 dell'autografo
599 1777 624 1802 di
648 1777 677 1802 S.
700 1776 822 1803 Tomaso
845 1777 889 1802 nel
915 1784 966 1802 suo
985 1776 1090 1810 duplice
1119 1780 1255 1805 carattere,
1274 1775 1292 1800 il

210 1824 287 1858 quale
306 1831 350 1848 era
367 1821 574 1855 indispensabile
593 1829 640 1855 per
658 1821 721 1846 dare
739 1820 783 1846 un'
794 1820 854 1846 idea
871 1821 896 1846 al
920 1821 1013 1846 lettore
1038 1820 1064 1846 di
1081 1825 1180 1854 questo
1202 1824 1293 1846 sunno

211 1874 335 1895 carattere
353 1865 528 1901 tacliigrafieo.
547 1866 599 1892 Per
613 1866 734 1900 supplice
752 1866 786 1891 ad
803 1874 841 1892 un
860 1870 933 1892 tanto
946 1865 1037 1892 difetto
1055 1866 1126 1891 nella
1143 1865 1220 1898 copis
1233 1871 1293 1898 pre-

211 1918 286 1939 sente
304 1913 326 1937 si
345 1912 360 1937 e
379 1912 504 1945 aggiunto
522 1919 538 1936 ι
556 1916 634 1944 posto
652 1911 678 1936 in
702 1919 752 1936 suo
771 1911 853 1944 luogo
877 1910 944 1936 altro
961 1910 1013 1945 sac
1034 1910 1123 1936 simile
1141 1914 1233 1935 cavato
1252 1908 1295 1934 dal

211 1958 300 1984 codice
318 1956 454 1991 autografo
474 1956 499 1982 di
518 1956 623 1990 Napoli.
642 1956 659 1982 il
678 1955 757 1989 quale
774 1963 823 1989 per
835 1956 904 1981 altro
922 1955 938 1981 e
957 1955 1072 1981 identico
1090 1962 1140 1980 con
1159 1954 1251 1988 quello
1269 1954 1295 1979 di

212 2004 351 2036 Ber-gamo.
369 2016 404 2021 -
427 2001 514 2027 Terzo
533 2001 632 2027 difetto.
657 2000 750 2026 Alcuni
774 2000 859 2034 scogli
877 2000 903 2026 di
927 1999 1084 2026 Gotmfredo
1108 2000 1141 2025 de
1165 1998 1295 2025 Fontibus

212 2055 339 2073 mancano
366 2046 582 2072 assolutamente.
606 2060 641 2065 —-
666 2045 768 2076 Quarto
791 2045 892 2074 difetto.
920 2046 945 2071 Α
972 2044 1131 2071 comineiare
1158 2044 1228 2071 della
1250 2051 1295 2070 eo-

211 2095 291 2118 lonna
312 2091 380 2118 1125
400 2090 454 2117 fino
473 2091 524 2116 alla
541 2089 594 2116 fine
612 2095 678 2116 tutte
696 2091 722 2116 ie
743 2090 852 2116 varianti
876 2090 918 2116 dei
943 2090 996 2116 due
1019 2090 1102 2116 codici
1125 2089 1227 2123 segnati
1246 2087 1294 2122 {nel

212 2137 342 2163 monitum
362 2137 388 2161 in
401 2136 535 2169 principio,
555 2143 684 2161 mancano
697 2135 914 2165 assolutamente,
926 2142 942 2161 e
954 2135 980 2160 le
993 2134 1079 2168 poche
1092 2134 1143 2160 che
1156 2134 1178 2160 si
1191 2134 1297 2160 vedono

212 2191 279 2208 sono
298 2182 386 2216 quelle
405 2181 466 2206 dell'
477 2180 594 2206 edizione
614 2181 715 2206 Veneta
733 2180 776 2206 del
795 2180 826 2206 Ρ.
844 2180 885 2206 De
903 2180 1012 2206 Rubeis.
1026 2194 1060 2199 —
1073 2179 1132 2206 Tali
1151 2179 1232 2206 difetti
1251 2186 1296 2204 av-

213 2235 329 2254 vennero
348 2226 443 2260 perche
462 2226 487 2250 io
505 2226 577 2259 dopo
596 2230 709 2251 corrette
728 2226 753 2250 le
772 2224 858 2259 prime
876 2225 972 2259 pagine
990 2225 1138 2259 dell'opera
1160 2224 1198 2250 fui
1216 2224 1295 2250 licen-

213 2271 282 2297 :into
294 2271 336 2296 dal
356 2270 451 2303 Migne.
465 2269 497 2295 ne
516 2269 561 2302 piu
580 2269 615 2294 m'
626 2268 718 2302 ingerii
736 2270 762 2294 in
781 2269 863 2303 queil’
875 2269 1002 2295 edizione.
1021 2270 1031 2295 1
1051 2269 1173 2295 tribunali
1190 2273 1296 2294 senm-

213 2316 320 2342 ziarono
339 2315 387 2340 che
406 2315 430 2340 la
449 2314 599 2340 correzioue
619 2322 663 2339 era
681 2318 748 2340 tutta
765 2322 781 2340 a
799 2314 884 2340 carice
897 2314 939 2340 del
952 2314 1046 2348 Migne.
1063 2314 1081 2340 il
1100 2314 1181 2348 quale
1199 2311 1296 2339 raffido

214 2362 239 2387 ai
257 2361 287 2387 P.
300 2361 378 2386 Cario
396 2359 511 2392 Baudry.
529 2359 612 2384 ailors
631 2358 784 2393 professore
803 2359 830 2384 di
842 2358 971 2393 Teologia
990 2359 1150 2384 domm-tica
1167 2358 1192 2384 al
1211 2357 1296 2383 Semi-

215 2405 288 2431 aario
307 2405 332 2430 di
352 2405 379 2429 S.
397 2403 521 2437 Sulpizio,
540 2402 593 2428 indi
611 2410 728 2428 vescovo
742 2402 768 2428 di
781 2403 917 2436 Perigwx,
936 2403 970 2428 ed
989 2411 1037 2429 ora
1049 2402 1167 2429 defunto.
1186 2402 1205 2428 n
1223 2401 1296 2428 buon

216 2450 340 2485 religioso
364 2449 431 2474 mise
449 2453 515 2474 tutta
534 2449 560 2474 la
578 2456 626 2474 sua
644 2447 772 2481 diligent:
791 2449 860 2474 nella
879 2449 1045 2480 correzione5
1068 2456 1112 2474 ma
1130 2452 1226 2482 questa
1244 2454 1297 2472 non

215 2494 278 2529 pote
296 2494 441 2520 estendersi
461 2492 510 2518 che
528 2493 579 2518 alla
598 2493 750 2519 correzione
769 2493 913 2524 materiale,
932 2493 966 2519 ne
983 2493 1046 2527 pote
1069 2493 1179 2519 riuscire
1197 2492 1240 2518 all'
1251 2499 1297 2524 eg-

215 2539 304 2571 giunta
323 2538 391 2564 delle
410 2538 475 2571 parti
494 2537 633 2569 manicanti,
653 2544 668 2562 e
687 2537 772 2563 molto
791 2545 872 2563 meno
890 2537 915 2562 al
933 2538 1064 2563 riscontro
1079 2537 1121 2563 dei
1139 2537 1229 2564 Codici
1247 2537 1297 2563 im-

216 2583 319 2618 piegati‚
341 2583 455 2608 essendo
473 2582 521 2608 che
541 2582 556 2606 il
577 2582 606 2607 Ρ.
626 2581 739 2615 Baudry,
764 2586 865 2616 quanto
883 2589 928 2608 era
947 2582 1023 2608 dotto
1040 2590 1056 2608 e
1073 2587 1181 2608 versato
1193 2582 1220 2608 in
1238 2581 1298 2608 filo-

216 2627 282 2654 soiia
300 2636 316 2654 e
334 2627 456 2662 teologia.
475 2627 624 2653 aiu-etnnto
643 2635 696 2656 non
716 2627 738 2652 ai
758 2634 907 2653 conosceva
925 2627 951 2652 di
976 2627 1047 2654 studi
1067 2626 1244 2661 paleossrafici.
1262 2640 1297 2646 —

215 2674 283 2699 Tale
302 2673 316 2698 ὲ
336 2674 360 2698 la
380 2673 460 2698 storia
478 2672 606 2706 sgraziata
629 2672 654 2697 di
679 2677 774 2705 questa
798 2671 927 2698 edizione.
951 2671 1071 2703 Quslche
1093 2672 1252 2699 inesattessa
1275 2672 1298 2698 oi

217 2724 292 2744 treva
310 2717 392 2742 anche
411 2716 480 2742 nella
497 2716 572 2750 copia
590 2716 632 2742 del
651 2716 734 2750 foglio
753 2717 879 2742 esistente
893 2717 964 2743 nella
975 2716 1114 2744 biblioteca
1132 2716 1299 2743 ambrosiana

218 2762 243 2787 di
262 2762 367 2787 Milano.
386 2775 422 2780 —
441 2761 525 2787 Come
544 2761 588 2795 poi
612 2766 707 2794 questa
726 2761 844 2787 edizione
863 2762 902 2788 sia
924 2766 993 2788 stata
1014 2761 1077 2788 fam
1101 2769 1151 2788 con
1175 2762 1300 2788 diatm-

218 2808 293 2832 zione
303 2806 378 2840 poti-a
392 2807 408 2832 il
424 2807 518 2832 lettere
533 2806 695 2832 convincersi
710 2814 740 2832 se
753 2806 814 2832 avrti
828 2807 853 2832 la
866 2806 946 2832 bonta
959 2807 984 2833 di
999 2807 1106 2841 leggere
1118 2808 1188 2834 nella
1206 2809 1301 2842 pagina

219 2852 303 2885 prima
327 2852 398 2884 dopo
423 2851 447 2876 la
472 2850 623 2884 pres-aione
645 2851 662 2876 il
687 2850 832 2882 Munitum,
852 2851 901 2877 che
924 2852 995 2878 dicet
1017 2851 1252 2884 Quemadmodum
1272 2853 1300 2879 in

217 2896 388 2931 praefatione
406 2896 508 2922 dictum
527 2899 581 2922 est.-
600 2904 645 2921 ora
659 2896 749 2929 quello
767 2896 815 2922 che
834 2896 861 2922 fu
875 2897 947 2922 detto
966 2897 1036 2923 nen-
1055 2897 1204 2932 prefezione
1222 2898 1239 2924 il
1253 2899 1302 2924 let-

218 2947 276 2967 tore
296 2949 348 2966 non
368 2942 394 2966 lo
413 2940 517 2966 (πονοι-ἰ
536 2940 596 2970 mai.
615 2941 712 2974 perche
731 2949 784 2967 non
804 2942 892 2973 esiste,
912 2949 927 2967 e
945 2942 1018 2976 giaco
1037 2950 1134 2968 ancora
1151 2948 1191 2969 tra
1210 2943 1235 2970 le
1249 2943 1302 2970 mie

221 2992 290 3012 carte
309 2994 323 3011 e
343 2991 413 3015 note.
433 2993 447 3011 e
471 2986 582 3012 sarebbe
607 2991 675 3012 stato
697 2994 788 3012 messo
811 2994 840 3013 se
862 2987 898 3013 Μ.
918 2987 1006 3020 Migne
1028 2995 1081 3013 non
1105 2996 1199 3014 avesse
1223 2994 1302 3015 avuto

220 3031 296 3056 frena
315 3031 340 3056 di
359 3031 516 3056 licentiarrni
537 3038 551 3055 e
571 3030 610 3056 far
628 3038 707 3056 senza
727 3031 752 3056 di
773 3039 823 3057 me.
844 3046 880 3051 —
898 3031 926 3058 ln
946 3040 998 3058 una
1021 3033 1113 3066 parole
1133 3034 1158 3059 la
1179 3039 1302 3067 presente

222 3076 236 3100 ὲ
255 3075 299 3100 un'
310 3075 429 3101 edizione
448 3075 496 3100 che
516 3075 625 3107 bisogna
637 3075 723 3101 rifare.
742 3076 771 3101 ln
784 3076 842 3102 fede
861 3076 963 3102 Pin-ao
981 3077 1106 3103 Ammo
1125 3077 1253 3104 nemu.
1268 3093 1302 3098 —

224 3118 391 3153 (Adiungitur
410 3119 554 3145 tac-simile
573 3120 605 3146 de
623 3128 678 3154 quo
697 3121 723 3146 in
741 3121 877 3153 Memoria,
896 3122 989 3147 additis
1012 3122 1052 3148 his
1070 3122 1173 3149 verbis:
1197 3123 1304 3150 Fae-si-

224 3165 286 3190 mile
305 3164 529 3198 dell'autographo
549 3164 573 3190 di
592 3165 619 3190 S.
638 3165 756 3191 Temno
775 3165 902 3192 esistente
921 3167 947 3192 in
962 3166 1054 3200 Napoli
1074 3168 1144 3193 nella
1162 3167 1304 3195 Biblioteoe

226 3211 304 3236 Reate
323 3210 463 3236 Nazionale
482 3210 523 3235 sui
543 3209 673 3235 Comento
693 3210 727 3235 de
747 3210 855 3236 Divinis
874 3210 1035 3237 Nominibus
1053 3212 1172 3246 inedito).

284 3295 370 3325 Cum
394 3294 558 3326 Uccellius
581 3304 640 3336 per
667 3295 776 3336 plures
800 3305 903 3327 annos
932 3295 1051 3328 arduos
1078 3307 1156 3328 suos
1179 3297 1307 3329 labores

230 3340 359 3370 nemine
374 3340 505 3371 iuvante
522 3339 735 3380 impenderat,
756 3339 888 3372 tandem
904 3340 1039 3372 Sacrum
1057 3341 1247 3374 Concilium
1267 3342 1307 3374 dc

229 3384 439 3424 Propaganda
450 3386 592 3426 suscepit
608 3394 720 3416 curam
731 3390 763 3416 et
775 3386 958 3426 impensam
968 3386 1177 3427 imprimendi
1188 3397 1309 3418 novam

231 3428 406 3459 editionem
423 3429 577 3460 Summae
594 3429 871 3467 contraGentiles
891 3432 931 3462 ab
947 3431 1021 3472 ipso
1037 3437 1192 3471 paratam.
1215 3431 1309 3472 Opus

232 3473 350 3513 prodiit
373 3483 459 3504 anno
491 3475 571 3514 1878
597 3484 672 3506 cum
700 3475 765 3506 hoc
792 3475 905 3507 titulo:
934 3489 948 3503 ‹
969 3475 1001 3508 S.
1026 3476 1177 3507 Thomae
1205 3477 1309 3518 Aqui-

232 3518 312 3547 natis
336 3518 487 3548 Doctoris
512 3519 657 3559 Angelici
680 3519 758 3551 Ord.
783 3520 896 3551 Praed.
922 3520 1077 3552 Summae
1103 3520 1143 3551 de
1167 3520 1309 3552 Veritate

233 3561 420 3593 Catholicae
444 3563 534 3594 Fidei
559 3570 671 3594 contra
696 3564 853 3606 Gentiles,
870 3575 955 3607 quae
979 3571 1155 3607 supersunt
1179 3575 1218 3597 ex
1243 3565 1309 3598 Co·

234 3606 303 3637 dice
329 3607 542 3649 Autographo
567 3610 623 3650 qui
647 3609 680 3640 in
708 3610 911 3642 Bibliotheca
934 3611 1091 3647 Vaticana
1113 3609 1309 3647 adservatur,

1334 297 1440 323 cetera
1463 299 1541 320 vero
1566 299 1606 320 ex
1628 289 1863 330 probatissimis
1879 288 1976 326 eodd.
1994 287 2259 326 eteditionibus,
2283 299 2361 320 cura
2380 295 2413 320 et

1334 335 1443 367 studio
1467 334 1554 365 Petri
1575 334 1714 365 Antonii
1745 333 1882 371 Uecellii
1905 334 1992 365 edita
2025 339 2058 364 et
2081 333 2188 364 Leoni
2210 333 2284 364 Xlll
2306 334 2342 364 P.
2367 334 2412 364 M.

1335 381 1449 411 dicata.
1473 379 1610 410 Romae.
1634 379 1685 410 Ex
1707 379 1925 420 typographia
1946 378 2133 419 Polyglotta
2156 377 2189 409 S.
2214 377 2253 408 C.
2278 378 2319 408 de
2335 378 2415 409 Pro-

1334 423 1483 466 paganda
1505 422 1596 459 Fide,
1618 423 1702 463 1878
1722 436 1751 454 ι.
2327 432 2330 433 ’

1391 469 1477 499 Inter
1493 467 1574 498 duas
1590 467 1728 498 Uccellii
1742 467 1914 507 editiones,
1929 469 1957 499 si
1972 468 2207 499 exhibitionem
2223 467 2416 508 autographi

1336 519 1473 554 spectes,
1497 521 1613 553 parum
1629 518 1686 543 aut
1708 512 1790 543 nihil
1812 513 1956 544 interest.
1980 513 2091 551 Quam
2113 513 2415 552 interpretationem

1335 559 1370 589 in
1394 558 1539 590 Miniana
1562 562 1727 598 posuerat,
1750 557 1786 588 in
1807 558 1959 588 Romana
1985 557 2054 589 fere
2076 566 2206 598 semper
2228 557 2354 587 retinet.
2380 556 2415 587 ln

1337 609 1476 643 utraque
1503 608 1630 633 textum
1657 602 2042 643 constituitautographi
2065 601 2232 633 definitiva
2262 601 2416 632 redactio.

1337 648 1455 679 Subter
1469 648 1579 688 ipsum
1594 647 1707 677 lituras
1721 647 1827 687 ponit,
1843 647 1970 678 duabus
1988 647 2125 678 rubricis
2143 646 2320 683 distinctas,
2336 655 2417 687 qua-

1336 703 1411 724 rum
1434 693 1540 733 prima
1561 693 1597 723 in
1621 696 1760 732 utraque
1776 691 1928 723 editione
1952 692 2092 723 Liturae
2109 691 2233 722 codicis
2254 697 2417 732 autogra-

1332 738 1393 779 phi
1413 737 1520 774 audit;
1545 736 1689 768 secunda
1711 738 1746 767 in
1770 737 1872 777 priori
1895 736 2040 768 editione
2068 737 2206 768 Liturae
2229 736 2417 772 liturarum,

1339 784 1372 814 in
1388 782 1563 823 posteriori
1579 781 1750 812 Secundae
1764 782 1886 813 liturae
1902 787 2048 812 vocatur.
2072 780 2167 819 Quae
2181 787 2292 813 tamen
2317 781 2419 812 deno-

1338 828 1536 859 minationes
1551 827 1662 858 minus
1677 833 1772 868 aptae
1787 832 1880 858 sunt:
1898 826 2013 857 liturae
2036 826 2126 857 enim
2140 835 2226 868 quae
2241 826 2419 858 liturarum

1339 872 1391 904 vel
1413 871 1578 903 secundae
1600 877 1771 911 vocantur,
1788 881 1846 903 eae
1862 878 1938 902 sunt
1953 880 2039 912 quae
2050 871 2148 912 prius
2164 869 2268 902 factae
2284 871 2420 908 fuerant,

1339 923 1414 949 ante
1430 917 1629 948 deletionem
1645 917 1746 948 totius
1770 917 1850 953 loci;
1875 926 1960 957 quae
1977 925 2054 947 vero
2071 916 2194 947 liturae
2216 915 2339 948 codicis
2361 925 2421 948 au—

1340 962 1497 1004 tographi
1521 967 1690 1000 vocantur,
1713 968 1790 993 sunt
1813 962 1886 994 illae
1911 971 1996 1002 quae
2019 961 2135 992 ultimo
2159 960 2263 991 factae
2285 965 2372 992 sunt.

1396 1007 1568 1046 Quantum
1584 1006 1625 1037 ad
1644 1012 1760 1044 cetera,
1782 1008 1933 1038 Romana
1948 1016 1967 1037 a
1983 1006 2128 1037 Miniana
2143 1006 2179 1036 in
2197 1005 2346 1046 pluribus
2358 1004 2423 1037 dif-

1340 1052 1412 1084 fert.
1437 1052 1612 1093 Impressio
1631 1051 1766 1083 nitidior
1787 1058 1847 1088 est.
1871 1052 2008 1083 Inseruit
2033 1050 2197 1083 Uccellius
2219 1060 2258 1082 ea
2280 1059 2367 1091 quae
2388 1051 2423 1082 in

1342 1097 1487 1129 editione
1509 1097 1612 1138 priori
1635 1097 1756 1128 omissa
1778 1096 1916 1128 fuerant.
1947 1096 2080 1128 Scholia
2103 1093 2275 1127 Godeftidi
2296 1096 2333 1127 in
2355 1096 2424 1136 Ap-

1341 1141 1516 1184 pendicem
1538 1142 1703 1183 relegavit.
1726 1141 1968 1173 Praefationem
1993 1142 2138 1182 priorem
2164 1139 2279 1172 refecit
2301 1146 2334 1171 et
2356 1149 2425 1172 am-

1342 1187 1464 1229 pliavit,
1489 1192 1617 1228 partem
1645 1187 1835 1218 historicam
1862 1196 1969 1228 usque
1997 1186 2040 1218 ad
2067 1186 2271 1217 oblationem
2297 1185 2358 1216 Pio
2381 1185 2426 1217 lx

1342 1232 1462 1264 factam
1485 1231 1680 1273 perducens.
1705 1231 1742 1263 ln
1769 1232 1839 1273 ipsa
1860 1231 1966 1263 lector
1987 1240 2141 1272 magnam
2163 1231 2296 1272 copiam
2319 1229 2427 1262 erudi·

1343 1278 1442 1309 tionis
1465 1277 1620 1308 inveniet.

1400 1322 1520 1363 Magna
1542 1322 1614 1354 laus
1636 1321 1775 1354 Uecellii
1789 1327 1838 1353 est
1857 1320 1950 1362 quod
1973 1322 2044 1362 ipse
2066 1321 2193 1362 primus
2211 1320 2365 1362 cogitavit
2387 1319 2429 1352 de

1343 1367 1550 1409 autographo
1581 1366 1758 1398 scrutando
1781 1373 1816 1398 et
1842 1366 1987 1398 edendo.
2018 1365 2210 1398 Dolendum
2238 1371 2351 1397 tamen
2379 1371 2430 1396 est

1345 1412 1438 1454 quod
1459 1413 1564 1444 labori
1586 1421 1657 1444 non
1673 1410 1844 1453 respondit
1864 1410 1942 1443 felix
1957 1411 2072 1443 exitus.
2088 1410 2166 1443 Non
2189 1411 2279 1442 enim
2301 1411 2336 1442 in
2358 1419 2429 1442 uno

1344 1458 1396 1490 vel
1420 1457 1486 1490 alio
1513 1458 1602 1495 loco,
1633 1457 1691 1489 sed
1712 1456 1976 1499 frequentissime
1999 1462 2083 1488 errat
2106 1457 2141 1488 in
2162 1456 2211 1488 int
2354 1455 2430 1487 ‘one

1345 1503 1456 1544 scripti
1471 1502 1505 1535 S.
1522 1503 1684 1540 Thomae,
1698 1503 1755 1534 ubi
1778 1512 1848 1534 non
1863 1502 1962 1534 habet
1984 1511 2046 1543 pro
2061 1500 2147 1533 duce
2162 1500 2342 1533 editionem
2357 1500 2430 1532 Pia-

1345 1558 1434 1586 nam,
1450 1557 1509 1580 seu
1524 1549 1636 1589 potius
1651 1548 1814 1580 Venetam
1829 1547 1880 1579 De
1895 1547 2030 1579 Rubeis.
2052 1546 2159 1578 Nimis
2181 1546 2271 1578 enim
2294 1545 2431 1578 faciliter

1345 1594 1380 1625 in
1395 1593 1600 1635 inspectione
1623 1593 1782 1625 materiali
1796 1593 1975 1624 litterarum
1995 1592 2239 1624 obliteratamm
2257 1591 2431 1632 acquievit,

1345 1648 1408 1670 nec
1430 1639 1732 1680 interpretationem
1747 1637 1824 1670 inde
1844 1637 1996 1670 eductam
2016 1645 2094 1668 cum
2117 1641 2274 1669 contextu
2295 1644 2432 1678 compa-

1346 1683 1441 1715 ravit:
1465 1693 1544 1716 cum
1559 1689 1670 1715 tamen
1693 1683 1886 1725 quotidiana
1900 1682 2100 1724 experientia
2112 1686 2274 1714 monstret
2289 1680 2383 1722 quod
2396 1681 2432 1714 in

1347 1730 1439 1760 omni
1455 1729 1632 1770 scriptione
1651 1729 1807 1760 velociter
1822 1727 1917 1765 facta,
1933 1733 2029 1760 caute
2046 1725 2227 1768 procedere
2242 1731 2375 1768 oportet
2389 1735 2432 1758 ne

1348 1773 1430 1805 falso
1453 1774 1563 1815 aliqua
1585 1775 1684 1805 verba
1710 1774 1870 1815 legantur.
1893 1773 2029 1812 Quanto
2052 1772 2169 1805 maiori
2194 1772 2322 1804 cautela
2347 1779 2435 1813 opus

1347 1825 1395 1851 est
1410 1820 1446 1850 in
1461 1819 1565 1851 littera
1580 1824 1648 1850 tam
1671 1819 1820 1851 intricata
1834 1824 1868 1850 et
1886 1818 2146 1850 correctionibus
2161 1817 2334 1849 obscurata
2348 1817 2434 1849 sicut

1348 1869 1397 1895 est
1419 1864 1474 1895 illa
1495 1864 1689 1905 autographi
1713 1864 1831 1895 nostrii
1857 1863 1893 1895 ln
1910 1864 1972 1895 hac
1986 1862 2114 1894 cautela
2128 1861 2239 1894 deficit
2257 1861 2433 1898 necemus.

1347 1909 1492 1949 ideoque
1514 1909 1798 1941 numeronssimas
1821 1908 2104 1950 interpretationes
2118 1906 2215 1939 falsas
2236 1907 2343 1949 ponit,
2361 1907 2434 1939 dm

1349 1954 1416 1986 ulla
1430 1954 1620 1995 suspicione
1635 1963 1678 1985 ne
1700 1953 1786 1985 forte
1809 1957 1903 1985 erret.
1920 1953 1971 1984 De
1993 1953 2060 1984 hoc
2082 1951 2178 1984 facile
2199 1961 2236 1984 se
2258 1952 2435 1984 convinut

1349 1999 1409 2040 qui
1431 1998 1619 2031 alterutram
1635 1998 1815 2030 editionem
1830 2007 1914 2030 cum-
1931 1997 2129 2040 Appendiee
2149 2002 2261 2029 nostra
2284 1995 2435 2030 confere

1350 2043 1454 2075 volet:
1477 2044 1639 2076 nonnulla
1661 2053 1741 2076 vero
1759 2043 1911 2085 exempla
1932 2043 1986 2075 hic
2001 2042 2241 2084 subiungimus,
2256 2041 2435 2075 indicando

1350 2089 1542 2130 capitulum,
1555 2090 1707 2131 paginam
1719 2094 1752 2121 et
1767 2089 1888 2121 lineam
1896 2087 2003 2120 dictae
2016 2087 2231 2130 Appendicis.
2243 2087 2436 2130 interpretas

1350 2134 1477 2166 tionem
1493 2134 1716 2166 Uecellianam
1731 2134 1846 2166 litteris
1859 2134 1956 2166 rectis
1970 2133 2200 2175 imprimimus,
2223 2129 2436 2174 scriptionem

1351 2178 1384 2210 S.
1409 2179 1560 2211 Thomae
1583 2179 1697 2211 litteris
1719 2179 1892 2211 inclinatis.
2384 2184 2385 2188 ’
2404 2196 2407 2202 »

2011 2245 2014 2248 .
2102 2246 2107 2250 .
2395 2228 2398 2232 ”
2416 2230 2421 2243 1

1405 2273 1465 2299 Lu.
1484 2272 1502 2298 1.
1522 2272 1587 2306 Cap.
1605 2280 1678 2303 xvm,
1696 2279 1723 2306 p.
1752 2273 1815 2306 7⁸⁸
1831 2271 1876 2299 5⁵.
1893 2271 1928 2297 Et
1945 2271 1997 2297 hoc
2015 2270 2253 2298 demam
2267 2270 2436 2299 &asedd-

1349 2323 1437 2348 xxxm.
1458 2323 1492 2342 ιο
1502 2317 1518 2334 ⁴*
1530 2316 1548 2343 b
1570 2316 1612 2342 13.
1630 2316 1876 2351 philosophicorum
1887 2316 2084 2350 principiae-nn.
2093 2310 2437 2350 ymnum!-

1346 2367 1508 2394 pnmm.-
1524 2369 1609 2391 xxxvi.
1628 2367 1658 2387 ιι
1670 2361 1688 2379 ⁶
1705 2367 1774 2387 aar.
1792 2360 1848 2387 Nec
1861 2359 2064 2387 dimaddudo
2081 2358 2439 2394 numqui-:eruenda

1351 2406 1425 2440 quod
1442 2406 1570 2433 idemest
1587 2405 1761 2432 refert-Nan
1779 2405 1938 2431 diver-sade
1952 2404 2012 2431 Deo
2029 2404 2149 2438 concipit
2162 2404 2286 2438 qma
2301 2409 2438 2431 m*

1351 2451 1422 2480 deun,
1431 2458 1502 2485 quae
1512 2451 1587 2478 Deus
1595 2454 1646 2481 ese,
1658 2451 1778 2484 resen-t·
1787 2457 1883 2480 mvn.
1893 2450 1948 2476 n·
1957 2448 1975 2475 b
1989 2456 2032 2476 ιο.
2045 2449 2118 2475 Dein
2131 2453 2220 2475 amem
2229 2454 2272 2475 est
2283 2449 2367 2483 ἱρὴ.
2375 2448 2440 2483 (κε

1351 2494 1498 2530 suiipsius)
1508 2496 1660 2522 siinillmdo.
1671 2495 1747 2522 Dens
1758 2498 1851 2521 auten
1860 2497 1902 2521 m
1910 2494 1998 2528 ε’ρηηι
2007 2501 2087 2520 uun
2095 2500 2191 2520 mn·
2199 2500 2304 2526 xxxvm,
2315 2499 2350 2520 n
2357 2493 2376 2513 Φ
2384 2495 2403 2520 ι’
2412 2500 2439 2521 ι.

1351 2540 1500 2566 seeundum
1519 2540 1620 2566 bonum
1638 2539 1665 2565 in
1682 2547 1712 2565 re
1731 2539 1870 2572 dependet.
1886 2538 2035 2565 munim
2053 2537 2180 2564 Bestiam
2198 2537 2227 2564 in
2246 2538 2275 2564 11.
2288 2537 2324 2564 de
2340 2537 2404 2572 qd.
2417 2547 2440 2560 »-

1351 2584 1518 2616 xux,13⁴b
1533 2584 1972 2618 ”assumamini-esset
1985 2581 2440 2616 &mariannbuh

1353 2630 1542 2664 mnu-aposita.
1562 2629 1622 2656 sine
1643 2629 1856 2656 concomitantia
1874 2627 1972 2662 primi.
1988 2641 2005 2648 -
2026 2628 2112 2660 14οι
2129 2634 2175 2662 7²·
2193 2631 2221 2654 et
2237 2627 2397 2654 mantele·
2409 2626 2440 2654 h

1354 2682 1466 2702 uxomm
1479 2675 1614 2701 consortio
1632 2673 1739 2707 (unum)
1751 2674 1808 2700 vult
1820 2678 1972 2700 consum
1983 2672 2089 2700 habere.
2111 2672 2171 2699 Vir-1
2181 2671 2265 2699 ena-
2277 2672 2308 2699 in
2318 2678 2440 2699 um

1353 2720 1492 2747 conmrtio
1510 2719 1593 2752 (null)
1612 2719 1710 2745 nolant
1720 2721 1874 2746 conmuni
1889 2718 1997 2745 hebere.
2013 2731 2034 2738 -
2050 2725 2102 2750 nv,
2119 2717 2204 2744 ²201
2216 2724 2244 2752 7.
2254 2717 2289 2743 ad
2302 2721 2440 2743 mern-

1355 2770 1418 2791 sunt
1429 2765 1535 2790 condita
1553 2771 1705 2790 numerosa.
1723 2763 1763 2790 ad
1779 2764 1924 2797 exemplar
1941 2763 2050 2789 numeri
2065 2765 2131 2790 sm
2147 2762 2260 2789 mutu
2272 2761 2411 2789 unm
2421 2773 2443 2783 —

1355 2817 1428 2839 tvm.
1448 2809 1502 2836 23*
1514 2809 1532 2835 b
1545 2808 1588 2843 69.
1613 2816 1683 2843 quae
1701 2808 1796 2835 dicimi-
1813 2808 1973 2842 compositio
1990 2804 2074 2834 v'isiva
2089 2807 2134 2835 ναί
2157 2805 2235 2834 fides.
2253 2812 2324 2840 quae
2340 2805 2444 2833 dum

1355 2854 1516 2888 compositio
1528 2857 1557 2881 ee
1571 2853 1671 2880 divisio
1689 2853 1732 2880 vel
1747 2853 1877 2880 munda
1888 2865 1910 2873 -
1924 2853 2007 2885 34οι
2025 2851 2052 2879 6.
2063 2853 2092 2878 in
2109 2851 2237 2885 σιρὶϋδυι
2252 2858 2442 2885 gum-mn

1356 2907 1426 2934 quae
1436 2902 1509 2933 ponit
1518 2898 1695 2932 Empedocles
1705 2899 1780 2932 prius
1788 2898 1871 2924 tuisse
1879 2898 1971 2928 divisa.
1981 2897 2008 2924 tn
2018 2897 2152 2931 capitum
2161 2897 2383 2931 Μίκων-ιιι
2391 2900 2445 2923 α.

1356 2944 1391 2971 Et
1409 2944 1489 2978 paulo
1506 2948 1578 2978 post.
1596 2944 1615 2970 l.
1635 2942 1678 2974 3³.
1696 2943 1782 2976 caph
1792 2949 1989 2976 gei-mannaim.
1999 2941 2093 2975 eapite
2109 2940 2336 2976 mrim.
2349 2945 2444 2972 σε..

1358 2988 1438 3023 37οι
1451 2987 1496 3015 60.
1515 2988 1615 3014 bonum
1634 2989 1724 3021 ipsum
1747 2987 1867 3014 redditur
1883 2992 1911 3013 et
1929 2993 1971 3013 est
1994 2990 2056 3020 post
2073 2986 2140 3013 eius.
2157 2986 2256 3013 heum
2274 2986 2363 3018 ipun-
2379 2985 2444 3012 nd-

1357 3034 1436 3061 ditur
1453 3036 1480 3060 ee
1498 3040 1567 3066 opus
1585 3032 1653 3059 eius.
2415 3044 2430 3053 ’-

1415 3079 1473 3105 Lm.
1491 3078 1522 3104 11.
1541 3078 1607 3112 Cap.
1625 3085 1717 3109 mni,
1728 3084 1764 3111 47
1777 3085 1793 3103 ι
1806 3076 1850 3103 36.
1863 3077 1892 3103 in
1903 3084 1993 3103 rerum
2007 3081 2095 3103 autem
2107 3075 2298 3110 pmaigdnae
2308 3074 2337 3100 &a
2349 3080 2442 3105 ww·

1358 3127 1450 3150 antem
1465 3122 1678 3157 promanente.
1689 3129 1776 3152 -ω,
1795 3119 1851 3154 480
1861 3121 1878 3147 b
1893 3128 1936 3148 ao.
1948 3127 1998 3154 per
2015 3120 2173 3147 calmem-et
2183 3119 2329 3146 temonem
2345 3124 2444 3147 reun-

1355 3166 1709 3202 modia-musiacum
1733 3168 1884 3192 armni.
1905 3164 2006 3191 -le
2030 3171 2075 3198 74.
2097 3161 2329 3197 mentia&
2350 3167 2445 3189 noeu-

1358 3214 1468 3240 tionem.
1487 3212 1575 3246 ἕρκη
1593 3210 1844 3246 congregationem.
1854 3222 1876 3231 -
1892 3217 1964 3241 mii.
1985 3207 2040 3236 53·
2055 3206 2127 3241 ⁸⁴⁸.
2144 3211 2174 3233 ut
2190 3206 2304 3234 finiit„
2315 3205 2405 3234 hebet.
2415 3209 2447 3233 ae

1353 3259 1434 3292 sorte
1452 3256 1554 3283 verim
1571 3255 1661 3282 habet.
1678 3269 1699 3274 -
1715 3262 1766 3287 ux,
1786 3253 1841 3280 60·
1859 3254 1877 3279 b
1889 3252 1932 3284 ³3,
1951 3251 2092 3279 convenire
2109 3250 2162 3277 boc
2179 3251 2263 3281 dictis,
2281 3253 2445 3278 conmenta-

1361 3305 1407 3328 tor
1421 3300 1591 3335 praedictus.

1420 3387 1559 3418 Possent
1582 3385 1698 3418 similia
1722 3386 1756 3416 in
1780 3386 1978 3420 immensum
2003 3381 2222 3422 multiplicari.
2246 3381 2316 3412 Nec
2341 3386 2448 3422 potest

1363 3432 1474 3473 lapsus
1498 3431 1724 3472 operariorum
1744 3428 1901 3464 invocari.
1917 3433 1988 3459 tum
2009 3431 2143 3468 propter
2166 3435 2314 3458 errorum
2337 3425 2447 3457 multi-

1364 3476 1531 3514 tudinem
1555 3482 1627 3508 tum
1644 3475 1722 3516 quia
1737 3483 1776 3505 ex
1801 3473 1901 3515 priori
1925 3473 1959 3504 in
1975 3472 2191 3513 posteriorem
2207 3469 2386 3503 editionem
2407 3469 2447 3501 ad

1365 3522 1521 3552 amussim
1544 3519 1790 3552 transferuntur.

1421 3565 1682 3597 Admirationem
1709 3569 1822 3596 movet
1846 3561 1937 3603 quod
1965 3561 2130 3595 Uecellius
2157 3570 2226 3592 non
2258 3559 2450 3592 intellexerit

1366 3619 1482 3642 vocem
1511 3609 1815 3642 communissimam
1846 3612 1966 3643 va-cat,
1992 3615 2091 3647 quam
2116 3605 2251 3638 divisam
2276 3605 2370 3646 ponit
2393 3604 2450 3636 ali-
