2768 4134
823 272 1012 308 SUMMA
1041 273 1264 311 CONTRA
1293 274 1568 320 GENTILES,
1597 276 1691 312 LIB.
1716 276 1757 321 ΙΙ,
1789 276 1899 313 CAP.
1922 277 1980 313 CI.

300 361 405 393 agere.
437 350 575 382 Constat
605 356 714 381 autem
746 351 837 391 quod
868 357 1021 382 neutrum
1053 354 1206 383 convenit
1237 355 1374 394 speciei:

300 406 408 438 neque
432 398 520 428 enim
544 396 608 436 agit
631 395 887 426 intellectionem
910 401 1066 435 tanquam
1097 397 1130 426 id
1159 397 1249 437 quod
1271 398 1374 438 ipsam

300 441 468 483 producit;
491 449 600 482 neque
623 439 806 470 intellectus
823 440 945 470 habens
961 441 1104 480 speciem
1120 450 1177 480 per
1200 442 1303 481 ipsam
1319 452 1376 472 ne-

301 487 440 518 cessario
464 485 624 526 intelligit,
647 490 684 515 ut
708 485 892 525 experimur
915 485 948 514 in
972 485 1078 515 nobis.
1104 485 1180 515 Ideo
1205 487 1305 525 magis
1330 486 1377 516 di-

301 531 443 564 cendum
474 537 522 562 est
551 529 643 570 quod
673 534 720 560 est
750 529 949 569 principium
981 528 1116 559 formale
1149 530 1377 560 intellectionis

301 577 458 608 liberum:
479 585 548 606 non
573 573 707 615 quidem
730 573 763 604 in
788 583 822 603 se
846 573 1024 603 formaliter
1042 574 1164 603 habens
1187 574 1377 611 libertatem,

301 622 381 652 haec
404 621 492 652 enim
517 625 564 651 est
588 617 734 650 conditio
758 618 944 659 principalis
964 618 1103 658 agentis;
1124 617 1181 648 sed
1205 620 1281 658 quia
1303 621 1379 649 sub-

301 666 416 697 stantia
438 666 543 706 ipsam
565 664 688 694 habens
712 662 894 693 secundum
919 672 990 692 eam
1014 663 1113 692 libere
1138 668 1299 702 operatur.

358 711 388 741 3.
408 710 461 740 Ad
477 708 658 740 secundum
678 708 805 746 dicitur,
823 707 914 747 quod
930 706 1050 747 duplex
1067 712 1115 736 est
1132 708 1292 747 cognitio:
1315 717 1380 738 una

301 755 438 786 confusa
454 759 486 784 et
501 753 762 788 indeterminata;
787 752 847 782 alia
863 751 1011 782 distincta
1029 758 1060 782 et
1076 751 1295 782 determinata.
1314 752 1380 783 Co-

300 800 483 840 gnitionem
495 797 679 829 distinctam
687 803 718 828 et
726 797 973 828 determinatam
985 805 1117 827 necesse
1130 801 1177 826 est
1190 795 1380 836 praecedere

300 844 510 876 volitionem:
534 852 603 874 non
619 848 729 874 autem
749 851 883 872 omnem
900 841 1123 882 cognitionem
1142 840 1322 871 confusam.
1340 841 1382 871 Et

302 889 347 920 sic
359 899 428 920 non
441 888 628 930 proceditur
639 888 672 918 in
684 886 860 918 infinitum.
870 885 1043 917 —Intendit
1055 895 1132 926 ergo
1141 885 1279 917 Sanctus
1290 886 1381 916 Tho-

301 943 371 965 mas
387 933 427 965 de
443 933 632 974 cognitione
649 931 799 963 distincta
814 941 872 973 per
884 931 1038 971 speciem,
1058 941 1126 962 non
1143 936 1252 961 autem
1270 930 1309 960 de
1327 940 1381 960 co-

301 978 449 1020 gnitione
461 977 599 1009 confusa
612 982 644 1008 et
654 975 912 1008 indeterminata.
927 976 962 1006 ln
979 977 1075 1007 nobis
1091 976 1190 1012 enim,
1209 985 1246 1005 ex
1271 975 1382 1014 aliquo

302 1028 495 1055 occurrente
511 1023 620 1053 sensui
636 1022 792 1053 excitatur
807 1021 990 1052 intellectus
1006 1020 1046 1051 ad
1063 1020 1205 1061 aliquam
1222 1019 1382 1059 cognitio-

302 1078 378 1100 nem
391 1067 563 1099 confusam
576 1067 636 1103 rei;
650 1073 682 1098 et
694 1076 731 1098 ex
743 1066 796 1097 illa
808 1072 960 1097 movetur
970 1065 1121 1096 voluntas
1134 1065 1173 1096 ad
1186 1064 1382 1095 desiderium

302 1113 500 1154 cognitionis
519 1111 687 1143 distinctae
710 1112 813 1148 illius;
838 1117 870 1142 et
889 1111 934 1141 sic
957 1110 1109 1142 voluntas
1124 1109 1326 1140 intellectum
1343 1107 1383 1139 ad

301 1158 526 1200 'cognitionem
547 1157 728 1187 distinctam
753 1156 839 1187 illius
858 1162 980 1187 movet.
1006 1155 1040 1186 In
1065 1154 1250 1186 substantiis
1273 1159 1383 1184 autem

303 1203 466 1245 separatis,
479 1202 557 1244 quia
568 1211 637 1232 non
650 1207 698 1232 est
709 1210 823 1232 sensus
835 1202 890 1232 cui
902 1199 1024 1241 aliquid
1037 1210 1076 1231 ex
1087 1199 1268 1240 improviso
1281 1198 1383 1239 possit

303 1246 485 1284 occurrere,
521 1252 585 1283 uto
591 1245 683 1288 quod
702 1246 847 1287 cognitio
861 1245 998 1276 confusa
1011 1250 1042 1276 et
1054 1244 1301 1276 indeterminata
1313 1252 1382 1274 non

267 1294 358 1324 „ab
463 1301 540 1323 seco
558 1291 738 1333 proveniat,
752 1290 807 1322 sed
820 1291 860 1322 ab
876 1291 1062 1323 intrinseco.
1081 1289 1167 1321 Cum
1186 1289 1274 1319 enim
1290 1297 1382 1318 suam

302 1337 513 1369 substantiam
529 1338 658 1377 semper
669 1341 743 1367 actu
756 1335 863 1367 videat
877 1336 1055 1367 substantia
1067 1341 1211 1376 separata
1224 1339 1256 1365 et
1267 1342 1383 1364 omnes

299 1376 377 1424 'silas
399 1381 561 1414 naturales
577 1381 805 1422 perfectiones,
825 1390 954 1422 semper
973 1380 1097 1421 species
1117 1376 1332 1419 intelligibiles
1349 1379 1383 1408 in

301 1424 366 1467 {s'uo
380 1426 549 1459 intellectu
562 1427 734 1462 existentes
746 1427 900 1462 intuetur,
920 1427 1116 1466 inquantum
1137 1425 1207 1456 eius
1221 1422 1383 1454 naturales

267 1494 269 1497 -
302 1471 510 1504 ‘conditiones
534 1477 610 1503 sunt
629 1471 668 1502 ad
692 1480 742 1502 res
758 1470 983 1512 intelligendas
1000 1469 1183 1506 ordinatae3
1209 1474 1240 1499 et
1264 1478 1302 1499 ex
1319 1468 1383 1498 hoc

303 1510 454 1559 omnium
470 1527 489 1547 a
504 1525 538 1547 se
562 1515 746 1547 naturaliter
763 1515 1034 1556 cognoscibilium
1050 1514 1148 1545 habet
1164 1513 1334 1546 confusam
1352 1518 1384 1543 et

263 1590 269 1595 ,
299 1557 583 1603 indeterminatam
601 1561 834 1602 cognitionem.
859 1559 956 1592 Unde
971 1560 1004 1590 in
1024 1565 1183 1601 potestate
1199 1569 1257 1590 sua
1274 1564 1321 1589 est
1336 1558 1383 1588 uti

234 1601 268 1641 ·'=-,
301 1603 513 1648 'quacumque
529 1605 669 1636 voluerit
693 1605 731 1636 ad
756 1605 938 1636 distinctam
956 1605 1190 1644 cognitionem.

311 1676 315 1678 ,
359 1651 471 1691 Potest
494 1651 591 1681 etiam
616 1649 680 1682 dici
703 1650 794 1691 quod
818 1659 953 1682 omnem
978 1649 1201 1690 cognitionem
1222 1647 1383 1679 actualem

299 1694 468 1741 praecedit
490 1694 615 1732 volitio,
639 1700 774 1736 excepta
791 1694 904 1736 prima
928 1694 1128 1736 cognitione,
1154 1701 1253 1735 quarn
1277 1693 1311 1723 in
1335 1693 1383 1723 in-

302 1738 435 1781 tellectu
458 1739 548 1771 Deus
574 1739 761 1771 immediate
785 1745 904 1771 causat.
929 1739 1005 1770 Non
1033 1745 1142 1770 tamen
1167 1747 1301 1770 omnem
1325 1747 1383 1768 vo-

299 1781 453 1826 monem
475 1784 640 1826 praecedit
654 1785 838 1816 necessario
855 1784 988 1816 actualis
1004 1785 1166 1826 cognitio:
1186 1781 1242 1814 sed
1266 1781 1384 1813 sufficit

299 1827 340 1869 ³1,st
360 1827 535 1873 praecedat
549 1829 695 1871 cognitio
711 1829 846 1861 actualis
861 1829 913 1861 vel
929 1829 1111 1861 habitualis.
1134 1828 1178 1860 Et
1200 1833 1383 1870 propterea,

300 1873 346 1907 'ad
360 1874 424 1906 hoc
441 1872 532 1915 quod
549 1874 665 1915 aliquis
681 1875 758 1906 velit
774 1875 822 1905 uti
837 1885 903 1906 una
922 1875 1032 1915 specie
1052 1883 1164 1906 earum
1181 1882 1261 1914 quas
1277 1873 1383 1909 habet,

303 1928 373 1964 non
396 1916 571 1961 requiritur
593 1919 702 1960 aliqua
725 1919 858 1950 actualis
882 1920 1007 1958 notitia,
1024 1918 1081 1950 sed
1097 1918 1215 1950 sufficit
1237 1919 1308 1960 ipsa
1327 1918 1384 1948 ha-

302 1959 434 2004 bitualis
456 1963 571 1995 notitia
591 1973 650 2005 per
672 1965 815 2006 speciem
840 1970 872 1995 et
894 1965 1023 1996 libertas
1046 1964 1264 2005 intelligentis.
1289 1963 1384 1995 Unde

210 2022 217 2030 ·
256 2023 263 2029 -
305 2001 566 2045 commentator,
584 2007 626 2039 111
642 2007 682 2039 de
697 2009 816 2040 Anima
832 2010 859 2046 ⁴²,
884 2009 961 2041 dicit
983 2009 1130 2040 habiturn
1146 2018 1216 2041 esse
1231 2017 1296 2050 quo
1312 2008 1385 2050 quis

306 2053 412 2085 utitur
433 2062 506 2084 cum
530 2053 680 2085 voluerit.

360 2098 400 2129 V.
429 2098 524 2129 Circa
538 2098 788 2140 responsionem
805 2096 845 2128 ad
868 2097 1030 2128 minorem
1041 2098 1069 2134 ³,
1093 2097 1222 2128 adverte
1239 2097 1330 2138 quod
1347 2107 1385 2128 ex

304 2142 360 2174 ina
381 2142 453 2174 vult
473 2141 592 2174 habere
616 2141 754 2174 Sanctus
777 2141 924 2173 Thomas
953 2141 1044 2183 quod
1067 2141 1154 2173 idem
1179 2147 1288 2183 potest
1315 2151 1384 2173 esse

302 2187 408 2219 multa
420 2187 535 2229 aliquo
551 2186 654 2218 modo
667 2188 701 2218 in
717 2193 791 2218 actu
807 2187 1004 2227 inquantum
1019 2186 1074 2217 illa
1089 2193 1163 2218 sunt
1183 2196 1300 2224 unum,
1315 2197 1384 2218 non

303 2237 415 2264 autem
436 2230 633 2273 inquantum
656 2236 732 2262 sunt
754 2232 867 2262 multa.
891 2231 933 2262 Et
955 2231 1033 2272 quia
1057 2240 1141 2272 quae
1165 2241 1224 2272 per
1246 2231 1386 2263 diversas

303 2277 438 2318 speeies,
453 2276 651 2318 inquantum
667 2276 810 2308 diversae
831 2282 916 2313 sunt,
935 2275 1168 2317 intelliguntur,
1185 2282 1261 2308 sunt
1283 2277 1386 2308 multa

300 2320 517 2362 'intelligibilia
527 2321 716 2358 formaliter,
725 2320 800 2352 ideo
812 2321 995 2352 intellectus
1006 2330 1075 2352 non
1086 2326 1195 2362 potest
1207 2322 1303 2354 simul
1316 2331 1385 2353 esse

300 2365 362 2409 illa-
375 2365 479 2397 multa
499 2366 534 2396 in
558 2372 632 2396 actu
653 2365 810 2407 perfecto.
834 2366 928 2404 Quae
948 2375 1026 2397 vero
1041 2375 1099 2407 per
1118 2376 1217 2398 unam
1242 2368 1385 2408 speciem

303 2407 537 2451 intelliguntur,
562 2419 629 2441 non
654 2415 730 2442 sunt
752 2411 856 2442 multa
882 2410 1093 2452 intelligibilia
1117 2410 1304 2450 formaliter,
1329 2412 1385 2444 sed

303 2465 420 2487 unum.
445 2455 522 2486 ldeo
547 2455 730 2487 intellectus
753 2461 862 2496 potest
877 2456 974 2487 simul
990 2465 1060 2487 esse
1075 2455 1130 2487 illa
1144 2457 1248 2487 multa
1259 2456 1292 2487 in
1309 2463 1384 2488 actu

218 2536 221 2543 A
297 2499 461 2542 perfecto.
485 2498 583 2531 Tunc
602 2500 702 2538 enim,
718 2500 802 2531 sicut
818 2506 867 2531 est
881 2503 968 2532 unus
982 2500 1166 2532 intellectus
1182 2502 1216 2532 in
1233 2507 1317 2538 actu,
1334 2503 1383 2533 in-

179 2562 187 2572 <
263 2583 265 2585 ι
305 2549 464 2586 quantum
482 2545 578 2575 unica
590 2545 699 2587 specie
714 2545 875 2586 intelligit,
887 2546 932 2576 ita
948 2551 996 2576 est
1011 2555 1116 2576 unum
1131 2546 1333 2578 intellectum
1350 2547 1383 2578 in

227 2588 231 2596 '
304 2594 390 2627 actu,
407 2590 603 2631 inquantum
619 2589 673 2620 illa
688 2590 791 2621 multa
807 2590 902 2621 unica
919 2591 1027 2631 specie
1043 2591 1277 2631 intelliguntur.

340 2632 502 2665 ‘'Adverte
518 2639 638 2672 autem,
650 2639 688 2666 ut
703 2635 736 2666 in
753 2635 1000 2676 superioribus*
1015 2635 1128 2676 patuit,
1146 2635 1237 2676 quod
1249 2645 1316 2666 non
1330 2645 1383 2666 so-

272 2690 275 2694 *
302 2679 374 2711 lum
391 2688 429 2709 ex
445 2679 568 2710 unitate
584 2679 705 2720 speciei
722 2680 824 2710 multa
842 2689 901 2720 per
917 2689 1017 2710 unam
1037 2681 1181 2720 speciem
1197 2690 1383 2722 repraesen-

297 2724 369 2755 'ta‘ta
393 2723 546 2754 dicuntur
568 2732 675 2755 unum
693 2723 905 2764 intelligibile,
922 2723 979 2755 sed
995 2724 1093 2755 etiam
1110 2734 1148 2755 ex
1173 2734 1238 2755 una
1255 2724 1381 2755 formali

303 2767 476 2808 rationein
487 2768 566 2810 ipsis
578 2768 719 2799 inventa.
737 2768 870 2800 Dictum
888 2773 936 2799 est
947 2769 1035 2800 enim
1047 2770 1206 2809 superius,
1221 2769 1260 2800 de
1273 2775 1383 2800 mente

297 2806 413 2844 Sancti
428 2807 591 2850 Thomae,
608 2813 700 2854 quod
715 2814 773 2844 uni
789 2814 910 2854 speciei
925 2813 1120 2854 intelligibili
1135 2819 1267 2855 oportet
1282 2824 1382 2845 unam

305 2856 477 2896 formalem
492 2857 654 2889 rationem
670 2858 935 2899 correspondere.
953 2858 994 2889 Et
1010 2868 1049 2888 ex
1067 2858 1128 2889 hac
1143 2859 1264 2890 habent
1279 2859 1383 2890 multa

303 2906 342 2932 ut
353 2901 417 2932 sint
433 2908 538 2933 unum
549 2899 755 2944 intelligibile
764 2901 952 2940 formaliter,
969 2903 1099 2944 sintque
1111 2913 1180 2935 uno
1193 2910 1268 2934 actu
1280 2905 1320 2934 ab
1333 2905 1382 2934 in-

304 2944 438 2990 tellectu
453 2947 726 2988 cognoscibilia.—
737 2947 830 2979 Patet
840 2953 950 2979 autem
966 2947 1050 2978 hanc
1063 2957 1132 2979 esse
1144 2954 1290 2979 mentem
1303 2948 1382 2980 San-

305 2990 348 3022 c'ti
371 2989 627 3033 Thomala-quia
649 2988 703 3023 liic
725 2992 760 3023 in
782 2992 951 3024 intellectu
969 2997 1083 3023 nosue
1108 2991 1325 3034 exemplificat
1343 2993 1383 3023 de

304 3034 415 3066 multis
426 3035 472 3067 ad
482 3034 619 3078 invicem
631 3033 819 3079 compositis
831 3038 883 3068 vel
894 3037 1018 3073 relatis,
1033 3045 1117 3077 quae
1130 3043 1257 3068 constat
1264 3034 1305 3068 'in
1317 3047 1383 3068 una

305 3078 613 3112 communi'ratione
630 3082 816 3113 convenire.
829 3080 872 3112 Et
881 3081 988 3113 Prima
1000 3082 1104 3119 Parte,
1117 3082 1194 3113 loco
1207 3083 1345 3123 allegato
1355 3083 1382 3121 ³,

305 3124 524 3165 exemplificat
539 3124 579 3156 de
589 3125 902 3170 partibus‘continui
924 3131 956 3158 et
971 3127 1223 3168 propositionis,
1242 3137 1325 3167 quae
1349 3127 1383 3157 in

303 3173 374 3200 toto
392 3170 603 3207 conveniunt,
620 3175 652 3200 et
667 3170 708 3200 de
722 3170 932 3212 comparatis,
950 3181 1034 3213 quae
1051 3173 1253 3203 conveniunt
1267 3173 1302 3202 in
1319 3181 1383 3202 una

305 3215 561 3254 comparatione.

361 3258 415 3289 vi.
430 3257 525 3290 Circa
540 3258 622 3289 illud
637 3259 728 3299 quod
744 3259 852 3300 inquit
866 3259 1004 3291 Sanctus
1019 3260 1165 3291 Thomas
1176 3261 1204 3297 ⁴⁸,
1226 3260 1382 3300 quoniam

306 3299 417 3334 omnia
439 3313 524 3344 quae
547 3303 765 3345 intelligentia
783 3313 849 3345 per
871 3313 970 3335 unam
990 3306 1127 3346 speciem
1143 3305 1322 3347 cognoscit,
1340 3305 1383 3335 si—

306 3348 375 3378 mul
397 3353 472 3379 actu
497 3348 677 3390 cognoscit,
703 3347 840 3379 dubium
871 3349 1039 3383 curiosum
1066 3350 1218 3380 occurrit.
1246 3350 1309 3384 An,
1334 3350 1383 3379 in-

306 3395 416 3432 quam,
439 3393 484 3423 ita
507 3392 560 3423 illa
584 3398 762 3433 cognoscat
785 3394 879 3424 simul
898 3393 988 3433 quod
1007 3395 1118 3425 omnia
1140 3393 1238 3424 'simul
1263 3393 1303 3424 de
1326 3403 1383 3423 ne-

306 3437 453 3467 cessitate
477 3443 664 3478 cognoscat,
688 3447 756 3468 non
775 3438 946 3478 possitque
969 3447 1074 3469 unum
1091 3438 1295 3469 considerare
1320 3438 1382 3468 alio

305 3489 374 3510 non
398 3479 624 3525 considerato?
646 3482 699 3512 An
723 3483 833 3523 potius
857 3482 983 3513 dicatur
1006 3483 1053 3513 sic
1074 3491 1172 3524 posse
1196 3483 1307 3513 omnia
1331 3482 1383 3512 illa

306 3524 403 3556 simul
427 3528 636 3566 cognoscere,
668 3527 759 3567 quod
789 3532 899 3557 tamen
931 3537 1036 3558 unum
1063 3527 1167 3567 possit
1189 3528 1258 3557 sine
1282 3527 1382 3556 altero

306 3569 510 3600 considerare
533 3571 559 3600 si
575 3569 733 3602 voluerit?
750 3572 847 3616 Vssfbi
864 3572 974 3612 gratia,
992 3581 1068 3602 cum
1085 3572 1196 3602 omnia
1216 3571 1383 3602 individua

305 3614 448 3644 humana
479 3620 553 3645 actu
585 3615 752 3646 existentia
776 3626 833 3656 per
860 3617 1003 3656 speciem
1028 3615 1214 3656 quidditatis
1241 3615 1383 3645 hominis

306 3664 492 3697 cognoscat,
521 3659 659 3690 dubium
683 3666 730 3690 est
757 3671 807 3698 an,
833 3660 956 3691 utendo
981 3661 1089 3701 specie
1114 3659 1299 3700 quidditatis
1323 3659 1383 3689 hu-

447 3720 541 3744 Smma
561 3721 671 3745 Cosraa
693 3721 826 3746 Ges-mss
847 3722 878 3746 D.
893 3722 1009 3746 Tuomst
1028 3722 1097 3745 Toni.
1113 3721 1130 3745 l.

129 3085 214 3107 amn,
229 3086 250 3102 2.
266 3092 275 3096 -

173 3106 216 3130 ult.
234 3108 274 3129 cit.

61 3081 100 3132 ix.

61 3258 72 3271 ⁸
86 3257 124 3282 Cs-
138 3264 241 3283 nauhu.

2425 282 2495 317 601

1430 361 1555 387 manae,
1583 353 1764 382 necessario
1796 362 1911 383 omnes
1942 354 2092 384 homines
2119 355 2224 386 videat
2252 362 2283 386 et
2311 357 2501 393 consideret,

1430 405 1499 425 non
1515 397 1684 436 possitque
1701 397 1824 427 denno
1847 399 1981 428 homine
1997 399 2202 430 considerare
2222 401 2301 440 quin
2323 401 2502 432 consideret

1432 439 1472 469 de
1488 441 1655 470 omnibus:
1674 450 1714 470 an
1730 443 1832 480 possit
1847 452 1904 482 per
1921 452 1993 472 eam
2009 444 2048 473 de
2074 444 2270 484 Imperatore
2290 446 2502 482 considerare,

1431 493 1499 512 non
1523 484 1758 515 considerando
1779 486 1819 516 de
1842 487 1930 526 Rege
1955 487 2129 518 Franciae:

1490 527 1672 567 Utrumque
1697 530 1784 559 enim
1809 530 1934 560 videtur
1958 533 2117 562 rationem
2145 533 2271 563 habere.
2303 534 2385 563 Nam
2414 534 2503 574 quod

1433 573 1614 601 necessario
1640 575 1749 602 omnia
1774 574 1888 610 videat,
1912 577 2040 614 probari
2058 583 2164 616 potest
2181 579 2255 617 quia
2272 580 2395 617 species
2411 580 2502 609 intel-

1406 642 1408 647 ,
1433 615 1562 654 ligibilis
1586 617 1770 646 naturaliter
1794 624 1825 647 et
1849 620 2024 658 aequaliter
2048 623 2157 650 omnia
2181 631 2237 661 per
2260 623 2363 662 ipsam
2387 623 2503 653 intelli-

1434 660 1542 698 gibilia
1558 666 1632 690 actu
1657 662 1821 691 existentia
1837 670 2061 702 repraesentat.
2087 666 2182 704 Erg0,
2200 667 2225 696 si
2245 667 2424 697 intellectus
2440 677 2504 697 una

1434 705 1542 743 specie
1566 704 1724 744 intelligit,
1749 715 1818 735 non
1845 713 1952 746 potest
1982 717 2049 737 non
2082 710 2282 740 considerare
2315 713 2423 742 omnia
2447 721 2504 752 per

1434 748 1538 787 ipsam
1562 749 1787 788 intelligibilia:
1813 759 1889 780 cum
1913 752 1981 790 ipsa
2005 754 2128 791 species
2143 763 2210 783 non
2234 756 2336 794 possit
2359 756 2412 786 illa
2435 765 2504 786 non

1435 800 1683 832 repraesentare.
1700 811 1720 815 -
1739 793 1960 824 Confirmatur
1983 797 2089 826 etiam.
2120 798 2205 834 Quia
2236 799 2382 830 videmus
2413 800 2504 840 quod

1436 837 1526 866 Deus
1548 846 1617 867 non
1641 843 1748 877 potest
1764 839 1963 869 non-habere
1980 841 2138 870 actualem
2159 843 2449 874 considerationem
2465 845 2504 874 de

1437 882 1590 911 omnibus
1606 881 1867 921 intelligibilibus,
1892 884 1968 923 quia
1984 886 2120 914 essentia
2137 885 2242 915 divina
2259 889 2378 924 omnia,
2394 889 2505 918 saltem

1436 926 1585 965 positiva,
1610 927 1794 956 naturaliter
1817 934 2041 967 repraesentat.

1493 970 1594 1007 Quod
1617 977 1724 1001 autem
1750 981 1817 1001 non
1841 973 2021 1002 necessario
2045 973 2160 1010 videat,
2186 975 2276 1014 argui
2300 981 2406 1015 potest
2430 977 2506 1016 quia

1436 1014 1618 1045 intellectus
1643 1022 1763 1052 noster,
1794 1025 1851 1055 per
1883 1018 2025 1057 speciem
2056 1019 2196 1048 hominis
2225 1020 2416 1060 intelligens,
2439 1030 2507 1050 non

1438 1060 1548 1089 omnia
1572 1069 1630 1099 per
1653 1060 1740 1090 illam
1764 1062 1906 1100 speciem
1930 1063 2162 1101 cognoscibilia
2178 1063 2217 1093 de
2241 1064 2375 1094 homine
2397 1074 2507 1095 neces-

1437 1104 1521 1133 sario
1545 1104 1741 1134 considerat:
1766 1114 1841 1135 nam
1866 1112 1972 1145 potest
1996 1106 2034 1136 de
2058 1107 2130 1146 ipso
2155 1108 2358 1139 considerare
2382 1115 2508 1140 tantum

1437 1148 1529 1188 quod
1552 1150 1728 1179 substantia
1747 1150 1796 1185 sit,
1813 1159 1880 1180 non
1897 1151 2132 1181 considerando
2150 1153 2240 1192 quod
2255 1154 2295 1183 sit
2318 1154 2436 1184 animal
2453 1160 2508 1184 aut

1410 1222 1412 1235 Ι
1439 1192 1530 1232 quod
1553 1194 1592 1223 sit
1616 1194 1789 1224 rationalis.
1807 1195 1892 1234 Ergo
1918 1202 1948 1225 et
1972 1196 2104 1235 angelus
2120 1206 2187 1226 non
2205 1198 2314 1227 omnia
2336 1207 2394 1237 per
2409 1208 2508 1229 unam

1437 1238 1581 1277 speciem
1605 1239 1644 1268 ab
1668 1239 1739 1278 ipso
1764 1240 1995 1279 cognoscibilia
2019 1242 2198 1271 necessario
2216 1242 2406 1272 considerat.

1495 1291 1525 1312 2.
1543 1283 1607 1313 Sed
1623 1283 1698 1313 licet
1715 1289 1850 1323 utraque
1862 1294 1934 1324 pars
1951 1285 2045 1315 huius
2061 1285 2150 1315 dubii
2166 1287 2372 1325 probabiliter
2385 1293 2508 1317 susten-

1437 1327 1496 1356 tari
1519 1328 1632 1367 possit,
1657 1328 1799 1358 secunda
1822 1335 1940 1365 tamen,
1957 1336 2089 1369 propter
2105 1331 2262 1360 rationem
2279 1331 2460 1368 adductam,
2478 1339 2509 1362 et

1437 1378 1572 1412 propter
1601 1373 1697 1402 verba
1729 1373 1837 1403 Sancti
1861 1373 2020 1410 Thomae,
2043 1375 2122 1404 mihi
2152 1376 2350 1415 probabilior
2373 1376 2507 1406 videtur.

1438 1416 1523 1447 Nam
1546 1417 1580 1447 in
1597 1417 1662 1455 Qu.
1679 1417 1719 1448 de
1740 1418 1848 1453 Verit.‚
1866 1427 1897 1458 q.
1913 1428 1979 1454 vui,
1995 1429 2023 1448 a.
2047 1419 2094 1455 13,
2118 1420 2317 1460 respondens
2336 1421 2375 1450 ad
2395 1430 2509 1451 secun-

1437 1461 1518 1492 dum
1534 1468 1566 1492 et
1590 1462 1630 1492 ad
1647 1463 1798 1492 ultimum
1815 1470 2051 1502 argumentum,
2069 1465 2186 1504 quibus
2209 1465 2404 1505 probabatur
2420 1466 2510 1505 quod

1437 1506 1572 1546 angelus
1588 1513 1695 1547 potest
1712 1516 1910 1547 cognoscere
1926 1508 2074 1538 cordium
2091 1510 2312 1549 cogitationes,
2334 1512 2408 1549 quia
2424 1510 2511 1540 videt

1437 1551 1562 1592 species
1587 1559 1618 1582 et
1641 1552 1767 1582 habitus
1791 1552 1823 1582 in
1850 1559 1959 1582 mente
1983 1553 2087 1592 angeli
2111 1555 2290 1590 existentes,
2315 1561 2408 1594 negat
2432 1565 2510 1585 con-

1438 1597 1660 1636 sequentiam:
1693 1596 1732 1627 ad
1763 1597 1943 1627 secundum
1976 1597 2118 1637 quidem,
2149 1600 2225 1639 quia
2250 1609 2291 1629 ex
2318 1609 2384 1629 una
2407 1601 2511 1640 specie

1438 1650 1536 1682 quam
1561 1641 1742 1671 intellectus
1760 1651 1862 1681 penes
1884 1652 1918 1671 se
1940 1643 2044 1678 habet,
2069 1644 2102 1672 in
2126 1643 2272 1674 diversas
2295 1645 2511 1685 cogitationes

1432 1686 1559 1726 prodit,
1583 1687 1667 1717 sicut
1690 1696 1754 1727 pet·
1776 1687 1911 1726 speciem
1936 1687 2075 1717 hominis
2099 1689 2193 1718 varia
2217 1689 2257 1718 de
2287 1688 2416 1718 homine
2432 1698 2511 1728 pos-

1439 1739 1552 1762 sumus
1568 1732 1735 1772 συείων-8,·
1759 1733 1798 1761 ad
1820 1732 1971 1762 ultimum
1995 1741 2083 1767 vero,
2099 1733 2175 1772 quia
2201 1741 2242 1762 ex
2266 1742 2331 1762 una
2354 1734 2512 1764 habituali

1439 1776 1556 1806 notitia
1572 1777 1694 1806 multae
1718 1776 1996 1807 considerationes
2012 1778 2157 1807 actuales
2174 1779 2446 1818 progrediuntur-2
2466 1779 2512 1808 Ex

1437 1822 1476 1851 iis
1492 1821 1581 1851 enim
1597 1822 1701 1851 verbis
1717 1828 1850 1861 apparet
1867 1821 1906 1851 de
1919 1827 2028 1851 mente
2045 1821 2152 1852 Sancti
2166 1822 2313 1852 'rhomae
2338 1832 2405 1852 esse
2423 1823 2511 1863 quod

1439 1866 1583 1906 angelus,
1602 1876 1665 1896 uua
1682 1868 1789 1906 specie
1806 1866 2014 1896 intellectuali
2033 1872 2135 1902 utens,
2153 1877 2219 1897 non
2237 1869 2416 1897 necessario
2433 1878 2511 1898 con-

1438 1910 1555 1941 siderat
1571 1911 1682 1941 omnia
1697 1920 1755 1951 per
1774 1912 1876 1950 ipsam
1894 1912 2136 1951 cognoscibilia,
2154 1912 2209 1941 sed
2226 1919 2331 1951 potest
2349 1912 2438 1951 quod
2455 1923 2511 1942 vo-

1438 1956 1534 1986 luerit
1550 1965 1588 1986 ex
1611 1956 1673 1986 illis
1694 1955 1913 1986 considerare:
1939 1963 1970 1986 et
1993 1962 2125 1996 propter
2148 1957 2211 1986 hoc
2234 1966 2300 1987 non
2325 1963 2453 1997 oportet
2477 1964 2512 1988 ut

1439 2010 1643 2042 cognoscens
1667 2001 1812 2031 habitum
1842 2007 1897 2031 aut
1927 2002 2079 2041 speciem,
2105 2008 2280 2041 cognoscat
2303 2001 2511 2032 determinate

1439 2045 1519 2086 quid
1542 2054 1600 2086 per
1623 2045 1711 2076 illam
1731 2046 1873 2085 speciem
1889 2051 1944 2076 aut
1960 2047 2104 2076 habitum
2120 2047 2300 2076 intellectus
2320 2047 2510 2077 consideret.

1495 2090 1704 2131 Quapropter
1727 2090 1894 2130 probabile
1918 2091 1998 2120 mihi
2015 2091 2140 2121 videtur
2157 2091 2247 2131 quod
2263 2093 2303 2121 sit
2319 2093 2351 2121 in
2369 2092 2511 2121 libertate

1439 2135 1545 2176 angeli
1562 2136 1608 2166 uti
1626 2145 1690 2165 una
1714 2136 1821 2175 specie
1837 2135 2045 2166 intellectuali
2069 2136 2247 2166 secundum
2272 2136 2511 2176 beneplacitum

1439 2190 1547 2211 suum.
1566 2181 1675 2211 Potest
1691 2178 1779 2211 enim
1796 2181 1907 2211 omnia
1923 2181 2018 2211 simul
2036 2180 2183 2211 distincte
2196 2190 2403 2221 cognoscere,
2416 2182 2441 2211 si
2454 2191 2511 2210 vo-

1439 2226 1545 2262 luerit,
1563 2235 1647 2266 quae
1666 2235 1724 2266 per
1740 2235 1839 2256 unam
1855 2226 1997 2266 speciem
2015 2227 2168 2265 cognosci
2185 2232 2331 2266 possunt,
2351 2226 2510 2256 eliciendo

1440 2269 1590 2301 videlicet
1601 2276 1711 2301 actum
1724 2271 1769 2300 illi
1782 2271 1902 2311 speciei
1918 2271 2144 2311 adaequatum.
2162 2271 2203 2301 Et
2215 2277 2322 2311 potest
2333 2271 2401 2310 ipsa
2414 2271 2459 2300 uti
2472 2270 2511 2300 ad

1439 2324 1544 2347 unum
1558 2321 1683 2346 tantum
1696 2321 1751 2346 aut
1764 2316 1856 2355 plura
1867 2315 1998 2345 illorum
2011 2315 2227 2355 intelligenda,
2240 2325 2307 2346 non
2320 2322 2427 2345 autem
2441 2324 2511 2345 om-

1439 2362 1503 2397 nia,
1512 2366 1621 2391 actum
1634 2360 1680 2390 illi
1691 2361 1810 2400 speciei
1823 2360 2074 2400 inadaequatum
2087 2366 2118 2390 et
2130 2360 2333 2391 deficientem
2343 2360 2501 2390 eliciendo

1497 2405 1527 2436 3.
1551 2405 1603 2435 Ad
1626 2406 1786 2435 rationem
1802 2410 1911 2435 autem
1926 2405 1960 2435 in
1977 2406 2167 2446 oppositum
2183 2405 2396 2445 respondetur
2412 2405 2511 2444 quod,

1438 2450 1514 2480 licet
1530 2450 1655 2490 species
1671 2449 1879 2489 intelligibilis
1899 2450 2085 2480 naturaliter
2097 2456 2128 2480 et
2140 2450 2315 2490 aequaliter
2331 2450 2440 2480 omnia
2455 2458 2511 2488 per

1438 2495 1544 2535 ipsam
1567 2494 1779 2534 intelligibilia
1803 2500 2020 2534 repraesentet
2044 2495 2246 2524 habitualiter
2266 2500 2297 2524 et
2320 2493 2511 2534 imperfecto

1438 2539 1552 2575 modo,
1569 2548 1638 2570 non
1661 2545 1771 2569 tamen
1795 2539 1961 2569 actualiter
1976 2545 2007 2569 et
2022 2538 2180 2579 perfecte:
2206 2539 2272 2577 sed,
2297 2539 2378 2568 sicut
2401 2548 2438 2568 ex
2463 2540 2512 2568 in-

1438 2585 1586 2615 tentione
1609 2583 1784 2614 voluntatis
1801 2593 1877 2614 suae
1900 2585 2051 2623 provenit
2075 2583 2165 2623 quod
2189 2583 2247 2613 hac
2265 2583 2371 2622 specie
2392 2588 2508 2618 utatur,

1439 2635 1470 2659 et
1493 2633 1734 2669 consequenter
1750 2629 1840 2668 quod
1863 2629 2029 2658 actualiter
2044 2629 2077 2658 in
2095 2634 2167 2658 actu
2184 2627 2328 2667 perfecto
2346 2628 2385 2656 sit
2408 2628 2440 2656 in
2462 2628 2510 2656 in-

1438 2673 1580 2710 tellectu,
1604 2675 1647 2703 ita
1664 2683 1702 2703 ex
1719 2673 1898 2703 intentione
1915 2674 1983 2703 eius
2006 2674 2154 2712 provenit
2171 2671 2260 2711 quod
2277 2671 2315 2701 ad
2329 2671 2510 2701 considera—

1437 2719 1562 2749 tionem
1586 2718 1677 2748 istius
1697 2723 1752 2747 aut
1774 2717 1859 2747 illius
1875 2727 1932 2757 per
1955 2718 2056 2757 ipsam
2081 2716 2306 2756 cognoscibilis
2322 2716 2509 2755 applicetur.

1495 2768 1547 2799 Ad
1570 2765 1854 2799 confirmationem
1879 2767 1994 2797 dicitur
2018 2767 2108 2807 quod
2132 2776 2197 2796 non
2223 2771 2270 2796 est
2293 2765 2405 2795 eadem
2429 2766 2509 2794 ratio

1439 2813 1479 2844 de
1503 2813 1575 2844 Deo
1600 2819 1632 2843 et
1659 2812 1698 2843 de
1722 2812 1849 2852 angelo.
1874 2811 1959 2850 Quia
1993 2813 2128 2841 essentia
2160 2811 2266 2841 divina
2290 2810 2455 2840 actualiter
2479 2815 2509 2839 et

1437 2857 1583 2898 perfecto
1607 2857 1720 2896 modo,
1745 2867 1783 2887 ex
1812 2858 1940 2897 propria
1963 2857 2014 2886 sui
2037 2862 2159 2894 natura,
2184 2856 2293 2885 omnia
2324 2864 2340 2883 a
2365 2855 2436 2884 Deo
2460 2855 2509 2883 in—

1437 2903 1615 2943 telligibilia
1638 2907 1855 2941 repraesentat
1879 2900 1934 2942 (de
1958 2901 2103 2940 positivis
2120 2895 2296 2939 intelligo),
2322 2904 2352 2928 et
2376 2898 2508 2928 actualis

1436 2957 1494 2978 sua
1518 2946 1771 2986 repraesentatio
1796 2955 1834 2975 ex
1858 2946 1927 2975 eius
1952 2945 2117 2975 voluntate
2140 2954 2207 2974 non
2232 2943 2402 2983 dependet.
2429 2942 2507 2981 Spe-

1439 2993 1503 3022 cies
1516 2997 1625 3022 autem
1638 2990 1819 3021 intellectus
1833 2990 1969 3029 angelici
1986 2999 2023 3019 ex
2039 2999 2072 3019 se
2089 2998 2153 3018 non
2171 2993 2386 3027 repraesentat
2401 2993 2507 3016 actua-

1437 3037 1510 3067 liter
1533 3042 1564 3066 et
1587 3034 1730 3076 perfecte
1754 3035 1860 3075 ipsum
1885 3034 2083 3073 intelligibile
2106 3042 2163 3072 per
2178 3033 2290 3072 ipsam,
2308 3031 2363 3061 sed
2383 3037 2507 3061 tantum

1437 3080 1642 3111 habitualiter
1666 3086 1696 3110 et
1720 3078 1924 3119 imperfecte:
1950 3077 2039 3116 quod
2064 3083 2171 3107 autem
2196 3076 2359 3106 actualiter
2382 3085 2508 3115 reprae-

1438 3131 1552 3163 sentet,
1577 3134 1616 3154 ex
1639 3124 1805 3154 voluntate
1830 3122 1999 3162 dependet.

1496 3169 1564 3199 VII.
1580 3168 1674 3199 Circa
1690 3168 1776 3198 illam
1794 3167 2061 3206 propositionem,
2076 3165 2114 3194 In
2133 3165 2294 3195 intellectu
2310 3164 2508 3194 substantiae

1437 3219 1610 3254 separatae
1626 3218 1673 3243 est
1695 3212 1852 3252 quaedam
1870 3210 2160 3251 intelligentiarum
2181 3209 2350 3244 successio,
2376 3218 2442 3238 non
2459 3212 2507 3238 ta-

1438 3269 1510 3288 men
1535 3263 1650 3292 motus,
1675 3256 1814 3296 proprie
1838 3255 2008 3295 loquendo,
2041 3263 2112 3283 cum
2142 3263 2206 3283 non
2235 3253 2386 3283 succedat
2416 3257 2507 3282 actus

1433 3303 1609 3344 potentiae,
1631 3301 1688 3331 sed
1709 3306 1800 3330 actus
1819 3300 1907 3329 actui
1919 3300 1945 3335 *,
1970 3298 2199 3329 advertendum
2225 3298 2314 3337 quod
2338 3296 2508 3337 dupliciter

1438 3353 1546 3388 potest
1562 3346 1706 3385 intelligi,
1723 3343 1902 3374 secundum
1919 3342 2009 3382 quod
2024 3342 2056 3371 in
2074 3347 2147 3372 ante
2163 3343 2179 3358 ⁴*
2200 3342 2314 3371 habitis
2338 3341 2508 3380 dupliciter

1439 3392 1649 3432 exposuimus
1674 3389 1849 3427 intelligere
1867 3397 1934 3417 esse
1955 3392 2081 3416 motum
2100 3386 2261 3416 existentis
2285 3387 2316 3415 in
2335 3391 2418 3423 actu,
2438 3395 2507 3415 non
2535 3407 2555 3421 Δ.

1437 3442 1547 3466 autem
1572 3433 1734 3465 existentis
1759 3433 1790 3462 in
1815 3432 1970 3471 potentia.
1997 3430 2028 3460 Si
2054 3431 2139 3460 enim
2165 3430 2389 3469 operationem
2413 3429 2508 3460 intel-

1437 3480 1557 3520 ligendi
1582 3478 1757 3508 referamus
1781 3476 1820 3506 ad
1844 3475 2077 3514 intelligentem
2102 3481 2257 3514 tanquam
2281 3474 2320 3504 ad
2351 3475 2507 3514 suscepti-

1437 3534 1526 3563 vum,
1544 3524 1588 3553 sic
1605 3522 1754 3558 diximus,
1772 3520 1811 3550 de
1827 3525 1935 3549 mente
1950 3519 2234 3557 Commentatoris,
2248 3518 2339 3558 quod
2355 3524 2403 3548 est
2419 3524 2508 3549 actus

1438 3568 1599 3599 existentis
1612 3567 1643 3596 in
1658 3570 1731 3594 actu
1744 3565 1937 3603 inquantum
1956 3569 2002 3593 est
2018 3563 2167 3593 ultimum
2187 3563 2464 3602 complementum
2478 3570 2509 3593 et

1410 3625 1411 3636 ¹
1437 3623 1503 3644 non
1527 3611 1680 3649 relinquit·
1700 3618 1795 3638 suum
1820 3609 2038 3647 susceptivum
2057 3608 2087 3636 in
2106 3609 2249 3646 potentia
2267 3607 2306 3637 ad
2322 3607 2508 3637 ulteriorem

1409 3637 1412 3699 l
1437 3663 1544 3687 actum
1563 3664 1619 3694 per
1636 3655 1752 3692 ipsum,
1772 3658 1805 3682 ut
1822 3653 1876 3690 sic,
1895 3652 2138 3691 acquirendum,
2157 3657 2191 3681 ut
2207 3650 2283 3681 facit
2300 3657 2409 3682 motus
2433 3662 2508 3691 pro—

2324 3713 2373 3746 75*

2535 3298 2544 3305 ⁶
2561 3295 2596 3317 ef.
2613 3302 2676 3317 nurn.
2689 3302 2714 3316 u.

2535 3341 2543 3349 ·
2572 3339 2628 3367 Cap.
2660 3346 2749 3363 Lxxxu,

2535 3366 2749 3388 commeamus-nr

2536 3399 2546 3406 η
