2768 4134
2 352 63 375 ·ct
78 358 102 376 ιι.
120 358 147 380 ιι,
165 351 219 374 Non

3 379 83 403 etiam.

0 3169 8 3185 '
17 3169 77 3199 c-p.
89 3176 112 3198 ι,
125 3177 181 3193 uv.

0 3320 7 3346 Ϊ·
18 3327 77 3357 etp.
91 3334 167 3357 praec.

0 3431 77 3462 ,⁸0p.
91 3440 188 3457 mxxii.

0 3537 8 3554 ⁹
20 3537 77 3567 cip.
92 3545 141 3561 xxi.

575 275 763 312 SUMMA
793 274 1015 312 CONTRA
1043 274 1318 320 GENTILES,
1346 274 1440 311 LIB.
1461 274 1502 319 II,
1533 272 1645 310 CAP.
1669 273 1877 319 LXXXVI,
1896 273 2120 310 LXXXVII.

301 354 355 384 IV.
381 353 533 385 Secundo
551 354 590 384 ad
606 354 693 384 idem
709 355 735 384 ff.
760 355 880 385 Anima
902 354 1096 385 intellectiva
1119 363 1187 384 non
1210 358 1318 394 potest

246 398 342 429 educi
357 398 398 429 de
413 398 559 439 potentia
574 399 737 436 materiae,
757 404 794 429 ut
809 399 957 439 superius
973 404 1021 429 est
1037 404 1213 429 ostensum.
1231 398 1317 438 Ergo

245 452 314 474 non
338 452 396 484 per
411 443 565 474 virtutem
581 443 772 474 existentem
788 444 820 474 in
838 444 962 474 semine
985 442 1185 484 producitur.
1202 461 1224 464 —
1239 442 1317 473 Pro-

245 488 340 518 batur
363 488 607 528 consequentia.
635 487 720 525 Quia
745 488 852 518 omnis
876 487 981 518 forma
1005 497 1089 528 quae
1113 487 1262 518 educitur
1284 487 1318 517 in

245 541 315 562 esse
330 541 389 572 per
404 532 708 563 transmutationem
724 533 887 569 materiae,
900 533 983 563 sicut
994 537 1042 563 est
1058 531 1098 562 de
1113 531 1218 563 forma
1234 541 1318 572 quae

244 577 362 607 virtute
386 578 517 607 seminis
541 575 743 617 producitur,
767 582 815 607 est
838 576 943 607 forma
969 577 1085 608 educta
1110 576 1150 607 de
1172 576 1318 616 potentia

244 622 407 652 materiae.

303 675 332 696 2.
350 665 463 696 Tertio
479 664 520 695 ad
535 663 633 696 idem.
652 664 767 695 Omnis
783 666 868 696 actio
885 666 1009 696 virtutis
1033 674 1117 706 quae
1139 670 1186 695 est
1211 665 1245 695 in
1269 674 1318 695 se-

243 710 344 746 mine,
370 715 417 740 est
440 718 499 749 per
520 710 673 739 virtutem
698 719 907 750 corpoream:
938 710 1002 750 agit
1026 710 1113 740 enim
1140 709 1242 739 virtus
1265 708 1320 739 illa

243 754 407 784 mediante
432 753 539 784 calore
563 753 657 793 ignis,
681 754 762 784 caeli
785 759 817 785 et
847 755 984 785 animae.
1008 754 1095 795 Ergo
1119 763 1187 784 non
1211 758 1320 794 potest

244 798 352 828 anima
374 799 494 828 virtute
517 798 649 828 seminis
671 798 820 839 produci.
844 816 867 821 —
890 799 1048 829 Probatur
1074 798 1318 838 consequentia.

244 842 331 880 Quia
353 843 443 873 nulla
458 843 559 873 virtus
575 843 678 873 activa
693 843 758 883 agit
773 843 857 874 ultra
878 852 976 874 suum
992 853 1106 883 genus.
1126 843 1246 873 Anima
1261 852 1318 873 au-

243 893 310 918 tem
334 887 529 918 intellectiva
553 887 679 918 excedit
701 893 808 918 totum
831 897 934 928 genus
958 897 1145 928 corporum.

300 931 364 962 Sed
394 931 521 962 videtur
544 932 604 963 ista
627 932 709 962 ratio
736 941 806 962 non
833 931 1040 963 concludere.
1072 932 1202 963 Diceret
1229 931 1317 962 enim

244 975 361 1016 aliquis
378 976 478 1017 quod,
495 976 571 1007 licet
586 976 675 1007 nulla
690 977 790 1007 virtus
807 977 909 1007 activa
929 976 1117 1017 principalis
1140 982 1212 1017 agat
1234 976 1318 1006 ultra

244 1030 341 1051 suum
356 1030 470 1061 genuS,
486 1021 587 1051 virtus
602 1026 712 1052 tamen
728 1021 980 1052 instrumentalis
995 1026 1104 1061 potest
1122 1021 1205 1051 ultra
1221 1030 1318 1051 suum

243 1074 348 1105 genus
362 1066 481 1096 virtute
497 1066 683 1106 principalis
699 1067 822 1106 agentis
838 1075 948 1106 agere:
964 1066 1048 1096 sicut
1063 1065 1152 1096 calor
1166 1064 1319 1105 producit

245 1119 376 1140 carnem
398 1110 516 1141 virtute
540 1110 677 1146 animae,
699 1119 783 1150 quae
806 1119 909 1150 genus
933 1110 1059 1141 excedit
1082 1110 1244 1140 elementi.
1270 1109 1318 1140 Si-

243 1154 364 1185 militer
378 1159 577 1185 sacramenta
593 1159 726 1185 causant
742 1160 893 1185 ornatum
913 1155 947 1185 in
965 1155 1083 1191 anima,
1101 1155 1158 1194 qui
1174 1160 1222 1185 est
1238 1153 1317 1194 quid

244 1198 420 1240 spirituale,
432 1198 614 1230 secundum
627 1199 808 1230 doctrinam
821 1198 929 1230 Sancti
946 1199 1095 1230 Thomae
1107 1200 1134 1229 ⁴.
1152 1198 1204 1230 Sic
1221 1199 1318 1229 etiam

244 1242 370 1274 dicetur
393 1243 484 1284 quod
508 1243 608 1274 virtus
635 1243 776 1280 seminis,
801 1249 833 1274 et
860 1243 982 1274 calores
1010 1243 1129 1284 quibus
1154 1248 1316 1283 operatur,

242 1287 319 1318 licet
341 1288 490 1331 propria
496 1288 612 1329 virtute
636 1289 777 1319 animam
800 1288 1029 1319 intellectivam
1045 1287 1226 1328 producere
1248 1297 1318 1318 non

242 1330 400 1373 possint,
410 1337 488 1363 ‘eam
522 1338 632 1363 tamen
662 1337 802 1373 possunt
830 1333 948 1363 virtute
979 1333 1106 1380 animae
1135 1332 1318 1372 generantis

242 1376 434 1418 producere.

297 1420 527 1462 Respondetur
543 1430 582 1452 ex
595 1420 741 1451 doctrina
754 1420 863 1452 Sancti
875 1420 1025 1451 Thomae
1037 1421 1152 1457 Prima,
1166 1430 1197 1460 q.
1211 1430 1316 1459 cxvm,

241 1475 269 1496 a.
288 1475 318 1502 2,
335 1465 427 1507 quod
441 1475 502 1496 nec
519 1466 616 1496 etiam
632 1465 749 1496 virtute
765 1465 892 1496 animae
906 1470 1015 1505 potest
1033 1474 1144 1495 semen
1160 1474 1253 1516 agere
1277 1464 1317 1495 ad

240 1510 384 1542 animam
399 1510 630 1541 intellectivam
652 1510 756 1550 ipsam
779 1509 1004 1550 producendo.
1029 1509 1120 1540 Licet
1141 1509 1229 1539 enim
1245 1518 1317 1539 cor—

239 1563 312 1595 pus,
336 1560 374 1585 ut
396 1555 650 1585 instrumentum
668 1554 864 1584 substantiae
883 1553 1102 1584 immaterialis
1121 1554 1316 1593 inquantum

238 1599 459 1630 immaterialis
489 1604 547 1634 est,
578 1598 681 1638 possit
708 1607 802 1638 agere
831 1597 954 1637 aliquid
982 1598 1202 1633 immateriale,
1234 1597 1317 1628 sicut

237 1643 430 1684 phantasma
453 1643 570 1673 virtute
593 1642 776 1672 intellectus
800 1642 923 1682 agentis
953 1641 1106 1682 producit
1135 1642 1167 1671 in
1191 1641 1316 1672 intelle-

239 1692 330 1718 ctum
351 1687 541 1728 possibilem
562 1687 705 1727 speciem
729 1686 975 1726 intelligibilem,
1000 1695 1084 1726 quae
1105 1691 1152 1716 est
1177 1686 1314 1716 omnino

237 1731 472 1767 immaterialis;
486 1740 605 1771 corpus
617 1736 726 1761 tamen
736 1736 773 1761 ut
782 1731 1035 1760 instrumentum
1047 1730 1242 1760 substantiae
1254 1730 1315 1759 im-

237 1776 410 1807 materialis
425 1776 622 1816 inquantum
646 1780 695 1806 est
717 1780 807 1806 actus
824 1775 980 1815 corporis,
997 1784 1066 1805 non
1089 1779 1198 1815 potest
1221 1783 1315 1814 agere

237 1820 361 1861 aliquid
382 1820 605 1857 immateriale,
623 1820 699 1860 quia
722 1821 899 1851 substantia
922 1819 1140 1850 immaterialis
1164 1824 1200 1849 ut
1224 1825 1315 1849 actus

238 1866 394 1906 corporis,
410 1874 479 1896 non
502 1865 643 1906 pertinet
665 1864 705 1895 ad
729 1864 878 1895 ordinem
902 1864 1173 1900 immaterialium,
1195 1863 1252 1894 sed
1275 1863 1315 1894 ad

238 1909 387 1941 ordinem
402 1910 628 1940 materialium.
652 1908 771 1940 Semen
795 1914 904 1939 autem
927 1918 996 1939 non
1020 1909 1084 1948 agit
1106 1908 1223 1938 virtute
1246 1908 1314 1938 ani—

237 1963 311 1985 mae
331 1954 545 1985 intellectivae
568 1953 764 1994 inquantum
784 1953 922 1983 omnino
942 1951 1161 1983 immaterialis
1178 1957 1235 1988 est,
1258 1951 1314 1982 sed

236 1999 434 2040 inquantum
457 2004 505 2029 est
528 2003 619 2029 actus
643 1998 805 2049 corporis:
831 2007 908 2028 cum
923 1997 1023 2028 virtus
1038 1997 1232 2037 generativa,
1249 2006 1314 2037 qua

237 2042 401 2075 mediante
423 2043 589 2084 generatio
613 2041 660 2079 fit,
685 2042 724 2072 sit
741 2047 830 2073 actus
847 2042 1004 2082 corporis.
1028 2041 1106 2072 Ideo
1130 2050 1191 2072 nec
1216 2041 1313 2073 etiam

237 2086 433 2129 inquantum
448 2088 702 2118 instrumentum
713 2092 761 2118 est
777 2086 903 2117 animae
918 2086 1110 2127 generantis,
1122 2090 1230 2125 potest
1245 2086 1313 2116 ani-

237 2141 326 2164 mam
342 2131 534 2174 producere.
547 2131 611 2163 Sed
626 2127 720 2168 bene,
737 2131 814 2171 quia
829 2131 937 2162 anima
948 2129 1130 2161 secundum
1142 2131 1313 2161 essentiam

238 2186 330 2208 suam
354 2183 401 2208 est
423 2175 648 2208 intellectualis
673 2182 704 2206 et
727 2175 956 2212 immaterialis,
979 2175 1055 2206 licet
1077 2184 1146 2206 non
1169 2180 1242 2215 agat
1264 2175 1313 2205 in-

2372 273 2445 322 537

1372 358 1530 393 quantum
1549 358 1595 383 est
1612 352 1749 383 omnino
1765 352 1983 383 immaterialis
1999 351 2055 382 sed
2078 352 2273 393 inquantum
2289 358 2337 384 est
2358 359 2448 385 actus

1371 397 1529 438 corporis,
1546 402 1654 437 potest
1670 406 1781 427 semen
1797 397 1915 427 virtute
1934 397 2035 437 ipsius
2051 406 2144 436 agere
2161 397 2389 438 dispositiones
2408 398 2449 429 ad

1372 442 1513 472 animam
1538 441 1779 478 intellectivam,
1796 446 1828 472 et
1852 442 1897 472 sic
1922 451 2052 471 causare
2069 442 2227 472 unionem
2250 443 2352 483 ipsius
2370 452 2447 473 cum

1371 486 1514 522 materia,
1540 485 1631 525 quod
1655 491 1703 516 est
1726 495 1857 516 causare
1888 486 2029 516 animam
2059 486 2254 526 inquantum
2278 492 2326 517 est
2356 493 2446 518 actus

1372 530 1529 570 corporis,
1547 530 1630 560 sicut
1653 530 1718 570 agit
1740 530 1774 560 in
1798 530 1914 560 virtute
1938 531 2039 571 ipsius
2062 535 2098 560 ut
2114 536 2204 561 actus
2220 532 2365 572 corporis
2389 538 2446 562 est.

1428 574 1614 614 Propositio
1631 583 1708 614 ergo
1733 574 1842 605 Sancti
1858 574 2018 612 Thomae,
2040 575 2200 612 videlicet,
2217 576 2319 606 Nulla
2343 576 2447 607 virtus

1372 619 1478 650 activa
1503 618 1574 660 agit
1603 618 1690 649 ultra
1714 628 1808 649 suum
1831 628 1946 670 genus,
1972 625 2019 650 est
2042 620 2138 650 etiam
2160 629 2235 650 vera
2265 620 2304 651 de
2331 627 2447 661 agente

1371 662 1609 694 instrumentali
1632 672 1701 693 non
1725 668 1840 703 agente
1864 664 1896 694 in
1914 664 2030 694 virtute
2046 664 2168 704 agentis
2192 665 2377 712 principalis
2393 675 2446 696 su-

1372 708 1508 748 perioris
1533 706 1655 737 ordinis
1679 708 1875 747 inquantum
1907 708 2081 748 superioris
2106 708 2227 739 ordinis
2250 709 2307 746 est',
2331 709 2387 740 sed
2411 715 2447 740 ut

1372 752 1412 783 ad
1434 751 1622 782 inferiorem
1642 751 1791 782 ordinem
1806 752 1955 792 pertinet.
1972 752 2013 782 Et
2028 753 2073 783 sic
2098 762 2169 783 eam
2192 754 2348 784 intellexit
2367 754 2446 785 San-

1372 802 1443 828 ctus
1466 796 1622 827 Thomas.
1648 795 1681 827 Si
1705 802 1814 827 autem
1838 801 1910 836 agat
1933 797 1966 826 in
1987 797 2104 827 virtute
2127 799 2249 836 agentis
2273 799 2446 838 superioris

1372 841 1493 872 ordinis
1506 846 1542 871 ut
1554 841 1729 881 superioris
1746 846 1794 871 est
1809 841 1941 877 ordinis,
1958 841 2003 871 sic
2018 847 2126 881 potest
2142 851 2235 881 agere
2250 843 2333 873 ultra
2349 852 2446 874 suum

1372 895 1491 927 genus:
1517 886 1599 916 sicut
1615 885 1703 916 calor
1719 886 1784 926 agit
1799 886 1833 916 in
1849 886 1965 916 virtute
1985 886 2110 916 animae
2130 886 2324 927 inquantum
2339 888 2446 918 anima

1374 936 1430 967 est,
1455 936 1487 961 et
1510 935 1748 961 sacramentum
1772 931 1836 971 agit
1852 939 1910 970 per
1926 931 2078 961 virtutem
2094 929 2235 961 divinam
2251 932 2446 971 inquantum

1374 974 1555 1015 corporalia
1571 974 1705 1005 excedit.
1723 974 1818 1006 Unde
1834 975 2003 1005 instantiae
2019 974 2177 1005 adductae
2192 985 2261 1006 non
2277 981 2352 1006 sunt
2367 985 2446 1006 con-

1372 1025 1419 1051 tra
1442 1020 1604 1050 intentum
1627 1020 1770 1050 rationis.

1428 1064 1467 1094 V.
1489 1064 1598 1094 Tertio
1609 1063 1841 1104 principaliter
1856 1064 2014 1105 arguitur
2025 1064 2052 1094 *.
2068 1064 2188 1094 Anima
2204 1069 2251 1094 est
2269 1064 2446 1095 substantia

1372 1108 1607 1139 intellectualis.
1633 1108 1720 1148 Ergo
1744 1114 1805 1138 etc.
1821 1126 1844 1130 -
1860 1108 2018 1138 Probatur
2034 1109 2278 1148 consequentia.
2295 1108 2382 1146 Quia
2404 1109 2446 1139 ri-

1373 1153 1519 1184 diculum
1535 1157 1583 1183 est
1599 1151 1706 1183 dicere
1722 1153 1933 1183 substantiam
1956 1152 2207 1183 intellectualem
2223 1158 2279 1183 aut
2293 1162 2351 1193 per
2366 1152 2445 1184 divi-

1372 1198 1500 1228 sionem
1516 1197 1662 1237 corporis
1679 1196 1787 1234 dividi,
1804 1202 1860 1227 aut
1875 1197 1914 1227 ab
1931 1196 2039 1236 aliqua
2063 1206 2220 1237 corporea
2236 1198 2353 1228 virtute
2368 1207 2444 1238 pro-

1372 1241 1464 1272 duci:
1490 1250 1633 1282 quorum
1652 1241 1774 1272 scilicet
1789 1240 1965 1271 modorum
1982 1241 2082 1271 altero
2099 1242 2221 1282 aliquid
2236 1251 2294 1282 per
2313 1243 2443 1273 seminis

1371 1286 1611 1317 traductionem
1634 1285 1773 1326 produci
1796 1291 1904 1326 potest
1926 1285 2071 1325 intelligi.

1431 1330 1568 1367 Quarto.
1595 1330 1773 1371 Corruptio
1793 1330 1940 1370 corporis
1954 1339 2023 1360 non
2040 1336 2087 1360 est
2110 1340 2206 1361 causa
2230 1330 2321 1370 quod
2336 1331 2443 1361 anima

1372 1384 1441 1405 esse
1464 1374 1598 1405 desinat.
1624 1374 1711 1415 Ergo
1734 1384 1796 1405 nec
1819 1375 1984 1415 generatio
2002 1375 2148 1414 corporis
2165 1380 2212 1405 est
2235 1384 2330 1405 causa
2353 1375 2444 1415 quod

1370 1420 1440 1459 ipsa
1455 1419 1588 1460 incipiat
1604 1428 1683 1450 esse.
1708 1418 1771 1450 Sed
1786 1418 1946 1449 traductio
1970 1419 2101 1449 seminis
2125 1424 2172 1450 est
2195 1429 2291 1450 causa
2313 1420 2444 1460 propria

1370 1464 1587 1503 generationis
1611 1464 1767 1504 corporis.
1792 1463 1878 1503 Ergo
1903 1469 1963 1494 etc.
2117 1474 2121 1479 ·

1426 1507 1671 1538 Advertendum
1687 1507 1777 1548 quod
1793 1517 1912 1548 corpus
1934 1508 2083 1538 nominat
2102 1508 2271 1548 proprium
2294 1507 2444 1548 perfecti-

1370 1551 1434 1582 bile
1459 1553 1498 1582 ab
1522 1553 1639 1583 anima.
1655 1552 1698 1582 Et
1712 1553 1776 1582 hoc
1793 1557 1923 1592 oportet
1937 1552 2026 1592 prius
2046 1552 2199 1583 constitui
2216 1558 2248 1583 et
2266 1553 2443 1592 organizari

1370 1597 1487 1627 virtute
1511 1597 1652 1632 seminis,
1678 1602 1714 1627 ut
1737 1602 1825 1636 patet
1853 1597 1887 1626 in
1922 1597 2110 1637 embryone,
2133 1602 2170 1627 ut
2196 1598 2230 1627 in
2254 1597 2371 1627 ultimo
2394 1598 2443 1627 in-

1369 1641 1465 1671 stanti
1485 1641 1734 1681 organizationis
1750 1640 1937 1671 sufficientis
1954 1647 1985 1671 et
2000 1641 2207 1677 necessariae,
2225 1642 2332 1671 anima
2350 1642 2443 1672 intel-

1370 1685 1484 1715 lectiva
1507 1684 1740 1715 introducatur.
1765 1685 1900 1724 Propter
1922 1685 1986 1715 hoc
2009 1685 2115 1724 inquit
2139 1685 2274 1715 Sanctus
2298 1685 2444 1716 Thomas

1370 1729 1462 1770 quod
1478 1729 1641 1760 traductio
1657 1729 1788 1760 seminis
1803 1734 1851 1759 est
1865 1738 1965 1759 causa
1976 1730 2117 1769 propria
2131 1730 2355 1770 generationis
2371 1739 2443 1759 cor-

1364 1773 1479 1814 poris:
1500 1783 1569 1804 non
1594 1774 1670 1814 quia
1686 1774 1756 1814 ipsa
1771 1774 1902 1804 seminis
1919 1774 2077 1814 separatio
2094 1783 2111 1803 a
2127 1779 2310 1813 generante,
2327 1779 2360 1817 et
2375 1774 2444 1804 eius

1368 1818 1568 1849 introductio
1590 1819 1625 1848 in
1653 1819 1831 1854 matricem,
1861 1819 1900 1848 sit
1930 1819 2061 1858 propria
2092 1828 2188 1848 causa
2218 1819 2443 1858 generationis,

1369 1873 1445 1894 cum
1469 1863 1522 1893 illa
1550 1863 1723 1893 nominent
1750 1863 1959 1902 negationem
1990 1868 2022 1893 et
2050 1863 2260 1899 relationem3
2285 1862 2341 1893 sed
2368 1863 2444 1903 quia

1368 1916 1480 1938 semen
1504 1906 1649 1938 decisum
1674 1912 1705 1938 et
1727 1907 1949 1937 introductum
1974 1912 2021 1937 est
2045 1917 2140 1937 causa
2163 1908 2302 1948 propria,
2323 1907 2443 1938 decisio

1368 1957 1478 1982 autem
1502 1956 1534 1981 et
1556 1950 1755 1982 introductio
1780 1957 1828 1982 est
1851 1961 1965 1982 causae
1990 1951 2135 1982 conditio
2159 1952 2227 1982 sine
2252 1961 2315 1992 qua
2345 1961 2442 1991 gene—

1367 1997 1450 2027 ratio
1475 1996 1619 2036 corporis
1642 2005 1711 2026 non
1734 1994 1835 2026 fieret.

1424 2040 1551 2071 Ummo
1575 2040 1682 2080 inquit
1705 2039 1842 2071 Sanctus
1865 2039 2012 2070 Thomas
2035 2039 2125 2081 quod
2149 2050 2206 2081 per
2229 2041 2292 2071 hoc
2315 2040 2441 2080 Apolli—

1367 2085 1452 2115 naris
1475 2090 1507 2115 et
1530 2085 1721 2125 sequacium
1745 2094 1832 2115 error
1855 2084 2037 2121 destruitur,
2058 2084 2246 2121 dicentium,
2262 2085 2347 2115 sicut
2368 2094 2441 2115 cor-

1364 2139 1451 2169 pora
1474 2139 1495 2160 a
1519 2129 1712 2170 corporibus
1734 2134 1947 2171 generantur,
1973 2129 2019 2159 ita
2042 2129 2170 2160 animas
2200 2130 2239 2160 ab
2272 2129 2441 2160 animabus

1367 2183 1534 2216 generarz.

544 2457 1027 2513 CAPITULUM
1066 2456 1661 2512 OCTOGESIMUM
1699 2455 2130 2511 SEPTIMUM

349 2596 550 2649 QUOD
594 2596 826 2637 ANIMA
870 2595 1184 2637 HUMANA
1226 2592 1729 2635 PRODUCATUR
1772 2593 1840 2632 IN
1885 2592 2060 2633 ESSE
2104 2593 2145 2632 A
2188 2592 2332 2632 DEO

1007 2657 1142 2698 PER
1185 2655 1671 2697 CREATIONEM

445 2791 470 2816 x
488 2779 549 2816 his
568 2787 700 2816 autem
715 2791 816 2828 quae
831 2778 931 2815 dicta
946 2786 1046 2824 sunt,
1061 2777 1211 2815 ostendi
1225 2785 1310 2827 pot-

267 2843 270 2845 ·
307 2856 329 2876 ς,
358 2824 370 2839 ''
401 2832 433 2880 j
461 2839 517 2869 est
548 2832 657 2882 quod
690 2833 796 2869 solus
828 2832 935 2869 Deus
968 2831 1142 2868 animam
1170 2831 1310 2868 huma-

308 2883 420 2938 4),ςῖ
460 2897 555 2923 nam
582 2885 763 2935 producit
790 2885 831 2922 in
859 2897 954 2922 esse.

268 2940 278 2959 ¹‘
318 2937 347 2955 ²
362 2928 435 2960 ³⁴⁶²
515 2939 647 2976 Omne
676 2938 782 2976 enim
810 2938 919 2988 quod
947 2937 988 2975 in
1016 2949 1100 2974 esse
1126 2937 1309 2986 produci-

235 3000 308 3039 tur,
335 2993 399 3029 vel
426 2999 632 3040 generatur
657 3003 729 3041 per
755 3003 796 3028 se
832 2999 899 3029 aut
926 3003 997 3040 per
1030 2990 1219 3036 accidens,
1247 2992 1309 3027 vel

235 3053 397 3084 creatur.
418 3045 561 3082 Anima
579 3053 711 3082 autem
731 3045 907 3082 humana
922 3056 1004 3081 non
1022 3051 1227 3092 generatur
1239 3055 1310 3093 per

235 3111 292 3136 se:
323 3111 415 3137 curn
443 3110 524 3136 non
549 3098 595 3135 sit
623 3097 840 3148 composita
857 3109 904 3134 ex
925 3096 1087 3135 materia
1114 3105 1150 3134 et
1172 3097 1308 3143 forma,

235 3161 279 3190 ut
297 3165 416 3202 supra
429 3152 449 3174 '¹‘
468 3160 670 3189 ostensum
689 3160 756 3189 est.
777 3152 919 3200 Neque
937 3157 1142 3198 generatur
1159 3162 1230 3200 per
1248 3162 1309 3187 ac-

235 3206 385 3244 cidens:
406 3218 499 3243 cum
518 3205 624 3242 enim
643 3205 689 3242 sit
707 3206 832 3242 forma
851 3204 1036 3253 corporis,
1064 3211 1311 3252 generaretur

235 3271 306 3310 per
333 3259 508 3308 corporis
536 3258 835 3307 generationem,
864 3270 966 3307 quae
1000 3265 1057 3294 est
1089 3269 1135 3294 ex
1169 3257 1310 3294 virtute

236 3312 363 3351 acti-va
399 3312 576 3356 seminis;
615 3313 723 3361 quod
760 3311 1026 3361 improbatum
1064 3318 1120 3347 est
1138 3309 1169 3347 *.
1205 3310 1309 3359 Cum

236 3377 328 3414 ergo
356 3366 488 3404 anima
515 3366 691 3404 humana
710 3366 758 3403 de
787 3376 893 3402 novo
922 3376 1005 3401 esse
1033 3363 1199 3414 incipiat,
1228 3374 1310 3400 non

236 3419 343 3456 enim
358 3427 413 3456 est
427 3426 593 3465 aeterna,
608 3431 681 3456 nec
694 3417 911 3468 praeexistit
926 3417 1091 3466 corpori,
1107 3423 1149 3454 ut
1164 3415 1311 3466 supra*

237 3480 439 3510 ostensum
467 3480 540 3518 est3
569 3472 799 3522 relinquitur
819 3471 927 3521 quod
947 3478 1056 3508 exeat
1074 3470 1113 3506 in
1135 3481 1218 3507 esse
1240 3482 1311 3519 per

237 3526 485 3563 creationem.
517 3526 729 3564 Ostensum
765 3533 820 3563 est
853 3532 983 3562 autern
1016 3535 1135 3584 supra
1152 3523 1174 3544 '¹‘
1200 3523 1309 3582 quod

237 3580 342 3616 solus
370 3579 478 3616 Deus
509 3586 635 3628 potest
663 3591 804 3617 creare.
837 3580 950 3616 Solus
979 3577 1092 3626 igitur
1119 3575 1201 3626 ipse
1230 3575 1310 3613 ani-

237 3644 346 3670 mam
374 3633 591 3670 humanam
620 3632 659 3670 in
688 3645 770 3670 esse
799 3630 989 3682 producit.

378 3704 478 3728 swa>
492 3703 602 3728 Con-sm
622 3703 754 3729 GEN‘rm-:s
774 3705 805 3729 D.
821 3704 934 3728 ΤιιοιιΑΕ
953 3702 1022 3726 Tou.
1037 3701 1055 3725 l.

1419 2776 1611 2826 Amplius.
1643 2775 1774 2813 Omne
1803 2775 1897 2812 illud
1916 2775 2026 2812 cuius
2046 2774 2257 2812 substantia
2280 2786 2361 2812 non
2381 2782 2437 2811 est

1366 2841 1484 2867 suum
1513 2841 1607 2875 esse,
1636 2829 1753 2866 habet
1780 2828 1840 2866 sui
1868 2841 1951 2866 esse
1975 2836 2186 2874 auctorem,
2215 2835 2258 2865 ut
2286 2827 2436 2877 supra*

1366 2890 1567 2921 ostensum
1582 2890 1649 2920 est.
1660 2882 1804 2920 Anima
1818 2890 1950 2919 autem
1965 2882 2140 2919 humana
2153 2893 2234 2918 non
2249 2889 2304 2918 est
2318 2893 2435 2918 suum

1366 2948 1464 2974 esse:
1495 2937 1573 2973 hoc
1591 2936 1697 2973 enim
1726 2935 1845 2973 solius
1864 2935 1937 2973 Dei
1965 2942 2032 2981 est,
2060 2942 2103 2972 ut
2130 2946 2247 2984 supra
2261 2934 2282 2956 ²¹⁸
2309 2941 2434 2971 osten-

1333 3005 1342 3025 ς
1365 3002 1455 3026 5ιιιιι
1483 2997 1550 3026 est.
1580 2989 1708 3026 Habet
1735 2989 1850 3037 igitur
1876 3000 2034 3026 causam
2063 2988 2228 3025 activam
2252 2987 2311 3024 sui
2339 2999 2432 3024 esse.

1366 3043 1444 3081 Sed
1472 3043 1582 3092 quod
1600 3055 1672 3092 per
1690 3055 1731 3080 se
1750 3043 1867 3079 habet
1886 3053 1980 3088 esse,
2000 3053 2070 3091 per
2097 3053 2138 3078 se
2158 3040 2273 3078 etiam
2293 3040 2432 3089 agitur:

1365 3097 1473 3146 quod
1496 3108 1591 3133 vero
1610 3108 1692 3133 non
1711 3096 1828 3133 habet
1847 3107 1929 3132 esse
1948 3107 2019 3144 per
2037 3107 2088 3140 se,
2110 3094 2176 3131 sed
2197 3095 2324 3130 solum
2343 3105 2435 3130 cum

1365 3149 1452 3196 alio,
1480 3162 1563 3187 non
1590 3162 1661 3199 per
1689 3162 1729 3186 se
1757 3149 1811 3195 fit,
1841 3149 1909 3185 sed
1938 3147 2012 3185 alio
2040 3148 2157 3193 facto;
2186 3146 2283 3183 sicut
2309 3147 2435 3183 forma

1365 3203 1462 3252 ignis
1476 3203 1547 3240 fit
1538 3214 1625 3251 igne
1639 3210 1832 3251 generato.
1853 3201 1997 3238 Anima
2015 3209 2147 3238 autem
2166 3201 2340 3237 humana
2358 3200 2435 3236 hoc

1325 3275 1351 3289 ιο
1365 3257 1482 3294 habet
1508 3255 1714 3306 proprium
1742 3255 1839 3292 inter
1866 3254 1957 3291 alias
1984 3254 2140 3299 formas,
2169 3253 2277 3302 quod
2306 3260 2362 3289 est
2395 3252 2434 3289 in

1365 3323 1437 3347 suo
1453 3321 1536 3346 esse
1551 3309 1772 3355 subsistens,
1788 3315 1825 3346 et
1843 3319 1926 3344 esse
1941 3307 2047 3356 quod
2064 3314 2120 3343 est
2134 3306 2205 3343 sibi
2219 3305 2434 3355 proprium,

1365 3362 1519 3413 corpori
1539 3361 1804 3400 communicat
1817 3361 1837 3382 ’¹‘
1869 3360 2012 3397 Anima
2030 3359 2143 3407 igitur
2161 3371 2231 3408 per
2250 3370 2290 3395 se
2318 3358 2471 3396 habet·

1365 3429 1483 3454 suum
1511 3415 1606 3462 fieri,
1635 3422 1786 3465 praeter
1812 3414 1979 3451 modum
2011 3412 2175 3450 aliarum
2206 3412 2433 3457 formarum,

1365 3481 1467 3519 quae
1494 3469 1596 3506 fiunt
1622 3480 1693 3517 per
1719 3467 1897 3504 accidens
1931 3465 2156 3515 compositis
2187 3465 2305 3502 factis.
2344 3465 2432 3510 Sed,

1326 3540 1348 3560 ις
1365 3535 1458 3560 cum
1486 3522 1615 3559 anima
1643 3522 1817 3558 humana
1844 3532 1926 3556 non
1952 3519 2092 3556 habeat
2118 3517 2320 3555 materiam
2348 3530 2434 3567 par·

1367 3584 1446 3613 tem
1476 3575 1546 3621 sui,
1576 3586 1656 3611 non
1676 3581 1800 3623 potest
1818 3572 1902 3609 fieri
1931 3585 1976 3609 ex
1997 3572 2127 3621 aliquo
2157 3571 2254 3608 sicut
2281 3583 2328 3608 ex
2351 3583 2433 3608 ma-

1367 3629 1472 3667 teria.
1503 3627 1749 3677 Relinquitur
1777 3637 1866 3674 ergo
1896 3626 2003 3675 quod
2041 3637 2087 3662 ex
2115 3624 2236 3662 nihilo
2270 3623 2348 3661 fiat.
2385 3624 2434 3661 Et

2256 3694 2290 3720 68

2473 1067 2481 1075 ·
2497 1065 2532 1088 Cf.
2549 1072 2570 1088 n.
2582 1072 2608 1088 ιι.

2464 2830 2473 2839 ·
2488 2828 2545 2857 Cap.
2560 2835 2598 2852 xv.

2462 2945 2472 2954 ·
2484 2943 2543 2965 lbid.

2486 3369 2544 3396 Cap.
2554 3371 2638 3391 varn.
