2768 4134
23 3730 28 3740 ι

14 3787 31 3811 ¹¹?

15 3815 20 3823 ,

72 905 82 915 ·
96 903 152 932 Cap.
169 909 230 925 uvi.

889 286 1078 323 SUMMA
1108 286 1329 325 CONTRA
1359 287 1634 336 GENTlLES,
1666 289 1777 326 CAP.
1798 290 1947 327 LXVII.

317 364 469 395 Secundo
485 364 598 401 modo,
615 374 728 395 sensus
744 370 791 395 est
803 364 894 405 quod
910 366 990 395 ratio
1008 375 1106 406 quare
1122 365 1268 397 futurum
1283 368 1391 407 ipsum

316 418 374 449 per
397 409 623 440 certitudinem
645 410 863 450 cognoscitur,
885 415 932 440 est
954 410 1023 450 ipsa
1047 409 1203 447 futuritio,
1228 412 1293 442 sive
1316 412 1393 452 quia

316 454 525 494 cognoscitur
547 455 581 485 in
606 463 712 485 causa.

372 498 405 529 Si
428 499 535 539 primo
565 498 667 529 modo
697 499 883 539 accipiatur,
908 499 953 529 sic
984 500 1079 530 etiam
1112 499 1282 540 dupliciter
1311 501 1391 531 illud

316 552 520 584 consequens
543 549 652 584 potest
673 543 820 583 intelligi.
841 543 917 574 Uno
941 543 1053 580 modo,
1071 544 1294 575 conditionem
1308 546 1391 576 acci-

315 587 436 628 piendo
460 589 494 619 in
515 587 628 619 ordine
651 587 692 618 ad
715 588 823 619 Deum
840 594 1103 629 cognoscentem.
1127 589 1168 619 Et
1191 590 1236 620 sic
1256 596 1392 630 negatur

315 633 432 663 minor.
456 632 509 663 Ad
531 633 596 663 hoc
620 634 707 663 enirn
731 638 768 663 ut
791 639 1006 673 cognoscatur
1033 633 1154 674 aliquid
1180 639 1217 664 ut
1244 634 1391 665 futurum

315 678 536 717 cognoscenti,
561 686 629 708 non
653 677 770 708 sufficit
786 683 822 708 ut
838 684 1053 718 cognoscatur
1075 679 1257 719 propositio
1281 679 1321 710 de
1340 679 1390 710 fu-

315 727 399 757 turo,
415 721 472 752 sed
487 722 672 762 requiritur,
685 723 773 753 iuxta
789 722 969 754 doctrinam
985 723 1093 754 Sancti
1109 723 1258 754 Thomae
1279 724 1389 760 Verit.,

314 775 346 807 q.
361 776 395 802 n,
411 776 440 797 a.
461 774 511 803 12,
528 772 566 797 ut
579 767 663 797 inter
685 768 907 807 cognitionem
930 769 1156 808 cognoscentis
1177 774 1208 798 et
1229 769 1275 798 rei
1293 778 1390 799 even-

313 817 384 842 tum
408 812 448 842 sit
471 811 553 842 ordo
578 813 753 852 praesentis
777 812 818 843 ad
841 812 997 844 futurum.
1029 812 1119 843 Ordo
1143 818 1252 843 autem
1278 814 1390 854 cogni-

314 856 412 886 tionis
435 855 562 887 divinae
586 856 626 887 ad
652 866 720 887 rem
751 858 996 897 contingentem
1018 866 1087 889 non
1116 862 1164 887 est
1189 857 1388 894 huiusmodi,

313 900 370 931 sed
394 906 442 931 est
458 900 540 932 ordo
556 903 732 942 praesentis
748 901 788 932 ad
803 911 965 942 praesens,
981 907 1017 932 ut
1038 902 1141 942 patuit
1164 903 1311 942 superius
1323 904 1350 933 *.
1366 921 1390 925 -

313 945 389 975 Alio
416 945 530 982 modo,
558 946 748 987 accipiendo
776 946 1000 977 conditionem
1026 946 1115 976 illam
1144 947 1178 976 in
1209 946 1321 977 ordine
1349 947 1389 978 ad

312 994 384 1020 nos.
409 990 451 1021 Et
473 991 518 1021 sic
541 991 732 1022 conceditur
754 991 862 1021 minor
883 996 915 1021 et
933 995 1041 1021 totum
1064 997 1307 1031 argumentum:
1332 991 1388 1022 sed

313 1043 380 1065 non
404 1036 548 1075 arguitur
564 1041 677 1066 contra
691 1037 863 1066 intentum.
887 1035 964 1065 Non
981 1035 1068 1065 enim
1084 1035 1281 1066 intendimus
1297 1036 1388 1076 quod

312 1088 362 1110 res
385 1089 453 1110 non
469 1081 572 1120 possit
587 1080 743 1121 cognosci
759 1089 816 1120 per
832 1079 1059 1110 certitudinem
1075 1080 1193 1110 habere
1209 1081 1292 1111 hanc
1309 1090 1388 1111 con-

313 1123 471 1155 ditionem
486 1124 577 1165 quod
589 1125 630 1155 sit
647 1124 770 1155 futura:
787 1124 844 1154 sed
860 1124 951 1164 quod
967 1133 1005 1154 ex
1022 1133 1062 1154 eo
1075 1124 1166 1164 quod
1182 1126 1389 1165 cognoscitur

312 1174 348 1199 ut
371 1168 489 1206 futura,
512 1178 582 1199 non
605 1169 702 1199 habet
724 1174 761 1199 ut
784 1178 842 1209 per
865 1168 1091 1199 certitudinem
1118 1175 1342 1209 cognoscatur.

367 1213 402 1244 Si
434 1219 544 1245 autem
573 1213 718 1244 secundo
751 1212 853 1244 modo
886 1214 1070 1254 accipiatur,
1101 1214 1146 1244 sic
1178 1219 1226 1244 est
1255 1214 1388 1255 quidem

312 1264 424 1289 contra
445 1259 619 1294 intentum,
636 1257 692 1289 sed
715 1263 850 1298 negatur
873 1258 990 1288 minor.
1015 1258 1173 1296 Quamvis
1196 1259 1283 1289 enim
1300 1259 1388 1290 Deus

311 1307 490 1343 cognoscat
515 1302 607 1342 quod
629 1302 846 1334 Antichristus
878 1303 937 1333 erit
966 1312 1023 1343 per
1047 1302 1283 1340 certitudinem,
1307 1305 1387 1334 ratio

274 1363 282 1366 -
310 1351 420 1378 tamen
430 1346 636 1378 'certitudinis
653 1357 691 1378 ex
703 1352 793 1388 parte
808 1348 853 1378 rei
866 1348 1015 1387 cognitae
1031 1353 1079 1378 est
1090 1348 1167 1388 quia
1178 1347 1265 1379 videt
1279 1349 1387 1388 ipsum

69 1661 80 1674 ⁶
93 1656 211 1688 Νιιιζιιι.
221 1667 242 1684 a.

64 2695 76 2707 ¹
89 2694 125 2718 ef.
140 2701 163 2718 n.
175 2701 201 2723 n,
213 2695 264 2718 init.

310 1392 345 1422 in
367 1401 426 1422 sua
448 1392 733 1432 praesentialitate:
761 1402 830 1423 non
854 1397 964 1423 autem
987 1393 1064 1432 quia
1088 1393 1257 1432 cognoscit
1278 1393 1388 1433 ipsum

310 1437 345 1468 in
368 1446 427 1467 sua
450 1445 557 1473 causa,
573 1436 754 1468 secundum
771 1436 863 1477 quod
886 1436 1003 1467 dicitur
1023 1437 1179 1477 cognosci
1201 1443 1238 1468 ut
1260 1437 1388 1468 futurus

310 1481 415 1512 nobis.
440 1481 475 1512 Si
498 1482 586 1512 enim
610 1487 824 1522 cognosceret
849 1482 959 1521 ipsum
985 1486 1112 1512 tantum
1135 1487 1172 1511 ut
1195 1487 1242 1512 est
1264 1482 1298 1511 in
1322 1483 1388 1513 suis

311 1527 426 1562 causis,
443 1531 475 1557 et
498 1535 567 1557 non
583 1532 796 1566 cognosceret
810 1526 920 1566 ipsum
936 1532 973 1557 ut
988 1531 1191 1566 praesentem
1211 1527 1244 1556 in
1269 1527 1387 1567 seipso,

310 1580 380 1603 non
406 1577 620 1611 cognosceret
649 1580 707 1611 per
737 1570 965 1602 certitudinem
995 1571 1089 1601 istam
1116 1571 1388 1611 propositionem,

310 1616 529 1648 Antichristus
552 1616 625 1647 erit.

365 1661 406 1692 V.
430 1660 483 1692 Ad
505 1661 666 1692 rationem
689 1666 803 1691 contra
825 1659 1003 1691 secundam
1025 1660 1285 1700 propositionem
1299 1661 1316 1676 *
1339 1669 1389 1690 re-

310 1705 500 1746 spondetur,
517 1704 730 1736 conformiter
744 1705 785 1736 ad
801 1714 839 1736 ea
855 1714 939 1746 quae
951 1703 1036 1735 dicta
1047 1710 1123 1735 sunt
1137 1704 1172 1734 in
1183 1704 1389 1744 praecedenti

311 1750 466 1791 capitulo,
483 1750 575 1791 quod
591 1749 763 1791 dupliciter
785 1755 893 1790 potest
915 1749 1070 1789 cognosci
1093 1758 1143 1779 res
1167 1754 1204 1779 ut
1226 1758 1386 1789 praesens.

310 1795 387 1827 Uno
410 1795 525 1832 modo,
549 1795 627 1835 quia
649 1795 815 1835 attingitur
836 1800 872 1825 ut
891 1803 1042 1835 praesens
1061 1793 1241 1824 secundum
1258 1799 1387 1834 tempus

311 1849 379 1881 quo
402 1840 473 1880 ipsa
495 1839 641 1880 cognitio
663 1845 878 1870 mensuratur.
898 1839 940 1869 Et
954 1844 1034 1870 tunc
1049 1847 1163 1869 verum
1178 1845 1226 1869 est
1241 1838 1332 1879 quod
1348 1848 1387 1869 ex

309 1885 366 1916 nli
381 1885 570 1925 cognitione
586 1889 694 1924 potest
705 1884 853 1915 absolute
868 1882 979 1914 inferri
995 1882 1086 1924 quod
1097 1893 1147 1914 res
1159 1889 1207 1913 est
1221 1884 1255 1914 in
1267 1884 1385 1923 seipsa:

310 1930 394 1962 sicut
417 1935 449 1960 et
472 1938 511 1960 ex
535 1929 724 1969 cognitione
751 1938 817 1969 qua
844 1928 1010 1968 attingitur
1033 1928 1155 1968 aliquid
1178 1933 1214 1958 ut
1237 1929 1389 1968 praeteri-

310 1980 392 2011 tum,
415 1973 552 2005 infertur
576 1973 667 2014 quod
690 1972 762 2004 fuit.
781 1991 805 1995 -
827 1972 903 2003 Alio
926 1972 1040 2008 modo,
1065 1973 1141 2012 quia
1164 1973 1329 2012 attingitur
1352 1978 1389 2003 ut

309 2028 461 2060 praesens
484 2017 667 2049 secundum
691 2018 834 2058 aliqum
856 2026 1043 2048 mensuram
1066 2022 1268 2057 praesentem
1292 2026 1388 2057 supe-

309 2064 430 2095 riorem
452 2069 613 2103 tempore,
636 2063 670 2093 in
696 2072 761 2103 qua
785 2068 817 2093 et
839 2062 908 2102 ipsa
931 2062 1099 2092 existentia
1122 2062 1178 2097 rei,
1204 2067 1235 2092 et
1257 2067 1387 2102 tempus

309 2108 460 2139 nondum
484 2109 623 2139 existens
645 2108 679 2138 in
704 2117 772 2148 quo
791 2106 966 2147 aliquando
991 2115 1103 2137 verum
1123 2106 1181 2136 erit
1205 2106 1310 2136 dicere
1325 2106 1387 2136 hoc

309 2158 367 2190 est,
393 2153 611 2184 continentur.
636 2152 678 2183 Et
699 2158 779 2183 tunc
801 2156 937 2191 negatur
953 2150 1043 2191 quod
1063 2160 1101 2181 ex
1124 2151 1179 2181 tali
1198 2151 1385 2191 cognitione

308 2198 412 2238 possit
434 2196 545 2229 inferri
567 2196 659 2238 quod
687 2206 736 2228 res
767 2197 806 2227 sit
836 2195 998 2226 absolute:
1033 2196 1111 2236 quia
1140 2195 1210 2226 talis
1240 2196 1385 2236 cognitio

308 2243 499 2274 terminatur
521 2241 562 2272 ad
584 2251 653 2272 rem
677 2247 713 2272 ut
736 2246 949 2282 praesentem,
965 2250 1035 2271 non
1053 2240 1234 2271 secundum
1258 2246 1386 2280 tempus

308 2288 404 2318 nobis
427 2296 588 2328 praesens,
612 2285 669 2317 sed
695 2285 875 2316 secundum
903 2285 1123 2316 aeternitatem
1147 2290 1179 2315 et
1205 2285 1386 2315 secundum

308 2337 438 2372 tempus
453 2332 549 2362 nobis
565 2330 711 2362 futurum
727 2336 764 2361 ut
783 2336 814 2361 et
837 2331 945 2370 ipsum
962 2335 1009 2360 est
1026 2330 1061 2360 in
1085 2330 1281 2360 aeternitate.
1299 2329 1386 2360 Cum

308 2382 418 2408 autem
441 2376 558 2407 dicitur
584 2376 732 2406 absolute
761 2376 824 2406 hoc
847 2380 903 2411 est,
928 2373 1125 2414 significatur
1155 2374 1246 2414 quod
1271 2374 1387 2405 habeat

273 2442 279 2447 -
309 2430 378 2453 esse
393 2422 428 2452 in
443 2426 591 2461 tempore
606 2421 767 2461 praesenti
782 2420 888 2455 nobis,
900 2425 937 2450 ut
946 2419 1100 2460 ,superius
1112 2419 1215 2459 patuit
1227 2420 1254 2449 *.
1271 2418 1386 2455 Modo,

308 2465 447 2497 diximus
464 2465 556 2506 quod
579 2465 668 2496 Deus
689 2466 858 2505 cognoscit
881 2463 988 2495 futura
1011 2470 1047 2494 ut
1070 2465 1249 2503 praesentia
1271 2464 1304 2494 in
1329 2473 1387 2494 sua

308 2510 500 2547 actualitate,
524 2519 594 2541 non
617 2509 751 2550 quidem
777 2510 812 2540 in
835 2515 984 2549 tempore
1014 2509 1110 2539 nobis
1135 2509 1305 2548 praesenti,
1330 2507 1386 2538 sed

307 2555 341 2586 in
363 2555 562 2591 aeternitate,
579 2560 611 2585 et
628 2555 662 2585 in
682 2559 830 2594 tempore
846 2554 941 2584 nobis
964 2552 1075 2584 futuro
1099 2552 1279 2584 secundum
1295 2552 1385 2593 quod

308 2605 340 2631 et
354 2600 464 2640 ipsum
479 2599 513 2629 in
530 2600 715 2630 aeternitate
731 2599 925 2630 continetur.
948 2597 1025 2629 Ideo
1041 2607 1110 2628 non
1133 2598 1279 2638 sequitur
1294 2596 1385 2637 quod

308 2654 346 2675 ex
370 2644 441 2674 eius
464 2643 652 2683 cognitione
675 2642 830 2674 inferatur
853 2642 961 2673 futura
989 2643 1053 2673 iam
1078 2652 1156 2672 esse.

362 2688 417 2719 VI.
435 2688 585 2719 Secundo
598 2689 625 2718 *.
648 2688 712 2718 Res
729 2693 972 2728 cognoscuntur
988 2697 1007 2717 a
1022 2687 1094 2717 Deo
1110 2685 1290 2717 secundum
1315 2695 1383 2715 esse

307 2732 399 2774 quod
414 2733 534 2764 habent
549 2733 582 2763 in
598 2732 720 2772 seipsis.
737 2732 824 2772 Ergo
841 2737 902 2762 etc.
917 2749 942 2754 -
961 2731 1118 2762 Probatur
1139 2730 1382 2770 consequentia.

307 2778 394 2816 Quia
416 2778 608 2817 contingens
631 2776 813 2807 secundum
829 2775 920 2816 quod
940 2781 987 2806 est
1006 2777 1039 2806 in
1061 2775 1179 2815 seipso,
1194 2784 1263 2805 non
1279 2773 1383 2804 differt

307 2833 326 2854 a
348 2822 529 2854 necessario
553 2826 712 2862 quantum
736 2820 776 2851 ad
803 2830 883 2856 esse,
908 2829 1006 2860 supra
1035 2819 1126 2860 quod
1153 2818 1306 2849 fundatur
1327 2828 1382 2848 ve-

306 2877 392 2898 rum:
416 2867 492 2898 licet
515 2865 639 2897 differat
661 2866 700 2895 ab
723 2865 796 2905 ipso
813 2864 994 2895 secundum
1010 2863 1102 2904 quod
1119 2862 1381 2903 unumquodque

306 2911 527 2943 consideratur
549 2911 583 2941 in
607 2919 665 2940 sua
688 2919 793 2940 causa.
825 2908 889 2940 Sed
916 2909 1133 2939 necessarium
1155 2913 1263 2947 potest
1288 2906 1382 2937 infal-

305 2956 433 2987 libiliter
456 2955 620 2996 cognosci.
637 2954 724 2994 Ergo
749 2959 781 2984 et
804 2954 995 2993 contingens
1018 2953 1080 2983 isto
1103 2951 1216 2982 modo.

360 3001 424 3031 Pro
441 3000 658 3031 declaratione
673 3007 788 3029 eorum
805 3007 888 3038 quae
903 2997 1103 3028 inducuntur
1118 2997 1181 3027 hoc
1196 2996 1284 3032 loco,
1302 3005 1381 3027 con-

306 3044 512 3076 siderandum
543 3043 634 3084 quod
665 3042 798 3074 effectus
827 3042 1036 3077 necessarius,
1069 3046 1100 3071 et
1130 3041 1226 3071 etiam
1255 3041 1381 3071 contin-

305 3099 394 3130 gens,
418 3090 514 3120 habet
538 3094 570 3119 et
593 3087 684 3129 quod
707 3088 746 3118 sit
769 3096 818 3117 res
842 3092 874 3117 et
900 3091 1013 3116 natura
1040 3084 1200 3125 quaedam
1222 3085 1256 3115 in
1280 3094 1324 3121 se,
1349 3091 1381 3116 et

306 3134 397 3175 quod
420 3135 460 3164 sit
484 3133 626 3165 effectus.
650 3132 759 3162 Primo
783 3130 896 3167 modo,
913 3130 1060 3161 absolute
1081 3129 1209 3160 dicitur:
1234 3129 1380 3160 secundo

305 3179 419 3215 modo,
443 3178 520 3209 dicit
543 3177 691 3209 ordinem
707 3176 747 3207 ad
763 3185 903 3206 causam.
929 3175 981 3206 Sic
1003 3183 1079 3214 ergo
1103 3174 1327 3204 necessitatem
1349 3179 1380 3205 et

306 3224 561 3264 contingentiam
591 3230 766 3263 possumus
796 3221 830 3251 in
860 3220 926 3250 istis
959 3219 1129 3259 dupliciter
1161 3218 1378 3249 considerare:

305 3268 426 3300 scilicet
449 3267 606 3303 absolute,
631 3265 811 3297 secundum
835 3263 926 3305 quod
952 3269 1026 3294 sunt
1048 3268 1181 3293 naturae
1205 3262 1379 3302 quaedam;

306 3319 338 3344 et
359 3314 556 3354 inquantum
579 3311 712 3342 effectus
731 3315 815 3346 sunt,
832 3308 1012 3340 secundum
1028 3306 1176 3338 ordinem
1199 3307 1320 3337 scilicet
1340 3307 1380 3337 ad

305 3367 447 3389 causam.

360 3402 395 3433 Si
417 3402 565 3433 absolute
590 3406 622 3431 et
644 3399 825 3430 secundum
855 3407 889 3428 se
913 3396 1166 3431 considerentur,
1190 3396 1235 3425 sic
1263 3395 1379 3426 dicitur

303 3456 354 3478 res
376 3447 555 3478 necessaria
581 3445 635 3476 illa
659 3454 753 3485 quae,
778 3448 937 3484 quantum
960 3447 1007 3472 est
1030 3450 1068 3471 ex
1094 3446 1208 3470 natura
1230 3449 1298 3475 sua,
1323 3439 1378 3470 de-

305 3490 401 3522 ficere
423 3501 493 3522 non
508 3495 616 3532 potest
639 3499 700 3520 nec
722 3494 830 3529 potest
852 3497 921 3518 non
945 3495 1027 3517 esse:
1045 3486 1127 3516 sicut
1150 3484 1287 3515 dicimus
1307 3494 1378 3514 cor-

303 3545 384 3576 pora
407 3536 555 3566 caelestia
578 3544 647 3566 esse
670 3534 756 3564 entia
770 3532 957 3564 necessaria.
977 3530 1178 3570 Contingens
1202 3534 1310 3559 autem
1330 3528 1378 3559 di-

305 3581 387 3611 citur
397 3581 451 3611 illa
467 3590 561 3621 quae,
578 3584 738 3620 quantum
754 3583 801 3608 est
813 3587 852 3608 ex
868 3575 1055 3607 conditione
1070 3574 1218 3615 propriae
1234 3579 1376 3610 naturae,

303 3630 412 3665 potest
439 3624 577 3655 deficere
601 3629 633 3654 et
655 3633 724 3654 non
747 3632 826 3659 esse,
852 3631 935 3662 quae
966 3621 1061 3651 etiam
1093 3618 1207 3649 dicitur
1230 3627 1280 3648 res
1297 3627 1376 3658 pos-

303 3669 405 3700 sibilis
429 3675 460 3699 et
484 3668 725 3709 corruptibilis:
747 3668 830 3698 sicut
854 3666 961 3697 Sortes
986 3670 1016 3695 et
1031 3664 1129 3694 sessio
1154 3663 1231 3693 eius.
1256 3662 1298 3692 Et
1317 3662 1376 3692 ista

447 3732 542 3756 Summa
562 3731 671 3755 (lomna
691 3729 824 3754 Grmrrms
845 3729 875 3752 D.
894 3728 1009 3752 ΤΗοΜΑΕ
1027 3726 1095 3750 Tou.
1116 3725 1133 3749 1.

2444 294 2513 342 193

1446 368 1618 398 necessitas
1642 373 1673 398 et
1696 369 1915 408 contingentia
1943 374 1990 400 est
2015 369 2186 400 intrinseca
2209 376 2239 401 et
2263 372 2437 403 essentialis
2459 373 2515 410 rei,

1447 417 1479 442 et
1500 421 1670 452 nunquam
1700 418 1885 443 removetur
1914 423 1932 443 a
1959 422 2006 444 re:
2030 414 2063 444 in
2088 423 2299 455 quocumque
2322 417 2409 447 enim
2432 423 2516 448 statu

1445 461 1586 495 ponatur
1615 466 1664 486 res
1694 457 1895 497 contingens,
1924 467 2050 498 semper
2078 464 2125 489 est
2153 460 2343 500 contingens
2372 467 2404 492 et
2432 472 2516 493 nun-

1446 509 1546 540 quam
1570 501 1741 531 intrinsece
1764 503 1957 538 necessaria3
1982 507 2013 532 et
2040 512 2089 533 res
2116 505 2292 534 necessaria
2319 515 2446 546 semper
2469 512 2516 537 est

1445 546 1625 575 necessaria
1647 551 1679 575 et
1700 555 1871 586 nunquam
1895 547 2095 586 contingens.

1501 589 1535 620 Si
1550 595 1659 620 autem
1683 589 1903 621 consideretur
1918 591 1951 621 in
1967 591 2090 622 ratione
2106 591 2247 629 effectus,
2272 594 2337 624 sive
2353 595 2386 625 in
2403 594 2516 626 ordine

1445 633 1486 665 ad
1509 643 1648 669 causam,
1665 633 1782 664 dicitur
1802 634 1933 666 effectus
1956 637 2152 666 necessarius
2174 637 2228 667 ille
2252 638 2307 678 qui
2330 640 2477 679 procedit
2497 648 2516 670 a

1446 688 1542 709 causa
1564 679 1745 709 necessario
1770 684 1884 719 agente
1906 685 1937 710 et
1958 689 2041 720 quae
2059 680 2207 720 impediri
2228 692 2295 712 non
2318 689 2434 723 potest.
2458 684 2515 715 Di-

1446 724 1528 754 citur
1550 729 1658 754 autem
1676 722 1808 754 effectus
1831 724 2022 764 contingens
2045 724 2098 755 ille
2114 726 2171 765 qui
2194 736 2212 756 a
2235 736 2329 757 causa
2353 738 2436 768 quae
2454 730 2514 759 im-

1445 768 1548 808 pediri
1570 773 1679 808 potest
1693 773 1787 798 natus
1811 774 1858 799 est
1873 768 2062 808 procedere;
2084 775 2116 799 et
2130 779 2188 810 per
2210 780 2423 812 consequens,
2440 773 2515 804 licet

1445 812 1644 853 quandoque
1668 822 1764 843 causa
1782 813 1821 843 sit
1843 813 1994 844 inclinata
2014 813 2054 844 ad
2073 813 2141 844 eius
2164 815 2424 854 productionem,
2441 824 2514 857 pot-

1445 863 1492 888 est
1514 863 1623 888 tamen
1646 867 1714 888 non
1731 858 1869 888 evenire.
1892 857 1956 888 Sed
1975 857 2145 898 dupliciter
2160 865 2267 899 potest
2289 861 2348 891 iste
2372 860 2513 898 effectus,

1443 903 1477 932 in
1500 902 1625 932 ratione
1647 901 1779 932 effectus
1803 907 1835 932 et
1858 907 1894 933 ut
1917 902 2065 933 ordinem
2085 903 2124 933 ad
2147 913 2277 935 causam
2301 905 2387 942 dicit,
2409 907 2514 937 consi-

1444 947 1560 978 derari:
1578 946 1699 977 scilicet
1715 952 1874 987 quantum
1890 946 1930 977 ad
1945 953 2092 978 naturam
2109 947 2241 979 effectus
2253 955 2290 980 ut
2305 950 2436 981 effectus
2452 956 2513 988 est;

1444 997 1475 1022 et
1499 997 1657 1032 quantum
1681 991 1721 1022 ad
1744 991 1881 1022 modum
1904 992 2029 1022 essendi
2053 1001 2152 1032 quem
2175 994 2280 1025 habet.
2300 994 2333 1025 Si
2357 1001 2515 1035 quantum

1443 1036 1484 1066 ad
1507 1035 1640 1067 effectus
1663 1041 1810 1066 naturam
1834 1036 2064 1073 consideretur,
2081 1038 2126 1068 sic
2146 1039 2366 1079 contingentia
2389 1049 2515 1080 semper

1444 1081 1474 1110 ei
1501 1081 1667 1111 convenit:
1699 1080 2014 1121 quomodocumque
2045 1083 2131 1113 enim
2163 1082 2295 1114 effectus
2325 1085 2514 1125 contingens

1444 1134 1512 1155 esse
1535 1125 1660 1161 habeat,
1684 1134 1812 1165 semper
1835 1131 1882 1155 est
1902 1126 2093 1166 contingens
2109 1127 2251 1164 effectus,
2272 1128 2363 1165 idest,
2388 1138 2515 1170 semper

1444 1175 1491 1199 est
1512 1169 1644 1200 effectus
1664 1179 1778 1200 causae
1798 1169 2002 1210 impedibilis.
2028 1170 2061 1201 Si
2084 1177 2192 1202 autem
2213 1179 2371 1213 quantum
2387 1173 2427 1204 ad
2442 1182 2514 1204 mo-

1444 1213 1522 1244 dum
1549 1214 1686 1249 essendi,
1710 1215 1755 1245 sic
1786 1214 1984 1255 quandoque
2015 1221 2062 1245 est
2090 1217 2291 1257 contingens,
2315 1218 2514 1259 quandoque

1443 1264 1491 1288 est
1520 1259 1727 1289 necessarius
1758 1258 1954 1299 inquantum
1984 1260 2071 1290 enim
2094 1261 2269 1292 virtualiter
2292 1268 2339 1293 est
2361 1263 2395 1293 in
2419 1271 2514 1293 causa

1444 1308 1476 1333 et
1494 1303 1644 1334 nondum
1667 1308 1714 1334 est
1729 1303 1917 1343 productus,
1935 1304 1980 1334 sic
2004 1310 2051 1334 est
2075 1306 2278 1346 contingens:
2304 1307 2389 1347 quia,
2404 1312 2441 1338 ut
2456 1308 2511 1343 sic,

1442 1352 1551 1387 potest
1573 1357 1642 1378 esse
1666 1353 1697 1378 et
1719 1357 1786 1378 non
1811 1357 1890 1378 esse.
1919 1348 2115 1388 inquantum
2137 1355 2246 1381 autem
2269 1351 2365 1382 habet
2388 1361 2456 1382 esse
2478 1352 2513 1382 in

1442 1397 1517 1422 actu
1538 1392 1573 1422 in
1596 1393 1703 1432 seipso
1719 1398 1874 1432 tanquam
1889 1393 1954 1422 iam
1969 1393 2147 1433 productus
2163 1400 2249 1425 extra
2265 1405 2356 1426 suam
2372 1404 2511 1432 causam,

1443 1436 1488 1466 sic
1512 1442 1559 1466 est
1581 1437 1793 1467 necessarius:
1814 1437 1890 1477 quia
1912 1437 1976 1467 iam
2001 1436 2228 1470 determinatus
2249 1445 2296 1470 est
2316 1440 2356 1471 ad
2379 1450 2458 1476 esse,
2481 1445 2514 1471 et

1443 1490 1511 1511 non
1535 1486 1642 1520 potest
1665 1481 1803 1520 amplius
1826 1491 1886 1521 pro
1913 1481 1970 1511 illo
2000 1486 2148 1522 tempore
2175 1493 2244 1514 non
2272 1494 2340 1515 esse
2363 1494 2430 1525 quo
2454 1490 2511 1515 est.

1501 1534 1530 1555 2.
1558 1525 1633 1555 Hoc
1657 1530 1703 1555 est
1731 1534 1807 1565 ergo
1837 1525 1927 1565 quod
1956 1526 2063 1565 inquit
2093 1526 2227 1558 Sanctus
2251 1528 2405 1564 Thomas,
2429 1538 2512 1569 quo-

1442 1570 1530 1599 niam
1546 1569 1738 1610 contingens
1755 1569 1896 1610 differta
1913 1571 2095 1601 necessario
2108 1572 2283 1602 secundum
2295 1574 2382 1613 quod
2398 1583 2512 1604 unum-

1443 1613 1592 1654 quodque
1615 1618 1663 1644 est
1684 1614 1717 1644 in
1741 1623 1802 1644 sua
1825 1623 1935 1649 causa,
1953 1624 2018 1644 non
2042 1620 2150 1646 autem
2173 1617 2348 1647 secundum
2371 1618 2405 1648 id
2426 1618 2514 1658 quod

1444 1663 1616 1698 utrumque
1637 1658 1754 1688 horum
1779 1658 1811 1688 in
1836 1668 1871 1689 se
1885 1663 1951 1689 est:
1973 1668 2041 1689 non
2065 1660 2141 1699 quia
2163 1665 2276 1691 natura
2299 1662 2514 1702 contingentis

1443 1708 1587 1733 mutetur
1602 1702 1636 1732 in
1656 1703 1883 1738 necessarium,
1900 1708 1955 1733 aut
1970 1709 2007 1733 ut
2024 1713 2074 1734 res
2090 1709 2136 1734 est
2159 1710 2214 1735 aut
2236 1710 2273 1735 ut
2296 1711 2343 1735 est
2366 1705 2512 1742 effectus;

1443 1746 1499 1778 sed
1516 1747 1591 1787 quia
1613 1746 1733 1777 modus
1756 1747 1881 1777 essendi
1903 1752 2055 1783 mutatur,
2077 1753 2108 1778 et
2128 1748 2307 1779 secundum
2330 1759 2433 1780 unum
2454 1751 2514 1781 sibi

1443 1792 1596 1823 convenit
1626 1791 1861 1831 contingentia,
1886 1791 2066 1822 secundum
2096 1793 2195 1823 alium
2224 1803 2301 1824 vero
2332 1795 2513 1825 necessitas.

1442 1836 1526 1867 Nam
1555 1835 1736 1867 secundum
1760 1836 1851 1876 quod
1875 1842 1922 1866 est
1944 1837 1978 1866 in
2002 1846 2107 1873 causa,
2131 1839 2283 1868 convenit
2306 1838 2365 1868 sibi
2389 1840 2514 1869 contin-

1441 1881 1564 1921 gentia:
1593 1886 1625 1910 et
1647 1880 1682 1910 in
1704 1880 1769 1910 hoc
1799 1879 1903 1912 differt
1925 1891 1943 1911 a
1970 1881 2161 1917 necessario,
2186 1883 2262 1922 quia
2287 1883 2512 1920 necessarium,

1441 1924 1622 1956 secundum
1646 1925 1742 1955 etiam
1761 1925 1852 1965 quod
1875 1930 1922 1955 est
1944 1925 1978 1955 in
2002 1935 2107 1961 causa,
2128 1926 2266 1957 modum
2284 1927 2380 1957 habet
2402 1937 2513 1958 neces-

1440 1970 1550 2006 sitatis,
1563 1978 1603 2000 eo
1621 1968 1711 2009 quod
1726 1978 1794 1999 non
1810 1974 1918 2009 potest
1933 1979 2001 1999 non
2017 1969 2169 2009 produci3
2187 1971 2376 2011 contingens
2392 1976 2511 2008 autem,

1440 2013 1621 2044 secundum
1636 2012 1727 2053 quod
1743 2018 1791 2043 est
1813 2014 1846 2044 in
1863 2023 1968 2049 causa,
1989 2013 2085 2044 habet
2104 2014 2241 2045 modum
2263 2016 2510 2055 contingentiae,

1440 2059 1516 2099 quia
1536 2062 1643 2098 potest
1666 2057 1814 2098 impediri
1834 2067 1875 2088 ne
1896 2057 2102 2098 producatur.
2125 2058 2311 2090 Secundum
2328 2069 2404 2090 vero
2421 2060 2511 2100 quod

1440 2109 1487 2133 est
1502 2104 1535 2133 in
1552 2103 1670 2142 seipso,
1687 2102 1747 2132 sibi
1763 2103 1915 2132 convenit
1930 2103 2117 2133 necessitas:
2143 2109 2175 2133 et
2189 2104 2222 2133 in
2240 2104 2303 2134 hoc
2322 2113 2391 2134 non
2407 2103 2511 2135 differt

1440 2158 1458 2178 a
1480 2147 1672 2183 necessario,
1693 2147 1780 2187 quia,
1803 2147 1886 2177 sicut
1908 2147 2105 2178 necessarius
2129 2146 2271 2184 effectus,
2288 2154 2324 2178 ut
2346 2149 2380 2178 in
2403 2149 2509 2188 seipso

1440 2192 1587 2227 existens,
1605 2197 1653 2222 est
1668 2190 1897 2222 determinatus
1920 2190 1960 2221 ad
1976 2200 2044 2222 esse
2066 2197 2098 2222 et
2119 2201 2188 2222 non
2210 2197 2317 2232 potest
2339 2202 2407 2223 non
2430 2202 2509 2229 esse,

1439 2237 1481 2267 ita
1506 2242 1538 2267 et
1561 2235 1694 2266 effectus
1718 2236 1908 2275 contingens
1929 2235 2108 2266 secundum
2124 2236 2216 2267 illum
2238 2236 2376 2267 modum
2399 2242 2446 2267 est
2470 2237 2510 2268 ad

1440 2291 1508 2312 esse
1532 2280 1762 2311 determinatus
1785 2285 1816 2310 et
1839 2289 1899 2320 pro
1924 2285 2003 2310 tunc
2021 2289 2089 2310 non
2113 2286 2220 2320 potest
2242 2290 2310 2311 non
2334 2290 2413 2317 esse,
2435 2281 2510 2312 licet

1440 2326 1541 2367 possit
1566 2326 1600 2355 in
1627 2324 1773 2356 futurum
1796 2333 1864 2354 non
1888 2333 1967 2354 esse.
1998 2324 2039 2354 Et
2067 2325 2143 2365 quia
2170 2325 2285 2355 veritas
2315 2326 2509 2365 cognitionis

1440 2376 1472 2402 et
1495 2370 1726 2401 enuntiationis
1755 2378 1852 2409 super
1875 2378 1943 2399 esse
1966 2369 2012 2399 rei
2035 2368 2197 2405 fundatur,
2221 2370 2287 2400 sive
2310 2370 2418 2410 ipsum
2441 2379 2509 2400 esse

1439 2416 1484 2446 rei
1508 2415 1755 2450 concomitatur,
1772 2413 1846 2444 ideo
1864 2422 1902 2443 ex
1918 2413 1974 2443 illo
1992 2414 2156 2453 consurgit
2172 2413 2262 2454 quod
2277 2415 2322 2444 ita
2337 2413 2377 2444 de
2393 2413 2509 2445 effectu

1439 2460 1648 2500 contingente
1674 2464 1781 2499 potest
1804 2457 2014 2488 determinate
2045 2464 2076 2488 et
2105 2467 2179 2488 vere
2208 2457 2280 2494 dici,
2305 2458 2436 2498 quando
2463 2465 2509 2489 est

1438 2506 1471 2535 in
1495 2505 1612 2545 seipso,
1637 2503 1727 2544 quod
1751 2508 1807 2538 est,
1825 2503 1908 2533 sicut
1931 2501 1970 2532 de
1994 2503 2189 2533 necessario:
2214 2502 2307 2533 Sorte
2331 2504 2417 2533 enim
2437 2513 2508 2534 cur-

1439 2554 1539 2584 rente,
1562 2550 1606 2579 ita
1636 2557 1709 2578 vere
1740 2547 1803 2577 dici
1832 2552 1940 2586 potest
1971 2546 2061 2586 quod
2092 2546 2200 2577 Sortes
2231 2547 2337 2582 currit,
2362 2547 2444 2577 sicut
2467 2547 2508 2577 de

1439 2594 1549 2633 eclipsi
1565 2593 1719 2623 existente
1736 2590 1827 2632 quod
1850 2590 1976 2630 eclipsis
1998 2596 2054 2620 est.
2079 2590 2266 2622 Secundum
2289 2596 2397 2621 autem
2417 2591 2508 2631 quod

1438 2644 1574 2677 uterque
1598 2636 1819 2667 consideratur
1844 2640 1880 2664 ut
1906 2634 2043 2670 futurus,
2067 2635 2188 2664 scilicet
2214 2635 2393 2665 secundum
2417 2635 2506 2675 quod

1436 2681 1611 2712 virtualiter
1638 2687 1685 2711 est
1707 2681 1741 2710 in
1765 2688 1870 2715 causa,
1894 2688 1963 2709 non
1992 2678 2136 2710 similiter
2163 2683 2270 2718 potest
2297 2678 2505 2709 determinate

1436 2725 1621 2757 affirmative
1649 2725 1712 2756 dici
1741 2723 1780 2754 de
1811 2729 1950 2763 utroque
1983 2722 2073 2763 quod
2106 2723 2179 2753 erit:
2205 2722 2244 2752 de
2276 2723 2387 2762 eclipsi
2417 2724 2504 2753 enim

1437 2770 1645 2801 determinate
1669 2769 1732 2799 dici
1761 2773 1869 2808 potest
1898 2767 1988 2808 quod
2017 2768 2084 2803 erit,
2108 2776 2176 2797 non
2206 2772 2314 2797 autem
2345 2766 2384 2796 de
2411 2767 2504 2798 Sorte

1436 2815 1527 2855 quod
1542 2819 1657 2845 curret.
1679 2814 1720 2844 Et
1738 2813 1801 2843 hoc
1818 2811 2007 2852 significavit
2023 2811 2158 2843 Sanctus
2175 2811 2318 2841 Thomas
2334 2820 2409 2841 cum
2425 2811 2504 2843 dixit

1435 2859 1525 2900 quod
1549 2859 1751 2900 contingens,
1775 2857 1951 2888 secundum
1974 2856 2061 2897 quod
2084 2856 2116 2886 in
2140 2856 2244 2896 seipso
2268 2860 2324 2892 est,
2350 2865 2414 2885 non
2438 2855 2502 2897 dif-

1425 2905 1502 2946 fert
1523 2913 1543 2934 a
1568 2903 1752 2934 necessario
1772 2906 1928 2942 quantum
1952 2901 1995 2932 ad
2017 2910 2094 2935 esse,
2110 2909 2211 2940 supra
2233 2900 2320 2941 quod
2333 2899 2503 2942 fundatur

1435 2956 1565 2979 verum:
1580 2948 1656 2988 quia
1668 2947 1789 2978 scilicet
1800 2947 1844 2977 ita
1859 2952 1906 2977 est
1918 2946 2164 2977 determinatum
2179 2954 2239 2984 pro
2251 2950 2328 2975 tunc
2345 2950 2502 2984 quantum

1435 2993 1475 3024 ad
1499 3002 1567 3024 esse
1590 2993 1673 3023 sicut
1695 2991 1929 3027 necessarium;
1959 2996 1989 3021 et
2012 2999 2070 3030 per
2100 2998 2302 3029 consequens
2329 2989 2372 3019 ita
2395 2994 2502 3028 potest

1434 3037 1696 3068 certitudinaliter
1720 3041 1751 3066 et
1774 3035 1982 3066 determinate
2011 3034 2164 3074 cognosci
2187 3043 2224 3063 ac
2248 3034 2405 3063 enuntiari
2427 3043 2501 3064 vere

1434 3084 1516 3113 sicut
1539 3082 1764 3112 necessarium.

1495 3127 1524 3157 3.
1556 3125 1799 3157 Advertendum
1830 3130 1996 3164 postremo
2029 3122 2120 3163 quod
2150 3123 2208 3153 ista
2239 3122 2318 3151 ratio
2350 3120 2452 3151 differt
2483 3131 2501 3152 a

1433 3172 1552 3211 prima:
1578 3171 1654 3212 quia
1669 3171 1722 3201 illa
1737 3169 1884 3210 procedit
1900 3178 1938 3199 ex
1954 3167 2218 3208 praesentialitate
2233 3165 2288 3201 rei,
2309 3166 2369 3195 ista
2391 3170 2500 3196 autem

1435 3226 1472 3246 ex
1488 3216 1676 3246 necessitate
1692 3215 1759 3245 sive
1775 3212 1951 3244 differentia
1966 3222 1984 3242 a
1999 3212 2192 3246 necessario;
2213 3210 2358 3250 quamvis
2377 3219 2415 3240 ex
2431 3219 2499 3240 uno

1434 3261 1569 3291 alterum
1593 3265 1754 3300 sequatur.
1772 3258 1866 3289 Unde
1889 3258 1948 3287 ista
1970 3257 2050 3287 ratio
2075 3261 2122 3286 est
2145 3254 2346 3286 confirmatio
2370 3263 2499 3294 praece-

1435 3305 1548 3335 dentis.

1489 3349 1557 3381 VII.
1578 3349 1698 3379 Tertio.
1720 3347 1807 3377 Deus
1827 3347 1886 3377 scit
1899 3355 1967 3376 non
1984 3345 2090 3375 solum
2106 3353 2216 3373 causas
2232 3343 2498 3382 contingentium,

1433 3393 1489 3424 sed
1514 3394 1609 3425 etiam
1634 3402 1671 3423 ea
1695 3392 1812 3432 quibus
1838 3395 1975 3431 possunt
2001 3388 2162 3429 impediri:
2187 3386 2415 3427 cognoscendo
2438 3387 2499 3417 sci-

1432 3439 1506 3469 licet
1523 3437 1613 3479 quod
1631 3436 1809 3477 impedient
1829 3440 1884 3465 aut
1900 3433 1989 3474 quod
2010 3443 2078 3464 non
2098 3431 2284 3472 impedient.
2304 3431 2389 3471 Ergo
2406 3432 2499 3463 etc.-v

1432 3483 1589 3513 Probatur
1605 3480 1844 3521 consequentia.
1867 3479 1961 3516 Quia,
1978 3479 2060 3508 sicut
2082 3486 2120 3507 ex
2141 3486 2236 3507 causa
2257 3476 2434 3506 necessaria
2449 3485 2499 3506 se-

1433 3528 1542 3568 quitur
1572 3526 1704 3557 effectus
1735 3522 2003 3558 certitudinaliter‚
2034 3523 2077 3552 ita
2107 3530 2144 3551 ex
2175 3529 2271 3551 causa
2299 3520 2499 3560 contingenti

1433 3572 1595 3612 completa
1618 3571 1643 3600 si
1666 3579 1734 3600 non
1757 3567 1958 3609 impediatur.

1487 3616 1638 3650 Adverte‚
1658 3619 1695 3644 ut
1718 3613 1839 3643 dictum
1856 3617 1902 3642 est
1917 3612 1950 3641 in
1966 3611 2070 3651 prima
2084 3610 2207 3640 ratione
2224 3608 2264 3639 ad
2280 3608 2498 3639 obiectionem

1431 3660 1576 3691 Durandi
1595 3660 1622 3695 ἡ
1648 3657 1737 3698 quod
1766 3657 1824 3687 ista
1856 3656 1998 3695 cognitio
2027 3663 2091 3695 qua
2120 3658 2361 3693 cognoscuntur
2383 3662 2497 3683 causae

2321 3713 2352 3738 25

2524 3659 2532 3668 ·
2548 3657 2615 3679 Num.
2629 3663 2659 3678 iv.
