2742 4152
42 442 129 464 'Meta
146 442 169 463 11.
184 442 213 465 Ια

41 475 120 517 Εἰπὲ.-
104 501 126 523 3
150 469 211 490 Th.
225 468 254 495 11,

38 2944 162 2993 ¹·(231p.:n
178 2945 250 2968 5..Τ11

41 3169 50 3178 ·
66 3168 133 3190 vers.
147 3174 181 3196 23·

216 448 253 468 .·.
281 451 369 476 rum
397 438 437 475 111
464 439 621 481 veritate
641 437 738 475 sicut
756 437 797 474 in
820 449 902 474 esse
917 437 948 473 ²¹².

283 269 308 302 4
911 251 1100 289 SUMMA
1129 250 1351 288 CONTRA
1380 248 1655 297 GENTILES,
1687 250 1798 288 CAP.
1819 251 1845 288 I.

282 332 433 369 essendi
461 330 665 377 omnibus;
695 330 801 367 unde
821 337 858 367 et
877 342 948 367 sua
966 329 1107 366 veritas
1135 337 1191 366 est
1219 327 1348 366 omnis
1404 327 1543 378 pientis
1562 328 1738 366 officium
1752 328 1792 366 in
1806 328 1934 366 verbis
1952 328 2161 379 propositis
2175 329 2478 367 demonstratur:

281 385 447 423 veritatis
474 384 729 434 principium;
759 383 813 421 sic
841 382 947 420 enim
973 390 1028 419 est
1065 382 1264 432 dispositio
1292 394 1349 419 re-
1405 380 1545 418 scilicet
1563 381 1764 419 veritatem
1783 382 1970 429 divinam,
1991 395 2092 432 quae
2114 382 2405 420 antonomasice
2424 390 2480 420 est

1404 434 1556 482 veritas,
1577 435 1802 480 meditatam
1830 436 1972 486 eloqui,
1993 437 2101 486 quod
2120 436 2238 485 tangit
2265 448 2358 474 cum
2377 436 2479 482 dicit,

331 491 519 529 Eiusdem
546 499 679 534 autem
707 498 763 528 est
790 502 917 528 unum
949 489 1233 528 contrariorum
1260 501 1349 539 pro-
1406 490 1604 526 Veritatem
1637 489 1874 527 meditabitur
1903 496 2034 542 guttur
2065 503 2211 535 meum,·
2242 497 2280 527 et
2303 501 2478 527 errorem

280 544 390 594 sequi
409 552 445 582 et
463 545 568 583 aliud
587 545 766 582 refutare:
789 544 886 581 sieut
904 543 1109 590 medicina,
1130 556 1231 593 quae
1251 542 1350 581 sani·
1372 559 1382 580 ς
1405 549 1539 579 contra
1575 541 1777 591 veritatem
1812 542 2055 594 impugnare,
2094 544 2203 606 quod
2237 543 2356 600 tangit
2388 541 2480 581 cum

279 606 396 636 tatem
415 606 607 648 operatur,
625 597 914 659 aegritudinem
924 597 1100 635 excludit.
1122 597 1235 635 Unde
1255 596 1351 634 sicut
1405 595 1507 643 dicit,
1528 601 1561 632 et
1579 596 1679 633 labia
1699 608 1784 633 mea
1803 597 2076 635 detestabuntur
2095 599 2263 648 impium,
2283 609 2355 647 per
2371 597 2482 647 quod

279 651 459 712 sapientis
478 660 534 689 est
561 652 761 690 veritatem
788 650 996 701 praecipue
1024 651 1072 688 de
1100 650 1228 700 primo
1247 649 1351 700 prin-
1405 648 1545 688 falsitas
1564 656 1699 686 contra
1717 649 1892 688 divinam
1910 651 2112 689 veritatem
2130 651 2363 700 designatur,
2379 662 2480 700 quae

279 705 381 755 cipio
409 705 586 744 meditari
605 713 642 743 et
660 705 742 743 aliis
769 704 967 752 disserere,
987 704 1039 742 ita
1067 704 1150 742 eius
1169 711 1226 741 est
1252 703 1351 741 falsi-
1406 701 1579 751 religioni
1612 702 1804 740 contraria
1831 711 1899 750 est,
1933 716 2038 756 quae
2063 704 2179 742 etiam
2208 707 2327 755 pietas
2354 703 2481 742 nomi-
2504 722 2507 724 ·

279 767 397 797 tatem
425 759 657 797 contrariam
684 770 925 808 Impugnal‘e.

1406 763 1531 803 natur,
1552 756 1658 793 unde
1687 763 1724 793 et
1751 756 1890 794 salsitas
1918 757 2109 796 contraria
2127 758 2163 796 ei
2186 760 2382 810 impietatis
2409 757 2482 795 sibi

334 812 619 851 Convenienter
635 823 725 861 ergo
745 824 792 850 ex
812 824 879 849 ore
894 810 1111 861 Sapientiae
1131 810 1275 860 duplex
1294 821 1351 847 sa-
1367 821 1554 847 mnomen
1581 809 1753 847 assumit.

334 936 345 954 1
367 929 437 954 unde
456 928 489 962 et]
509 928 579 953 unde
597 935 657 953 cum
676 935 701 957 α,
720 927 791 952 unde
810 927 871 957 EN;
890 926 916 951 in
936 926 956 950 Z
975 931 1001 950 et
1018 932 1102 957 supra
1121 932 1176 951 ras.

335 972 346 990 1
369 965 395 989 in
413 963 508 998 verbIs]
528 964 657 989 invenitur
677 963 703 988 in
727 962 815 987 verbis
835 970 864 992 α;
886 969 940 994 pro
967 961 1168 992 demonstratur,
1188 960 1360 986 demonstrari
1379 960 1394 985 b
1413 960 1470 986 acsi
1493 960 1623 986 invenitur
1640 961 1783 986 habuisset.

278 1006 358 1026 tatem
377 1008 403 1031 α,
417 1000 584 1025 meditantem
602 999 634 1029 Y,
651 998 799 1023 meditative
817 997 868 1030 pG,
890 997 1015 1022 meditam
1039 997 1087 1029 pZ,
1105 996 1225 1022 meditari
1248 1001 1274 1022 et
1298 996 1342 1028 sZ,
1361 996 1509 1021 meditativa
1527 996 1552 1026 ὁ,
1571 996 1712 1023 meditativi
1737 996 1858 1032 (eloquii)
1875 1004 1899 1028 8,
1918 998 2054 1023 veritatem
2080 998 2229 1023 meditatam
2251 998 2279 1023 Ρ.

279 1035 370 1070 pietas]
390 1036 509 1068 impietas
528 1035 618 1065 Gch,
638 1034 721 1067 pietas
740 1034 768 1060 P.
859 1041 876 1066 9
895 1032 928 1066 et]
949 1032 1028 1058 etiam
1047 1032 1110 1057 Pa.-

1268 924 1282 949 5
1303 932 1371 957 quae
1389 932 1433 950 om
1453 924 1485 956 P;
1500 932 1555 957 pro
1575 925 1695 956 excludit,
1714 933 1768 950 non
1786 925 1899 951 excludit
1915 933 1939 956 c,
1958 933 2022 951 vero
2040 926 2153 952 excludit
2172 926 2220 952 ΡΑ.

1876 961 1890 986 3
1910 962 2061 987 meditatam
2081 962 2124 987 Ita
2143 962 2485 1023 DENWXsFGd;8medie-

2405 1003 2484 1024 811818

1041 1100 1392 1146 Commentaiid
1409 1109 1720 1146 Fert-ariensis

310 1212 404 1233 orma
415 1201 565 1232 adversus
577 1206 688 1242 gentes
700 1200 813 1231 volens
825 1205 997 1231 tractatum
1013 1199 1108 1231 edere
1116 1199 1350 1232 SanctusTho-

282 1215 377 1277 Imas
400 1246 574 1287 praemittit
595 1246 805 1286 prooemium
824 1255 946 1279 novem
969 1245 1128 1286 capitibus
1152 1245 1350 1280 distinctum.

1405 1200 1562 1231 chitector
1574 1201 1834 1242 fundamentum
1851 1202 1961 1242 posui.
1997 1201 2084 1242 Ergo
2107 1201 2155 1232 illi
2177 1201 2239 1232 soli
2260 1210 2385 1233 8011188
2408 1203 2484 1234 sim-

1405 1245 1546 1297 pliciter
1553 1246 1706 1286 sapientis
1729 1251 1907 1301 reservatur
1930 1246 2023 1278 cuius
2044 1245 2263 1307 consideratio
2279 1246 2364 1278 circa
2382 1246 2484 1279 finem

278 1291 314 1322 In
326 1300 393 1332 quo
406 1291 465 1321 tria
475 1290 694 1332 principaliter
709 1290 798 1322 facit:
814 1291 941 1331 primo
932 1290 1024 1322 881111
1036 1299 1133 1321 suum
1144 1288 1374 1331 propositum
1405 1291 1547 1322 universi
1569 1296 1724 1323 versatur.

276 1335 474 1372 manifestat;
494 1334 650 1372 secundo,
672 1335 811 1367 modum
825 1327 1080 1366 manifestandae
1095 1336 1235 1366 veritatis
1251 1344 1351 1376 quam

276 1380 414 1411 intendit
429 1379 579 1417 ostendit,
592 1389 663 1421 cap.
674 1390 723 1416 m;
739 1380 845 1416 tertio,
858 1379 1006 1411 ordinem
1021 1379 1245 1420 procedendi
1236 1389 1271 1411 m
1286 1380 1352 1411 hoc

277 1435 377 1466 opere
392 1424 496 1461 tradit,
509 1434 579 1465 cap.
588 1435 630 1455 rx.
642 1443 666 1447 -
677 1424 772 1456 Circa
783 1425 926 1465 primum
938 1424 1005 1456 duo
1022 1424 1111 1455 facit:
1128 1425 1246 1465 primo,
1259 1434 1351 1466 prae-

277 1470 374 1501 mittit
397 1470 493 1510 quale
516 1470 556 1500 sit
578 1470 730 1510 sapientis
754 1470 915 1506 officium;
940 1469 1097 1506 secundo,
1120 1469 1200 1510 quid
1223 1470 1257 1500 18
1282 1470 1352 1500 'hoc

277 1515 359 1546 libro
382 1513 528 1545 intendat
551 1514 681 1545 deducit
704 1524 743 1545 ex
766 1514 957 1556 praemissis,
982 1524 1052 1555 cap.
1069 1525 1102 1545 n.

334 1560 356 1591 Ι.
377 1559 547 1597 Quantum
562 1560 658 1599 igitur
674 1558 714 1589 ad
729 1561 882 1600 primum,
896 1559 1042 1600 quinque
1057 1559 1152 1600 ponit
1167 1558 1352 1589 conclusio-

277 1614 345 1636 nes.
370 1604 519 1643 Quarum
541 1604 646 1644 prima
672 1609 735 1634 est:
760 1605 811 1635 Ad
834 1604 1010 1645 sapientem
1027 1604 1176 1645 *pertin-et
1205 1603 1352 1634 conside-

279 1659 356 1680 rare
369 1650 485 1691 finem.
502 1648 669 1679 Probatur.
687 1648 854 1689 Sapientes
877 1648 1030 1679 dicuntur
1045 1649 1102 1689 qui
1121 1657 1175 1686 ,res
1198 1653 1285 1687 recte
1300 1657 1352 1678 or-

278 1694 391 1725 dinant
414 1699 446 1724 et
469 1703 521 1724 eas
544 1693 627 1724 bene
642 1693 832 1733 gubernant.
850 1693 914 1725 Sed
930 1693 1080 1724 omnium
1096 1692 1352 1724 ordinandorum

278 1739 319 1770 ad
341 1738 441 1769 finem
471 1738 713 1778 gubernationis
737 1744 768 1769 81
800 1738 921 1770 ordinis
944 1738 1090 1778 regulam
1117 1747 1155 1768 ex
1178 1737 1244 1768 fine
1267 1737 1353 1768 sumi

278 1793 410 1815 necesse
434 1787 490 1814 est.
515 1783 602 1823 Ergo
627 1783 779 1823 sapientis
803 1789 850 1814 est
870 1782 1073 1814 considerare
1095 1781 1206 1821 finem.
1268 1809 1270 1811 .

334 1828 439 1859 Maior
461 1827 626 1867 probatur.
659 1827 748 1858 Tum
778 1838 816 1858 ex
847 1837 910 1858 usu
940 1826 1167 1863 multitudinis,
1192 1835 1292 1867 quem
1318 1827 1352 1856 in

277 1872 373 1904 rebus
395 1871 603 1903 nominandis
625 1871 830 1912 sequendum
849 1872 1068 1913 Philosophus
1089 1877 1208 1908 censet,
1226 1871 1252 1901 11
1273 1872 1351 1911 Top.

278 1926 306 1947 8.
323 1927 349 1948 1:
375 1917 516 1948 obtinuit
540 1917 627 1947 enim
650 1922 687 1947 ut
709 1917 787 1948 tales
803 1917 963 1958 sapientes
979 1917 1136 1948 dicantur.
1153 1933 1174 1939 —
1191 1915 1280 1947 Tum
1294 1925 1352 1949 au-

277 1962 423 1992 ctoritate
445 1961 636 1997 Aristotelis,
655 1961 667 1991 1
684 1962 837 2002 Metaph„
854 1962 1007 2002 ponentis
1026 1961 1117 2002 quod
1135 1961 1290 2001 sapientis
1305 1965 1354 1991 est

278 2006 444 2037 ordinare.

333 2051 442 2082 Minor
457 2059 534 2081 vero
555 2050 711 2090 probatur
732 2049 912 2092 dupliciter.
930 2050 1051 2081 Primo.
1068 2049 1165 2081 Tunc
1185 2058 1352 2090 unaquae-

277 2104 343 2137 que
366 2105 417 2127 res
440 2096 564 2135 optime
591 2094 775 2136 disponitur
803 2105 880 2126 cum
911 2094 953 2127 ad
979 2094 1081 2129 finem
1107 2104 1205 2126 suum
1232 2104 1352 2126 conve-

276 2140 402 2171 nienter
432 2139 616 2170 ordinatur:
647 2149 724 2171 cum
754 2139 828 2171 finis
858 2140 1116 2181 uniuscuiusque
1144 2139 1184 2170 sit
1214 2139 1351 2171 bonum.

277 2184 415 2225 Supple:
427 2183 699 2226 Unumquodque
715 2190 824 2216 autem
840 2184 965 2226 optime
981 2185 1165 2226 disponitur
1180 2193 1256 2215 cum
1273 2194 1353 2216 con-

277 2230 443 2260 venienter
466 2229 632 2260 ordinatur
655 2229 695 2260 ad
717 2230 854 2266 bonum,
880 2228 971 2270 quod
994 2235 1042 2260 est
1063 2239 1122 2260 sua
1144 2229 1258 2260 ultima
1281 2239 1353 2270 per·

278 2274 386 2306 sectio.
411 2274 498 2314 Ergo
514 2279 574 2305 818.
590 2291 614 2296 -
628 2273 792 2306 Secundo.
817 2274 853 2306 In
869 2275 990 2305 artibus
1004 2273 1152 2306 videmus
1167 2283 1268 2305 unam
1284 2283 1353 2306 esse

278 2319 408 2351 alterius
430 2319 673 2359 gubernativam
696 2325 728 2350 et
751 2319 844 2360 quasi
866 2319 1089 2360 principalem,
1106 2318 1147 2350 ad
1166 2327 1265 2359 quam
1280 2329 1353 2360 per-

277 2364 358 2395 tinet
382 2364 451 2395 eius
470 2363 552 2394 finis.
576 2363 667 2395 Patet
682 2364 716 2395 in
730 2362 925 2400 medicinali,
942 2373 1026 2404 quae
1039 2364 1100 2400 ,arti
1122 2364 1354 2405 pigmentariae

278 2409 494 2450 principatur:
519 2408 636 2439 sanitas
660 2409 756 2446 enim,
781 2409 865 2440 circa
897 2417 996 2450 quam
1027 2413 1179 2446 versatur,
1204 2414 1251 2440 est
1280 2408 1354 2440 finis

278 2454 429 2485 omnium
450 2453 703 2493 pigmentorum.
729 2453 820 2484 Patet
843 2453 940 2484 etiam
966 2453 1000 2484 in
1028 2458 1094 2484 arte
1126 2453 1354 2494 gubernatoria

277 2499 368 2530 navis
390 2503 539 2538 respectu
563 2498 783 2535 navifactivae,
806 2502 839 2529 et
862 2498 896 2529 in
919 2498 1048 2529 militari
1070 2503 1220 2539 respectu
1252 2508 1353 2540 eque-

278 2544 349 2575 stris
373 2549 404 2573 et
428 2543 534 2574 omnis
558 2542 664 2574 bellici
687 2548 868 2584 apparatus.
897 2542 991 2581 Quae
1014 2552 1130 2575 081885
1161 2544 1353 2575 architecto·

277 2590 370 2620 nicae
393 2589 613 2624 nominantur,
636 2589 728 2629 quasi
751 2587 944 2629 principales
967 2593 1064 2619 artes:
1089 2594 1122 2619 et
1145 2597 1257 2620 earum
1280 2590 1354 2620 arti-

278 2633 365 2668 fices,
397 2634 453 2673 qui
485 2632 711 2664 architectores
740 2637 913 2668 vocantur,
944 2642 1068 2664 nomen
1099 2632 1159 2664 sibi
1189 2633 1354 2666 vindicant

277 2679 473 2720 sapientum.

333 2722 434 2754 Circa*
450 2723 588 2763 primam
611 2722 839 2762 probationem
854 2721 996 2758 maioris,
1013 2720 1246 2753 advertendum
1262 2722 1353 2764 quod

277 2769 405 2808 sapiens
437 2767 568 2809 proprie
603 2766 719 2799 dicitur
748 2767 804 2808 qui
837 2766 878 2798 de
907 2765 1103 2798 difficillimis
1134 2771 1166 2798 et
1192 2768 1354 2799 altissimis

278 2813 381 2844 causis
404 2822 462 2853 per
484 2811 712 2844 certitudinem
734 2811 926 2848 considerat,
946 2817 982 2843 ut
1005 2817 1093 2852 patet
1109 2821 1148 2843 ex
1167 2812 1352 2850 Aristotele,

278 2857 291 2888 1
314 2858 455 2898 Metaph.
477 2863 508 2888 et
523 2857 566 2888 V1
582 2857 704 2888 Ertaia:
722 2857 834 2897 sicque
856 2856 1044 2897 philosophi
1067 2861 1203 2888 utuntur
1218 2858 1354 2889 nomine

276 2901 440 2942 sapientis.
457 2902 502 2933 At
517 2902 593 2943 quia
609 2911 647 2932 ex
663 2902 723 2933 hac
739 2902 864 2933 ratione
879 2901 960 2932 aliae
981 2900 1186 2932 conditiones
1201 2902 1354 2942 sapientis

278 2952 533 2987 consequuntur,
550 2945 590 2977 de
606 2946 725 2987 quibus
741 2945 753 2976 1
771 2945 912 2987 Metaph.
925 2946 943 2962 ⁴*
958 2945 1148 2977 Aristoteles
1164 2945 1239 2977 facit
1262 2956 1353 2978 men-

277 2991 412 3027 tionem,
427 2991 512 3022 inter
534 3000 614 3031 quas
636 3000 702 3022 una
725 2995 772 3022 est
794 2995 881 3022 recte
904 2989 1052 3021 ordinare
1076 2990 1108 3021 et
1131 2991 1214 3022 bene
1237 2991 1354 3032 guber-

277 3045 364 3072 nare,
387 3035 463 3067 ideo
486 3036 570 3067 hanc
586 3035 762 3067 multitudo
785 3035 901 3066 intuita
924 3036 958 3066 in
973 3035 1118 3076 sapiente
1134 3045 1213 3072 esse,
1229 3045 1353 3068 nomen

278 3080 438 3112 transtulit
468 3081 620 3121 sapientis
646 3079 687 3111 ad
714 3089 987 3120 unumquemque
1013 3085 1101 3112 recte
1128 3090 1178 3112 res
1201 3080 1354 3113 ordinan-

278 3130 362 3162 tem;
387 3134 486 3165 quem
505 3125 602 3156 etiam
612 3124 807 3166 prudentem
828 3124 934 3156 dicere
957 3134 1143 3165 possumus,
1167 3125 1255 3156 iuxta
1273 3125 1354 3157 illud

279 3169 376 3200 Prov.
393 3171 450 3204 κῆ
475 3169 642 3210 Sapientia
665 3175 712 3201 est
735 3170 807 3200 viro
827 3168 1016 3210 prudentia.
1040 3170 1176 3210 Propter
1190 3170 1255 3202 hoc
1276 3169 1354 3202 dixit

279 3213 415 3245 Sanctus
436 3213 581 3245 Thomas
606 3213 696 3255 quod
719 3223 797 3245 usus
819 3213 1035 3245 multitudinis
1059 3214 1200 3246 obtinuit
1215 3220 1252 3245 ut
1275 3215 1354 3247 tales

279 3259 438 3299 sapientes
462 3257 624 3290 dicantur:
650 3259 741 3299 quasi
765 3257 860 3295 dicat,
886 3258 953 3289 Ista
978 3268 1044 3289 non
1069 3263 1116 3290 est
1138 3259 1226 3300 apud
1244 3259 1353 3300 philo-

280 3303 397 3343 sophos
420 3303 578 3344 completa
593 3303 747 3343 sapientis
763 3303 917 3344 acceptio,
933 3303 990 3334 sed
1006 3303 1094 3343 apud
1114 3303 1352 3335 multitudinem

282 3351 313 3377 et
334 3347 462 3387 vulgus.

339 3391 376 3422 11.
401 3391 549 3422 Secunda
579 3392 748 3423 conclusio
780 3397 844 3422 est:
878 3391 929 3422 Aa
958 3392 1134 3432 sapientem
1165 3392 1355 3433 simpliciter

278 3435 418 3474 pertinet
440 3436 647 3467 considerare
665 3436 769 3474 finem
801 3435 954 3466 universi.
986 3435 1143 3467 Probatur
1173 3435 1353 3477 dupliciter.

282 3479 400 3510 Primo.
425 3480 580 3511 Praedicti
604 3480 740 3512 artifices
771 3480 980 3520 singularium
1011 3480 1214 3522 quarundam
1246 3491 1353 3512 rerum

283 3522 363 3553 fines
386 3529 621 3564 pertractantes,
646 3525 722 3566 quia
745 3524 785 3556 ad
808 3523 909 3556 finem
938 3525 1152 3557 universalem
1182 3534 1251 3557 non
1282 3535 1353 3566 per·

283 3567 420 3606 tingunt,
444 3578 512 3599 non
535 3568 686 3600 dicuntur
709 3568 897 3610 simpliciter
919 3569 1089 3610 sapientes,
1114 3568 1171 3601 sed
1194 3570 1354 3611 sapientes

283 3611 379 3642 huius
401 3612 452 3642 vel
474 3613 559 3644 illius
582 3614 645 3644 rei:
670 3614 757 3644 iuxta
781 3613 860 3645 illud
884 3613 896 3644 1
915 3613 993 3645 Cor.
1009 3624 1054 3650 m,
1082 3615 1126 3645 Ut
1145 3615 1275 3655 sapiens
1298 3624 1352 3645 ar-

1461 1335 1625 1367 Secundo.
1650 1335 1809 1376 Sapientis
1823 1335 2021 1376 simpliciter,
2038 1334 2220 1367 secundum
2235 1336 2484 1378 Philosophum,

1406 1380 1419 1411 1
1442 1381 1586 1421 Metaph.
1611 1386 1644 1412 et
1666 1380 1710 1411 Vl
1732 1380 1851 1416 Ethic„
1875 1386 1924 1412 est
1943 1380 2111 1412 altissimas
2134 1390 2246 1412 causas
2270 1381 2485 1414 considerare.

1406 1425 1470 1457 Sed
1493 1425 1567 1456 finis
1589 1426 1731 1457 universi
1747 1430 1795 1456 est
1810 1435 1906 1456 causa
1933 1425 2096 1463 altissima,
2113 1435 2197 1467 quae
2221 1431 2269 1457 est
2292 1428 2390 1458 etiam
2412 1427 2485 1458 uni-

1405 1471 1562 1501 versitatis
1585 1471 1794 1511 principium.
1815 1470 1902 1511 Ergo
1927 1476 1989 1502 etc.

1463 1514 1559 1546 Circa
1592 1515 1687 1546 istam
1720 1515 1993 1567 propositionem,
2018 1515 2110 1547 Finis
2141 1515 2286 1547 universi
2310 1523 2358 1548 est
2387 1516 2485 1548 etiam

1407 1560 1630 1591 universitatis
1647 1559 1859 1601 principium,
1883 1559 2118 1592 attendendum
2142 1560 2234 1602 quod
2257 1570 2314 1602 per
2344 1562 2409 1594 hoc
2437 1562 2486 1594 di-

1407 1610 1498 1636 ctum
1520 1604 1591 1636 vult
1612 1605 1730 1636 habere
1754 1605 1892 1637 Sanctus
1915 1605 2062 1636 Thomas
2089 1605 2181 1646 quod
2213 1606 2358 1646 primum
2387 1617 2486 1650 agens

1407 1655 1440 1681 et
1463 1647 1597 1681 ultimus
1619 1648 1694 1681 finis
1716 1659 1787 1682 non
1809 1655 1886 1682 sunt
1908 1649 1976 1682 duo
2000 1650 2159 1688 distincta,
2183 1650 2241 1682 sed
2263 1656 2339 1682 sunt
2369 1661 2485 1684 unum.

1406 1694 1502 1730 Nam,
1527 1703 1604 1725 cum
1627 1694 1688 1725 alia
1720 1695 1856 1746 agentia
1878 1700 2012 1736 propter
2042 1694 2143 1726 finem
2174 1695 2318 1736 aliquem
2345 1697 2385 1727 ab
2407 1698 2486 1739 ipsis

1407 1738 1595 1770 distinctum
1618 1744 1724 1780 agant,
1748 1740 1891 1780 primum
1914 1749 2023 1781 agens,
2040 1745 2076 1771 ut
2099 1739 2233 1771 inferius
2253 1740 2443 1773 ostendetur
2457 1742 2485 1779 ‘',
2514 1747 2524 1758 ·

1406 1793 1476 1815 non
1498 1789 1633 1824 propter
1655 1783 1779 1826 aliquid
1808 1783 1897 1816 aliud
1927 1795 1945 1816 a
1977 1794 2012 1816 se
2045 1784 2242 1822 distinctum,
2266 1784 2324 1817 sed
2353 1791 2487 1828 propter

1407 1829 1551 1869 seipsum
1573 1832 1701 1859 tantum
1724 1829 1798 1869 agit.
1823 1828 1919 1861 Unde
1942 1829 2085 1870 primum
2101 1839 2199 1870 838115
2215 1835 2247 1861 81
2262 1830 2396 1862 uln‘mus
2411 1830 2486 1863 finis

1407 1873 1533 1904 realiter
1556 1878 1632 1903 sunt
1655 1872 1753 1904 idem.

1462 1917 1511 1948 Ex
1525 1917 1592 1948 hoc
1607 1923 1717 1949 autem
1731 1918 1843 1949 haberi
1865 1922 1973 1958 potest
1987 1917 2160 1960 quomodo
2184 1918 2392 1960 intelligenda
2409 1925 2487 1952 sunt

1407 1963 1503 1993 verba
1534 1962 1724 2003 Philosophi
1752 1962 1779 1993 11
1803 1963 1946 2003 Metaph.
1966 1964 1993 1999 “,
2018 1962 2098 1994 dum
2130 1963 2174 1994 ait
2204 1963 2296 2015 quod
2317 1964 2487 2006 principia

1406 2016 1521 2038 eorum
1544 2015 1629 2048 quae
1650 2013 1727 2038 sunt
1748 2017 1875 2048 semper
1898 2017 2026 2039 η888558
2049 2013 2097 2039 est
2114 2017 2183 2040 esse
2206 2009 2385 2040 verissima.
2409 2009 2487 2041 Non

1407 2051 1495 2082 enim
1519 2051 1565 2082 sic
1588 2051 1777 2093 accipienda
1799 2057 1875 2084 sunt
1897 2053 1990 2093 quasi
2012 2052 2090 2084 velit
2111 2053 2206 2094 plura
2228 2061 2297 2084 8558
2327 2054 2487 2096 principia

1406 2096 1532 2129 realiter
1555 2095 1704 2128 distincta
1727 2106 1843 2129 eorum
1867 2106 1951 2139 quae
1966 2106 2108 2138 semper
2109 2103 2202 2130 sunt:
2225 2097 2284 2130 sed
2299 2099 2379 2143 01118
2391 2099 2488 2148 plura

1406 2146 1482 2174 sunt
1505 2141 1780 2181 sempiternorum
1802 2142 1961 2184 principia
1990 2142 2060 2173 sola
2088 2142 2214 2175 ratione
2243 2134 2487 2187 distinetfig'fid·

1406 2186 1483 2218 licet
1504 2186 1648 2227 primum
1672 2185 1814 2218 efficiens
1837 2191 1870 2218 et
1891 2186 2026 2218 ultimus
2048 2185 2132 2225 finis,
2156 2195 2237 2229 quas
2255 2178 2486 2237 Ρωοὸορἱιυό,

1407 2232 1495 2262 iuxta
1515 2231 1814 2273 interpretationem
1830 2231 1940 2263 Sancti
1955 2231 2106 2264 Τ11011188
2120 2232 2187 2264 1108
2156 2195 2289 2270 qu‚loco
2298 2225 2487 2279 altissim

1408 2283 1526 2307 causas
1548 2281 1653 2308 vocat.

1463 2320 1517 2352 111.
1541 2319 1651 2352 Tertia
1666 2320 1836 2352 conclusio
1852 2326 1918 2353 851·
1933 2320 1986 2352 Ad
1999 2321 2193 2363 sapientiam
2208 2322 2400 2363 simlicimj
2406 2331 2487 2364 per*-

1408 2365 1489 2396 tinet
1503 2365 1592 2396 circa
1608 2365 1903 2404 considerationem
1919 2365 2067 2397 veritatis
2079 2366 2312 2408 principaliter
2326 2367 2485 2404 insistere.

1408 2409 1576 2441 Probatur.
1599 2410 1652 2442 Ad
1675 2410 1866 2451 sapientiam
1889 2410 2077 2452 simpliciter
2099 2411 2239 2453 pertinet
2269 2409 2486 2444 consideratio

1408 2453 1481 2486 finis
1503 2455 1663 2486 universi·
1686 2463 1745 2496 per
1768 2453 2016 2496 praecedentem
2040 2455 2297 2488 conclusionem.
2321 2454 2386 2488 Sed
2411 2454 2486 2489 61115
2545 2458 2548 2462 ”

1407 2499 1550 2531 universi
1573 2505 1621 2531 est
1643 2500 1769 2530 veritas.
1794 2499 1882 2541 Ergo
1905 2505 1966 2532 etc.

1463 2544 1622 2576 Probatur
1643 2545 1762 2576 minor.
1790 2544 1907 2576 Finem
1933 2545 2076 2577 universi
2101 2551 2239 2587 oportet
2261 2555 2330 2578 8558
2359 2546 2487 2579 bonum

1408 2588 1600 2621 intellectus.
1613 2588 1678 2621 Sed
1693 2589 1773 2621 haec
1789 2594 1837 2620 est
1848 2590 1973 2622 veritas.
1990 2590 2077 2632 Ergo
2089 2596 2188 2623 etc.-
2198 2590 2357 2631 Probatur
2371 2592 2486 2626 maior.

1407 2633 1498 2665 Finis
1513 2634 1772 2676 uniuscuiusque
1787 2634 1834 2666 rei
1849 2639 1897 2666 est
1912 2635 1970 2676 qui
1985 2635 2163 2668 intenditur
2180 2645 2200 2667 8
2221 2636 2330 2677 primo
2353 2641 2486 2690 auctore

1407 2678 1459 2710 vel
1482 2685 1611 2710 motore
1634 2678 1746 2720 ipsius.
1771 2677 1836 2710 Sed
1860 2680 1986 2721 primus
2009 2685 2124 2712 auctor
2150 2684 2183 2712 et
2208 2686 2319 2713 motor
2344 2681 2487 2713 universi

1408 2728 1456 2754 est
1484 2723 1679 2760 intellectus,
1702 2729 1740 2755 ut
1762 2723 1846 2755 infra
1868 2723 2068 2762 ostendetur,
2092 2725 2215 2757 58111881
2236 2725 2319 2757 libro
2335 2723 2373 2757 11.
2396 2724 2484 2768 Erg‘o

1407 2773 1538 2810 oportet
1552 2769 1706 2800 ultimum
1729 2767 1830 2800 finem
1852 2770 1995 2802 universi
2017 2779 2088 2802 esse
2106 2771 2233 2802 bonum
2247 2770 2440 2803 intellectus.

1463 2811 1685 2845 Confirmatur
1699 2814 1818 2855 primo,
1834 2814 1900 2846 hoc
1914 2815 2019 2867 signo,
2034 2814 2127 2856 quod
2142 2814 2306 2869 Sapientia
2321 2815 2430 2849 divina
2444 2814 2485 2848 ad

1407 2858 1548 2889 veritatis
1563 2857 1858 2891 manifestationem
1868 2860 1956 2891 venit
1971 2861 2005 2891 in
2021 2859 2197 2892 mundum:
2215 2866 2251 2893 ut
2266 2862 2336 2903 ipsa
2351 2866 2485 2894 testatur

1408 2911 1485 2934 cum
1515 2902 1798 2940 ait‚10an.xvm.
1824 2903 1900 2946 Ego
1926 2905 1959 2936 in
1983 2904 2046 2936 hoe
2069 2909 2166 2936 natus
2188 2914 2260 2936 sum
2285 2910 2321 2938 ut
2343 2905 2484 2938 testimo-

1409 2947 1499 2978 nium
1517 2947 1706 2988 perhibeam
1731 2948 1871 2979 veritati.
1895 2966 1917 2972 -
1945 2943 2167 2980 confirmatur
2191 2949 2485 2987 588118ἀο,811810-

1407 2991 1498 3023 ritate
1514 2992 1696 3023 Aristotelis
1711 2991 1857 3030 dicentis,
1875 2992 1901 3024 11
1918 2993 2071 3035 Metaph„
2088 2994 2226 3035 primam
2242 2994 2484 3037 philosophiam

1408 3045 1479 3067 esse
1502 3037 1670 3068 scientiam
1690 3037 1840 3069 veritatis.

1465 3081 1560 3113 Circa
1583 3081 1763 3115 illationem
1785 3082 1918 3114 rationis
1940 3083 2137 3124 principalis,
2153 3082 2283 3115 adverte
2298 3082 2390 3125 quod
2399 3091 2484 3125 sup·

1407 3126 1502 3167 ponit
1528 3127 1609 3158 ratio
1636 3127 1780 3167 primum
1806 3136 1905 3168 agens
1931 3128 2091 3170 cuiusque
2113 3128 2161 3159 rei
2186 3127 2355 3160 intendere
2375 3128 2483 3173 primo

1408 3170 1533 3202 bonum
1556 3180 1664 3208 suum,
1689 3171 1881 3203 secundario
1904 3177 2014 3204 autem
2037 3173 2164 3204 bonum
2185 3171 2236 3203 sui
2259 3170 2402 3204 effectus.
2422 3171 2484 3205 Id-

1408 3215 1506 3251 81180,
1531 3225 1607 3247 curn
1631 3214 1778 3247 debuerit
1801 3215 1919 3248 inferre
1951 3216 2088 3249 Sanctus
2111 3215 2267 3252 Thomas,
2290 3215 2341 3246 Er
2338 3225 2385 3259 go
2398 3216 2484 3258 finis

1408 3260 1541 3291 ultimus
1565 3260 1710 3292 universi
1725 3266 1772 3292 est
1786 3270 1879 3302 quem
1896 3261 2035 3293 intendit
2048 3261 2237 3296 intellectus,
2254 3260 2372 3298 intulit,
2387 3260 2483 3304 Ergo

1407 3309 1455 3335 est
1476 3304 1596 3335 bonum
1620 3305 1820 3337 intellectus:
1841 3311 1878 3337 ut
1900 3305 1990 3338 daret
2011 3304 2189 3346 intelligere
2205 3304 2292 3336 idem
2308 3314 2378 3337 esse
2392 3306 2484 3346 quod

1407 3349 1583 3380 intenditur
1605 3351 1713 3391 primo
1737 3360 1755 3381 8
1778 3350 1833 3382 tali
1857 3355 1982 3391 838818.
2006 3355 2038 3381 81
2061 3349 2152 3391 quod
2174 3354 2223 3381 est
2249 3350 2319 3381 eius
2346 3350 2482 3383 bonum.

1465 3403 1495 3424 2.
1516 3393 1611 3426 Circa
1625 3395 1887 3435 propositionem
1897 3395 1983 3427 hanc
1993 3400 2192 3436 assumptam
2203 3394 2238 3426 in
2249 3394 2354 3436 prima
2369 3394 2483 3428 eadem

1407 3438 1540 3473 ratione,
1566 3438 1754 3470 Intellectus
1776 3444 1824 3470 est
1841 3438 1970 3480 primus
1993 3444 2111 3470 auctor
2136 3443 2168 3470 et
2194 3443 2303 3469 motor
2328 3439 2481 3477 universi,

1408 3481 1641 3514 advertendum
1665 3487 1713 3514 est
1735 3482 1826 3526 quod
1846 3482 2017 3525 dupliciter
2033 3484 2153 3525 exponi
2168 3488 2286 3524 potest.
2310 3483 2430 3522 Primo,
2447 3491 2484 3516 ut

1408 3526 1531 3558 dicatur
1553 3527 1736 3559 intellectus
1759 3532 1872 3559 auctor
1901 3532 1934 3559 et
1963 3533 2074 3559 motor
2104 3533 2260 3569 tanquam
2291 3529 2391 3560 virtus
2418 3539 2483 3571 qua

1407 3570 1497 3602 Deus
1520 3571 1674 3612 produxit
1692 3572 1896 3603 universum.
1921 3572 2004 3604 sicut
2019 3571 2158 3604 dicimus
2173 3571 2265 3613 quod
2279 3572 2391 3605 artifex
2407 3583 2483 3615 pro-

1407 3614 1497 3646 ducit
1519 3615 1684 3647 artificiata
1706 3624 1765 3657 per
1786 3616 1996 3653 intellectum,
2015 3622 2047 3648 et
2061 3617 2106 3648 sic
2122 3616 2365 3650 artificiatorum
2380 3619 2484 3659 prima
