2768 4134
7 2163 16 2171 ·
31 2161 88 2190 Cap.
102 2167 153 2183 ιιιι.

11 3227 20 3237 ·
35 3227 92 3254 Cap.
108 3232 128 3248 c.

11 3276 19 3284 ·
35 3274 93 3302 Cap.
108 3281 159 3297 xcv.

12 3547 21 3555 ‘
37 3545 95 3574 Cap.
107 3551 184 3568 cxxiv.

256 293 332 329 266

306 372 444 403 Adverte
469 368 560 409 quod
578 367 751 408 proprium
775 365 896 395 bonum
912 365 975 394 hoc
991 364 1066 394 loco
1084 363 1233 403 intelligit
1249 362 1327 393 San-

251 424 320 448 ctus
337 416 481 446 Thomas
498 414 622 443 bonum
639 411 679 441 ad
696 409 786 451 quod
803 409 969 440 ordinatur
985 414 1098 439 natura
1123 413 1158 438 ut
1181 408 1252 438 talis
1270 413 1326 437 est.

250 463 302 493 Sic
319 461 407 491 enim
424 457 589 489 beatitudo
615 462 660 487 est
685 455 855 496 proprium
879 454 1005 484 bonum
1029 452 1255 483 intellectualis
1271 461 1326 482 na-

249 513 349 540 turae,
367 504 442 544 quia
459 502 498 533 ad
519 503 623 543 ipsam
647 507 760 531 natura
784 499 1018 534 intellectualis,
1043 504 1079 528 ut
1102 497 1327 527 intellectualis

249 556 305 586 est,
331 549 497 580 ordinatur
520 553 675 587 tanquam
700 546 733 575 in
757 554 848 575 suam
873 543 1119 584 perfectionem.

305 594 342 624 11.
366 592 526 624 Secundo.
552 590 723 622 Beatitudo
748 588 972 620 intellectualis
995 593 1127 617 naturae
1152 592 1199 617 est
1222 586 1327 627 perfe-

249 640 388 670 ctissima
411 637 568 678 operatio.
594 635 657 667 Sed
681 635 827 675 operatio
852 634 913 664 Dei
936 632 1143 672 intelligentis
1159 636 1206 662 est
1221 630 1327 671 perfe-

249 684 397 714 ctissima.
415 682 502 723 Ergo
519 687 566 712 est
582 682 703 711 beatus.
717 698 739 702 -
756 679 860 709 Maior
875 678 1039 718 probatur.
1057 676 1143 715 Quia
1159 675 1326 707 beatitudo

248 729 317 759 eius
342 733 389 758 est
413 726 503 768 quod
527 727 560 757 in
583 727 652 766 ipsa
677 731 724 756 est
748 723 1032 764 perfectissimum:
1065 722 1130 751 hoc
1161 722 1248 751 enim
1281 726 1328 751 est

247 774 388 804 maxime
411 772 549 803 volitum
580 772 619 801 ab
650 771 729 810 ipsa.
754 767 1028 799 Perfectissimum
1052 771 1162 796 autem
1185 766 1218 796 in
1243 775 1327 796 uno-

248 827 383 859 quoque
400 823 448 848 est
464 817 533 847 eius
557 815 789 856 perfectissima
813 812 975 853 operatio:
1001 818 1071 842 turn
1088 811 1165 851 quia
1180 811 1327 851 potentia

249 869 281 894 et
303 863 430 893 habitus
454 871 511 902 per
535 861 759 901 operationem
784 857 1009 898 perficiuntur:
1034 862 1105 886 tum
1125 856 1202 897 quia
1218 855 1326 886 Philo-

247 908 382 948 sophus,
398 907 427 936 X
439 906 555 941 Ethic„
574 914 644 945 cap.
662 914 726 939 vm,
745 903 839 943 ponit
854 901 1040 932 felicitatem
1057 910 1126 931 esse
1149 899 1327 941 perfectam

248 953 482 993 operationem.
507 969 530 973 —
554 950 661 980 Minor
691 949 788 979 etiam
815 946 980 987 probatur.
1012 945 1099 984 Quia
1129 945 1328 986 operationis

247 996 405 1038 perfectio
430 1006 467 1026 ex
493 1000 632 1036 quatuor
655 992 830 1033 dependet:
862 991 984 1022 scilicet
1008 1000 1046 1021 ex
1069 1000 1199 1031 genere,
1225 989 1326 1031 quod,

247 1043 392 1082 inquam,
417 1042 457 1071 sit
480 1041 675 1075 immanens;
700 1047 739 1068 ex
762 1037 924 1077 principio
949 1036 1158 1076 operationis,
1183 1041 1219 1066 ut
1238 1035 1327 1066 vide-

247 1087 323 1117 licet
339 1087 378 1116 sit
394 1086 565 1116 altissimae
580 1083 756 1124 potentiae,
774 1081 895 1112 scilicet
909 1080 1092 1112 intellectus
1107 1090 1165 1121 per
1181 1081 1327 1111 habitum

248 1130 396 1172 perfecti;
414 1140 452 1160 ex
468 1129 666 1170 operationis
683 1128 826 1163 obiect0;
844 1131 876 1156 et
893 1135 930 1156 ex
947 1125 1052 1156 forma
1068 1126 1279 1166 operationis,
1292 1130 1328 1155 ut

247 1176 370 1206 scilicet
389 1173 541 1216 perfecte,
559 1173 703 1209 faciliter,
720 1171 854 1202 firmiter
871 1176 902 1201 et
918 1170 1148 1201 delectabiliter
1164 1175 1327 1211 operetur.

248 1220 336 1250 Talis
352 1225 461 1250 autem
478 1224 525 1250 est
540 1218 601 1248 Dei
622 1218 782 1258 operatio:
809 1225 885 1246 cum
910 1215 998 1246 Deus
1022 1216 1062 1246 sit
1085 1215 1279 1256 intelligens,
1297 1220 1329 1245 et

248 1270 485 1305 consequenter
501 1264 570 1294 eius
587 1263 734 1303 operatio
759 1262 798 1292 sit
820 1261 1019 1297 immanens;
1044 1270 1122 1292 suus
1145 1260 1328 1291 intellectus

247 1310 286 1340 sit
309 1309 462 1340 altissima
485 1309 652 1343 virtutum,
669 1317 737 1338 non
754 1305 963 1346 indigeatque
986 1306 1099 1336 habitu
1122 1305 1328 1346 perficiente3

247 1355 391 1395 seipsum
407 1363 552 1394 quoque,
570 1353 627 1394 qui
649 1358 696 1383 est
716 1360 883 1383 summum
906 1351 1168 1391 intelligibilium,
1185 1350 1328 1391 perfecte

248 1405 279 1430 et
302 1399 543 1434 delectabiliter,
563 1399 686 1438 absque
709 1397 801 1428 omni
825 1395 1023 1432 difficultate,
1048 1395 1214 1436 intelligat.

304 1453 332 1474 2.
359 1444 453 1475 Circa
476 1443 564 1474 illam
588 1442 860 1484 propositionem,
885 1441 1160 1483 Persectissimum
1186 1441 1219 1471 in
1246 1450 1327 1471 uno-

246 1498 374 1530 quoque
389 1494 437 1520 est
451 1489 521 1519 eius
539 1487 782 1530 perfectissima
806 1486 964 1527 operatio,
990 1485 1263 1517 considerandum
1281 1491 1328 1516 est

247 1533 338 1574 quod
353 1534 406 1565 illa
423 1533 624 1574 comparatio
641 1531 678 1563 fit
693 1538 842 1573 respectu
867 1541 982 1562 eorum
1007 1541 1090 1572 quae
1113 1536 1247 1562 naturae
1263 1531 1327 1561 iam

247 1579 430 1619 completae
453 1579 487 1609 in
510 1588 568 1609 sua
592 1578 769 1609 substantia
793 1577 1036 1618 superveniunt,
1060 1586 1129 1607 non
1153 1581 1263 1607 autem
1288 1575 1328 1607 de

246 1624 284 1654 iis
308 1634 392 1664 quae
415 1623 604 1664 simpliciter
627 1628 703 1653 sunt
726 1623 759 1653 in
783 1631 827 1652 re.
853 1621 939 1660 Quia
962 1621 1235 1662 perfectissimum
1252 1622 1328 1652 sim-

247 1669 372 1709 pliciter
395 1669 429 1699 in
452 1678 487 1699 re
510 1674 557 1699 est
581 1668 758 1698 substantia
781 1667 837 1703 rei,
854 1676 922 1697 non
946 1672 1056 1697 autem
1081 1667 1239 1707 operatio.
1265 1665 1328 1697 Sed

247 1714 330 1747 bene
348 1723 460 1744 verum
477 1719 525 1744 est
542 1712 633 1754 quod
657 1713 739 1744 inter
763 1711 980 1753 perfectiones
1003 1712 1201 1743 substantiae
1217 1721 1329 1752 super-

248 1759 414 1789 venientes
426 1757 696 1799 perfectissimum
714 1763 761 1788 est
773 1757 919 1798 operatio
933 1755 1174 1798 perfectissima.
1185 1775 1207 1779 -
1219 1756 1330 1787 Potest

248 1803 345 1834 etiam
369 1803 432 1834 dici
456 1802 739 1844 perfectissimum,
763 1811 831 1832 non
856 1801 990 1842 quidem
1014 1802 1226 1832 essentialiter
1249 1806 1279 1832 et
1295 1801 1328 1831 in

248 1858 292 1884 se,
309 1847 365 1879 sed
381 1848 590 1889 completive:
617 1848 693 1888 quia
717 1853 764 1878 est
787 1847 938 1878 ultimum
964 1846 1056 1887 quod
1078 1847 1251 1877 intrinsece
1273 1855 1329 1877 na-

247 1899 338 1924 turae
361 1893 587 1924 intellectualis
611 1891 846 1933 perfectionem
871 1892 1025 1931 complet.

304 1938 335 1969 3.
360 1937 454 1969 Circa
482 1937 696 1968 differentiam
727 1938 810 1967 inter
839 1937 1004 1967 actionem
1033 1937 1269 1967 immanentem
1298 1941 1331 1966 et

246 1988 478 2018 transeuntem,
503 1981 632 2013 adverte
656 1982 764 2022 primo
789 1980 889 2022 quod,
907 1991 983 2012 cum
1008 1980 1200 2022 diciturper
1215 1981 1329 2011 imma-

247 2032 374 2058 nentem
399 2037 465 2058 non
479 2027 563 2068 fieri
587 2027 680 2057 aliud
697 2031 833 2067 praeter
857 2026 959 2067 ipsam
981 2025 1215 2067 operationem,
1235 2025 1329 2056 intel-

246 2072 365 2113 ligitur,
393 2071 482 2113 quod
511 2072 544 2102 in
576 2072 646 2112 ipsa
676 2071 856 2112 recipiatur
879 2071 1018 2102 materia
1042 2071 1131 2101 circa
1161 2080 1258 2112 quam
1283 2075 1332 2101 est

247 2118 415 2158 operatio:
437 2126 506 2148 non
530 2122 640 2148 autem
664 2116 754 2157 quod
778 2116 871 2147 nullo
894 2115 997 2147 modo
1014 2115 1136 2156 aliquid
1153 2125 1210 2157 per
1225 2116 1329 2156 ipsam

246 2162 455 2203 producatur,
472 2171 549 2193 cum
565 2162 715 2203 superius
729 2163 746 2179 ⁴*
763 2161 877 2192 dixerit
900 2171 958 2202 per
980 2161 1236 2192 intellectionem
1254 2170 1330 2202 pro-

248 2207 322 2239 duci
339 2208 475 2238 verbum
499 2213 530 2238 et
552 2213 751 2248 conceptum
771 2207 805 2237 in
830 2206 1007 2243 intellectu,
1029 2212 1064 2237 ut
1088 2207 1131 2237 ibi
1156 2206 1330 2237 declaravi-

248 2262 330 2284 mus.
355 2251 470 2283 Differt
493 2252 581 2283 enim
604 2252 689 2282 actio
713 2253 896 2282 immanens
920 2262 937 2282 a
960 2257 1158 2287 transeunte,
1176 2252 1252 2291 quia
1273 2260 1331 2292 per

248 2303 469 2328 transeuntem
493 2297 597 2338 agitur
620 2296 743 2337 aliquid
767 2297 799 2327 in
824 2306 920 2337 passo
945 2297 1029 2327 circa
1053 2296 1144 2336 quod
1172 2302 1220 2327 est
1250 2305 1330 2337 ope—

248 2343 343 2373 ratio:
369 2352 427 2383 per
449 2342 683 2373 immanentem
708 2347 818 2372 autem
842 2350 909 2371 non
934 2340 970 2371 fit
993 2340 1115 2382 aliquid
1132 2342 1164 2372 in
1182 2351 1222 2372 eo
1240 2340 1331 2382 quod

248 2387 447 2428 intelligitur,
472 2387 547 2418 licet
571 2386 626 2417 fiat
649 2386 773 2427 aliquid
796 2387 829 2416 in
853 2387 925 2426 ipso
949 2386 1127 2417 intellectu.

304 2431 446 2463 Adverte
458 2431 614 2468 secundo,
627 2441 704 2462 curn
720 2432 826 2472 inquit
842 2431 980 2462 Sanctus
992 2431 1140 2462 Thomas
1155 2431 1234 2462 tales
1251 2441 1330 2471 ope-

249 2477 390 2508 rationes
413 2486 509 2518 posse
534 2486 603 2508 esse
626 2476 789 2513 ultimum,
814 2477 892 2517 quia
909 2486 976 2506 non
994 2477 1195 2508 ordinantur
1210 2476 1254 2507 ad
1269 2476 1331 2507 ali-

249 2522 337 2563 quod
350 2522 483 2563 sactum
507 2521 595 2563 quod
617 2522 659 2552 sit
671 2522 766 2564 finis,
792 2520 882 2562 quod
906 2531 965 2562 per
988 2522 1052 2552 hoc
1076 2521 1170 2553 datur
1197 2521 1333 2561 intelligi

1333 2618 1385 2662 W.

837 285 1026 323 SUMMA
1057 285 1280 322 CONTRA
1309 283 1587 330 GENTILES,
1618 283 1730 321 CAP.
1753 284 1798 331 C,
1820 284 1879 322 CI.

1381 371 1478 402 posse
1495 361 1630 402 quidem
1645 362 1783 403 produci
1800 362 1923 403 aliquid
1938 372 1995 403 per
2011 368 2120 393 actum
2136 364 2381 402 immanentem,
2394 376 2463 397 non

1382 412 1491 437 tamen
1508 406 1599 447 quod
1615 407 1730 438 habeat
1753 409 1913 439 rationem
1929 407 2002 438 finis
2019 407 2059 438 ad
2075 417 2175 448 quem
2186 410 2338 449 'operatio
2354 411 2395 441 sit
2410 421 2462 442 ot-

1382 451 1500 487 dinata,
1517 452 1601 482 sicut
1616 452 1874 493 actiotransiens
1897 453 1994 484 habet
2018 462 2078 493 pro
2102 452 2167 484 fine
2191 452 2388 494 productum
2406 465 2464 496 per

1382 498 1486 537 ipsam
1510 497 1746 536 operationem.
1767 497 1912 528 Verbum
1937 498 2024 528 enim
2048 497 2247 538 productum
2262 507 2321 538 per
2338 499 2464 531 intelle-

1382 542 1526 572 ctionem
1550 551 1618 572 non
1643 547 1690 572 est
1713 541 1786 572 finis
1809 542 2052 573 intellectionis:
2077 543 2134 574 sed
2158 543 2334 574 intellectio
2361 545 2464 585 magis

1382 592 1430 617 est
1453 587 1522 617 eius
1542 585 1626 622 finis,
1644 587 1721 627 quia
1741 586 1782 617 ad
1805 587 1869 617 hoc
1891 587 2083 627 producitur
2107 594 2143 619 ut
2166 588 2344 619 intellectio
2368 589 2464 629 perfi-

1382 632 1494 662 ciatur.
1520 631 1606 662 Cum
1631 631 1719 662 enirn
1743 631 1920 662 intellectio
1944 632 2147 673 compleatur
2170 632 2353 664 secundum
2374 633 2465 674 quod

1382 676 1422 707 ad
1438 676 1541 717 ipsam
1558 685 1627 707 rem
1643 675 1841 706 intellectam
1859 677 2026 717 pertingit;
2051 683 2083 708 et
2099 678 2235 709 verbum
2251 677 2291 708 ad
2307 678 2372 709 hoc
2388 688 2465 719 pro-

1382 721 1519 752 ducatur
1543 727 1578 751 ut
1602 730 1659 762 per
1681 721 1790 761 ipsum
1813 721 1996 752 intellectus
2019 731 2089 752 rem
2116 723 2293 759 intueatur;
2319 724 2466 763 sequitur

1382 765 1474 807 quod
1493 767 1630 796 verbum
1654 765 1695 797 ad
1717 765 1973 796 intellectionem
1996 771 2033 796 ut
2055 766 2097 797 ad
2119 766 2220 799 finem
2234 767 2418 799 ordinetur.

1438 811 1491 842 Sic
1515 821 1593 851 ergo
1617 811 1800 841 immanens
1823 810 1909 841 actio
1933 820 1952 840 a
1974 815 2160 844 transeunte
2183 812 2299 850 differt,
2315 814 2392 854 quia
2407 822 2466 854 per

1381 862 1603 887 transeuntem
1625 854 1818 896 producitur
1840 854 1964 896 aliquid
1986 856 2021 886 in
2043 864 2151 896 passo,
2175 863 2208 888 et
2230 857 2311 889 illud
2327 863 2376 889 est
2388 857 2466 890 finis

1382 901 1595 942 operationis:
1619 910 1678 942 per
1701 900 1935 931 immanentem
1966 906 2076 931 autern
2106 901 2186 932 nihil
2214 902 2409 942 producitur
2431 904 2465 937 in

1381 956 1415 977 re
1431 946 1609 982 intellecta;
1628 951 1669 982 et,
1687 945 1714 975 si
1729 945 1851 986 aliquid
1874 954 1932 986 per
1954 945 2058 986 ipsam
2081 945 2284 986 producitur,
2299 947 2381 979 illud
2394 954 2465 979 non

1382 997 1430 1022 est
1459 990 1533 1021 finis
1563 991 1774 1032 operationis,
1799 990 1856 1021 sed
1885 990 1988 1030 magis
2012 999 2030 1020 e
2054 991 2217 1021 contrario
2246 992 2394 1032 operatio
2417 998 2466 1024 est

1382 1037 1451 1067 eius
1474 1035 1559 1066 finis.
1583 1037 1632 1067 Ex
1656 1036 1775 1077 quibus
1799 1036 1947 1076 sequitur
1970 1035 2062 1076 quod
2085 1036 2230 1066 actiones
2250 1037 2466 1068 immanentes

1382 1086 1458 1112 sunt
1474 1081 1697 1123 perfectiones
1725 1080 1910 1121 operantis:
1933 1086 2136 1112 transeuntes
2160 1086 2271 1112 autem
2294 1087 2371 1113 sunt
2387 1092 2467 1124 per—

1373 1125 1541 1168 fectiones
1565 1126 1702 1167 operati.
1727 1125 1882 1166 Sequitur
1905 1126 2003 1157 etiam
2019 1125 2111 1166 quod
2133 1126 2316 1158 immanens
2339 1136 2382 1158 ex
2403 1136 2466 1158 suo

1380 1180 1504 1212 genere
1535 1176 1582 1201 est
1616 1170 1804 1212 perfectior:
1841 1171 1918 1212 quia
1951 1171 2021 1212 ipsa
2056 1176 2103 1201 est
2137 1170 2221 1208 finis,
2253 1181 2322 1203 non
2356 1177 2466 1203 autem
2492 1212 2502 1215 ,⁴

1382 1216 1551 1247 transiens.

1438 1270 1469 1300 4.
1496 1260 1591 1292 Circa
1621 1260 1710 1291 illam
1740 1261 2016 1301 propositionem,
2041 1260 2196 1292 Felicitas
2219 1266 2267 1292 est
2288 1261 2466 1293 secundum

1381 1306 1606 1347 operationem
1636 1306 1819 1336 intellectus
1843 1315 1908 1347 per
1936 1306 2080 1336 habitum
2105 1306 2258 1348 perfecti,
2282 1306 2467 1338 notandum

1381 1350 1472 1392 quod
1496 1351 1591 1382 habet
1614 1351 1782 1381 veritatem
1807 1350 1847 1381 de
1871 1349 2023 1381 felicitate
2047 1351 2204 1382 humana:
2229 1351 2270 1383 de
2293 1353 2354 1383 hac
2378 1353 2468 1384 enim

1381 1396 1578 1436 loquebatur
1593 1395 1813 1436 Philosophus
1825 1396 1853 1432 *,
1869 1405 1888 1426 a
1903 1405 1972 1437 quo
1987 1396 2042 1426 illa
2056 1397 2241 1437 propositio
2257 1402 2389 1438 sumpta
2407 1402 2466 1428 est.

1380 1441 1457 1472 Non
1473 1446 1581 1481 potest
1597 1441 1686 1472 enim
1701 1441 1850 1482 operatio
1874 1440 2057 1472 intellectus
2081 1441 2218 1473 humani
2232 1441 2377 1483 perfecta
2397 1451 2467 1474 esse

1381 1487 1442 1517 nisi
1466 1486 1579 1517 habitu
1602 1485 1804 1527 perficiatur:
1830 1494 1907 1516 cum
1930 1491 2042 1517 noster
2071 1485 2256 1518 intellectus
2283 1487 2324 1518 sit
2347 1487 2467 1528 imper-

1382 1530 1496 1562 fectus.
1521 1531 1597 1562 Non
1622 1537 1732 1562 autem
1756 1540 1830 1562 vera
1855 1536 1903 1562 est
1925 1530 1966 1562 de
1994 1530 2146 1562 felicitate
2169 1531 2293 1563 divina:
2319 1541 2394 1563 cum
2419 1530 2468 1564 di·

1383 1581 1473 1607 ctum
1496 1577 1538 1607 sit
1561 1576 1763 1607 intellectum
1787 1575 1935 1607 divinum
1958 1585 2027 1607 non
2051 1575 2198 1616 indigere
2227 1577 2340 1608 habitu
2360 1576 2469 1619 ‘perfi-

1383 1621 1500 1657 ciente,
1524 1630 1601 1652 curn
1625 1622 1657 1652 in
1682 1621 1791 1662 seipso
1815 1620 1979 1662 perfectus
2002 1621 2051 1652 sit.

1443 1666 1496 1697 111.
1525 1666 1646 1697 Tertio.
1672 1666 1790 1697 Divina
1819 1665 1977 1706 perfectio
2007 1675 2143 1697 omnem
2172 1666 2412 1708 perfectionem
2433 1667 2469 1699 in

1383 1710 1525 1751 quadarn
1549 1711 1754 1752 simplicitate
1778 1710 2036 1752 comprehendit.
2066 1711 2153 1752 Ergo
2177 1717 2240 1744 etc.
2263 1730 2287 1735 -
2309 1712 2470 1745 Probatur

1383 1756 1627 1796 consequentia.
1652 1755 1739 1794 Quia
1755 1765 1832 1787 eum
1849 1761 1981 1796 oportet
1997 1765 2066 1787 esse
2083 1756 2214 1787 beatum
2231 1757 2289 1798 qui
2305 1756 2469 1798 perfectus

1384 1807 1431 1832 est
1455 1806 1616 1842 quantum
1640 1800 1680 1831 ad
1705 1801 1816 1832 omnia
1840 1810 1924 1842 quae
1948 1800 2130 1833 desiderare
2159 1807 2282 1842 potest:
2307 1811 2367 1844 per
2392 1802 2469 1835 bea-

1383 1846 1557 1877 titudinem
1581 1846 1670 1877 enim
1694 1845 1891 1877 desiderium
1915 1855 2015 1877 omne
2039 1847 2212 1888 quietatur,
2229 1856 2307 1878 cum
2330 1848 2372 1879 sit
2393 1847 2470 1879 ulti-

1383 1900 1457 1922 mus
1481 1890 1564 1921 finis.
1588 1908 1612 1914 -
1635 1890 1859 1922 Confirmatur
1883 1895 1915 1922 et
1938 1891 2046 1922 Boetii
2069 1892 2272 1923 auctoritate.

1443 1935 1584 1972 Quarto.
1609 1935 1700 1967 Deus
1723 1945 1791 1967 non
1814 1934 1939 1976 indiget
1961 1935 2045 1966 aliis:
2070 1945 2132 1967 nec
2156 1937 2219 1968 alia
2240 1937 2311 1968 vult
2333 1942 2470 1978 propter

1384 1990 1418 2011 se
1434 1981 1512 2021 quia
1528 1981 1574 2011 eis
1590 1979 1743 2021 indigeat,
1760 1979 1818 2012 sed
1834 1981 1911 2021 quia
1927 1981 2127 2012 couveniens
2147 1987 2195 2012 est
2218 1990 2295 2013 suae
2319 1982 2470 2014 bonitati.

1384 2025 1471 2066 Ergo
1496 2030 1557 2056 etc.
1574 2043 1597 2048 —
1612 2025 1772 2056 Probatur
1795 2026 2042 2067 consequentia.
2067 2025 2155 2065 Quia
2177 2026 2231 2058 ille
2251 2027 2308 2068 qui
2324 2026 2386 2058 sibi
2401 2025 2471 2059 suf-

1383 2070 1497 2101 ficiens
1520 2075 1569 2101 est
1591 2069 1685 2101 nullo
1708 2069 1869 2111 indigens,
1894 2080 1968 2102 vere
1991 2071 2106 2102 beatus
2130 2077 2193 2103 est:
2217 2081 2295 2104 cum
2318 2072 2389 2104 eius
2412 2071 2470 2104 de-

1384 2115 1539 2146 siderium
1563 2116 1604 2146 sit
1627 2116 1821 2156 quietatum.

1443 2160 1579 2197 Quinto.
1603 2160 1694 2192 Deus
1716 2161 1812 2192 habet
1833 2161 1990 2202 quicquid
2012 2162 2091 2198 vult,
2116 2165 2149 2193 et
2170 2161 2255 2193 nihil
2285 2162 2366 2193 mali
2388 2161 2469 2195 mffl.

1385 2205 1472 2247 Ergo
1489 2211 1551 2237 etc.
1566 2224 1590 2228 —
1606 2206 1697 2238 Patet
1720 2206 1958 2247 consequentia
1980 2215 2019 2237 ex
2043 2206 2236 2238 definitione
2259 2207 2345 2240 beati
2361 2217 2380 2239 a
2395 2208 2470 2250 qui-

1385 2250 1523 2283 busdam
1535 2250 1618 2282 data.
1631 2269 1653 2274 -
1666 2251 1873 2283 Antecedens
1889 2251 1998 2288 etiam,
2011 2251 2122 2293 quoad
2137 2251 2315 2284 secundam
2331 2259 2469 2295 partem,

1384 2297 1534 2338 superius
1546 2302 1594 2328 est
1606 2296 1793 2338 probatum.
1805 2314 1829 2320 -
1840 2296 1918 2336 Quo
1935 2305 2012 2328 vero
2029 2296 2070 2328 ad
2085 2297 2224 2338 primam
2239 2303 2376 2339 partem,
2392 2308 2470 2340 pro-

1385 2341 1488 2372 batur.
1513 2341 1718 2382 Impossibile
1735 2346 1784 2373 est
1799 2341 1871 2372 Deo
1887 2340 2040 2373 advenire
2055 2341 2147 2383 quod
2169 2342 2320 2374 nondum
2337 2343 2467 2376 habeat:

1385 2395 1461 2417 cum
1478 2387 1571 2418 nullo
1588 2386 1690 2418 modo
1707 2387 1748 2418 sit
1763 2388 1796 2418 in
1812 2387 1969 2428 potentia.
1991 2386 2056 2419 Sed
2071 2386 2162 2419 Deus
2176 2396 2244 2418 non
2261 2393 2370 2429 potest
2384 2388 2468 2420 velle

1385 2431 1520 2471 aliquod
1539 2432 1752 2473 impossibile.
1778 2432 1866 2473 Ergo
1881 2441 1951 2464 non
1967 2438 2076 2473 potest
2091 2432 2175 2464 velle
2190 2442 2225 2464 se
2241 2433 2361 2465 habere
2376 2433 2470 2475 quod

1386 2485 1453 2507 non
1478 2477 1585 2507 habet.
1609 2477 1696 2518 Ergo
1721 2477 1881 2518 quicquid
1904 2477 1984 2513 vult,
2008 2477 2117 2509 habet.

1443 2521 1676 2553 Coxmmwn
1699 2523 1891 2554 auctoritate
1915 2523 1927 2554 1
1951 2522 1996 2554 ad
2022 2522 2115 2559 Tim„
2139 2522 2269 2554 ultimo.

644 2764 1134 2821 CAPITULUM
1172 2763 1722 2822 CENTESIMUM
1757 2764 2086 2823 PRIMUM

1117 2866 1145 2895 Α
1184 2875 1257 2905 29v
1297 2865 1365 2896 a13
1399 2867 1468 2897 sine
1493 2866 1600 2897 titulo.

829 2947 1006 3000 QUOD
1040 2947 1206 2990 DEUS
1240 2947 1336 2990 SIT
1369 2947 1493 2990 SUA
1528 2948 1889 2991 BEATITUDO

464 3075 486 3099 x
518 3061 577 3099 his
597 3069 729 3099 autern
749 3069 910 3111 apparet
930 3062 1039 3111 quod
1061 3062 1168 3099 Deus
1190 3061 1236 3099 sit
1261 3074 1331 3100 sua

478 3115 691 3153 beatitudo.

469 3169 472 3172 ’
532 3169 738 3207 Beatitudo
759 3168 865 3206 enim
886 3169 970 3206 eius
990 3177 1046 3207 est
1066 3168 1331 3207 intellectualis

479 3223 655 3274 operatio
684 3222 816 3273 ipsius,
839 3231 880 3260 ut
909 3231 1112 3260 ostensum
1132 3231 1190 3260 est
1204 3223 1235 3260 *.
1258 3224 1331 3262 Su-

1387 3062 1650 3112 principaliter
1677 3063 1760 3100 vult
1789 3074 1901 3100 suam
1927 3062 2147 3101 essentiam.
2170 3063 2250 3101 Sua
2278 3062 2395 3112 igitur
2410 3074 2469 3102 es·

1388 3116 1511 3154 sentia
1539 3124 1595 3154 est
1623 3115 1708 3154 eius
1736 3116 1948 3155 beatitudo.

1442 3170 1596 3208 Adhuc.
1618 3170 1898 3220 Unusquisque
1918 3170 1957 3208 in
1978 3170 2259 3209 beatitudinem
2273 3181 2387 3209 suam
2406 3181 2468 3208 or-

1387 3223 1494 3262 dinat
1523 3223 1711 3274 quicquid
1741 3226 1841 3262 vult:
1872 3223 1956 3274 ipsa
1976 3224 2083 3262 enirn
2102 3232 2159 3262 est
2178 3236 2280 3274 quae
2308 3231 2469 3274 propter

253 3276 356 3326 pra*
384 3285 515 3314 autem
545 3276 788 3314 ostendimus
807 3277 917 3326 quod
946 3276 1076 3326 ipsum
1097 3277 1169 3314 Dei
1197 3277 1331 3315 intelli·
1355 3297 1363 3316 ς
1387 3278 1494 3315 aliud
1526 3290 1608 3315 non
1645 3277 1897 3324 desideratur,
1928 3286 1965 3316 et
1997 3278 2046 3316 ad
2083 3289 2205 3328 quam
2239 3276 2469 3316 terminatur

253 3343 340 3378 gere
370 3330 415 3367 sit
445 3343 515 3368 sua
544 3330 767 3370 substantia.
799 3331 882 3380 lpse
913 3330 1026 3379 igitur
1054 3338 1109 3367 est
1142 3343 1213 3368 sua
1242 3331 1331 3369 bea-

254 3383 389 3421 titudo.

308 3438 414 3475 Item.
444 3437 660 3483 Beatitudo,
691 3450 783 3476 cum
813 3438 858 3475 sit
888 3437 1048 3476 ultimus
1076 3437 1177 3486 finis,
1208 3446 1263 3476 est
1292 3438 1330 3476 id

255 3491 362 3540 quod
383 3491 542 3541 quilibet
562 3500 675 3530 natus
695 3492 852 3540 habere,
873 3493 935 3529 vel
957 3491 1118 3538 habens,
1139 3491 1330 3542 principa-

256 3544 338 3581 liter
357 3546 448 3582 vult.
470 3546 684 3583 Ostensum
700 3554 756 3583 est
775 3554 907 3583 autern
923 3557 1041 3595 supra
1055 3545 1075 3567 ’⁸‘
1094 3545 1203 3595 quod
1224 3546 1331 3583 Deus
1347 3565 1355 3578 ι

311 3668 327 3693 9
346 3661 432 3694 nutus}
453 3667 529 3687 natus
550 3667 589 3687 est
609 3662 755 3688 CNWZPc.

315 3704 327 3721 ²
349 3696 416 3730 eius]
438 3705 485 3722 sua
505 3698 570 3727 EPc,
590 3705 631 3722 om
652 3699 694 3722 W.

1388 3340 1520 3369 motus
1548 3332 1728 3370 desiderii
1753 3344 1880 3370 unum
1900 3339 2060 3382 propter
2077 3331 2182 3369 aliud
2202 3331 2466 3379 desiderantis,

1389 3397 1437 3423 ne
1457 3385 1504 3423 sit
1523 3385 1708 3424 infinitus.
1731 3385 1835 3423 Cum
1856 3385 1969 3435 igitur
1986 3385 2095 3423 Deus
2114 3383 2248 3423 omnia
2277 3384 2364 3422 alia'
2377 3385 2469 3424 velit

1387 3447 1548 3490 propter
1576 3452 1690 3478 suam
1719 3439 1933 3478 bonitatem
1947 3437 1980 3485 ¹⁸,
2000 3449 2102 3488 quae
2121 3445 2178 3476 est
2197 3450 2268 3477 sua
2287 3438 2466 3485 essentia,

1388 3501 1540 3543 oportet
1568 3493 1677 3543 quod
1706 3492 1801 3543 ipse,
1830 3492 1928 3530 sicut
1955 3499 2011 3530 est
2039 3504 2111 3530 sua
2138 3492 2303 3530 essentia
2331 3500 2368 3530 et
2395 3505 2468 3531 sua

1359 3564 1373 3578 o
1388 3547 1540 3584 bonitas
1558 3547 1589 3593 *,
1620 3547 1670 3585 ita
1698 3546 1745 3584 sit
1772 3559 1844 3584 sua
1872 3545 2081 3583 beatitudo.

2493 1399 2709 1451 Ἢῆψ

2495 3445 2505 3454 ·
2520 3443 2578 3472 cap.
2593 3447 2662 3466 mv.

2495 3537 2663 3566 ‘tt-pm.

2494 3570 2566 3587 ¹11ss
2570 3554 2596 3587 [i.
