2768 4134
34 554 43 562 ·
59 551 116 578 Cap.
129 557 168 577 xx,
181 543 250 573 Com-

35 581 107 602 ment.
123 583 146 599 n·
157 583 188 599 IV.

0 1833 3 1836 .
38 1811 253 1840 ·s.·rh.1.4;md.

39 1845 66 1866 ιι,
81 1845 107 1866 4.

787 291 976 328 SUMMA
1005 293 1227 330 CONTRA
1255 293 1530 339 GENTILES,
1559 295 1653 331 LIB.
1675 296 1716 340 11,
1747 295 1857 332 CAP.
1879 296 1962 332 XX.

333 371 385 403 ΙΙΙ.
410 370 462 402 Ad
484 371 581 401 huius
606 368 810 405 evidentiam,
835 370 1067 401 attendendum
1091 377 1138 402 est
1161 371 1252 412 quod
1281 381 1350 402 non

277 416 395 448 sufficit
410 416 445 446 in
460 416 524 446 hoc
540 415 616 446 loco
632 414 773 455 glossare
798 416 1057 455 propositionem
1078 415 1186 447 Sancti
1201 416 1231 446 T
1232 417 1350 446 homae

277 462 316 492 de
339 466 428 491 motu
452 470 539 500 pure
563 459 671 495 locali,
696 458 787 495 idest,
812 459 903 499 quod
933 461 1060 491 nullum
1091 470 1210 501 corpus
1240 466 1351 491 movet

276 515 358 547 pure
382 505 527 536 localiter
549 504 611 535 nisi
634 509 666 534 et
688 504 796 544 ipsum
824 510 1008 535 moveatur:
1033 511 1069 536 ut
1093 515 1164 536 eam
1187 506 1220 536 in
1243 506 1350 545 primo

276 551 359 582 libro
376 551 392 566 ἦ
417 550 638 591 exposuimus
655 548 700 579 sic
717 548 792 579 loco
817 549 872 579 illo
897 550 1052 590 exigente.
1078 549 1248 581 Manifeste
1265 551 1351 580 enim

277 601 365 637 patet
388 594 480 636 quod
502 594 554 624 hic
577 594 723 634 loquitur
754 593 794 624 de
825 595 951 625 actione
982 595 1173 635 productiva
1203 595 1257 630 rei,
1282 604 1351 625 non

278 646 388 672 autem
411 640 451 671 de
475 639 570 670 locali
593 639 751 669 motione.

332 686 409 716 Non
432 683 550 715 sufficit
573 684 670 714 etiam
693 683 843 723 glossare,
869 683 959 724 quod
983 693 1102 724 corpus
1125 693 1194 714 non
1209 684 1274 724 agit
1289 684 1350 714 nisi

277 735 447 761 moveatur
469 734 544 759 actu
569 734 627 759 aut
642 729 801 768 potentia.
827 728 912 766 Quia
936 739 973 759 ex
1004 728 1195 769 probatione
1219 729 1272 758 hic
1295 727 1351 758 ad-

278 775 384 811 ducta,
409 780 440 805 et
463 783 502 804 ex
525 773 674 814 sequenti
696 774 830 810 ratione,
855 780 981 804 constat
1004 774 1219 804 intentionem
1243 772 1352 804 Sancti

277 820 427 851 Thomae
451 828 519 849 esse
545 817 635 859 quod
659 828 778 859 corpus
801 828 870 848 non
894 819 958 859 agit
981 819 1043 849 nisi
1066 823 1139 849 actu
1169 822 1349 848 moveatur.

333 864 410 895 Non
422 863 539 894 sufficit
556 864 652 894 etiam
665 862 770 894 dicere
784 863 874 903 quod
890 863 1077 904 intelligitur
1089 862 1216 893 nullum
1233 871 1351 902 corpus

278 919 371 950 agere
386 909 448 940 nisi
464 913 643 944 moveatur,
656 908 747 944 idest,
761 908 824 938 nisi
839 908 879 938 ab
895 908 962 938 alio
978 907 1156 948 dependeat
1171 906 1203 937 in
1220 905 1350 948 agendo

276 955 361 986 sicut
376 963 476 985 causa
492 953 634 984 secunda
657 953 813 993 dependet
834 963 854 983 a
874 953 994 993 prima.
1011 952 1178 990 Quoniam
1193 952 1268 982 satis
1283 960 1351 981 ma-

278 999 431 1030 nifestum
455 1004 503 1029 est
532 999 596 1029 hoc
627 998 702 1028 loco
731 997 865 1038 intelligi
889 1003 1041 1037 oportere
1070 997 1178 1037 ipsum
1208 996 1352 1026 localiter

278 1045 413 1080 moveri,
438 1049 474 1074 ut
498 1053 536 1074 ex
560 1044 630 1074 eius
653 1043 846 1083 probatione
871 1048 967 1082 patet.

334 1089 411 1120 Non
434 1087 552 1119 sufficit
575 1088 716 1128 denique
744 1088 895 1128 glossare,
919 1087 1006 1117 iuxta
1029 1085 1269 1116 distinctionem
1292 1094 1352 1125 po-

278 1135 371 1165 sitam
395 1133 434 1164 de
459 1132 581 1173 duplici
604 1133 735 1163 actione
755 1132 901 1172 corporis
924 1131 957 1161 in
982 1130 1046 1168 Qu.
1070 1131 1153 1166 Pot„
1171 1139 1202 1170 q.
1218 1140 1249 1166 v,
1274 1139 1302 1160 a.
1320 1129 1350 1165 8,

278 1179 370 1220 quod
392 1178 488 1208 habet
512 1178 675 1208 veritatem
700 1176 740 1207 de
763 1177 891 1207 actione
915 1176 1130 1206 conveniente
1154 1175 1283 1215 corpori
1304 1174 1352 1204 in·

277 1229 435 1265 quantum
451 1232 570 1263 corpus
585 1227 641 1257 est,
659 1231 743 1262 quae
761 1222 883 1252 scilicet
906 1227 953 1251 est
975 1220 1131 1250 materiae
1155 1223 1353 1250 transmuta-

278 1269 364 1300 τίνας
378 1277 447 1299 non
463 1273 572 1298 autem
588 1266 628 1297 de
644 1267 771 1297 actione
785 1266 999 1297 conveniente
1015 1265 1145 1305 corpori
1161 1264 1353 1305 inquantum

278 1311 634 1354 attingssadordinem
657 1311 913 1342 substantiarum
937 1315 1175 1350 separatarum,
1193 1318 1275 1349 quae
1292 1309 1353 1338 sci-

277 1356 353 1389 licet
369 1362 416 1388 est
431 1356 475 1387 ad
490 1356 655 1397 quandam
668 1356 876 1397 diffusionem
888 1354 1112 1386 similitudinis
1127 1363 1207 1384 suae
1213 1354 1352 1395 formae

278 1401 375 1432 modo
400 1400 542 1441 quodam
565 1401 740 1440 spirituali,
765 1399 951 1431 cuiusmodi
976 1404 1022 1429 est
1041 1399 1126 1429 actio
1143 1398 1261 1429 coloris
1277 1407 1354 1428 cau-

278 1446 376 1477 santis
399 1455 492 1476 suam
515 1446 659 1484 speciem
681 1446 715 1475 in
738 1444 858 1475 medio.
883 1445 967 1475 Nam
987 1444 1068 1474 ratio
1085 1452 1169 1483 quae
1184 1443 1236 1473 hic
1253 1442 1353 1473 addu-

279 1491 372 1527 citur,
394 1490 439 1520 ita
462 1488 628 1520 concludit
644 1489 684 1519 de
701 1499 766 1520 una
783 1490 910 1520 actione
934 1490 1016 1519 sicut
1039 1487 1079 1518 de
1103 1488 1173 1518 alia.
1197 1487 1355 1517 Probatur

279 1536 368 1567 enim
382 1535 442 1566 hae
458 1534 597 1564 ratione:
615 1535 692 1574 quia
707 1543 844 1564 movens
860 1539 892 1564 et
907 1539 1046 1568 motum,
1060 1541 1157 1572 agens
1170 1537 1201 1562 et
1216 1532 1351 1572 patiens,

279 1580 400 1612 faciens
432 1584 463 1610 et
492 1577 625 1614 factum,
650 1583 780 1618 oportet
804 1587 872 1608 esse
896 1578 992 1608 simul
1017 1583 1048 1607 et
1070 1577 1103 1606 in
1128 1576 1245 1607 eodem
1268 1577 1355 1607 loco.

280 1625 419 1657 Constat
440 1629 549 1655 autem
573 1624 607 1654 in
632 1624 723 1653 omni
746 1631 863 1662 genere
887 1622 1023 1653 actionis
1043 1630 1155 1651 verum
1172 1630 1239 1651 esse
1257 1630 1355 1661 opor-

279 1676 348 1701 tere
375 1678 473 1710 agens
503 1674 535 1700 et
565 1668 700 1709 patiens,
724 1666 845 1698 faciens
874 1673 904 1697 et
928 1666 1061 1701 factum,
1085 1675 1154 1696 esse
1177 1665 1283 1701 simul,
1307 1665 1356 1695 lo-

281 1714 414 1756 quendo
431 1713 471 1744 de
487 1719 601 1754 agente
617 1718 650 1743 et
665 1711 803 1743 faciente
826 1712 977 1752 proximo
994 1716 1025 1740 et
1045 1709 1244 1740 immediato.
1261 1710 1356 1741 Unde

281 1765 314 1792 et
327 1759 516 1791 Aristoteles
532 1768 604 1789 eam
620 1757 760 1789 declarat
775 1766 844 1788 esse
861 1766 968 1787 veram
985 1756 1018 1785 in
1034 1760 1128 1785 motu
1151 1754 1356 1791 alterationis,

281 1815 320 1837 ex
336 1805 464 1836 actione
477 1803 636 1835 sensibilis
652 1803 685 1833 in
701 1811 843 1838 sensum,
855 1802 882 1831 V
885 1801 912 1832 11
922 1800 1148 1841 physicorum,
1161 1805 1237 1830 text.
1248 1800 1276 1840 [ι
1287 1800 1318 1839 2]
1329 1801 1356 1829 ’ἦ

392 1855 453 1880 etc.

281 1851 369 1926 Ergg
385 1894 561 1934 Propterea
583 1891 664 1923 mihi
679 1889 805 1921 videtur
824 1888 1009 1925 dicendum,
1026 1888 1115 1919 salvo
1139 1897 1266 1928 semper
1289 1897 1357 1918 me-

281 1940 356 1971 liori
385 1938 518 1974 iudicio,
547 1935 638 1978 quod
668 1936 747 1966 haec
777 1935 960 1976 propositio
991 1933 1087 1964 habet
1117 1933 1293 1969 veritatem,
1317 1932 1358 1963 ad

281 1989 427 2016 mentem
443 1983 552 2014 Sancti
566 1981 727 2017 Thomae,
742 1980 777 2011 in
800 1979 893 2011 omni
914 1988 1032 2019 genere
1056 1979 1224 2009 actionum
1239 1978 1357 2018 quibus

282 2028 406 2070 aliquid
428 2027 468 2060 de
492 2037 581 2058 novo
598 2025 798 2067 producitur,
814 2025 881 2056 sive
897 2024 937 2055 de
953 2033 1039 2054 nova
1055 2024 1184 2054 actione
1201 2023 1357 2064 corporis,

283 2073 409 2105 duabus
439 2079 548 2103 tamen
578 2070 822 2103 conditionibus
845 2069 1031 2100 observatis.
1056 2069 1162 2099 Prima
1185 2074 1242 2104 est,
1267 2068 1358 2108 quod

283 2128 404 2160 corpus
425 2127 524 2158 agens
546 2116 670 2157 aliquid
685 2116 725 2148 de
741 2125 830 2146 novo
850 2124 919 2145 non
942 2115 982 2145 sit
1004 2114 1176 2145 intrinsece
1200 2119 1358 2144 transmu-

282 2169 403 2195 tatum:
427 2162 520 2199 idest,
543 2171 613 2192 non
640 2161 731 2192 aliter
758 2170 792 2191 se
822 2160 938 2191 habeat
961 2164 1120 2200 quantum
1144 2158 1184 2189 ad
1206 2159 1358 2189 virtutem

284 2218 350 2249 qua
372 2208 446 2249 agit,
471 2216 571 2248 quam
601 2215 635 2237 se
665 2206 798 2237 haberet
827 2206 927 2246 prius.
958 2203 1118 2240 Secunda,
1142 2202 1233 2244 quod
1263 2203 1359 2234 etiam

283 2254 373 2285 nulla
402 2253 442 2284 sit
471 2251 554 2283 facta
577 2251 714 2282 omnino
741 2249 967 2281 transmutatio
998 2258 1037 2280 ex
1066 2254 1156 2290 parte
1184 2249 1279 2288 passi,
1304 2247 1360 2278 sed

284 2297 402 2329 eodem
417 2296 519 2328 modo
536 2306 569 2327 se
584 2297 701 2327 habeat
716 2296 800 2326 sicut
814 2295 914 2335 prius.
939 2293 992 2325 Sic
1011 2294 1100 2325 enim
1122 2293 1285 2324 intellecta
1300 2293 1360 2323 hac

283 2343 519 2384 propositione,
530 2340 701 2372 manifesta
716 2346 764 2371 est
779 2341 848 2371 eius
860 2340 975 2371 veritas
991 2348 1030 2370 ex
1045 2338 1238 2379 probatione
1250 2338 1358 2369 Sancti

284 2388 445 2419 Thomae.
468 2387 554 2418 Nam
576 2387 603 2417 si
626 2395 734 2426 agens,
758 2390 838 2426 puta
860 2383 1095 2420 calefactivum,
1115 2383 1212 2414 debet
1227 2382 1361 2423 aliquod

285 2432 494 2464 calefactibile
524 2431 564 2462 de
594 2440 684 2462 novo
716 2429 892 2461 calefacere
915 2428 1007 2470 quod
1030 2429 1119 2469 prius
1150 2437 1219 2458 non
1246 2427 1361 2458 calefa-

284 2478 400 2513 ciebat,
423 2477 487 2507 hoc
510 2485 578 2507 non
601 2480 710 2516 potest
733 2485 803 2506 esse
825 2475 888 2505 nisi
911 2474 988 2514 quia
1011 2479 1066 2505 aut
1090 2478 1184 2504 aucta
1199 2478 1247 2504 est
1262 2473 1362 2503 virtus

285 2521 472 2558 alefactivi,
504 2526 560 2551 aut
590 2519 800 2552 calefactibile
832 2526 879 2550 est
908 2519 1011 2558 magis
1040 2518 1235 2559 dispositum
1263 2526 1362 2558 quam

285 2567 389 2608 prius;
413 2572 469 2597 aut
492 2567 568 2607 quia
591 2565 815 2596 calefactivum
840 2569 887 2595 est
910 2563 1032 2595 factum
1062 2564 1287 2603 propinquum
1311 2571 1362 2592 ca-

285 2611 459 2647 lefactibili,
472 2620 530 2651 per
541 2620 639 2641 suum
654 2615 784 2641 motum
800 2608 840 2640 ad
857 2608 1077 2644 calefactibile,
1094 2608 1145 2638 vel
1162 2616 1219 2647 per
1233 2612 1362 2636 motum

285 2656 505 2688 calefactibilis
534 2655 574 2686 ad
601 2656 719 2695 ipsum.
753 2654 786 2685 Si
810 2663 887 2694 ergo
911 2653 1042 2684 tollatur
1066 2656 1277 2692 augmentum
1301 2651 1362 2680 vir—

285 2702 363 2732 tutis
378 2711 397 2732 a
412 2700 613 2736 calefactivo,
629 2705 662 2730 et
677 2708 839 2739 ponamus
855 2707 948 2729 suam
963 2698 1115 2727 virtutem
1131 2695 1248 2726 eodem
1260 2694 1361 2725 modo

284 2756 320 2777 se
343 2746 461 2777 habere
492 2745 575 2775 sicut
604 2745 710 2784 pn'us3
735 2744 761 2773 si
793 2743 890 2773 etiam
919 2750 1145 2772 removeamus
1173 2750 1191 2769 a
1221 2740 1362 2779 patiente

285 2800 421 2821 omnem
443 2790 670 2824 mutationem,
695 2793 727 2818 et
749 2795 911 2827 ponamus
934 2787 1043 2826 ipsum
1065 2794 1135 2815 non
1163 2793 1231 2814 esse
1261 2783 1362 2823 magis

288 2834 482 2874 dispositum
500 2842 599 2873 quam
614 2833 720 2872 prius;
744 2841 813 2861 non
837 2839 972 2870 esseque
996 2829 1097 2869 magis
1121 2828 1362 2868 appropinqua-

287 2884 358 2909 tum
383 2877 571 2908 calefactivo
588 2886 687 2916 quam
703 2876 791 2916 prius
808 2884 865 2915 per
880 2884 977 2904 suum
1001 2879 1146 2903 motum:
1171 2873 1363 2912 relinquitur

287 2932 408 2953 novam
433 2921 677 2952 calefactionem
694 2920 790 2950 huius
806 2918 1023 2950 calefactibilis
1039 2918 1078 2948 ab
1095 2918 1158 2948 hoc
1175 2916 1361 2948 calefactivo

287 2977 356 2998 non
386 2967 557 3007 provenire
587 2966 649 2996 nisi
672 2975 711 2995 ex
734 2965 798 2994 hoc
822 2963 912 3003 quod
936 2962 1158 2993 calefactivum
1187 2967 1234 2992 est
1261 2962 1363 3001 magis

286 3012 588 3053 appropinquatum
604 3009 807 3040 calefactibili
823 3017 922 3048 quarn
938 3008 1036 3048 prius,
1049 3016 1107 3047 per
1122 3011 1250 3036 motum
1266 3015 1362 3036 suum

287 3057 436 3092 localem,
461 3065 519 3096 per
542 3064 641 3095 quern
666 3053 787 3084 factum
811 3059 858 3083 est
880 3052 976 3083 simul
1001 3052 1182 3092 cumipse.
1211 3059 1220 3061 ··

347 3101 376 3132 3.
398 3099 498 3139 Quod
514 3105 624 3130 autem
639 3099 719 3128 haec
737 3098 896 3138 expositio
914 3098 954 3126 sit
970 3095 1008 3127 de
1025 3101 1134 3126 mente
1151 3095 1259 3126 Sancti
1272 3094 1362 3124 Tho-

289 3155 372 3182 mae,
397 3150 485 3186 patet
510 3154 547 3174 ex
572 3143 710 3174 duobus.
742 3142 862 3178 Primo,
887 3151 925 3172 ex
950 3150 989 3171 eo
1014 3140 1104 3181 quod
1127 3140 1264 3170 intendit
1287 3148 1362 3179 pro-

289 3191 364 3221 bare
388 3200 446 3230 per
467 3190 551 3219 hanc
575 3187 835 3229 propositionem
854 3187 981 3216 nullum
998 3195 1116 3226 corpus
1132 3194 1228 3225 posse
1245 3193 1362 3220 creare,

290 3234 503 3276 producendo
531 3233 680 3263 videlicet
710 3231 832 3272 aliquid
862 3231 902 3261 de
933 3240 1021 3260 novo
1049 3229 1229 3260 secundum
1260 3234 1362 3259 totam

291 3281 359 3311 eius
379 3279 599 3310 substantiam.
624 3277 675 3308 Ad
691 3277 755 3307 hoc
772 3277 859 3307 enim
875 3274 1079 3316 probandum
1096 3273 1212 3304 sufficit
1235 3273 1362 3303 nullum

290 3334 410 3364 corpus
430 3333 526 3364 posse
548 3332 640 3363 agere
665 3321 785 3362 aliquid
802 3320 840 3351 de
858 3330 956 3356 novo,
973 3320 1034 3349 illis
1054 3319 1178 3349 duabus
1203 3317 1362 3348 conditio-

289 3369 387 3400 nibus
403 3369 589 3404 observatis,
606 3367 666 3398 nisi
682 3371 861 3397 moveatur.
885 3365 968 3395 Nam
993 3369 1118 3394 constat
1139 3362 1229 3404 quod
1245 3372 1363 3402 corpus

291 3413 412 3444 habens
435 3414 587 3444 virtutem
611 3411 793 3447 creadvam,
811 3411 836 3440 si
852 3409 985 3450 aliquod
1008 3409 1070 3439 tale
1094 3413 1278 3448 poneretur,
1295 3417 1363 3437 non

291 3463 399 3498 potest
415 3457 596 3488 secundum
611 3458 715 3497 ipsam
726 3457 878 3486 virtutem
890 3455 1061 3485 creativam
1073 3453 1192 3492 augeri,
1209 3457 1246 3482 ut
1260 3452 1364 3491 possit

292 3512 381 3534 nunc
404 3512 511 3534 creare
535 3507 568 3532 et
589 3511 658 3532 non
681 3502 787 3541 prius:
813 3509 898 3536 cum,
923 3500 948 3529 si
972 3503 1112 3539 ponatur
1127 3497 1198 3527 talis
1214 3497 1313 3527 virtus
1328 3496 1362 3526 in

292 3547 415 3588 aliquo,
438 3548 508 3588 ipsa
530 3548 570 3577 sit
599 3546 718 3577 stabilis
748 3551 844 3585 atque
875 3543 1082 3575 immutabilis
1112 3542 1228 3577 virtus;
1253 3541 1364 3571 omnia

291 3592 391 3622 etiam
414 3591 563 3622 creabilia
586 3590 723 3621 eandem
746 3590 924 3630 requirunt,
942 3598 981 3619 eo
1005 3586 1096 3628 quod
1112 3587 1210 3617 virtus
1227 3586 1363 3616 creativa

293 3636 333 3666 sit
356 3636 546 3677 productiva
570 3636 669 3666 totius
693 3635 832 3666 entitatis
856 3634 911 3670 rei,
930 3632 1096 3664 etidcirco
1113 3641 1181 3662 non
1198 3635 1244 3661 est
1260 3630 1363 3660 maior

291 3679 496 3720 indispositio
520 3681 553 3711 in
577 3690 644 3711 uno
669 3679 797 3710 creabili
822 3688 919 3719 quam
943 3679 976 3707 in
1000 3677 1073 3707 alio.
1107 3675 1242 3706 Constat
1266 3675 1362 3705 etiam

2399 297 2469 334 311

1403 371 1495 413 quod
1518 373 1654 404 creabile
1678 383 1745 404 non
1770 379 1885 414 potest,
1910 380 2086 415 antequam
2113 381 2247 412 creetur,
2271 378 2474 409 transmutari

1403 422 1459 448 aut
1477 416 1658 448 secundum
1673 419 1830 448 maiorem
1862 419 1911 449 sui
1933 419 2189 459 dispositionem,
2218 426 2273 451 aut
2294 421 2475 452 secundum

1402 462 1560 492 maiorem
1583 463 1937 503 appropinquationem
1959 464 1999 495 ad
2019 474 2130 495 creans
2145 474 2203 505 per
2218 471 2347 497 motum
2362 476 2473 497 suum:

1405 515 1480 536 cum
1497 506 1634 537 creabile
1652 507 1733 538 nihil
1755 508 1795 538 sit
1818 508 1852 537 in
1876 518 1982 539 rerum
2006 514 2119 540 natura
2142 515 2316 550 antequam
2339 517 2474 542 creetur.

1403 550 1609 591 Relinquitur
1633 560 1709 591 ergo
1734 551 1823 592 quod
1847 553 1935 583 nulla
1965 559 2012 583 est
2040 554 2121 584 ratio
2146 563 2244 594 quare
2275 564 2392 596 corpus
2419 555 2474 586 de-

1403 595 1476 626 beat
1491 595 1614 636 aliquid
1629 595 1669 626 de
1685 605 1773 626 novo
1794 605 1900 627 creare
1923 598 1984 628 nisi
2008 598 2083 638 quia
2106 608 2163 638 per
2186 604 2313 630 motum
2336 599 2474 631 localem

1404 649 1500 671 suurn
1524 640 1670 680 pervenit
1693 640 1733 671 ad
1755 641 1867 671 locum
1889 642 1923 672 in
1946 651 2013 682 quo
2038 642 2158 682 aliquid
2174 648 2221 673 est
2237 644 2420 681 creandum,
2438 650 2474 675 ut

1403 683 1524 715 faciens
1548 690 1579 715 et
1603 684 1724 715 factum
1748 686 1788 715 sit
1810 686 1916 716 simul.

1459 729 1611 760 Secundo
1635 729 1722 760 idem
1753 735 1850 770 patet,
1875 731 1950 771 quia
1973 731 2063 761 aliter
2090 732 2170 762 ratio
2195 731 2303 762 Sancti
2325 733 2473 764 Thomae

1404 774 1492 804 nulla
1516 781 1608 805 esset.
1632 774 1701 804 Nisi
1724 775 1813 805 enim
1836 784 1912 805 curn
1935 774 1996 805 illis
2020 775 2261 806 conditionibus
2283 776 2337 807 illa
2352 786 2473 818 propo-

1403 819 1476 849 sitio
1490 819 1694 859 intelligatur,
1707 829 1775 850 non
1791 821 1946 860 sequitur,
1957 820 2033 859 quia
2045 829 2141 860 agens
2158 826 2189 850 et
2204 821 2328 860 patiens
2345 828 2474 861 oportet

1404 872 1472 894 esse
1495 864 1602 900 simul,
1626 863 1717 904 quod
1741 870 1889 904 oporteat
1911 874 2008 904 agens
2031 864 2175 895 localiter
2197 866 2321 896 moveri
2344 865 2384 896 ad
2411 867 2473 897 hoc

1404 914 1441 938 ut
1463 908 1503 938 sit
1526 908 1622 939 simul
1646 917 1722 939 cum
1745 918 1854 949 passo:
1880 909 2038 940 diceretur
2069 909 2156 940 enim
2181 909 2271 949 quod
2300 909 2416 940 sufficit
2438 916 2474 941 ut

1404 953 1529 992 patiens
1557 958 1726 984 moveatur
1757 953 1797 984 ad
1826 955 1933 994 ipsum
1963 963 2070 994 agenS,
2094 954 2135 985 ad
2157 954 2221 984 hoc
2245 959 2281 984 ut
2303 963 2379 985 cum
2403 955 2473 994 ipso

1405 998 1445 1027 sit
1468 998 1564 1028 simul
1588 1004 1619 1028 et
1643 999 1712 1029 eius
1735 999 1886 1039 suscipiat
1910 999 2082 1029 actionem.

1461 1051 1493 1081 4.
1518 1042 1570 1073 Ad
1593 1043 1734 1083 primum
1758 1044 1854 1083 igitur
1877 1044 1909 1073 in
1934 1044 2125 1084 oppositum
2141 1044 2157 1060 ³*
2181 1043 2297 1073 dicitur
2317 1043 2407 1083 quod
2423 1043 2476 1074 illa

1405 1087 1490 1117 actio
1514 1097 1578 1127 qua
1602 1088 1728 1118 caelum
1752 1097 1944 1129 empyreum
1967 1087 2072 1119 influit
2094 1088 2129 1118 in
2153 1097 2290 1128 corpora
2312 1087 2474 1124 inferiora,

1405 1140 1473 1162 non
1490 1137 1537 1162 est
1552 1133 1636 1163 actio
1659 1142 1755 1169 nova,
1776 1133 1832 1164 sed
1855 1142 1975 1164 coaeva
1998 1133 2059 1173 ipsi
2083 1132 2173 1163 caelo
2197 1141 2363 1173 empyreo.
2380 1132 2475 1163 Unde

1405 1175 1542 1207 Sanctus
1561 1177 1715 1214 Thomas,
1740 1179 1773 1208 in
1796 1178 1871 1208 loco
1896 1177 2036 1208 adducto
2061 1186 2099 1207 ex
2122 1177 2228 1207 Prima
2251 1177 2353 1213 Parte,
2370 1178 2476 1217 inquit

1406 1220 1497 1261 quod
1520 1221 1675 1261 imprimit
1698 1222 1729 1252 in
1749 1223 1893 1263 primum
1917 1222 2041 1252 caelum
2057 1222 2144 1263 quod
2159 1226 2314 1257 movetur,
2333 1231 2397 1252 non
2415 1222 2476 1252 ali-

1405 1265 1483 1306 quid
1505 1266 1668 1296 transiens
1683 1272 1714 1297 et
1729 1267 1902 1298 adveniens
1920 1276 1983 1307 per
2006 1272 2136 1302 motum,
2153 1266 2209 1297 sed
2227 1266 2351 1307 aliquid
2363 1266 2476 1307 fixum

1405 1315 1437 1340 et
1457 1310 1580 1346 stabile,
1600 1316 1683 1351 puta
1708 1312 1856 1342 uirtutem
1880 1311 2066 1342 continendi
2096 1316 2126 1341 et
2154 1310 2328 1342 causandi:
2352 1316 2476 1341 constat

1406 1360 1515 1385 autem
1539 1356 1632 1386 istam
1655 1356 1806 1386 virtutem
1837 1356 2024 1386 continendi
2054 1361 2085 1386 et
2115 1355 2266 1386 causandi
2290 1364 2358 1386 esse
2382 1365 2476 1386 coa&

1408 1409 1480 1430 vam
1505 1400 1607 1430 caelo.

1463 1444 1514 1475 Ad
1530 1444 1709 1475 secundum
1727 1444 1841 1475 dicitur
1858 1443 1948 1485 quod
1964 1454 2031 1474 non
2056 1450 2102 1475 est
2125 1450 2236 1475 contra
2255 1454 2385 1475 sensum
2401 1454 2476 1484 pro-

1406 1490 1588 1528 positionis.
1619 1490 1702 1520 Nam
1733 1495 1812 1520 tunc
1842 1488 1950 1521 deficit
1979 1489 2120 1520 secunda
2149 1489 2307 1520 conditio:
2340 1490 2475 1519 mutatio

1407 1534 1494 1564 enim
1518 1535 1651 1574 ponitur
1675 1544 1712 1564 ex
1736 1540 1825 1574 parte
1849 1534 2093 1570 combustibilis,
2118 1533 2194 1564 dum
2226 1534 2359 1574 ponitur
2387 1533 2477 1573 quod

1408 1578 1448 1609 de
1471 1588 1560 1608 novo
1585 1579 1778 1609 carbonibus
1801 1583 1993 1618 apponatur.

1465 1623 1518 1653 IV.
1542 1622 1607 1654 Sed
1630 1629 1741 1653 contra
1765 1624 1857 1653 istam
1881 1623 2177 1662 interpretationem
2196 1621 2358 1652 dubitatur
2373 1621 2478 1662 dupli—

1409 1667 1496 1697 citer.
1522 1667 1642 1703 Primo,
1666 1668 1742 1707 quia
1766 1677 1803 1698 ex
1827 1668 1896 1708 ipsa
1918 1666 2044 1698 videtur
2066 1667 2176 1698 haberi
2199 1665 2290 1706 quod
2304 1672 2414 1697 motus
2430 1666 2477 1696 lo-

1410 1711 1486 1742 calis
1509 1721 1576 1742 non
1601 1713 1780 1752 requiratur
1803 1711 1842 1742 ad
1866 1712 2027 1742 actionem
2051 1712 2195 1751 corporis
2217 1712 2278 1741 nisi
2297 1710 2337 1742 ad
2360 1711 2423 1741 hoc
2443 1716 2479 1740 ut

1410 1765 1507 1796 agens
1530 1757 1570 1787 sit
1592 1766 1743 1797 praesens
1758 1757 1892 1796 patienti
1908 1762 1940 1786 et
1955 1757 1995 1787 sit
2010 1756 2106 1787 simul
2122 1765 2198 1786 curn
2214 1765 2264 1787 eo.
2281 1755 2355 1786 Hoc
2371 1761 2479 1786 autem

1410 1800 1536 1832 videtur
1559 1811 1627 1832 esse
1652 1807 1763 1832 contra
1794 1801 1974 1832 doctrinam
2006 1800 2112 1832 Sancti
2138 1801 2296 1836 Thomae,
2320 1800 2477 1834 Potentia,

1411 1856 1442 1886 q.
1460 1857 1489 1882 v,
1506 1856 1534 1877 a.
1553 1846 1589 1882 8;
1613 1847 1729 1883 Prima,
1747 1856 1778 1886 q.
1796 1856 1865 1882 cxv,
1882 1855 1910 1876 a.
1929 1846 1963 1883 3;
1988 1851 2019 1876 et
2043 1846 2071 1876 Il
2093 1845 2191 1882 Sent.,
2209 1845 2239 1876 d.
2256 1856 2288 1881 n,
2305 1854 2336 1885 q.
2354 1855 2385 1881 11,
2403 1855 2429 1875 a.
2449 1845 2478 1881 3,

1411 1897 1443 1921 et
1467 1891 1496 1922 d.
1514 1901 1563 1927 xv,
1588 1901 1619 1931 q.
1636 1902 1656 1928 1,
1681 1901 1709 1922 a.
1727 1901 1763 1927 2;
1788 1892 1926 1922 tenentis
1950 1890 2041 1931 quod
2063 1895 2173 1921 motus
2195 1890 2306 1921 localis
2329 1889 2407 1920 caeli
2431 1898 2479 1919 re-

1411 1936 1554 1976 quiratur
1578 1935 1618 1966 ad
1642 1935 1803 1976 agendum
1828 1936 1924 1966 etiam
1948 1941 1983 1966 ut
2011 1936 2091 1966 ratio
2123 1934 2247 1975 agendi,
2272 1940 2303 1965 et
2325 1939 2361 1964 ut
2385 1943 2479 1964 causa

1411 1981 1547 2012 aliorum
1571 1986 1733 2012 motuum.
1758 1981 1893 2021 Propter
1909 1979 1999 2020 quod
2014 1985 2102 2011 tenet
2117 1979 2217 2020 quod,
2234 1981 2305 2020 ipso
2326 1985 2477 2014 cessante,

1411 2026 1547 2057 cessabit
1570 2027 1676 2056 omnis
1698 2026 1921 2056 transmutatio
1944 2025 2105 2055 naturalis.

1467 2070 1629 2107 Secundo,
1647 2072 1723 2112 quia
1738 2080 1776 2101 ex
1792 2071 1851 2100 ista
1869 2070 2131 2111 interpretatione
2147 2078 2214 2099 non
2230 2069 2373 2108 sequitur
2389 2067 2479 2107 quod

1411 2115 1569 2156 quicquid
1597 2115 1633 2146 fit
1662 2125 1720 2156 per
1750 2116 1912 2146 actionem
1942 2115 2097 2155 corporis,
2120 2114 2175 2145 fiat
2202 2114 2398 2144 successive:
2423 2111 2479 2142 sed

1411 2166 1537 2191 tanturn
1553 2160 1644 2201 quod
1659 2161 1761 2201 ipsam
1779 2160 1940 2190 actionem
1955 2159 2125 2200 praecedat
2147 2163 2256 2189 motus
2271 2157 2479 2189 successivus.

1411 2206 1485 2236 Hoc
1502 2211 1611 2236 autem
1626 2215 1695 2236 non
1711 2211 1759 2236 est
1782 2204 1821 2236 ad
1844 2210 1989 2235 mentem
2013 2204 2122 2235 Sancti
2137 2203 2296 2239 Thomae,
2314 2203 2370 2242 qui
2386 2201 2480 2232 infert

1413 2260 1451 2281 ex
1475 2260 1515 2281 eo
1540 2249 1631 2290 quod
1653 2250 1781 2281 nullum
1811 2259 1930 2290 corpus
1962 2249 2026 2290 agit
2053 2249 2114 2279 nisi
2141 2257 2199 2288 per
2221 2252 2359 2283 motum,
2383 2255 2481 2276 omne

1413 2295 1503 2336 quod
1526 2294 1563 2326 fit
1585 2305 1643 2336 per
1665 2296 1828 2326 actionem
1845 2295 1990 2335 corporis
2011 2293 2082 2324 fieri
2104 2293 2292 2323 successive.
2316 2292 2403 2331 Ergo
2421 2295 2481 2321 etc.

1471 2350 1500 2371 2.
1517 2339 1569 2371 Ad
1584 2341 1727 2381 primum
1742 2340 1860 2370 horum
1876 2338 1991 2370 dicitur
2007 2338 2123 2379 primo,
2140 2337 2230 2378 quod
2245 2346 2313 2367 non
2329 2341 2376 2367 est
2391 2344 2483 2366 mens

1415 2385 1523 2416 Sancti
1547 2384 1696 2415 Thomae
1719 2385 1897 2424 unicuique
1921 2383 2050 2424 corpori
2074 2383 2180 2423 agenti
2202 2387 2330 2412 motum
2346 2380 2483 2411 localem

1413 2430 1460 2460 illi
1481 2430 1708 2460 inexistentem
1731 2439 1800 2460 esse
1830 2429 1890 2460 sibi
1920 2429 2079 2459 rationem
2110 2426 2234 2468 agendi,
2259 2426 2424 2467 quoniam,
2448 2429 2484 2454 ut

1414 2480 1582 2505 ostensum
1605 2480 1653 2505 est
1667 2475 1694 2510 *,
1718 2480 1824 2514 potest
1847 2472 1981 2513 aliquod
2004 2481 2122 2513 corpus
2146 2481 2238 2512 agere
2263 2472 2359 2502 etiam
2375 2470 2401 2500 si
2416 2478 2483 2499 non

1414 2524 1584 2550 moveatur
1606 2519 1760 2554 localiter,
1785 2519 1821 2554 si,
1845 2519 1990 2558 inquam,
2015 2526 2145 2556 passum
2168 2515 2208 2546 ad
2230 2517 2337 2556 ipsum
2354 2523 2483 2545 movea-

1413 2569 1483 2594 tur:
1508 2563 1565 2593 sed
1587 2568 1714 2593 tantum
1737 2562 1777 2593 ad
1799 2563 1863 2592 hoc
1886 2567 1923 2592 ut
1946 2571 2042 2601 agens
2066 2561 2105 2591 sit
2128 2559 2223 2591 simul
2247 2569 2322 2590 cum
2341 2567 2436 2599 passo
2453 2563 2484 2588 et

1414 2607 1535 2638 faciens
1563 2616 1639 2637 cum
1670 2606 1766 2642 facto,
1790 2606 1852 2636 illis
1882 2605 2122 2636 conditionibus
2145 2604 2237 2635 dictis
2266 2602 2482 2637 existentibus,

1413 2657 1450 2682 ut
1472 2651 1619 2690 superius
1635 2652 1652 2668 ⁴*
1676 2656 1724 2681 est
1747 2656 1924 2681 ostensum.

1470 2695 1596 2725 Dicitur
1619 2694 1773 2731 secundo,
1798 2693 1889 2734 quod
1913 2703 1988 2724 cum
2011 2694 2075 2723 hoc
2103 2698 2164 2722 stat
2191 2697 2319 2722 motum
2346 2690 2483 2721 localem

1414 2740 1559 2779 corporis
1583 2739 1727 2770 caelestis
1749 2740 1808 2769 ista
1822 2738 1974 2769 inferiora
1990 2738 2150 2768 alterantis
2166 2746 2233 2767 esse
2250 2736 2309 2767 sibi
2325 2735 2482 2765 rationem

1415 2783 1529 2824 agendi
1553 2783 1663 2823 aliquo
1686 2783 1802 2819 modo;
1823 2789 1855 2813 et
1877 2788 2005 2813 motum
2021 2781 2158 2812 localem
2174 2781 2253 2811 caeli
2269 2789 2337 2811 esse
2354 2788 2483 2809 causam

1415 2828 1565 2858 omniurn
1580 2833 1732 2858 motuum
1749 2827 1949 2863 inferiorum,
1962 2832 1998 2857 ut
2009 2827 2143 2857 habetur
2153 2825 2224 2856 VIII
2233 2824 2446 2866 Physicorum
2454 2824 2481 2853 *.

1414 2873 1456 2903 Et
1478 2872 1553 2903 ideo
1578 2873 1656 2903 haec
1679 2873 1899 2913 interpretatio
1928 2873 1961 2902 in
1988 2871 2080 2901 nullo
2109 2870 2296 2901 contradicit
2319 2868 2482 2899 doctrinae

1416 2916 1524 2947 Sancti
1540 2917 1699 2947 Thomae.

1471 2961 1522 2992 Ad
1553 2961 1734 2992 secundum
1765 2960 1890 2997 dicitur,
1922 2961 2009 2991 iuxta
2033 2960 2272 2990 distinctionem
2303 2957 2418 2987 factam
2449 2957 2482 2986 in

1415 3005 1619 3046 praecedenti
1635 3006 1778 3046 capitulo
1789 3007 1816 3041 ⁴⁹,
1832 3006 1956 3036 ratione
1972 3006 2084 3045 prima,
2097 3002 2187 3044 quod
2204 3013 2241 3033 ex
2256 3003 2314 3032 ista
2329 3002 2483 3041 interpre-

1415 3051 1536 3082 tatione
1559 3051 1704 3091 sequitur
1727 3059 1824 3080 omne
1849 3049 1939 3090 quod
1954 3049 2000 3085 fit,
2016 3048 2085 3079 fieri
2108 3048 2285 3078 successive
2309 3046 2483 3076 extrinsece

1416 3100 1448 3125 et
1470 3094 1704 3131 antecedenter,
1729 3095 1804 3125 licet
1830 3104 1898 3125 non
1930 3099 2081 3134 sequatur
2104 3102 2200 3123 omne
2225 3091 2285 3121 tale
2314 3091 2482 3120 intrinsece

1414 3139 1484 3170 fieri
1507 3140 1697 3170 successive.
1721 3139 1796 3169 Hoc
1820 3145 1928 3169 autem
1947 3137 2063 3169 sufficit
2086 3137 2253 3177 proposito
2271 3135 2377 3166 Sancti
2394 3134 2483 3164 Tho-

1415 3194 1504 3214 mae:
1530 3185 1605 3224 quia
1630 3185 1748 3215 creatio
1767 3189 1883 3214 neutro
1911 3182 2012 3213 modo
2041 3187 2088 3212 est
2114 3178 2300 3215 successiva,
2326 3189 2400 3209 cum
2427 3188 2483 3208 ne-

1416 3239 1479 3270 que
1503 3230 1543 3259 sit
1566 3234 1675 3260 motus
1705 3237 1812 3268 neque
1843 3229 1998 3258 terminus
2029 3232 2147 3262 motus,
2172 3231 2207 3256 ut
2235 3224 2380 3264 superius
2397 3224 2413 3239 ⁴*
2437 3228 2484 3253 est

1415 3279 1593 3304 ostensum.

1472 3318 1510 3348 V.
1529 3317 1677 3348 Secundo
1690 3318 1717 3347 ἥ.
1738 3317 1824 3347 Nihil
1848 3316 1883 3346 fit
1904 3326 1920 3346 a
1944 3316 2087 3355 corporis
2111 3315 2236 3344 actione
2255 3313 2316 3343 nisi
2337 3322 2394 3352 per
2412 3321 2483 3342 mo-

1416 3367 1486 3393 tum
1510 3368 1565 3393 aut
1588 3363 1803 3393 mutationem
1827 3360 1911 3391 facti.
1936 3359 1999 3391 Sed
2024 3359 2140 3390 creatio
2157 3367 2224 3388 non
2242 3363 2288 3396 est
2303 3363 2411 3387 motus
2428 3366 2483 3386 ne-

1417 3416 1480 3447 que
1504 3407 1652 3437 mutatio.
1676 3407 1761 3447 Ergo
1779 3411 1838 3436 etc.
1858 3424 1880 3427 —
1898 3404 2054 3434 Probatur
2073 3403 2186 3433 maior.
2207 3401 2343 3432 Nullum
2365 3402 2484 3441 corpus

1416 3457 1527 3482 movet
1541 3451 1603 3481 nisi
1619 3457 1757 3481 motum.
1779 3450 1865 3490 Ergo
1882 3455 1942 3479 etc.
1966 3449 2122 3478 Probatur
2138 3446 2383 3486 consequentia:
2408 3446 2484 3486 quia

1417 3505 1515 3526 omne
1539 3505 1636 3535 agens
1660 3495 1749 3535 quod
1773 3495 1836 3534 agit
1855 3495 2048 3533 inquantum
2065 3497 2223 3527 movetur,
2241 3490 2280 3521 de
2297 3489 2484 3521 necessitate

1416 3545 1528 3571 movet
1550 3539 1630 3570 illud
1652 3540 1685 3571 in
1710 3539 1800 3579 quod
1823 3539 1896 3578 agit.
1921 3537 2007 3568 Cum
2031 3537 2118 3567 enirn
2145 3535 2270 3567 factum
2289 3540 2326 3566 et
2353 3543 2484 3576 passum

1417 3590 1657 3624 consequantur
1677 3583 1922 3624 dispositionem
1945 3582 2067 3622 agentis
2084 3586 2115 3611 et
2130 3579 2285 3616 facientis,
2303 3584 2441 3620 oportet,
2459 3579 2484 3608 si

1417 3639 1524 3670 agens,
1541 3638 1608 3659 non
1633 3629 1665 3658 in
1689 3627 1801 3658 eadem
1826 3626 2036 3667 dispositione
2053 3634 2186 3656 manens
2202 3623 2258 3655 sed
2278 3630 2314 3654 ut
2330 3623 2484 3655 continue

1417 3684 1474 3714 per
1497 3679 1623 3703 motum
1647 3673 1793 3707 variatur,
1811 3671 1883 3711 agit,
1906 3669 1996 3710 quod
2017 3670 2112 3700 etiam
2133 3670 2166 3700 in
2187 3669 2326 3709 patiente
2348 3674 2379 3700 et
2399 3667 2483 3698 facto

2503 1043 2511 1051 '¹
2526 1041 2596 1064 Num.
2608 1048 2634 1063 n.

2511 2471 2520 2479 ¹*
2535 2469 2605 2491 Num.
2616 2475 2651 2496 nr,
2661 2475 2680 2490 2.

2512 2653 2520 2661 '¹
2536 2650 2592 2671 Ibid.

2512 2825 2521 2833 ¹
2530 2823 2587 2850 Cap.
2596 2829 2640 2847 vu:
2653 2823 2721 2844 s-Th.

2510 2851 2524 2871 l.
2542 2856 2576 2876 14.

2510 3002 2519 3009 ·
2531 2999 2662 3021 Comment.
2673 3005 2695 3020 n.
2706 3005 2722 3020 1.

2511 3222 2520 3230 '¹
2536 3221 2593 3247 Cap.
2608 3226 2665 3241 xvn.

2510 3314 2520 3322 '¹
2535 3312 2572 3334 Cf.
2587 3318 2611 3333 n.
2627 3318 2642 3333 ι.
