2768 4134
72 478 81 487 ·
91 476 208 501 Num.vn‚
218 482 237 496 2.

66 2554 190 2581 ·Cf.insra,
198 2555 235 2576 Ex
244 2556 280 2577 his
323 2548 385 2578 ..³—

65 2584 151 2608 autem,
171 2589 211 2610 4¹5
226 2588 279 2610 ³15.
320 2592 332 2614 ⁷,
345 2584 353 2589 ‘

66 2764 74 2772 '
90 2762 120 2784 1¹1
136 2763 165 2784 de
183 2763 278 2788 Anima,

67 2795 117 2817 cap.
138 2795 173 2814 1v;
194 2796 212 2811 s.
233 2789 277 2811 Th.

68 2817 82 2838 1.
93 2822 105 2843 7
116 2822 167 2844 sqq.

64 2975 73 2984 ‘
90 2974 148 2997 lbid.

66 3241 75 3250 '
91 3241 147 3262 ibid.

312 321 391 356 4¹4

311 387 460 436 proprius
476 391 564 415 actus
582 390 612 414 et
635 383 765 424 propria
788 382 943 423 potentia,
969 387 1023 412 aut
1042 381 1287 411 constitutivum
1311 389 1386 421 pro-

311 431 398 471 priae
422 429 596 469 potentiae.

368 474 430 504 Sed
443 479 554 503 contra
565 473 648 502 hanc
665 472 911 521 responsionem
924 476 999 500 sunt
1011 475 1200 510 argumenta
1213 469 1360 510 superius
1370 470 1386 485 ³*

311 524 423 548 contra
442 518 517 547 alias
537 516 626 547 Scoti
650 516 879 556 responsiones
904 514 1051 551 adducta,
1077 515 1195 554 quibus
1218 519 1386 544 ostensum

311 568 358 592 est
376 571 444 592 non
460 570 556 611 posse
572 561 794 600 compositum
811 569 849 590 ex
865 560 998 590 materia
1014 565 1046 589 et
1067 558 1171 590 forma
1188 558 1387 589 substantiali

311 615 378 636 esse
402 606 567 646 propriam
590 605 770 645 potentiam
795 605 924 635 alterius
947 603 1071 634 formae
1095 603 1320 634 substantialis.

366 650 419 680 XI.
444 650 554 680 Sexto.
579 649 613 680 Si
637 649 727 689 quod
751 659 784 680 se
814 655 906 680 tenet
934 659 972 679 ex
1003 654 1092 689 parte
1116 649 1242 679 animae
1266 648 1299 678 in
1326 648 1385 677 ho-

309 695 406 731 mine,
432 695 471 724 sit
495 704 533 724 ex
557 694 704 734 pluribus
727 699 970 734 congregatum,
990 699 1105 733 utpote
1130 693 1238 733 plures
1262 692 1385 722 animas

309 738 488 775 includens,
506 744 636 779 oportet
652 745 688 769 ut
707 739 832 779 singula
848 738 888 769 ad
904 738 1045 778 singulas
1061 742 1168 778 partes
1184 737 1330 777 corporis
1351 745 1385 766 se

309 784 447 814 habeant
463 784 546 814 sicut
561 789 668 814 totum
685 783 725 814 ad
746 789 867 814 totum:
885 782 973 813 unde
989 782 1080 812 Plato
1097 781 1223 812 dicebat
1246 782 1385 812 rationa-

309 828 374 858 lem
391 837 459 858 esse
475 829 509 858 in
530 829 673 865 cerebro,
690 828 875 858 nutritivam
895 828 927 857 in
950 828 1077 867 hepate,
1094 826 1384 867 concupiscibilem

308 873 341 902 in
360 872 467 903 corde.
493 872 556 903 Sed
579 873 643 903 hoc
667 878 715 903 est
738 871 864 903 falsum.
889 872 977 902 Tum
994 871 1069 911 quia
1089 871 1271 901 intellectus
1288 871 1385 901 alicui

308 918 391 957 parti
411 918 556 958 corporis
580 918 708 948 attribui
728 926 796 947 non
817 922 940 957 potest:
959 925 1035 946 cum
1058 924 1127 946 non
1151 916 1191 945 sit
1214 921 1304 946 actus
1328 916 1384 945 ali-

310 962 402 992 cuius
427 963 582 1002 corporis,
607 967 643 992 ut
667 962 813 1001 superius
839 967 885 991 est
905 966 1084 990 ostensum.
1099 977 1123 982 —
1139 959 1225 990 Tum
1252 961 1327 1000 quia
1350 962 1384 990 in

310 1006 423 1036 eadem
447 1012 536 1046 parte
555 1006 700 1046 corporis
717 1010 871 1045 apparent
887 1004 1085 1035 diversarum
1109 1005 1250 1044 partium
1270 1013 1384 1045 opera-

308 1051 430 1081 tiones:
447 1057 483 1081 ut
499 1056 587 1091 patet
609 1052 642 1080 in
666 1051 810 1090 partibus
826 1049 1014 1079 animalium
1031 1058 1115 1089 quae
1139 1048 1245 1079 decisa
1261 1049 1384 1086 vivunt,

309 1096 342 1125 in
367 1096 484 1135 quibus
509 1101 556 1125 est
579 1100 699 1131 motus,
716 1103 828 1124 sensus
847 1099 878 1124 et
902 1094 1081 1134 appetitus;
1107 1099 1139 1124 et
1161 1094 1306 1134 partibus
1329 1093 1385 1124 de-

310 1140 381 1169 cisis
405 1140 598 1180 plantarum,
617 1148 700 1180 quae
715 1139 911 1175 nutriuntur,
932 1144 1091 1179 augentur
1108 1144 1139 1168 et
1154 1139 1345 1178 germinant.
1362 1157 1385 1160 —

309 1184 395 1224 Ergo
420 1189 479 1214 etc.

364 1237 394 1257 2.
419 1227 513 1258 Circa
536 1228 745 1268 probationes
768 1227 843 1257 istas
867 1226 1010 1258 falsitatis
1034 1227 1264 1267 consequentis
1291 1227 1385 1258 dubi-

307 1278 406 1303 tatur:
431 1282 500 1303 non
517 1273 604 1303 enirn
619 1272 770 1303 videntur
785 1272 923 1312 probare
939 1273 1111 1303 intentum.
1128 1272 1235 1302 Prima
1251 1271 1385 1312 quidem

307 1316 454 1357 procedit
470 1316 509 1347 de
528 1317 676 1358 potentia
702 1317 917 1347 intellectiva:
939 1326 1001 1347 nos
1025 1322 1134 1347 autem
1152 1317 1321 1357 loquimur
1344 1316 1385 1347 de

308 1361 418 1392 anima
443 1362 648 1392 intellectiva.
674 1362 765 1392 Licet
781 1362 868 1392 enim
885 1370 998 1392 verum
1022 1362 1062 1392 sit
1085 1362 1267 1402 potentiam
1290 1362 1384 1392 intel-

307 1405 456 1437 lectivam
479 1415 547 1437 non
572 1416 640 1437 esse
664 1412 774 1437 actum
798 1406 933 1437 alicuius
957 1407 1114 1447 corporis,
1131 1412 1257 1437 constat
1275 1411 1384 1437 tamen

307 1451 410 1490 ipsam
434 1452 575 1482 animam
597 1451 827 1482 intellectivam
851 1460 920 1482 esse
943 1457 1053 1482 actum
1077 1451 1234 1491 corporis.

364 1495 512 1526 Secunda
540 1501 648 1526 autem
673 1495 814 1526 ostendit
836 1496 945 1536 plures
961 1497 1123 1536 potentias
1147 1496 1289 1526 eiusdem
1312 1496 1385 1526 ani-

308 1549 388 1576 mae,
414 1546 492 1581 puta
516 1541 696 1581 potentiam
720 1541 886 1577 motivam,
903 1541 1088 1571 sensitivam
1108 1545 1140 1571 et
1163 1541 1384 1581 appetitivam,

308 1594 391 1625 quae
411 1591 486 1616 sunt
508 1586 641 1616 virtutes
665 1586 791 1616 animae
815 1586 994 1622 sensifivae,
1010 1586 1044 1615 in
1068 1585 1182 1616 eadem
1205 1591 1295 1626 parte
1317 1585 1384 1616 ani·

308 1630 402 1660 malis
422 1630 574 1667 inveniri3
599 1636 631 1660 et
654 1631 851 1667 nutritivam,
869 1630 1142 1670 augmentativam
1166 1636 1264 1671 atque
1287 1639 1385 1670 gene-

307 1675 451 1711 rativam,
475 1684 558 1715 quae
582 1680 657 1705 sunt
679 1675 812 1705 virtutes
836 1675 962 1705 animae
985 1675 1193 1715 vegetativae‚
1213 1675 1245 1705 in
1271 1674 1384 1705 eadem

308 1725 397 1759 parte
413 1719 551 1759 plantae.
568 1719 777 1750 Probandum
793 1725 903 1750 autem
919 1725 985 1750 erat
1000 1719 1086 1760 ipsas
1106 1719 1245 1750 diversas
1262 1720 1384 1749 animas

308 1764 341 1794 in
366 1763 479 1794 eadem
502 1770 591 1804 parte
615 1765 760 1804 corporis
782 1765 928 1794 inveniri.

366 1808 395 1839 3.
421 1808 472 1839 Ad
495 1809 638 1849 primum
661 1809 780 1839 horum
797 1809 913 1839 dicitur
929 1808 1019 1848 quod
1042 1809 1122 1839 ratio
1146 1808 1200 1838 illa
1223 1817 1291 1839 non
1308 1817 1384 1848 pro-

310 1852 393 1883 cedit
422 1854 528 1883 solum
558 1853 597 1884 de
630 1854 776 1893 potentia
800 1854 1004 1889 intellectiva,
1030 1853 1086 1883 sed
1117 1854 1213 1883 etiam
1244 1852 1284 1883 de
1315 1853 1384 1893 ipsa

308 1898 424 1928 anima.
450 1898 567 1928 Anima
592 1899 678 1928 enirn
702 1898 906 1934 intellectiva,
927 1904 962 1928 ut
978 1898 1033 1934 sic,
1051 1907 1118 1927 non
1137 1903 1183 1927 est
1207 1903 1297 1928 actus
1314 1906 1384 1927 cor—

743 303 930 341 SUMMA
959 302 1182 340 CONTRA
1210 301 1486 346 GENTILES‚
1514 301 1672 346 LIB.11‚
1703 300 1814 338 CAP.
1834 301 1963 347 LVIII,
1991 302 2089 338 LIX.

1412 381 1414 396 ¹
1440 379 1538 420 poris,
1556 378 1612 409 sed
1627 384 1755 409 tantum
1771 379 1965 420 inquantum
1981 380 2099 410 virtut'e
2116 382 2262 412 continet
2276 383 2460 413 sensitivam
2485 388 2516 413 et

1439 424 1668 464 vegetativam:
1698 433 1738 454 eo
1763 423 1854 463 quod
1876 433 1945 454 non
1969 425 2099 454 uniatur
2125 426 2277 456 materiae
2299 427 2362 457 nisi
2383 433 2517 468 propter

1439 469 1521 498 vires
1545 469 1723 505 sensifivas,
1741 469 1860 508 quibus
1875 468 1916 498 ad
1938 468 2185 509 intelligendum
2207 469 2340 510 indiget.
2365 471 2407 502 Et
2429 472 2515 509 ideo,

1440 514 1465 542 si
1493 519 1634 552 ponatur
1657 522 1675 542 a
1699 513 1850 543 sensitiva
1874 518 1906 543 et
1927 514 2107 553 vegetativa
2137 513 2286 544 distincta
2308 515 2342 545 in
2372 515 2516 553 homine,

1439 562 1554 608 utpote
1578 557 1700 587 habens
1722 562 1848 587 tantum
1873 557 1964 598 quod
1985 557 2200 589 intellectivae
2220 563 2277 595 est,
2300 559 2422 590 nullius
2445 569 2517 591 cor-

1438 602 1526 642 poris
1543 607 1591 632 est
1614 607 1714 632 actuS.
1732 601 1773 632 Et
1791 601 1914 632 idcirco
1928 611 1997 632 non
2020 603 2140 642 poterit
2158 603 2217 633 sibi
2242 604 2394 643 assignari
2410 604 2518 644 aliqua

1438 655 1510 686 pars
1535 647 1682 686 corporis
1705 655 1766 686 pro
1790 647 1933 678 materia.

1489 690 1541 721 Ad
1553 690 1735 721 secundum
1751 696 1859 731 potest
1874 690 2063 731 responderi
2075 691 2166 732 quod
2181 693 2262 723 ratio
2279 692 2426 743 procedit
2441 701 2518 733 sup-¹

1437 736 1547 775 posito
1571 735 1672 775 quod,
1696 736 1779 766 sicut
1802 742 1936 775 propter
1959 735 2176 767 diversitatem
2203 737 2434 777 operationum
2457 746 2518 777 po-

1437 786 1560 811 nuntur
1583 781 1662 810 istae
1685 780 1812 810 animae
1828 779 2007 817 distinctae,
2026 781 2070 811 ita
2086 786 2236 821 oporteat
2260 791 2329 812 esse
2353 782 2519 812 distinctas

1438 825 1560 855 animas
1588 825 1760 861 motivum,
1785 824 1974 855 sensitivum
1998 829 2030 855 et
2053 826 2276 865 appetitivum,
2301 836 2385 867 quae
2415 826 2519 857 diver-

1437 879 1545 900 sarum
1569 870 1799 910 operationum
1822 869 1981 909 principia
2003 875 2092 906 sunt;
2118 875 2150 900 et
2173 870 2287 901 eadem
2309 872 2434 902 ratione
2456 881 2518 902 nu—

1437 915 1592 951 tritivum,
1617 914 1896 954 augmentativum
1923 919 1955 944 et
1981 915 2215 954 generativum.
2246 915 2288 946 Et
2309 915 2397 953 ideo,
2421 916 2447 946 si
2471 916 2518 947 di-

1436 960 1536 990 versis
1559 959 1728 989 animabus
1744 964 1819 989 sunt
1842 958 1986 989 diversae
2001 964 2107 999 partes
2124 960 2270 999 corporis
2285 960 2518 998 attribuendae,

1437 1013 1506 1034 non
1529 1009 1685 1044 poterunt
1708 1004 1806 1034 etiam
1834 1002 2017 1043 praedictae
2046 1004 2081 1034 in
2110 1003 2224 1034 eadem
2254 1009 2344 1044 parte
2372 1006 2519 1046 corporis

1437 1049 1584 1079 inveniri.
1610 1048 1710 1086 Quod
1734 1058 1810 1079 curn
1841 1047 1958 1078 falsum
1983 1048 2032 1084 sit,
2058 1047 2175 1079 falsum
2199 1049 2296 1079 etiam
2319 1049 2379 1079 erit
2401 1050 2436 1080 in
2458 1050 2518 1081 ho-

1437 1094 1526 1123 mine
1550 1093 1659 1133 plures
1683 1093 1806 1123 animas
1830 1093 1978 1123 inveniri.

1493 1137 1562 1168 XII.
1587 1137 1739 1178 Septimo,
1767 1138 1911 1178 arguitur
1941 1147 1959 1168 a
1989 1137 2095 1177 signo.
2126 1137 2279 1168 Diversae
2312 1138 2520 1178 operationes

1438 1182 1564 1212 animae
1588 1192 1621 1212 se
1637 1182 1835 1223 impediunt:
1852 1183 1938 1223 quia,
1955 1182 2034 1213 dum
2050 1192 2116 1213 una
2132 1188 2180 1213 est
2198 1183 2334 1219 intensa,
2357 1182 2455 1213 altera
2469 1192 2519 1214 re-

1437 1227 1584 1257 mittitur.
1609 1227 1696 1267 Ergo
1720 1232 1752 1257 et
1775 1227 1992 1267 operationes,
2019 1232 2051 1257 et
2081 1227 2164 1258 vires
2188 1236 2272 1268 quae
2300 1233 2376 1258 sunt
2404 1228 2519 1258 harum

1438 1272 1667 1311 operationum
1690 1271 1859 1312 principia,
1880 1277 2010 1312 oportet
2033 1272 2068 1302 in
2083 1281 2188 1302 unum
2211 1272 2409 1312 principium
2423 1271 2519 1303 redu-

1438 1324 1521 1346 cere.
1546 1316 1621 1346 Hoc
1637 1322 1747 1347 autern
1762 1316 1961 1357 principium
1976 1325 2046 1347 non
2065 1322 2174 1357 potest
2195 1326 2265 1347 esse
2289 1326 2422 1358 corpus:
2446 1322 2519 1348 tum

1438 1362 1515 1401 quia
1542 1361 1628 1391 actui
1656 1360 1857 1401 intelligendi
1885 1370 1954 1391 non
1982 1362 2206 1392 communicat
2235 1370 2356 1402 corpus
2383 1361 2520 1402 (scilicet

1437 1405 1629 1446 productive
1646 1411 1678 1436 et
1692 1405 1988 1442 instrumentaliter,
2002 1406 2078 1436 licet
2090 1406 2312 1437 communicat
2328 1406 2517 1447 obiective);

1437 1456 1508 1481 tum
1522 1451 1598 1491 quia
1613 1451 1835 1481 invenirentur
1851 1459 1967 1481 omnes
1982 1451 2061 1481 istae
2077 1451 2285 1491 operationes
2307 1451 2341 1481 in
2365 1451 2519 1482 omnibus

1438 1496 1640 1536 corporibus.
1658 1495 1744 1536 Ergo
1762 1496 1822 1526 erit
1837 1496 1955 1526 anima.
1979 1495 2067 1536 Ergo
2083 1505 2152 1527 non
2168 1501 2244 1527 sunt
2266 1495 2376 1536 plures
2391 1496 2519 1527 animae

1437 1541 1471 1571 in
1495 1550 1564 1571 uno
1591 1541 1736 1571 homine.
1753 1558 1775 1562 —
1790 1540 1949 1571 Probatur
1971 1541 2075 1581 prima
2099 1540 2344 1581 consequentia.
2368 1539 2455 1578 Quia
2470 1540 2519 1571 di-

1437 1594 1547 1616 versae
1563 1585 1646 1615 vires
1661 1594 1745 1625 quae
1768 1594 1836 1615 non
1860 1584 2043 1616 radicantur
2058 1585 2091 1616 in
2116 1585 2234 1617 eodem
2257 1585 2431 1626 principio,
2449 1594 2519 1617 non

1437 1629 1621 1670 impediunt
1632 1639 1666 1660 se
1685 1630 1826 1660 invicem
1845 1629 1878 1660 in
1903 1630 2046 1670 agendo:
2072 1630 2134 1660 nisi
2149 1629 2233 1662 forte
2247 1638 2360 1660 earum
2374 1630 2519 1662 actiones

1438 1680 1543 1705 essent
1566 1675 1754 1704 contrariae.

1495 1718 1726 1749 Conuiuium(
1751 1718 1920 1749 conclusio
1943 1727 2002 1759 per
2025 1718 2058 1750 id
2074 1718 2165 1759 quod
2181 1718 2298 1749 dicitur
2312 1718 2347 1749 in
2362 1719 2462 1750 Libro
2478 1719 2519 1750 de

1437 1763 1674 1794 Ecclesiasticus
1697 1763 1925 1804 Dogmatibus‚
1957 1763 2013 1794 ubi
2043 1763 2212 1794 manifeste
2239 1764 2374 1804 ponitur
2397 1764 2430 1794 in
2457 1764 2518 1795 ho-

1438 1809 1526 1839 mine
1549 1808 1658 1848 plures
1682 1808 1804 1838 animas
1827 1817 1896 1838 non
1920 1817 1999 1838 esse.

1493 1853 1648 1883 Rationes
1664 1862 1749 1892 quae
1765 1858 1840 1883 sunt
1856 1857 1968 1883 contra
1984 1853 2067 1883 hanc
2084 1853 2341 1890 conclusionem,
2358 1858 2390 1884 et
2405 1862 2518 1884 earum

1437 1897 1627 1932 solutiones,
1651 1896 1724 1927 vide
1748 1897 1835 1936 apud
1859 1896 2070 1937 Capreolum,
2094 1897 2127 1927 in
2152 1897 2180 1927 11
2196 1896 2296 1932 Sem„
2320 1896 2351 1928 d.
2367 1907 2418 1934 xv,
2443 1906 2475 1938 q.
2494 1907 2516 1928 1.

1387 1993 1469 2032 ,w

613 2152 1099 2209 CAPITULUM
1137 2152 1892 2230 QUINQUAGESIMUM
1927 2153 2217 2209 Nonum

1282 2271 1312 2301 A
1343 2270 1417 2310 46v
1452 2271 1539 2310 b14.

764 2361 939 2414 QUOD
974 2359 1402 2402 INTELLECTUS
1434 2360 1762 2403 POSSIBILIS
1797 2361 2055 2404 HOMINIS

871 2423 1001 2464 NON
1036 2423 1151 2464 EST
1186 2422 1575 2465 SUBSTANTIA
1612 2423 1941 2465 SEPARATA

381 2652 459 2695 χχ.
491 2665 507 2691 ,ε
501 2632 794 2681 intellectualis
827 2655 909 2681 non
942 2643 1064 2703 possit
1096 2643 1198 2681 uniri
1226 2642 1382 2693 corpori

319 2714 348 2735 ,r
406 2690 492 2739 ν’...)
533 2705 575 2735 ut
607 2697 743 2735 forma.
774 2697 918 2735 Dicunt
952 2696 1057 2735 enirn
1094 2698 1201 2748 quod
1238 2696 1381 2734 intelle·

307 2759 400 2797 ctus
430 2751 546 2788 etiarn
575 2763 695 2801 quem
724 2750 946 2789 Aristoteles
975 2751 1189 2800 possibilem
1218 2758 1332 2788 vocat
1350 2750 1381 2797 *,

307 2813 362 2842 est
390 2805 591 2859 quaedam
614 2804 825 2842 substantia
855 2812 1028 2855 separata
1061 2817 1142 2842 non
1175 2804 1383 2842 coniuncta

306 2857 419 2895 nobis
447 2866 489 2895 ut
517 2853 653 2896 forma.

360 2912 408 2949 Et
437 2913 513 2949 hoc
541 2911 776 2949 confirmare
805 2911 991 2957 nituntur,
1020 2911 1160 2961 primo,
1181 2924 1227 2949 ex
1254 2910 1383 2949 verbis

307 2965 528 3011 Aristotelis,
558 2965 625 3015 qui
655 2965 756 3012 dicit,
777 2965 825 3002 de
845 2966 921 3002 hoc
950 2965 1142 3002 intellectu
1171 2966 1336 3015 loquens
1351 2965 1381 3012 *,

307 3019 413 3068 quod
443 3026 498 3056 est
525 3025 730 3069 separatus,
761 3026 797 3056 et
825 3021 1018 3056 immixtus
1045 3021 1209 3069 corpori,
1239 3027 1276 3056 et
1296 3020 1382 3056 sim-

300 3073 404 3122 plex,
435 3081 471 3110 et
500 3073 749 3123 impassibilis:
770 3084 870 3122 quae
890 3084 971 3109 non
995 3080 1153 3122 possent
1173 3072 1246 3110 dici
1266 3073 1314 3110 de
1335 3085 1382 3110 eo

307 3126 337 3162 si
366 3134 464 3163 esset
490 3126 616 3164 forma
645 3125 829 3175 corporis.

360 3180 464 3225 Item,
494 3191 564 3229 per
591 3178 964 3217 demonstrationem
991 3179 1167 3216 eiusdem
1196 3191 1274 3228 qua
1293 3191 1383 3229 pro-

307 3232 369 3269 bat
383 3233 403 3254 *
432 3233 550 3282 quod,
572 3232 663 3282 quia
692 3232 905 3270 intellectus
923 3232 1117 3282 possibilis
1137 3233 1270 3282 recipit
1297 3245 1381 3270 om-

308 3297 374 3322 nes
404 3285 551 3336 species
580 3298 711 3324 rerum
732 3285 970 3324 sensibilium
1000 3294 1042 3323 ut
1070 3285 1109 3323 in
1138 3286 1309 3336 potentia
1332 3287 1381 3324 ad

307 3350 351 3375 ea
380 3339 555 3386 existens,
577 3348 728 3390 oportet
757 3340 864 3390 quod
895 3339 1079 3377 omnibus
1108 3348 1243 3377 careat.
1276 3340 1382 3378 Sicut

307 3392 462 3441 pupilla,
479 3405 580 3442 quae
601 3392 733 3443 recipit
753 3406 891 3431 omnes
907 3393 1054 3443 species
1069 3394 1258 3440 colorum,
1279 3402 1381 3431 caret

307 3445 415 3482 omni
436 3448 583 3484 colore:
614 3446 644 3484 si
673 3447 780 3484 enim
800 3447 959 3484 haberet
987 3447 1037 3484 de
1065 3458 1106 3483 se
1126 3447 1296 3497 aliquem
1317 3459 1380 3485 co-

307 3499 440 3544 lorem,
469 3499 529 3536 ille
558 3502 666 3537 color
693 3500 917 3550 prohiberet
939 3499 1061 3537 videri
1090 3499 1184 3537 alios
1213 3501 1379 3547 colores3

307 3551 526 3599 quinimmo
556 3553 650 3590 nihil
678 3553 875 3591 videretur
893 3553 965 3591 nisi
992 3554 1065 3591 sub
1085 3553 1149 3591 illo
1169 3555 1310 3591 colore.
1333 3555 1380 3591 Et
1395 3570 1421 3584 ²0

363 3654 394 3680 16
414 3656 451 3689 ea]
473 3665 515 3682 eas
536 3657 600 3683 ZPc.

361 3690 375 3715 5
391 3691 474 3716 forma
493 3697 517 3716 et
536 3694 642 3718 materia
661 3693 697 3723 G;
718 3695 823 3719 materia
843 3700 868 3719 et
887 3694 979 3719 forma.

1436 2534 1559 2573 simile
1597 2535 1834 2584 contingeret
1866 2537 1914 2574 de
1950 2536 2143 2575 intellectu
2176 2536 2359 2588 possibili,
2389 2537 2420 2576 si
2449 2538 2516 2577 ha·

1438 2589 1545 2626 beret
1573 2589 1622 2627 de
1657 2602 1698 2627 se
1733 2589 1905 2640 aliquam
1942 2590 2110 2628 formam
2146 2603 2215 2629 seu
2252 2599 2434 2630 naturam
2466 2591 2516 2631 de

1438 2643 1555 2680 rebus
1583 2643 1839 2681 sensibilibus.
1867 2644 1956 2681 Hoc
1982 2652 2114 2682 autem
2136 2653 2332 2695 oporteret
2361 2657 2455 2693 esse,
2484 2644 2517 2685 si

1439 2705 1538 2734 esset
1565 2697 1708 2734 mixtus
1736 2696 1850 2735 alicui
1879 2697 2045 2748 corpori.
2075 2699 2124 2735 Et
2152 2698 2326 2736 similiter
2357 2698 2389 2736 si
2417 2707 2517 2737 esset

1406 2768 1414 2788 ς
1438 2750 1564 2789 forma
1592 2749 1754 2788 alicuius
1782 2750 1973 2801 corporis:
2003 2750 2107 2802 quia,
2136 2764 2228 2790 cum
2257 2765 2304 2790 ex
2331 2752 2458 2791 forma
2478 2760 2517 2791 et

1439 2803 1600 2842 materia
1618 2803 1685 2842 fiat
1704 2816 1843 2852 unum,
1864 2812 2016 2855 oportet
2039 2805 2148 2855 quod
2170 2805 2297 2844 forma
2315 2805 2517 2857 participet

1439 2857 1585 2908 aliquid
1614 2858 1663 2896 de
1691 2866 1830 2896 natura
1858 2858 1942 2896 eius
1970 2858 2082 2897 cuius
2101 2866 2157 2897 est
2175 2859 2312 2898 forma.
2334 2859 2516 2911 Impossi-.

1438 2911 1514 2948 bile
1538 2919 1594 2949 est
1613 2911 1726 2961 igitur
1744 2911 1980 2951 intellectum
1999 2912 2224 2962 possibilem
2245 2925 2329 2951 esse
2348 2913 2516 2953 mixtum

1438 2964 1612 3015 corpori,
1648 2974 1715 3003 aut
1752 2977 1835 3003 esse
1872 2974 2003 3004 actum
2041 2978 2111 3004 seu
2147 2967 2316 3005 formam
2353 2966 2516 3006 alicuius

1399 3035 1424 3050 ιο
1438 3018 1624 3069 corporis,

1492 3072 1645 3110 Adhuc.
1677 3071 1717 3110 Si
1745 3081 1845 3110 esset
1871 3073 1997 3111 forma
2016 3072 2178 3112 alicuius
2197 3073 2371 3124 corporis
2394 3081 2514 3112 mate-

1438 3125 1550 3172 rialis,
1579 3134 1678 3163 esset
1706 3125 1883 3164 eiusdem
1901 3126 2053 3176 generis
2071 3126 2241 3178 receptio
2261 3126 2378 3166 huius
2405 3126 2512 3165 intel-

1438 3181 1569 3226 lectus,
1590 3188 1627 3217 et
1646 3180 1814 3229 receptio
1834 3180 2018 3219 materiae
2036 3180 2198 3231 primae.
2218 3181 2259 3219 Id
2279 3180 2385 3218 enim
2403 3180 2512 3229 quod

1438 3241 1494 3270 est
1531 3232 1693 3271 alicuius
1721 3233 1896 3284 corporis
1923 3234 2060 3281 forma,
2089 3245 2171 3272 non
2206 3233 2339 3283 recipit
2366 3231 2510 3284 aliquid

1398 3303 1420 3324 ις
1437 3287 1585 3337 absque
1614 3299 1685 3324 sua
1703 3287 1875 3325 materia.
1896 3287 2059 3326 Materia
2077 3295 2208 3326 autem
2226 3285 2353 3336 prima
2379 3286 2512 3337 recipit

1436 3341 1581 3378 formas
1609 3339 1885 3379 individuales:
1916 3340 2040 3380 immo
2067 3352 2140 3390 per
2160 3332 2237 3376 hoc
2264 3338 2510 3378 individuan-

1436 3402 1499 3432 tur
1526 3394 1635 3444 quod
1663 3402 1753 3432 sunt
1781 3393 1821 3432 in
1840 3393 2011 3432 materia.
2039 3393 2254 3432 Intellectus
2282 3391 2394 3442 igitur
2421 3406 2510 3444 pos-

1436 3447 1554 3486 sibilis
1583 3446 1768 3498 reciperet
1795 3448 1940 3486 formas
1968 3455 2010 3485 ut
2037 3453 2127 3484 sunt
2161 3444 2431 3485 individuales.
2462 3447 2511 3485 Et

1436 3501 1489 3538 sic
1517 3513 1598 3538 non
1626 3508 1876 3550 cognosceret
1893 3498 2135 3538 universalia.
2157 3498 2278 3546 Quod
2297 3508 2401 3550 patet
2426 3512 2510 3538 esse

1435 3554 1585 3592 falsum.
