2768 4134
5 2391 15 2401 ¹
30 2389 66 2412 Cf.
82 2396 105 2412 n.
120 2397 142 2412 x.

255 299 332 347 390

254 383 344 418 parte
361 375 575 415 intelligentis,
593 373 649 404 sed
666 374 762 404 etiam
786 383 824 404 ex
841 379 930 413 parte
954 373 1000 403 rei
1023 373 1216 403 intellectae.
1241 372 1327 411 Quia

255 422 341 452 enim
365 421 398 451 in
421 424 529 450 mente
555 418 662 449 divina
678 424 753 448 sunt
777 418 978 448 aeternaliter
996 417 1088 448 ideae
1105 418 1254 448 omnium
1270 427 1327 448 na-

253 472 407 500 turarum,
436 464 554 504 quibus
577 463 690 503 positis
713 463 845 493 resultat
868 462 1030 494 connexio
1054 461 1229 503 praedicati
1252 462 1327 493 sub-

253 509 405 540 stantialis
429 518 505 539 curn
529 508 690 544 subiecto;
714 507 790 538 ideo
815 508 853 538 ab
883 508 1051 539 intellectu
1075 507 1185 538 divino
1209 506 1327 537 intelli-

251 559 370 594 guntur
392 553 470 583 tales
496 553 738 592 propositiones
764 561 832 583 esse
855 562 949 583 verae
977 553 1016 582 ab
1040 558 1182 582 aeterno.
1206 552 1248 582 Et
1271 561 1329 592 per

252 607 456 638 consequens
471 597 561 627 nulla
572 597 747 637 requiritur
759 606 855 628 causa
871 597 1016 628 effectiva
1029 606 1114 637 quae
1126 596 1222 627 faciat
1237 606 1328 637 prae-

252 643 394 673 dicatum
418 642 592 672 convenire
617 642 774 672 subiecto.

307 687 360 719 VI.
386 686 497 717 Sexto.
524 686 620 718 Solus
651 686 740 717 Deus
778 692 825 717 est
847 687 991 727 primum
1015 695 1124 726 agens.
1155 686 1242 726 Ergo
1267 685 1328 715 soli

251 731 323 762 Deo
348 732 503 762 convenit
517 737 554 762 ut
569 732 609 762 sit
624 731 659 762 in
675 737 749 762 actu
765 730 1001 772 perfectissimo
1024 729 1138 761 modo.
1162 730 1250 770 Ergo
1267 730 1328 760 sibi

252 777 405 807 convenit
427 782 464 807 ut
487 776 527 807 sit
551 781 641 807 actus
672 775 935 817 perfectissimus.
967 776 1054 815 Ergo
1086 780 1123 805 ut
1145 775 1215 815 ipse
1239 775 1328 806 solus

251 821 291 851 sit
313 821 422 861 ipsum
446 830 525 852 esse.
550 821 637 861 Ergo
662 826 722 852 etc.
738 838 762 843 —-
777 821 936 851 Probatur
958 821 1062 861 prima
1082 820 1327 860 consequentia.

251 865 337 904 Quia
355 875 454 897 omne
478 875 576 907 agens
600 866 664 906 agit
688 867 884 905 inquantum
908 870 956 895 est
978 865 1012 895 in
1036 869 1120 895 actu.
1137 881 1160 886 -
1178 864 1328 895 Secunda

251 920 387 951 quoque
403 912 569 952 probatur.
587 910 674 948 Quia
689 910 864 951 perfectius
881 914 928 940 est
943 909 977 939 in
993 914 1068 939 actu
1085 908 1176 949 quod
1195 915 1243 940 est
1258 910 1327 949 ipse

251 961 350 992 actus,
377 965 476 996 quam
499 956 621 986 habens
651 961 776 985 actum:
803 964 879 985 curn
909 959 1043 994 propter
1073 954 1182 994 ipsum
1205 954 1328 984 habens

251 1006 360 1031 actum
384 1002 423 1031 sit
445 1001 480 1031 in
503 1006 589 1031 actu.
605 1018 628 1022 —
645 999 755 1030 Tertia
778 1000 875 1029 etiam
899 999 1065 1039 probatur.
1085 998 1172 1036 Quia
1188 1007 1257 1029 esse
1281 1003 1329 1029 est

250 1044 290 1075 ad
307 1045 397 1085 quod
414 1045 520 1076 omnis
535 1045 701 1084 generatio
718 1050 749 1074 et
764 1049 874 1074 motus
890 1044 1090 1074 terminatur.
1103 1043 1206 1073 Actus
1219 1048 1328 1073 autem

249 1095 340 1120 tanto
365 1095 412 1120 est
440 1088 614 1130 perfectior
643 1094 766 1129 quanto
797 1094 845 1119 est
874 1088 1036 1128 posterior
1059 1088 1094 1118 in
1116 1088 1168 1118 via
1194 1097 1328 1127 genera-

249 1141 357 1165 tionis.

306 1178 399 1209 Circa
415 1178 503 1209 illam
526 1178 799 1218 propositionem,
815 1177 998 1218 Perfectius
1021 1181 1069 1207 est
1091 1177 1123 1207 in
1148 1182 1224 1207 actu
1239 1176 1328 1217 quod

250 1228 297 1254 est
317 1224 384 1264 ipse
403 1228 505 1258 actus,
526 1231 623 1263 quam
641 1222 762 1253 habens
781 1227 900 1258 actum,
917 1221 1151 1252 advertendum
1172 1221 1263 1263 quod
1278 1222 1327 1252 in-

248 1268 401 1308 telligitur
427 1267 542 1298 ceteris
566 1267 722 1308 paribus:
749 1267 775 1297 si
802 1267 925 1297 scilicet
947 1272 1126 1307 utrumque
1152 1267 1258 1307 primo
1286 1266 1327 1297 sit

249 1313 281 1343 in
306 1318 379 1343 actu
397 1318 428 1342 et
448 1312 606 1343 subsistat.
623 1312 710 1350 Quia
726 1312 752 1342 si
769 1312 968 1352 acciperetur
984 1312 1217 1352 compositum,
1235 1310 1326 1352 quod

248 1358 355 1398 primo
380 1362 427 1388 est
450 1358 483 1387 in
507 1362 592 1394 actu,
617 1363 648 1388 et
672 1356 778 1387 forma
801 1357 881 1393 eius,
905 1366 964 1397 per
987 1366 1087 1397 quam
1111 1362 1159 1387 est
1181 1357 1216 1387 in
1240 1362 1324 1392 actu,

248 1412 316 1433 non
334 1407 416 1433 esset
431 1400 606 1442 perfectius
620 1402 655 1432 in
667 1407 742 1432 actu
758 1400 864 1432 forma
880 1410 979 1442 quam
992 1402 1230 1442 compositum:
1249 1401 1326 1442 quia

249 1446 354 1478 forma
378 1448 447 1478 eius
470 1456 539 1477 non
563 1452 610 1477 est
633 1447 740 1487 primo
764 1446 799 1476 in
822 1451 906 1477 actu.

304 1492 415 1522 Potest
438 1492 535 1522 etiam
559 1491 622 1522 dici
640 1490 731 1531 quod
753 1491 942 1531 intelligitur
958 1491 990 1522 in
1008 1491 1138 1522 ratione
1162 1496 1274 1522 actus:
1289 1496 1341 1521 ut‘

248 1536 288 1566 sit
311 1546 423 1567 sensus
451 1536 542 1577 quod
572 1535 746 1577 perfectius
773 1535 899 1566 accedit
922 1536 963 1566 ad
991 1537 1152 1568 rationem
1179 1541 1269 1567 actus
1291 1535 1325 1566 id

249 1581 339 1621 quod
363 1581 572 1612 essentialiter
588 1586 635 1612 est
651 1586 752 1617 actus,
769 1590 869 1621 quam
887 1580 921 1612 id
937 1581 1028 1621 quod
1050 1581 1221 1622 participat
1238 1586 1323 1611 actu.

248 1626 290 1656 Et
312 1627 376 1657 hoc
401 1627 499 1657 etiam
523 1631 649 1656 constat
672 1626 877 1656 verissimum
900 1635 979 1656 esse.

303 1670 372 1701 VII.
398 1671 550 1711 Septimo.
574 1671 654 1701 Esse
678 1671 832 1701 convenit
855 1670 927 1701 Deo
952 1670 1134 1702 secundum
1157 1670 1324 1711 propriam

248 1720 406 1746 naturam.
422 1716 509 1756 Ergo
526 1715 680 1746 omnibus
696 1715 764 1746 aliis
780 1724 838 1755 per
860 1715 1142 1756 participationem
1159 1715 1323 1747 convenit.

249 1759 335 1800 Ergo
352 1760 554 1800 impossibile
570 1765 617 1790 est
633 1759 724 1800 quod
739 1760 915 1790 substantia
931 1760 1061 1790 alterius
1085 1761 1166 1791 entis
1182 1770 1200 1791 a
1216 1760 1323 1800 primo

249 1805 289 1835 sit
311 1805 420 1845 ipsum
436 1814 515 1835 esse.
531 1822 555 1827 —
569 1805 727 1835 Probatur
743 1804 946 1835 antecedens.
966 1804 1053 1843 Quia
1069 1805 1160 1846 quod
1177 1814 1246 1836 esse
1262 1804 1324 1835 Dei

249 1849 289 1879 sit
312 1850 381 1880 eius
405 1850 592 1886 substantia,
616 1849 764 1889 superius
788 1855 836 1880 est
859 1855 1037 1880 ostensum.
1053 1867 1078 1872 —
1092 1850 1199 1881 Prima
1214 1855 1323 1880 autem

249 1895 482 1934 consequentia
505 1894 669 1934 probatur.
687 1893 773 1931 Quia
796 1894 887 1934 quod
911 1895 1065 1925 convenit
1088 1894 1184 1926 alicui
1208 1903 1323 1925 secun-

249 1937 328 1968 dum
351 1948 443 1969 suam
467 1939 633 1979 propriam
656 1944 814 1975 naturam,
831 1948 899 1969 non
916 1939 1070 1969 convenit
1093 1939 1163 1970 aliis
1185 1939 1247 1969 nisi
1266 1947 1324 1979 per

247 1982 385 2013 modum
397 1983 664 2024 participationis:
679 1983 762 2013 sicut
773 1983 861 2013 calor
872 1983 942 2014 aliis
954 1984 1144 2024 corporibus
1156 1984 1196 2014 ab
1207 1984 1292 2023 igne.
1300 2001 1324 2006 —

248 2027 397 2058 Secunda
412 2037 489 2058 vero
506 2028 740 2068 consequentia
756 2028 920 2068 probatur.
941 2027 1028 2066 Quia
1051 2028 1142 2068 quod
1166 2028 1324 2069 competit

247 2072 343 2103 alicui
366 2082 424 2112 per
447 2073 738 2113 participationem,
762 2082 831 2103 non
855 2078 903 2103 est
926 2073 1103 2103 substantia
1126 2073 1206 2104 eius.

303 2117 386 2148 VIII.
399 2117 463 2148 Sed
478 2127 547 2148 non
561 2117 688 2148 videtur
703 2117 783 2148 haec
798 2118 879 2148 ratio
893 2117 1099 2148 concludere.
1112 2118 1233 2155 Primo,
1247 2117 1323 2158 quia

247 2162 292 2192 sic
315 2163 506 2203 probaretur
528 2162 608 2193 nihil
632 2161 672 2192 de
696 2168 840 2194 creatura
863 2163 1113 2193 substantialiter
1135 2162 1322 2204 praedicari.

247 2206 332 2237 Nam
355 2207 462 2238 omnis
493 2206 650 2247 perfectio
675 2212 838 2238 creaturae
869 2212 915 2238 est
946 2207 1107 2247 quaedam
1134 2208 1323 2249 participata

248 2251 425 2282 similitudo
449 2251 576 2282 divinae
600 2257 743 2282 naturae.
772 2252 805 2283 Si
829 2261 906 2292 ergo
930 2252 1022 2292 quod
1045 2254 1203 2294 competit
1226 2253 1322 2283 alicui

247 2305 305 2336 per
328 2297 609 2337 participationem
625 2305 694 2326 non
715 2301 763 2327 est
781 2297 958 2327 substantia
974 2297 1053 2334 eius,
1071 2298 1216 2339 sequitur
1232 2297 1323 2338 quod

247 2341 337 2372 nulla
359 2340 516 2382 perfectio
541 2346 705 2372 creaturae
729 2347 777 2371 est
801 2342 871 2372 eius
895 2342 1081 2373 substantia.

304 2385 456 2417 Secundo
468 2387 496 2416 ⁴.
516 2386 583 2416 Aut
606 2386 797 2426 participare
820 2386 962 2426 aliquam
979 2385 1118 2418 formam
1134 2392 1182 2418 est
1204 2387 1322 2418 habere

247 2430 335 2462 illam
358 2440 427 2461 non
450 2430 630 2461 secundum
653 2436 756 2461 totam
773 2431 842 2461 eius
865 2431 1039 2462 rationem:
1061 2438 1116 2463 aut
1139 2437 1188 2462 est
1205 2432 1322 2462 habere

248 2475 382 2515 quidem
398 2475 487 2506 illam
510 2475 691 2506 secundum
707 2481 810 2506 totam
827 2476 896 2506 eius
919 2477 1090 2514 rationem,
1109 2476 1165 2507 sed
1183 2485 1251 2507 non
1272 2485 1322 2507 se-

248 2519 392 2551 cundum
417 2529 550 2551 omnem
574 2521 643 2550 eius
667 2519 805 2551 modum
826 2526 857 2551 et
880 2521 1138 2561 amplitudinem.
1157 2521 1190 2552 Si
1214 2521 1321 2562 primo

246 2564 359 2602 modo,
383 2565 428 2595 sic
455 2564 571 2596 falsum
603 2564 729 2596 videtur
759 2565 850 2606 quod
874 2571 1019 2596 creatura
1048 2567 1218 2607 participet
1241 2575 1320 2597 esse.

246 2609 335 2640 Sicut
352 2610 439 2640 enim
454 2615 522 2640 tota
537 2610 618 2640 ratio
635 2610 717 2640 entis
733 2610 886 2641 omnibus
903 2611 1031 2642 entibus
1047 2612 1210 2647 convenit,
1227 2612 1270 2642 ita
1289 2616 1322 2642 et

245 2659 312 2685 tota
335 2655 416 2685 ratio
440 2655 540 2695 ipsius
557 2663 636 2685 esse.
653 2671 676 2677 -
692 2654 725 2685 Si
750 2655 942 2692 secundum,
958 2661 1037 2686 tunc
1052 2656 1180 2687 videtur
1203 2655 1320 2687 falsum

245 2699 335 2739 quod
359 2700 512 2730 convenit
535 2699 632 2730 alicui
662 2708 720 2739 per
747 2700 1030 2740 participationem
1058 2710 1126 2732 non
1151 2710 1220 2732 esse
1243 2701 1320 2731 sub·-

244 2744 392 2774 stantiam
416 2744 494 2775 eius.
520 2744 653 2774 Animal
675 2744 763 2775 enim
787 2746 941 2776 convenit
959 2755 1047 2786 equo
1066 2755 1124 2786 per
1147 2746 1319 2786 participa-

242 2789 377 2825 tionem,
402 2798 479 2820 cum
508 2798 576 2819 non
605 2790 779 2820 conveniat
804 2789 864 2820 sibi
894 2790 1075 2821 secundum
1103 2800 1218 2821 omnes
1249 2791 1319 2822 eius

243 2833 450 2864 differentias:
476 2838 507 2863 et
530 2838 639 2864 tamen
663 2843 767 2874 equus
791 2835 1039 2866 substantialiter
1063 2840 1111 2866 est
1134 2835 1263 2866 animal.

296 2878 349 2909 IX.
366 2878 418 2909 Ad
433 2878 577 2919 primum
593 2877 729 2909 dubium
749 2878 963 2919 respondetur
979 2879 1070 2920 quod
1080 2881 1317 2922 perfectionem

242 2928 414 2954 creaturae
429 2932 498 2954 esse
507 2923 742 2963 participatam
761 2923 1004 2955 similitudinem
1028 2925 1159 2955 divinae
1178 2930 1318 2956 naturae

242 2967 413 3008 dupliciter
442 2972 550 3008 potest
575 2967 720 3008 intelligi.
754 2968 829 2999 Uno
853 2968 966 3005 modo,
997 2975 1034 3000 ut
1064 2969 1096 3010 ly
1114 2970 1316 3010 participata

242 3013 416 3052 accipiatur
433 3017 577 3052 tanquan
597 3021 730 3049 nomen,
756 3017 787 3042 et
810 3018 966 3053 tanquam
988 3013 1204 3045 determinans
1228 3015 1316 3046 simi-

241 3057 412 3087 litudinem
436 3056 612 3087 formaliter
635 3062 809 3097 sumptam.
834 3058 875 3088 Et
899 3063 977 3088 tunc
1005 3059 1063 3089 erit
1087 3069 1199 3090 sensus
1224 3059 1313 3100 quod

241 3101 396 3141 perfectio
421 3107 584 3132 creaturae
601 3107 648 3132 est
671 3101 849 3132 similitudo
866 3102 1025 3142 quaedam
1050 3104 1189 3143 partialis
1213 3110 1244 3135 et
1268 3104 1314 3135 di-

240 3147 365 3176 minuta
388 3145 515 3177 divinae
538 3152 680 3177 naturae.
704 3163 727 3170 -
750 3146 825 3177 Alio
849 3146 962 3184 modo,
987 3154 1023 3178 ut
1046 3149 1222 3188 accipiatur
1244 3154 1314 3179 tan-

241 3200 339 3231 quam
363 3191 568 3231 participium
591 3192 765 3231 passivum,
783 3197 814 3222 et
837 3197 993 3232 tanquam
1013 3192 1229 3224 determinans
1245 3203 1314 3225 rem

241 3245 324 3275 quae
351 3235 528 3266 similitudo
558 3235 796 3266 denominatur.
825 3236 866 3267 Et
892 3242 971 3267 tunc
999 3238 1057 3267 erit
1087 3247 1199 3268 sensus
1223 3239 1313 3279 quod

240 3280 395 3319 perfectio
420 3286 583 3311 creaturae
608 3286 655 3311 est
680 3290 729 3311 res
752 3281 974 3321 participative
1001 3287 1032 3312 et
1059 3283 1231 3322 partialiter
1258 3283 1313 3314 ha-

241 3325 314 3361 bita,
339 3334 423 3365 quae
447 3330 494 3355 est
517 3324 695 3355 similitudo
720 3324 847 3356 divinae
870 3331 1013 3356 naturae.

297 3369 329 3399 Si
354 3370 528 3410 accipiatur
550 3370 584 3400 in
607 3370 714 3410 primo
739 3379 835 3400 sensu
862 3371 1045 3411 propositio
1070 3377 1242 3412 assumpta,
1268 3373 1313 3403 sic

241 3419 287 3443 est
311 3413 443 3454 quidem
460 3415 680 3445 universaliter
702 3424 786 3451 vera,
804 3414 860 3445 sed
883 3424 951 3445 non
969 3421 1016 3446 est
1031 3414 1071 3445 ad
1095 3417 1311 3456 propositum.

240 3457 323 3487 Nam
348 3468 423 3489 cum
453 3459 560 3499 inquit
583 3459 720 3490 Sanctus
744 3459 890 3490 Thomas
914 3459 1004 3500 quod
1036 3462 1190 3491 convenit
1217 3461 1313 3492 alicui

241 3510 297 3540 per
320 3503 598 3543 participationem
619 3514 686 3534 non
704 3513 772 3535 esse
788 3505 999 3535 substantiam
1019 3505 1074 3541 rei,
1093 3514 1161 3535 non
1177 3506 1314 3536 intendit

241 3546 331 3585 quod
355 3552 401 3577 est
424 3548 600 3578 similitudo
625 3548 783 3579 diminuta
810 3555 842 3579 et
868 3548 1057 3590 imperfecta
1087 3549 1216 3580 alterius
1246 3560 1313 3581 non

241 3598 336 3629 posse
366 3591 500 3622 alicuius
528 3593 738 3623 substantiam
769 3603 854 3624 esse:
887 3593 943 3625 sed
974 3593 1064 3634 quod
1094 3594 1128 3624 id
1152 3594 1242 3635 quod
1274 3595 1312 3625 ab

240 3633 349 3673 aliquo
376 3636 581 3676 participatur
605 3643 636 3667 et
659 3638 831 3677 partialiter
853 3638 999 3675 habetur,
1022 3648 1090 3669 non
1115 3645 1222 3679 potest
1245 3648 1313 3670 esse

242 3678 310 3708 eius
335 3679 518 3712 substantia.
542 3698 564 3703 -
587 3680 620 3711 Si
645 3687 753 3712 autem
777 3683 952 3723 accipiatur
974 3684 1007 3714 in
1036 3683 1181 3714 secundo
1206 3693 1312 3721 sensu,

772 295 961 332 SUMMA
991 294 1214 331 CONTRA
1242 293 1519 339 GENTILES,
1549 294 1643 330 LIB.
1664 295 1705 339 II,
1737 295 1848 331 CAP.
1869 295 1946 331 LII.

1383 373 1428 403 sic
1452 373 1634 413 propositio
1650 373 1704 403 illa
1719 382 1787 403 non
1812 379 1859 403 est
1882 374 2104 404 universaliter
2121 384 2204 405 vera.
2231 376 2352 407 Multae
2373 376 2460 407 enim

1382 417 1599 458 perfectiones
1616 423 1845 454 creaturarum,
1863 427 1947 458 quae
1963 424 2038 448 sunt
2054 419 2279 451 similitudines
2297 420 2369 458 Dei,
2386 426 2461 452 sunt

1382 462 1533 499 totaliter,
1557 472 1625 492 non
1650 468 1758 492 autem
1782 462 1957 503 partialiter
1979 463 2116 493 habitae.

1439 507 1478 537 X.
1491 506 1543 537 Ad
1560 506 1754 537 evidentiam
1770 506 1905 538 secundi
1922 507 2012 538 dubii
2023 509 2040 524 ⁴*
2057 507 2330 539 considerandum
2341 510 2460 549 primo,

1384 551 1474 592 quod
1498 552 1623 592 aliquid
1646 551 1823 582 secundum
1841 552 2016 593 propriam
2040 557 2193 583 naturam
2210 553 2312 583 alicui
2334 563 2460 594 compe-

1384 602 1451 627 tere
1474 597 1575 627 tribus
1591 596 1698 627 modis
1714 602 1822 636 potest
1837 597 1983 637 intelligi.
2001 597 2077 628 Uno
2094 597 2207 634 modo,
2225 598 2302 638 quia
2325 603 2373 629 est
2391 599 2461 629 eius

1383 642 1514 682 propria
1538 642 1675 671 essentia
1706 647 1738 671 et
1769 647 1882 672 natura
1914 642 2051 672 omnino
2076 652 2113 673 ac
2144 642 2349 683 simpliciter:
2378 643 2461 673 sicut

1384 695 1453 716 esse
1477 685 1595 716 animal
1619 686 1774 716 rationale
1792 687 1945 717 convenit
1968 686 2105 717 homini.
2121 705 2143 709 -
2159 687 2235 717 Alio
2254 687 2368 724 modo,
2385 688 2462 728 quia

1383 731 1548 771 propriam
1573 731 1642 761 eius
1665 736 1813 761 naturam
1838 736 1870 761 et
1892 731 2063 762 essentiam
2090 732 2276 763 naturaliter
2299 738 2331 763 et
2353 732 2460 773 primo

1384 776 1637 806 concomitatur:
1662 776 1745 806 sicut
1770 784 1838 806 esse
1863 775 2004 806 calidum
2028 776 2186 817 competit
2208 777 2286 817 igni.
2305 795 2328 800 —
2347 777 2460 808 Tertio

1383 820 1496 856 modo,
1521 820 1598 860 quia
1622 825 1669 850 est
1692 829 1765 860 pars
1789 820 1986 851 substantiae
2010 821 2088 857 eius,
2116 827 2172 852 aut
2194 821 2300 862 logice
2326 827 2382 853 aut
2404 831 2461 852 na-

1383 865 1540 895 turaliter:
1566 865 1650 895 sicut
1672 864 1799 895 homini
1823 865 1983 905 competit
2006 874 2076 896 esse
2100 866 2229 896 animal.

1440 909 1724 940 Considerandum
1755 909 1912 947 secundo,
1941 909 2031 950 quod
2061 915 2241 951 competere
2270 911 2372 942 alicui
2397 921 2462 952 per

1377 955 1667 995 participationem
1684 955 1865 995 opponitur
1879 955 1988 995 primo
2004 960 2036 985 et
2051 954 2197 985 secundo
2210 954 2373 987 dictorum
2388 965 2462 987 mo-

1385 999 1512 1036 dorum,
1540 1009 1609 1029 non
1637 1005 1747 1030 autem
1771 999 1878 1030 tertio.
1903 999 1988 1030 Nam
2016 1009 2092 1030 cum
2120 1000 2311 1040 participare
2338 1000 2462 1040 aliquid

1383 1044 1424 1074 sit
1446 1044 1527 1074 illud
1544 1044 1807 1084 particulariter,
1831 1053 1900 1074 non
1925 1050 2035 1075 autem
2053 1044 2194 1075 totaliter
2212 1045 2345 1082 habere3
2371 1045 2462 1085 quod

1383 1094 1493 1119 autem
1509 1090 1668 1129 competit
1683 1089 1780 1119 alicui
1796 1088 1977 1119 secundum
2000 1089 2166 1130 propriam
2182 1095 2330 1120 naturam
2354 1090 2461 1130 primo

1383 1138 1439 1163 aut
1454 1133 1600 1164 secundo
1617 1133 1730 1170 modo,
1746 1133 1981 1174 perfectissime
1997 1139 2028 1164 et
2043 1134 2185 1164 totaliter
2203 1135 2374 1165 habeatur:
2391 1143 2462 1165 non

1382 1182 1491 1218 potest
1514 1177 1601 1208 idem
1625 1178 1722 1208 alicui
1738 1179 1913 1209 convenire
1930 1178 2112 1210 secundum
2127 1180 2293 1219 propriam
2313 1185 2462 1210 naturam

1383 1227 1415 1252 et
1434 1222 1615 1253 secundum
1631 1223 1924 1263 participationem.
1941 1223 2019 1254 Non
2033 1224 2224 1254 inconvenit
2243 1229 2354 1255 autem
2369 1223 2462 1265 quod

1382 1266 1505 1307 aliquid
1526 1268 1567 1297 sit
1582 1276 1655 1308 pars
1670 1267 1868 1298 substantiae
1883 1268 2030 1305 alicuius,
2046 1274 2078 1299 et
2092 1274 2202 1299 tamen
2218 1269 2374 1299 habeatur
2388 1278 2462 1310 par·

1381 1311 1497 1342 tialiter
1526 1317 1558 1342 et
1580 1321 1649 1343 non
1673 1311 1856 1343 secundum
1882 1322 1976 1344 suam
2002 1313 2195 1344 totalitatem
2218 1319 2250 1344 et
2272 1314 2462 1345 universali-

1381 1362 1491 1387 tatem.
1516 1356 1593 1387 Ideo
1609 1362 1718 1397 potest
1733 1357 1855 1398 aliquid
1870 1358 1966 1388 tertio
1982 1357 2086 1389 modo
2102 1358 2199 1389 alicui
2222 1364 2255 1389 et
2278 1358 2461 1390 secundum

1380 1402 1547 1442 propriam
1570 1407 1719 1432 naturam
1751 1407 1949 1443 competere,
1973 1411 2006 1434 et
2033 1402 2217 1434 secundum
2239 1403 2461 1444 participatio-

1380 1455 1474 1476 nem:
1500 1447 1583 1477 sicut
1606 1447 1733 1477 animal
1755 1452 1898 1488 utroque
1925 1447 2028 1478 modo
2052 1449 2206 1479 convenit
2231 1449 2368 1479 homini.

1435 1491 1565 1532 Accipit
1581 1501 1658 1532 ergo
1675 1491 1812 1523 Sanctus
1829 1492 1975 1523 Thomas
1991 1493 2056 1523 hoc
2071 1493 2148 1524 loco
2164 1493 2342 1524 convenire
2359 1493 2462 1525 alicui

1379 1535 1556 1566 secundum
1566 1537 1741 1577 propriam
1758 1542 1912 1568 naturam
1928 1538 2036 1578 primo
2052 1543 2084 1568 et
2099 1537 2245 1569 secundo
2261 1537 2375 1575 modo,
2390 1547 2460 1570 non

1380 1585 1491 1611 autem
1514 1582 1620 1612 tertio.
1646 1581 1741 1613 Unde
1771 1591 1886 1612 verum
1909 1587 1958 1613 est
1987 1582 2079 1622 quod
2109 1592 2178 1613 esse
2208 1583 2363 1614 convenit
2385 1583 2459 1614 Deo

1380 1625 1562 1656 secundum
1584 1626 1750 1666 propriam
1773 1632 1922 1657 naturam
1945 1627 2052 1667 primo
2076 1627 2194 1658 modo:
2211 1637 2282 1658 esse
2301 1628 2389 1659 enim
2410 1633 2460 1659 est

1379 1670 1449 1710 ipsa
1473 1670 1581 1701 divina
1604 1676 1727 1701 natura.
1745 1687 1767 1694 -
1782 1671 1905 1702 Verum
1921 1681 2057 1712 quoque
2079 1677 2126 1703 est
2146 1671 2237 1713 quod
2259 1673 2328 1703 istis
2350 1672 2459 1704 modis

1380 1714 1476 1746 alicui
1500 1715 1654 1746 convenit
1677 1716 1858 1747 secundum
1886 1717 2053 1757 propriam
2082 1722 2242 1754 naturam,
2269 1726 2338 1748 non
2360 1726 2460 1758 posse

1379 1759 1469 1790 alteri
1493 1765 1627 1790 naturae
1643 1761 1818 1791 convenire
1834 1761 1895 1791 nisi
1910 1761 2086 1801 partialiter
2102 1767 2134 1792 et
2148 1761 2349 1802 imperfecte,
2367 1761 2459 1803 quod

1380 1809 1428 1834 est
1443 1804 1625 1835 secundum
1641 1806 1923 1846 participationem
1940 1807 2125 1837 convenire.
2139 1823 2160 1829 -
2176 1806 2329 1838 Similiter
2342 1816 2458 1838 verum

1380 1853 1428 1878 est
1453 1859 1522 1880 non
1550 1858 1619 1880 esse
1650 1850 1697 1880 rei
1727 1850 1938 1880 substantiam
1969 1850 2060 1891 quod
2088 1860 2146 1892 per
2175 1851 2458 1892 participationem

1379 1894 1533 1924 convenit
1556 1894 1602 1924 ei:
1626 1903 1703 1924 nam
1726 1895 1772 1925 rei
1788 1895 1925 1925 essentia
1948 1901 1980 1926 et
2002 1901 2116 1926 natura
2137 1905 2207 1926 non
2223 1896 2377 1927 convenit
2395 1897 2459 1938 ipsi

1378 1943 1512 1968 naturae
1536 1938 1710 1978 partialiter
1734 1944 1766 1970 et
1794 1938 1995 1980 imperfecte.
2019 1956 2042 1962 -
2064 1939 2122 1971 Est
2145 1945 2312 1981 postremo
2343 1950 2459 1972 verum

1379 1982 1470 2022 quod
1494 1992 1563 2013 esse
1586 1982 1668 2013 nulli
1684 1989 1849 2014 creaturae
1873 1984 2055 2015 secundum
2075 1985 2242 2025 propriam
2261 1986 2331 2016 eius
2349 1995 2459 2017 essen-

1378 2027 1456 2057 tiam
1481 2028 1644 2064 convenit,
1664 2027 1720 2058 sed
1744 2034 1871 2059 tanturn
1891 2028 2072 2059 secundum
2093 2030 2390 2071 participationem:
2415 2039 2457 2062 eo

1379 2071 1470 2111 quod
1493 2072 1566 2103 Deo
1589 2072 1772 2104 secundum
1795 2074 1961 2114 propriam
1984 2074 2207 2105 substantiam·
2218 2076 2402 2112 conveniat,
2426 2081 2460 2107 et

1378 2115 1439 2157 ipsi
1463 2118 1560 2148 etiam
1584 2123 1751 2158 competat
1772 2118 1880 2158 primo
1905 2124 1938 2149 et
1960 2118 2204 2159 perfectissime.

1434 2171 1463 2192 2.
1480 2161 1533 2193 Ad
1548 2162 1686 2193 dubium
1702 2172 1779 2203 ergo
1792 2162 1910 2194 dicitur
1926 2163 2018 2204 quod
2033 2164 2098 2194 hoc
2113 2164 2190 2195 loco
2207 2164 2365 2205 accipitur
2373 2173 2458 2206 par·-

1379 2205 1516 2247 ticipare
1538 2207 1684 2238 secundo
1708 2207 1885 2239 modorum
1913 2208 1946 2238 in
1974 2209 2159 2240 obiectione
2177 2209 2371 2250 positorum,
2395 2218 2456 2251 pro

1379 2260 1419 2281 eo
1436 2251 1558 2282 scilicet
1577 2252 1668 2293 quod
1684 2258 1733 2283 est
1755 2253 1873 2284 habere
1896 2253 2019 2293 aliquid
2034 2263 2103 2284 non
2121 2253 2303 2285 secundum
2321 2263 2456 2287 omnem

1379 2296 1448 2327 eius
1460 2296 1596 2337 gradum
1613 2303 1645 2328 et
1660 2297 1919 2338 amplitudinem.
1936 2297 1978 2328 Et
1990 2307 2066 2329 cum
2078 2299 2222 2340 arguitur
2237 2299 2314 2340 quia
2329 2299 2457 2330 animal

1379 2347 1426 2371 est
1449 2341 1490 2372 de
1513 2342 1691 2373 substantia
1709 2343 1786 2383 equi
1808 2348 1839 2373 et
1858 2348 1967 2373 tamen
1987 2353 2093 2384 equus
2110 2353 2180 2374 non
2195 2344 2294 2375 habet
2307 2350 2456 2375 naturam

1378 2386 1524 2417 animalis
1547 2387 1729 2418 secundum
1753 2396 1888 2418 omnem
1911 2388 1981 2418 eius
1997 2388 2261 2429 amplitudinem
2278 2393 2310 2419 et
2333 2390 2379 2420 sic
2401 2388 2456 2420 illa

1378 2431 1561 2471 propositio
1586 2432 1644 2462 erit
1667 2431 1755 2469 falsa,
1784 2431 1882 2468 Quod
1901 2433 2054 2464 convenit
2076 2433 2179 2464 alicui
2192 2443 2256 2474 per
2271 2433 2455 2474 participa·-

1379 2475 1498 2506 tionem
1515 2486 1580 2506 non
1601 2482 1649 2507 est
1670 2477 1852 2508 substantia
1876 2478 1966 2508 eius:
1987 2495 2010 2499 —
2033 2477 2150 2509 dicitur
2172 2478 2263 2519 quod
2285 2487 2354 2510 non
2377 2478 2456 2510 dicit

1378 2520 1514 2551 Sanctus
1538 2521 1684 2552 Thomas
1710 2521 1791 2552 illud
1819 2521 1910 2562 quod
1937 2523 2091 2554 convenit
2121 2523 2217 2554 alicui
2241 2532 2300 2564 per
2325 2523 2454 2564 panici-

1377 2566 1554 2606 pationem,
1581 2575 1650 2596 non
1681 2575 1750 2597 esse
1778 2566 1818 2597 de
1844 2567 2025 2598 substantia
2060 2567 2151 2598 eius:
2181 2567 2237 2599 sed
2263 2567 2355 2609 quod
2387 2576 2454 2599 non

1377 2615 1424 2641 est
1447 2611 1516 2642 eius
1537 2611 1729 2642 substantia.
1762 2611 1823 2641 Ista
1853 2612 1940 2642 enim
1968 2611 2110 2642 multum
2134 2611 2295 2644 differunt.
2327 2613 2455 2644 Dicitur

1377 2655 1464 2686 enim
1487 2655 1610 2696 aliquid
1634 2665 1703 2686 esse
1720 2656 1898 2687 substantia
1920 2656 2066 2694 alicuius,
2084 2657 2216 2697 quando
2242 2664 2289 2688 est
2312 2663 2380 2688 tota
2404 2667 2454 2689 es-

1376 2700 1477 2731 sentia
1500 2701 1570 2731 eius
1594 2706 1626 2731 et
1648 2700 1728 2731 nihil
1752 2700 1856 2731 aliud:
1883 2702 1966 2732 sicut
1989 2702 2115 2732 animal
2133 2702 2299 2733 rationale
2322 2708 2371 2733 est
2392 2703 2453 2733 ho-

1374 2745 1472 2775 minis
1494 2745 1682 2782 substantia,
1707 2746 1784 2786 quia
1815 2752 1884 2776 tota
1915 2747 2053 2777 essentia
2082 2747 2225 2778 hominis
2257 2752 2304 2778 est
2334 2746 2452 2778 animal

1374 2790 1544 2827 rationale;
1570 2795 1601 2821 et
1624 2790 1752 2827 albedo,
1769 2790 1795 2821 si
1819 2796 1903 2822 esset
1925 2797 2080 2832 separata,
2101 2798 2184 2823 esset
2205 2792 2275 2832 ipsa
2297 2791 2456 2823 albedinis

1374 2835 1520 2866 essentia.
1555 2834 1606 2866 Ad
1630 2835 1694 2866 hoc
1718 2840 1828 2866 autem
1852 2842 1888 2867 ut
1915 2836 2038 2877 aliquid
2066 2837 2106 2867 sit
2128 2836 2168 2868 de
2191 2834 2369 2868 substantia
2395 2836 2453 2868 ali-

1374 2880 1476 2916 cuius,
1501 2879 1619 2911 sufficit
1635 2886 1670 2910 ut
1694 2880 1734 2911 sit
1756 2889 1830 2921 pars
1850 2881 1920 2911 eius
1944 2881 2130 2912 essentialis.
2148 2881 2249 2920 Quod
2273 2886 2384 2913 autem
2403 2886 2452 2913 est

1373 2925 1509 2956 alicuius
1543 2925 1720 2955 substantia
1755 2931 1787 2956 et
1822 2925 1969 2963 essentia,
2001 2926 2156 2957 convenit
2188 2926 2234 2957 illi
2269 2926 2452 2958 secundum

1372 2979 1506 3001 omnem
1531 2970 1600 3000 eius
1615 2969 1762 3010 gradum,
1779 2971 1862 3001 sicut
1877 2970 2003 3001 animal
2027 2971 2192 3002 rationale
2214 2971 2355 3002 homini:
2373 2971 2451 3012 quia

1371 3021 1484 3046 natura
1508 3015 1604 3045 unius
1629 3020 1677 3045 est
1695 3020 1809 3045 natura
1827 3015 1967 3046 alterius.
1992 3015 2132 3046 Naturae
2156 3021 2276 3052 autem,
2296 3021 2333 3047 ut
2355 3016 2451 3047 abso-

1371 3060 1437 3090 lute
1461 3058 1669 3100 significatur,
1693 3060 1847 3090 convenit
1870 3061 1977 3090 omnis
2004 3059 2161 3101 perfectio
2189 3060 2274 3091 illius
2304 3066 2454 3092 naturae.

1371 3104 1412 3135 Et
1435 3105 1490 3141 sic,
1508 3105 1534 3134 si
1558 3113 1626 3134 esse
1651 3110 1735 3135 esset
1758 3105 1935 3136 substantia
1951 3110 1983 3135 et
1999 3105 2136 3136 essentia
2159 3110 2332 3143 creaturae,
2349 3113 2448 3146 opor·-

1370 3155 1450 3180 teret
1465 3154 1502 3179 ut
1525 3149 1656 3179 haberet
1676 3154 1821 3180 creatura
1845 3158 1979 3180 omnem
1995 3149 2133 3180 modum
2157 3156 2190 3181 et
2211 3148 2447 3190 perfectionem

1370 3193 1506 3224 essendi.
1524 3193 1625 3231 Quod
1641 3203 1717 3224 cum
1741 3203 1809 3225 non
1834 3195 1883 3231 sit,
1901 3200 2032 3234 oportet
2048 3194 2155 3225 dicere
2179 3193 2269 3235 quod
2293 3202 2362 3224 esse
2376 3202 2446 3224 non

1370 3244 1417 3269 est
1441 3239 1579 3269 essentia
1602 3244 1776 3270 creaturae.
1807 3239 1897 3270 Patet
1924 3248 2002 3280 ergo
2026 3239 2247 3270 obiectionem
2277 3237 2444 3269 inductam

1368 3293 1435 3314 non
1460 3292 1529 3314 esse
1553 3289 1666 3313 contra
1688 3284 1851 3314 intentum
1874 3284 2007 3314 litterae.

1426 3327 1455 3358 3.
1473 3327 1535 3359 Sed
1553 3333 1664 3358 contra
1680 3329 1762 3359 hanc
1778 3329 2036 3369 responsionem,
2049 3328 2243 3368 inquantum
2259 3325 2337 3357 dicit
2353 3326 2445 3368 quod

1369 3382 1438 3403 esse
1461 3382 1529 3403 non
1554 3373 1707 3403 convenit
1723 3378 1886 3404 creaturae
1910 3371 2090 3404 secundum
2113 3371 2183 3402 eius
2199 3371 2370 3402 essentiam
2387 3371 2444 3403 sed

1368 3423 1494 3448 tantum
1518 3416 1700 3448 secundum
1723 3418 2014 3458 participationem,
2034 3415 2206 3446 dubitatur.
2231 3415 2339 3447 Huius
2355 3416 2444 3448 enim

1369 3463 1560 3502 oppositum
1588 3462 1715 3493 videtur
1745 3462 1851 3494 dicere
1875 3461 2010 3493 Sanctus
2034 3459 2179 3490 Thomas
2210 3460 2326 3497 Prima,
2351 3470 2383 3502 q.
2407 3471 2442 3498 L,

1369 3517 1396 3537 a.
1417 3508 1445 3537 5.
1463 3506 1547 3537 Nam
1563 3507 1607 3537 ibi
1623 3508 1666 3537 ait
1683 3507 1774 3547 quod
1797 3515 1867 3537 esse
1880 3505 2058 3536 secundum
2073 3514 2108 3535 se
2126 3505 2278 3545 competit
2290 3505 2440 3547 formae.

1370 3551 1456 3582 Cum
1481 3560 1557 3591 ergo
1582 3552 1615 3582 in
1639 3551 1824 3582 substantiis
1850 3550 2002 3590 separatis
2027 3548 2130 3580 forma
2154 3550 2194 3580 sit
2225 3551 2361 3581 essentia
2384 3550 2440 3586 rei,

1369 3596 1516 3636 sequitur
1539 3595 1629 3636 quod
1653 3605 1722 3626 esse
1746 3594 1919 3626 conveniat
1941 3594 2019 3635 ipsis
2042 3603 2100 3634 per
2123 3603 2234 3625 earum
2258 3595 2439 3626 essentiam.

1425 3640 1654 3680 Respondetur
1669 3639 1759 3680 quod
1775 3648 1843 3670 esse
1866 3639 2040 3669 convenire
2047 3638 2186 3680 formae
2198 3649 2263 3680 per
2277 3648 2311 3670 se
2334 3638 2441 3680 dupli-

1370 3685 1447 3715 citer
1470 3685 1603 3725 intelligi
1627 3690 1750 3725 potest:
1776 3692 1843 3714 uno
1868 3682 1980 3720 modo,
1998 3684 2219 3721 essentialiter3
2239 3683 2302 3714 alio
2326 3683 2440 3721 modo,

2486 512 2495 521 ‘
2510 510 2582 533 Num.
2592 517 2644 533 viu.
