2716 4302
77 557 190 585 8rb4o.

79 924 172 947 svn.

74 1996 108 2022 lb.
124 2002 176 2028 na.
189 1998 230 2022 lat.

73 2570 112 2595 tt.
125 2577 140 2594 a
150 2571 186 2595 ιδ.

73 3645 108 3668 lb.
124 3646 138 3667 b
151 3653 170 3668 t.

949 208 968 219 Ι

1293 220 1560 259 APPENDlX

321 296 432 327 Motus
457 297 544 327 enim
562 299 738 329 continuus
753 306 784 329 et
808 310 892 330 unus
910 306 957 331 est
981 301 1019 331 ab
1045 311 1112 332 uno
1129 308 1268 333 motore.
1288 303 1399 334 Motor

324 348 420 378 etiam
445 349 500 388 qui
526 359 594 378 non
619 359 746 389 semper
771 358 891 387 movet,
911 352 1124 392 irregulariter
1142 354 1304 385 invenitur
1327 364 1398 385 mo-

325 408 408 435 vere,
433 400 515 429 sicut
539 405 625 440 patet
650 402 681 430 in
707 402 888 433 motoribus
919 403 1135 441 inferioribus,
1154 416 1215 434 nam
1238 414 1325 435 motus
1345 410 1398 435 νίο-

324 454 412 478 lentus
434 456 458 478 in
478 455 524 486 pri
543 452 574 481 in
593 452 711 491 quibus
728 458 837 483 motus
861 459 996 483 naturalis
1016 459 1222 494 inprincipios
1238 458 1399 488 violentus

323 501 356 531 in
382 502 543 542 principio
566 503 743 533 intenditur
761 505 840 534 etin
862 505 925 536 fine
950 507 1131 543 remittitur,
1157 515 1266 539 motus
1290 515 1399 539 autem
1423 525 1430 545 ς

323 553 475 584 naturalis
500 564 516 583 e
541 554 724 595 converso.)
759 557 774 570 ἦ
792 556 852 586 Sed
886 558 1008 596 primus
1031 565 1142 589 motus
1169 566 1215 590 est
1255 570 1338 590 unus
1370 567 1401 590 et

324 609 510 646 continuus,
537 613 571 637 ut
595 618 612 638 a
642 608 843 649 philosophis
869 612 1040 650 probatum
1072 618 1128 642 est.
1161 613 1245 653 Ergo
1271 621 1401 654 oportet

324 661 393 690 eius
418 665 580 689 motorem
606 661 747 699 primun]
766 671 833 691 esse
853 672 964 693 unum.
992 668 1039 691 Hic
1059 674 1146 692 autem
1167 669 1239 693 Deus
1258 675 1306 700 est,
1326 671 1366 694 vel
1387 679 1400 694 a

323 714 380 738 Deo
393 719 481 738 motus
494 721 542 746 per
555 718 656 738 motum
671 714 800 746 desiderii,
817 722 845 740 ut
864 724 945 749 supra
965 718 1078 750 <dictum
1098 721 1154 752 est>
1176 719 1326 753 (probatum
1340 722 1400 754 est).

325 764 490 798 Relinquitur
509 764 586 796 igitur
600 764 684 789 Deum
705 772 765 790 esse
784 774 865 791 unum
881 773 991 794 tantum.
1010 769 1140 803 §Adhum
1160 771 1217 796 Non
1237 765 1277 796 est
1296 773 1399 805 aliquod
1417 782 1442 796 ιο

324 815 422 840 bonum
443 815 468 839 in
488 823 576 840 rerum
593 820 683 840 natura
703 818 774 849 quod
794 825 845 842 non
866 818 899 842 sit
917 819 949 843 ab
969 820 1058 852 aliquo
1071 821 1255 853 desideratum,
1274 823 1310 846 sic
1330 823 1399 848 enim

323 865 477 890 universum
505 873 557 890 non
583 871 654 890 esset
679 866 831 899 perfectum,
856 868 910 892 Sed
932 875 1010 895 omne
1034 871 1107 903 quod
1132 871 1270 897 desiderat
1295 873 1401 905 aliquid

321 915 413 949 aliquo
434 916 514 941 modo
533 920 657 942 movetur
680 918 707 942 in
729 918 804 943 illud.
830 919 842 933 ¹*
864 919 952 944 Omne
979 926 1066 946 autem
1091 923 1249 948 desiderium
1276 923 1324 957 (rei
1344 933 1399 949 mo-

323 967 392 999 bilis)
416 974 464 999 per
490 973 591 992 motum
619 968 734 1000 aliquem
760 969 959 1001 manifestatur,'
977 979 1036 996 nam
1060 973 1130 1004 quod
1154 973 1284 999 desiderat
1302 976 1398 1008 aliquid

322 1024 444 1043 movetur
463 1019 488 1043 in
508 1018 582 1044 illud.
602 1016 634 1055 (ξ
651 1015 781 1055 Adhuc)
798 1017 974 1048 substantia
999 1028 1084 1047 autem
1110 1021 1287 1060 corporalis
1312 1021 1398 1052 ordi·
1417 1035 1438 1055 ις

321 1072 416 1096 natur
432 1065 472 1096 ad
489 1067 688 1107 spiritualem
706 1068 787 1098 sicut
805 1068 844 1098 ad
861 1078 957 1099 suurn
974 1071 1110 1107 bonum,
1127 1081 1203 1102 nam
1220 1078 1268 1102 est
1286 1073 1317 1103 in
1341 1074 1399 1104 ista

320 1121 410 1153 purior
435 1118 561 1148 bonitas
587 1117 750 1158 (plenior),
781 1120 833 1148 cui
858 1121 1034 1159 corporalis
1058 1123 1235 1153 substantia
1262 1124 1400 1156 intendit

321 1168 499 1208 assimilari,
525 1178 600 1199 cum
626 1177 725 1199 omne
742 1170 833 1209 quod
858 1177 905 1200 est
928 1171 1086 1202 desideret
1111 1174 1273 1214 optimum
1296 1185 1398 1216 quan-

321 1226 391 1250 tum
408 1220 562 1260 possibile
580 1225 637 1250 est.
655 1224 714 1248 Non
732 1230 772 1249 est
790 1227 868 1258 igitur
885 1227 971 1259 aliqua
990 1227 1136 1253 substantia
1154 1230 1305 1261 corporalis
1324 1231 1399 1264 spiri-

321 1275 398 1298 tualis
418 1282 486 1307 quae
512 1282 558 1307 per
581 1274 698 1307 aliquem
718 1281 819 1300 motum
845 1276 953 1301 alicuius
975 1278 1093 1310 corporis
1113 1287 1164 1303 non
1183 1279 1311 1306 indicatur
1334 1282 1400 1306 sicut
1415 1291 1441 1305 ιο

273 1358 279 1359 .
320 1323 383 1351 ξω
405 1322 516 1358 perans
527 1326 599 1358 quod
624 1331 664 1350 est
688 1326 719 1350 ad
743 1325 832 1358 finem,
857 1327 898 1352 vel
922 1328 987 1353 sicut
1012 1334 1098 1354 motor
1122 1338 1170 1363 per
1193 1337 1304 1358 motum.
1336 1321 1400 1360 Sed

320 1381 435 1403 ornnes
459 1378 570 1404 motus
595 1374 772 1413 corporalis
800 1380 963 1406 creaturae
987 1377 1196 1410 inveniuntur
1221 1380 1333 1411 reduci
1359 1380 1398 1411 ad

321 1434 424 1455 unum
453 1425 607 1465 primum,
638 1431 763 1466 praeter
781 1436 887 1466 quem
911 1437 1053 1462 nonest
1081 1431 1162 1462 alius
1193 1433 1316 1472 primus
1341 1433 1399 1473 qui

319 1475 412 1506 nullo
436 1475 540 1506 modo
558 1475 732 1506 reducatur
754 1477 787 1506 in
809 1478 917 1517 ipsum
937 1483 1008 1516 (cum
1029 1485 1098 1510 enim
1118 1491 1206 1511 motus
1227 1487 1399 1512 desiderantis

320 1532 355 1556 sit
366 1536 474 1565 propter
493 1533 680 1563 desideratum,
700 1533 910 1558 manifestaretur
928 1534 971 1559 ille
990 1536 1055 1560 alius
1076 1547 1091 1560 a
1111 1548 1126 1561 a
1147 1545 1194 1571 per
1213 1538 1311 1571 aliquid
1330 1538 1398 1563 desi·
1415 1542 1438 1562 ²5

319 1581 438 1608 <ternum
459 1593 473 1605 ψ
495 1582 522 1614 ι)
547 1579 634 1619 Ergo
651 1584 776 1619 praeter
792 1580 1004 1612 substantiam
1021 1583 1219 1623 spiritualem
1245 1594 1328 1625 quae
1353 1591 1400 1615 est

319 1628 392 1660 finis
415 1631 512 1670 primi
528 1637 638 1660 motus
664 1639 731 1660 non
750 1637 797 1660 est
813 1630 923 1671 aliqua
945 1632 1060 1671 †lquae
1078 1640 1112 1658 su
1130 1643 1176 1667 per
1195 1643 1225 1660 se
1244 1636 1327 1668 prima
1348 1645 1362 1658 ι
1384 1645 1399 1658 ι

318 1692 366 1718 per
388 1686 494 1718 aliquod
520 1692 617 1718 corpus
643 1685 821 1710 desideratum
847 1694 862 1707 ι
883 1696 898 1709 ιι
926 1691 1015 1710 motus
1041 1684 1173 1710 circularis
1198 1683 1264 1707 solis
1291 1681 1400 1706 manife-

317 1739 403 1760 statur
422 1745 437 1759 n
457 1746 472 1760 a
488 1743 535 1768 per
549 1735 684 1760 diversum
704 1735 784 1760 situm
802 1736 896 1760 solaris
916 1743 961 1761 cor
980 1745 995 1758 α
1016 1746 1031 1759 ι
1045 1742 1092 1767 per
1107 1734 1172 1759 situs
1186 1740 1327 1766 corporum
1347 1741 1362 1755 ψ
1384 1741 1399 1755 κ

317 1782 500 1808 manifestatur
514 1783 590 1808 nobis
604 1783 700 1816 aliquis
720 1792 735 1805 ι
757 1793 771 1806 a
788 1783 833 1816 qui
853 1791 905 1808 non
924 1784 1065 1808 reducatur
1083 1782 1110 1807 in
1129 1787 1231 1806 motum
1252 1790 1266 1804 a
1288 1790 1303 1803 ι
1315 1779 1400 1805 mobi-
1418 1795 1442 1814 3⁰

318 1839 362 1873 lis)
373 1835 396 1876 †
408 1844 492 1876 quae
509 1846 577 1866 non
598 1834 772 1866 reducatur
788 1835 821 1866 in
838 1835 952 1876 ipsam.
970 1835 1044 1865 Hoc
1057 1840 1166 1864 autem
1184 1833 1318 1863 nomine
1339 1832 1399 1862 Dei

317 1887 530 1928 intelligimus
555 1892 653 1916 scilicet
675 1892 783 1924 aliquod
802 1892 916 1924 primum
942 1897 990 1914 ens
1014 1890 1198 1922 incorporeum
1223 1888 1256 1912 ab
1276 1889 1327 1912 alio
1347 1895 1399 1912 non

319 1943 481 1976 dependens,
495 1949 523 1967 ut
542 1950 572 1967 ex
591 1943 732 1975 praedictis
752 1947 831 1976 patet.
847 1939 922 1969 Non
941 1943 987 1969 est
1003 1938 1100 1978 igitur
1119 1937 1179 1967 nisi
1197 1946 1281 1966 unus
1298 1936 1397 1966 Deus.

319 1994 423 2030 ‘stiaec
436 2001 524 2021 autem
535 1996 600 2021 ratio
613 1995 716 2021 videtur
722 1996 907 2022 convenienter
916 1995 1059 2028 procedere
1069 1993 1215 2018 secundum
1227 1991 1398 2017 intentionem

318 2046 477 2078 Aristotelis,
494 2047 538 2080 qui
564 2046 637 2080 ponit
655 2053 796 2072 numerum
823 2045 1027 2070 substantiarum
1051 2042 1226 2076 spiritualium
1252 2041 1397 2067 secundum
1415 2053 1437 2072 35

318 2105 461 2124 numerum
480 2102 600 2122 motuum
621 2096 783 2128 caelestium,
806 2097 876 2121 unde
895 2095 973 2121 etiam
995 2094 1108 2120 sumitur
1130 2101 1160 2118 ex
1186 2092 1274 2118 verbis
1296 2093 1352 2117 eius
1371 2092 1397 2116 in

317 2156 344 2174 ιι
363 2148 483 2181 metaph:
501 2157 553 2174 non
578 2154 666 2173 autem
686 2153 831 2174 secundum
851 2147 910 2172 fidei
929 2147 1093 2175 sententiam,
1109 2153 1156 2178 per
1175 2152 1254 2177 quam
1274 2143 1398 2177 ponimus

319 2201 507 2234 multoplures
519 2200 681 2226 substantias
697 2200 847 2232 spirituales
867 2199 923 2224 Deo
942 2198 1119 2223 ministrantes
1138 2204 1217 2229 quam
1238 2196 1291 2221 sint
1309 2201 1398 2221 motus

317 2245 471 2278 melchiam
501 2259 652 2285 corporum.
682 2253 737 2276 Ηεε
767 2258 854 2276 tamen
882 2259 976 2276 omnes
1006 2250 1103 2275 habent
1127 2250 1245 2275 ordinem
1271 2249 1304 2273 ad
1327 2248 1397 2272 illam

2462 239 2471 262 1
2486 226 2528 262 3²³³

1454 306 1595 332 sideratum
1616 315 1669 332 non
1695 307 1728 332 sit
1752 308 1941 339 necessarium;
1968 309 2044 334 tertio
2070 310 2150 334 modo
2181 309 2214 335 ita
2239 311 2310 343 quod
2333 315 2476 344 utrumque
2495 312 2529 336 sit

1454 357 1631 382 necessarium
1651 365 1700 390 per
1717 358 1835 391 seipsum
1855 365 1981 392 quantum
1996 360 2027 384 ad
2047 367 2124 385 suum
2145 369 2204 386 esse
2223 361 2380 392 distinctum,
2401 362 2446 387 sed
2467 370 2529 387 con-

1455 410 1603 434 comitantia
1622 417 1674 434 non
1694 409 1727 434 sit
1749 410 1897 435 necessaria
1919 411 1966 435 sed
1990 410 2133 444 possibilis.
2158 412 2286 443 Quartum
2312 419 2407 444 autem,
2431 413 2530 439 scilicet

1456 460 1526 494 quod
1548 464 1678 493 quantum
1698 467 1826 494 quantum
1842 462 1874 486 ad
1893 467 2035 495 utrumque
2048 463 2082 488 sit
2094 463 2254 496 possibilitas
2267 469 2292 488 et
2305 471 2357 488 non
2376 465 2528 495 necessitas,

1455 512 1516 545 poni
1536 520 1588 537 non
1609 518 1704 545 potest,
1724 520 1754 537 ex
1769 520 1823 545 quo
1844 513 1988 546 <uterque>
2009 513 2173 548 (utrumque)
2189 523 2280 539 eorum
2300 515 2406 548 ponitur
2420 522 2529 540 necesse

1456 566 1525 587 esse.
1555 562 1673 587 Primum
1698 559 1787 587 autem
1814 563 1908 587 horum
1932 571 1992 588 esse
2015 572 2067 588 non
2093 570 2188 597 potest,
2213 565 2274 598 quia
2299 566 2526 590 contradictionem

1456 613 1584 646 implicat:
1605 621 1635 638 ex
1655 613 1706 638 hoc
1726 614 1796 638 enim
1815 614 1912 647 aliquid
1934 615 2026 639 dicitur
2049 623 2108 640 esse
2131 623 2240 641 necesse
2263 624 2310 649 per
2333 624 2362 641 se
2386 617 2456 649 quod
2475 624 2528 641 non

1455 663 1554 696 indiget
1572 664 1604 688 ad
1624 671 1702 688 suum
1723 671 1782 688 esse
1801 665 1872 696 quod
1892 665 1988 698 aliquid
2009 666 2077 690 aliud
2098 666 2145 697 sit;
2169 667 2245 699 igitur
2264 674 2323 691 esse
2345 674 2423 691 suum
2443 672 2529 699 potest

1456 721 1517 739 esse
1536 714 1593 738 sine
1612 714 1732 746 quolibet
1752 714 1815 745 alio;
1836 715 2034 741 concomitantia
2058 717 2135 749 igitur
2158 718 2214 742 eius
2234 718 2266 742 ad
2292 718 2362 742 aliud
2384 723 2425 743 est
2442 717 2528 750 possi-

1456 765 1515 789 bilis
1535 770 1562 789 ει
1580 772 1632 789 non
1653 766 1810 791 necessaria.
1829 766 1952 791 Similiter
1976 769 2120 792 secundum
2141 776 2201 792 esse
2224 776 2276 793 non
2296 774 2392 801 potest,
2411 769 2471 801 quia
2491 769 2529 793 sic

1456 823 1599 850 utrumque
1618 826 1709 843 eorum
1730 818 1778 843 erit
1796 826 1906 843 necesse
1931 826 1990 843 esse
2014 827 2061 852 per
2085 820 2155 844 aliud
2180 826 2279 844 tantum
2306 826 2331 845 et
2350 828 2402 844 non
2422 828 2468 853 per
2486 828 2528 845 se-

1456 869 1542 901 ipsum
1549 877 1556 901 ;
1576 875 1718 902 utrumque
1738 870 1817 902 igitur
1835 870 1884 894 erit
1901 874 1951 895 aut
1969 871 2095 903 possibile
2114 878 2161 904 per
2183 879 2212 896 se
2236 877 2261 896 et
2285 872 2462 897 necessarium
2481 880 2529 906 per

1457 920 1540 950 aliud;
1560 928 1623 952 ergo
1642 919 1698 953 (uni
1717 920 1822 955 eorum)
1837 921 1978 953 acquiritur
1993 921 2134 946 necessitas
2148 929 2178 946 ex
2191 922 2255 952 alio;
2275 927 2319 946 aut
2340 922 2416 954 igitur
2435 920 2529 947 secun-

1456 972 1518 997 dum
1539 972 1610 1005 quod
1631 972 1694 996 illud
1714 972 1783 997 aliud
1802 972 1882 997 habet
1903 973 2096 1002 necessitatem,
2123 978 2165 997 aut
2192 973 2338 997 secundum
2363 973 2434 1005 quod
2452 972 2530 997 habet

1456 1023 1670 1056 possibilitatem;
1685 1031 1737 1047 non
1756 1024 1902 1048 secundum
1919 1024 1989 1055 quod
2003 1023 2082 1048 habet
2100 1024 2293 1054 necessitatem,
2309 1023 2368 1056 quia
2387 1023 2530 1048 necessitas

1456 1073 1533 1098 etiam
1552 1073 1622 1098 illius
1642 1081 1694 1098 non
1714 1079 1754 1098 est
1773 1074 1796 1098 ei
1815 1074 1864 1098 nisi
1884 1081 1914 1098 ex
1927 1074 1978 1098 hoc
1997 1074 2069 1106 quod
2084 1074 2176 1099 dicitur
2194 1074 2329 1107 acquirere
2348 1074 2528 1099 necessitatem

1455 1132 1486 1149 ex
1505 1124 1570 1156 <e0>
1591 1122 1669 1157 (illo),
1689 1125 1726 1149 sic
1746 1125 1813 1150 enim
1833 1126 1917 1150 neutri
1937 1133 2030 1150 eorum
2053 1126 2195 1150 necessitas
2214 1125 2392 1158 acquireretur
2413 1123 2466 1155 (vel
2484 1125 2529 1150 ali·

1457 1175 1519 1207 quid
1539 1175 1586 1199 erit
1606 1182 1683 1199 causa
1702 1175 1742 1199 sui
1762 1175 1853 1208 ipsius,
1874 1176 1945 1208 quod
1965 1181 2004 1200 est
2024 1175 2196 1209 impossibile,
2218 1183 2279 1200 nam
2299 1176 2371 1208 quod
2392 1181 2433 1200 est
2452 1183 2530 1200 causa

1456 1234 1550 1252 causae
1569 1227 1647 1251 etiam
1667 1232 1707 1252 est
1726 1234 1804 1251 causa
1823 1226 1956 1261 effectus);
1978 1227 2096 1252 similiter
2114 1235 2196 1252 unum
2216 1235 2268 1252 non
2287 1232 2375 1260 potest-
2395 1227 2530 1260 acquirere

1456 1278 1639 1302 necessitatem
1660 1285 1690 1302 ex
1709 1277 1760 1302 alio
1780 1278 1926 1302 secundum
1946 1278 2018 1310 quod
2043 1278 2107 1303 illud
2131 1278 2200 1302 aliud
2220 1278 2299 1303 habet
2316 1277 2514 1310 possibilitatem
2521 1285 2528 1308 ;

1455 1328 1492 1353 sic
1511 1329 1580 1353 enim
1594 1329 1762 1362 possibilitas
1781 1329 1850 1354 illius
1871 1334 1942 1354 esset
1961 1337 2038 1354 causa
2058 1329 2220 1354 necessitatis
2245 1329 2332 1360 huius,
2351 1329 2530 1362 possibilitatis

1445 1385 1543 1413 »autem
1563 1380 1633 1405 illius
1654 1388 1706 1404 non
1725 1385 1766 1405 est
1785 1387 1864 1404 causa
1883 1380 1981 1413 aliquid
2001 1380 2072 1413 quod
2095 1380 2128 1404 sit
2147 1387 2176 1404 ex
2195 1385 2269 1412 parte
2287 1379 2378 1411 huius;
2398 1388 2461 1413 ergo
2479 1380 2530 1405 hoc

1455 1430 1576 1455 absolute
1595 1435 1636 1455 est
1655 1438 1766 1455 necesse
1785 1437 1846 1455 esse
1866 1438 1896 1455 ex
1915 1430 1974 1461 alio,
1995 1436 2020 1455 et
2039 1436 2078 1455 est
2101 1435 2246 1461 causatum,
2265 1435 2291 1455 et
2311 1431 2374 1455 illud
2394 1430 2463 1455 aliud
2483 1429 2530 1455 erit

1456 1481 1608 1514 simpliciter
1627 1481 1684 1506 eius
1704 1489 1791 1512 causa,
1805 1487 1830 1506 et
1849 1482 1886 1506 sic
1906 1489 1958 1506 non
1973 1487 2050 1506 erunt
2065 1483 2183 1514 aequalia
2196 1482 2222 1506 in
2241 1482 2397 1507 necessitate
2416 1481 2530 1507 essendi.

1457 1532 1488 1556 Et
1506 1537 1649 1564 praeterea,
1669 1533 1691 1557 si
1711 1540 1742 1557 ex
1760 1532 1932 1565 possibilitate
1946 1533 2015 1558 illius
2029 1533 2171 1566 acquiritur
2183 1533 2242 1558 huic
2256 1533 2398 1558 necessitas
2417 1533 2530 1564 essendi,

1456 1582 1617 1614 possibilitas
1637 1587 1724 1607 autem
1744 1583 1848 1607 essendi
1868 1583 1937 1607 illius
1957 1589 1997 1608 est
2019 1584 2096 1608 etiam
2116 1591 2148 1608 eo
2168 1592 2220 1608 non
2239 1592 2292 1608 non
2312 1584 2445 1615 existente,
2468 1591 2531 1616 ergo

1456 1633 1534 1657 etiam
1553 1640 1585 1657 eo
1605 1641 1658 1657 non
1677 1634 1812 1665 existente,
1831 1634 1881 1659 hoc
1901 1640 1941 1660 est
1960 1642 2069 1660 necesse
2089 1642 2157 1666 esse,
2178 1641 2203 1660 et
2224 1636 2261 1660 sic
2281 1643 2333 1661 non
2352 1643 2380 1661 se
2398 1636 2531 1661 concomi-

1457 1687 1551 1710 tantur
1571 1685 1772 1710 concomitantia
1787 1693 1879 1710 eorum
1895 1694 1947 1710 non
1961 1686 2010 1711 erit
2029 1688 2184 1712 necessaria.
2204 1687 2230 1712 Si
2243 1693 2329 1712 autem
2350 1693 2462 1720 ponatur
2480 1693 2531 1713 ter·

1457 1737 1530 1766 tium,
1550 1735 1648 1760 scilicet
1661 1736 1733 1768 quod
1752 1743 1830 1760 nemo
1842 1741 1986 1769 utrumque
2002 1744 2092 1762 eorum
2113 1737 2146 1762 sit
2159 1738 2335 1763 necessarium
2349 1746 2396 1771 per
2414 1739 2530 1772 seipsum

1457 1793 1482 1812 et
1507 1787 1708 1812 concomitantia
1733 1795 1825 1812 eorum
1852 1787 1886 1812 sit
1911 1788 2053 1820 possibilis,
2079 1796 2131 1813 non
2156 1789 2312 1820 necessaria,
2335 1795 2438 1821 oportet
2461 1791 2532 1822 quod

1457 1839 1552 1864 habeat
1569 1839 1770 1864 concomitantia
1784 1839 1934 1864 huiusmodi
1956 1840 2070 1873 aliquam
2084 1848 2199 1866 causam.
2214 1841 2272 1865 Non
2286 1846 2371 1866 autem
2386 1849 2463 1866 causa
2477 1842 2531 1866 eius

1456 1895 1544 1923 potest
1562 1898 1622 1915 esse
1640 1891 1751 1915 alterum
1772 1898 1873 1922 eorum,
1898 1892 1957 1924 quia
1985 1892 2030 1922 sic,
2054 1892 2140 1924 posito
2161 1891 2265 1925 <aliquo
2285 1893 2394 1924 eorum>
2417 1891 2471 1926 (eo)
2491 1900 2531 1917 se-

1455 1947 1581 1975 queretur
1599 1943 1671 1975 quod
1691 1948 1762 1967 esset
1781 1950 1811 1967 ex
1831 1948 1921 1967 natura
1944 1943 2020 1975 primi
2041 1943 2084 1974 <et
2102 1943 2134 1967 ita
2155 1951 2215 1968 esse
2237 1943 2280 1968 uni
2300 1942 2356 1976 (aut
2375 1943 2459 1978 alteri)
2479 1952 2531 1968 non

1455 1999 1546 2026 posset
1566 2001 1626 2018 esse
1639 1994 1695 2018 sine
1714 1993 1914 2018 concomitantia
1933 1993 2026 2025 primi>
2040 1992 2119 2027 (quae
2133 1993 2188 2018 sine
2203 2001 2262 2018 esse
2281 1994 2387 2019 alterius
2400 2001 2459 2019 esse
2478 2001 2531 2019 non

1455 2044 1552 2077 potest)
1572 2049 1597 2068 et
1615 2043 1650 2068 ita
1669 2049 1826 2077 sequeretur
1844 2044 1915 2076 quod
1930 2043 1994 2068 illud
2013 2044 2084 2076 quod
2100 2048 2141 2068 est
2158 2051 2235 2068 causa
2254 2043 2411 2069 habitudinis
2430 2044 2531 2076 praedi-

1455 2101 1510 2120 ctae
1523 2103 1583 2120 esse
1595 2095 1611 2112 *
1625 2103 1702 2120 causa
1722 2095 1791 2127 (illi)
1811 2102 1871 2120 esse
1891 2095 1979 2127 <quod
1999 2094 2055 2119 sine
2074 2094 2223 2119 habitudine
2241 2095 2301 2126 tali>
2322 2092 2389 2128 (eius
2409 2095 2465 2120 sine
2477 2103 2531 2129 quo

1454 2147 1580 2172 habitudo
1598 2147 1670 2182 talis)
1689 2155 1741 2172 non
1761 2151 1848 2180 potest
1867 2146 1984 2178 intelligi,
2004 2147 2041 2178 (et
2060 2147 2097 2170 sic
2115 2154 2197 2171 unum
2217 2153 2308 2171 eorum
2330 2146 2378 2171 erit
2394 2152 2529 2171 causatum

1456 2203 1481 2223 et
1500 2197 1570 2223 aliud
1589 2198 1689 2230 causa).
1708 2198 1873 2231 Relinquitur
1891 2205 1954 2231 ergo
1973 2198 2045 2230 quod
2063 2197 2128 2222 haec
2150 2198 2274 2223 habitudo
2294 2198 2483 2223 accidentaliter
2500 2207 2530 2224 se

1454 2249 1548 2275 habeat
1567 2251 1598 2275 ad
1618 2256 1770 2283 utrumque,
1790 2256 1816 2275 et
1834 2250 1868 2275 ita
1888 2250 1936 2275 erit
1956 2258 1986 2275 ex
2005 2250 2091 2284 aliqua
2109 2250 2183 2275 tertia
2204 2258 2282 2275 causa
2295 2244 2468 2283 coniungente
2487 2251 2530 2277 illa

317 2303 482 2337 spiritualem
506 2303 680 2328 substantiam
701 2311 768 2336 quae
789 2310 835 2335 per
853 2308 956 2327 motum
976 2303 1090 2335 primum
1115 2301 1304 2326 manifestatur.
1324 2300 1399 2324 Unde
1413 2311 1440 2331 4⁰
1454 2300 1515 2326 duo.
1536 2300 1667 2332 (Neuter)
1689 2299 1840 2333 (Neutrum)
1855 2308 1918 2334 ergo
1931 2307 2022 2325 eorum
2038 2301 2086 2325 erit
2098 2300 2182 2333 prima
2196 2308 2274 2325 causa
2287 2301 2333 2326 sed
2353 2301 2457 2327 habebit
2469 2309 2528 2327 cau-

317 2355 340 2381 si
361 2356 507 2389 praedictae
531 2355 622 2379 rationi
647 2355 758 2379 addatur
777 2354 848 2387 quod
866 2354 954 2378 omnis
973 2354 1118 2378 substantia
1135 2352 1277 2385 spiritualis
1290 2351 1397 2376 manife-

318 2412 402 2433 statur
420 2414 468 2440 per
481 2407 596 2440 aliquem
620 2412 721 2431 motum
742 2406 906 2438 corporalem
926 2415 941 2429 a
963 2415 977 2428 ι
999 2404 1190 2430 manifestatam
1210 2403 1298 2437 aliquo
1317 2403 1398 2428 modo

318 2458 461 2489 ordinatur,
481 2459 605 2491 procedet
635 2458 712 2483 etiam
739 2458 884 2483 secundum
908 2457 1067 2483 sententiam
1086 2456 1154 2486 fidei,
1181 2461 1206 2482 et
1234 2458 1282 2481 erit
1309 2461 1399 2481 contra

319 2510 478 2544 positionem
507 2511 621 2542 plurium
649 2510 759 2534 deorum
788 2517 903 2542 quorum
933 2517 1002 2534 unus
1030 2517 1083 2534 non
1112 2509 1146 2533 sit
1173 2515 1252 2533 causa
1280 2508 1396 2532 alterius.

319 2561 335 2576 ⁴*
347 2560 366 2598 §
382 2559 534 2600 Amplius
558 2559 707 2589 omnium
733 2558 934 2589 diversorum
953 2583 960 2590 .
975 2583 982 2590 .
995 2581 1002 2588 .
1019 2557 1304 2598 distinguerentur.
1328 2556 1398 2586 Nec
1413 2569 1436 2588 ⁴5

318 2617 427 2652 potest
451 2621 519 2641 esse
548 2621 585 2641 ex
610 2610 743 2640 diversis
767 2609 1002 2645 ordinantibus,
1019 2609 1178 2649 quianon
1203 2614 1313 2648 posset
1329 2617 1398 2637 esse

319 2662 410 2703 quod
436 2672 539 2693 unum
564 2662 712 2693 ordinem
737 2661 942 2692 intenderent
967 2670 1004 2691 ex
1026 2664 1147 2696 propriis
1162 2664 1268 2688 »tataris
1285 2659 1398 2699 seipsis

319 2726 380 2743 cum
395 2719 447 2743 sint
470 2714 666 2756 (secundum
696 2713 786 2753 quod
810 2716 898 2752 sunt)
923 2713 1051 2743 diversi.
1077 2712 1117 2742 Et
1145 2713 1190 2742 sic
1209 2735 1215 2741 .
1231 2734 1238 2741 .
1256 2733 1263 2741 .
1279 2711 1397 2750 guber-

318 2772 476 2796 natorem.
502 2765 565 2796 Sed
594 2771 719 2805 praeter
751 2766 838 2795 hunc
866 2764 1027 2794 mundum
1053 2773 1119 2793 non
1153 2769 1200 2792 est
1229 2763 1310 2792 alius
1338 2765 1396 2797 (nec

318 2827 406 2853 potest
435 2825 505 2853 esse)
535 2825 563 2845 ut
587 2820 745 2845 Aristoteles
772 2819 874 2852 probat.
906 2815 981 2845 Non
1013 2821 1060 2845 est
1091 2815 1188 2854 igitur
1218 2814 1277 2844 nisi
1311 2823 1396 2843 unus
1413 2827 1438 2846 50

317 2868 468 2898 omnium
489 2877 597 2898 rerum
621 2868 827 2908 gubernator,
846 2876 945 2907 quem
962 2866 1069 2896 Deum
1087 2865 1225 2895 dicimus
1241 2872 1306 2902 (non
1324 2869 1395 2893 enim

318 2929 359 2948 est
387 2924 545 2948 conveniens
573 2930 672 2956 ponere
700 2923 815 2955 aliquam
846 2922 986 2953 (causam)
1017 2921 1096 2953 (rem)
1116 2927 1184 2953 quae
1208 2928 1255 2952 per
1273 2919 1396 2945 effectum

318 2974 432 3008 aliquem
455 2983 484 2999 se
507 2973 674 3000 manifestare
696 2982 748 2998 non
771 2973 882 3007 posset.)
901 2972 915 3007 ἓ
934 2972 1063 3005 Amplius.
1084 2972 1213 3004 <Nomine
1231 2971 1279 2996 Dei
1301 2971 1395 2996 intelli-

317 3025 387 3059 gitur
405 3025 437 3050 ab
456 3026 580 3050 omnibus
605 3025 703 3058 aliquid
728 3024 801 3049 cuius
826 3031 886 3049 esse
905 3031 956 3048 non
981 3028 1021 3048 est
1044 3023 1076 3047 ab
1101 3023 1152 3047 alio
1171 3022 1324 3054 dependens
1349 3029 1396 3054 per

318 3078 427 3102 modum
452 3085 506 3110 quo
531 3083 666 3102 causatum
693 3077 823 3109 dependet
841 3083 856 3100 a
873 3083 961 3106 causa,
985 3082 1016 3100 eo
1035 3074 1122 3107 quod>
1145 3074 1264 3106 <Omnes
1282 3073 1339 3106 (qui
1364 3073 1397 3097 de
1413 3083 1434 3102 ςς

318 3129 373 3154 1)εο
399 3129 554 3162 loquuntur)
583 3129 690 3153 nomine
719 3127 765 3153 Dei
791 3127 939 3159 intelligunt
964 3126 1075 3159 primam
1101 3133 1207 3169 causam
1236 3124 1296 3155 (nec
1323 3124 1396 3149 alteri

316 3189 413 3206 nomen
427 3181 529 3206 deitatis
548 3179 690 3205 attribuunt
712 3179 761 3203 nisi
781 3184 887 3212 propter
905 3178 1126 3211 propinquitatem
1141 3176 1181 3201 vel
1201 3175 1396 3201 similitudinem

317 3233 431 3266 aliquam
451 3232 483 3257 ad
503 3232 615 3265 primam
636 3238 752 3256 causam.
772 3231 799 3255 ld
825 3230 902 3262 igitur
921 3230 992 3262 quod
1012 3236 1073 3253 vere
1099 3228 1170 3252 Deus
1206 3232 1254 3256 est.
1283 3235 1297 3251 a
1323 3227 1396 3252 nullo

317 3284 471 3318 dependens
501 3284 562 3318 est.)
590 3284 678 3308 Omne
707 3289 794 3308 autem
823 3283 894 3315 quod
921 3290 973 3306 non
1002 3281 1131 3314 dependet
1159 3280 1190 3304 ab
1216 3279 1268 3304 alio
1288 3280 1355 3304 sicut
1383 3286 1397 3303 a

317 3336 413 3368 causa>
434 3334 459 3371 (5
478 3335 609 3368 Amplius.
630 3334 727 3369 Deum)
747 3340 789 3359 est
813 3341 922 3359 necesse
945 3341 1005 3358 esse
1025 3333 1088 3364 <per
1112 3331 1248 3364 seipsum>
1275 3331 1342 3355 sicut
1366 3337 1396 3355 ex
1411 3339 1437 3354 οη

321 3395 402 3420 supra
420 3387 495 3412 dictis
515 3391 594 3420 patet.
613 3387 639 3411 Si
659 3386 737 3419 igitur
749 3391 810 3410 sunt
823 3384 888 3418 (duo
902 3385 953 3416 vel)
974 3385 1063 3417 plures
1083 3384 1125 3413 dii,
1138 3387 1242 3415 oportet
1260 3389 1320 3406 esse
1334 3381 1397 3412 (duo

316 3438 371 3472 vel)
389 3438 464 3471 plura
483 3438 562 3463 simul
577 3445 693 3470 quorum
712 3443 854 3469 utrumque
873 3437 906 3460 sit
925 3434 1001 3469 (<per
1020 3434 1078 3468 se>)
1092 3441 1202 3459 necesse
1220 3441 1289 3458 esse.
1309 3433 1341 3457 Et
1360 3432 1397 3456 sic

317 3489 342 3514 in
364 3489 422 3514 istis
441 3489 558 3522 (duobus
576 3487 630 3522 vel)
648 3488 768 3521 pluribus
788 3492 892 3520 oportet
912 3487 963 3511 duo
986 3485 1140 3518 intelligere,
1163 3484 1262 3509 scilicet
1280 3491 1340 3508 esse
1359 3482 1396 3507 di-

317 3541 440 3565 stinctum
461 3539 703 3572 (uniuscuiusque)
729 3537 890 3572 (utriusque)
909 3544 1009 3566 eorum¹
1029 3542 1054 3561 et
1076 3543 1168 3560 eorum
1196 3533 1396 3560 concomitantia

317 3591 470 3623 adinvicem,
491 3599 540 3625 per
558 3599 639 3624 quam
653 3592 775 3616 dicuntur
791 3591 870 3615 simul
890 3589 998 3614 inveniri
1011 3589 1048 3621 (in
1067 3595 1156 3612 rerum
1169 3586 1281 3619 natura).
1300 3586 1396 3611 Neces-
1409 3590 1433 3614 63

317 3644 380 3670 sitas
400 3644 414 3659 *
430 3649 518 3669 autem
538 3651 591 3668 non
610 3648 699 3677 potest
716 3643 820 3668 attribui
840 3643 897 3668 istis
916 3641 1020 3666 duobus
1040 3641 1087 3665 nisi
1110 3640 1194 3664 tribus
1218 3638 1314 3664 modis.
1336 3638 1396 3663 Uno

317 3696 398 3721 modo
426 3702 455 3721 ut
477 3696 621 3720 necessitas
645 3695 801 3720 attribuatur
819 3693 924 3726 utrique
947 3698 1074 3726 quantum
1098 3692 1130 3716 ad
1154 3695 1305 3722 utrumque,
1329 3690 1397 3714 idest

317 3748 390 3781 quod
403 3748 613 3781 unumquodque
626 3754 718 3772 eorum
731 3748 765 3772 sit
777 3747 802 3771 in
816 3753 845 3771 se
858 3745 1050 3770 consideratum
1064 3742 1250 3771 necessarium,
1263 3746 1290 3767 et
1302 3741 1395 3766 iterum

318 3798 519 3824 concomitantia
531 3798 587 3823 eius
600 3799 633 3823 ad
646 3799 757 3823 alterum
771 3798 805 3822 sit
818 3796 978 3827 necessaria3
998 3796 1048 3820 alio
1061 3794 1142 3819 modo
1155 3798 1185 3818 ut
1197 3791 1395 3818 concomitantia

1454 2359 1512 2377 sam
1531 2352 1704 2384 superiorem.
1726 2352 1768 2376 Sic
1786 2352 1864 2384 igitur
1885 2360 1937 2376 non
1964 2357 2051 2385 potest
2068 2352 2129 2385 poni
2153 2353 2224 2385 quod
2249 2353 2300 2377 sint
2322 2353 2398 2385 plura
2415 2360 2528 2386 quorum

1455 2406 1546 2428 utrum
1568 2403 1706 2436 quodlibet
1726 2404 1759 2427 sit
1777 2410 1887 2428 necesse
1906 2396 1974 2428 esse.
1994 2403 2026 2428 Et
2050 2404 2083 2428 ita
2105 2409 2209 2437 oportet
2227 2412 2324 2437 ponere
2343 2412 2424 2429 unum
2443 2405 2529 2430 Deum

1454 2461 1562 2480 tantum.
1582 2453 1599 2490 ἓ
1616 2450 1743 2481 Adhuc.
1762 2450 1795 2482 Si
1818 2458 1892 2481 sunt
1908 2450 1975 2481 duo
1992 2461 2132 2491 quorum
2152 2457 2234 2488 quod!
2254 2451 2457 2495 (utrumque)
2482 2459 2529 2483 est

1454 2513 1586 2534 necesse
1615 2512 1694 2542 esse,
1719 2514 1782 2539 ergo
1801 2506 1960 2531 conveniunt
1979 2502 2123 2543 (oportet
2147 2504 2237 2543 quod
2262 2504 2470 2544 conveniant)
2494 2505 2527 2534 in

1454 2555 1635 2585 intentione
1652 2554 1850 2584 necessitatis
1867 2554 2004 2586 essendi.
2026 2554 2164 2594 Oportet
2188 2555 2284 2594 igitur
2308 2555 2397 2595 quod
2417 2555 2527 2586 distin·

1453 2612 1593 2645 guantur
1609 2607 1625 2622 ὓ
1642 2615 1700 2646 per
1715 2605 1838 2645 aliquid
1855 2605 1944 2645 quod
1962 2605 2088 2636 additur
2104 2606 2153 2636 vel
2171 2607 2226 2636 uni
2240 2612 2365 2636 tantum
2382 2607 2432 2636 vel
2450 2607 2527 2636 utri-

1455 2667 1528 2697 que.
1555 2657 1595 2687 Et
1620 2658 1664 2687 sic
1679 2682 1686 2688 .
1701 2680 1707 2686 .
1723 2680 1730 2686 .
1748 2666 1809 2686 nec
1831 2656 1939 2696 plures
1956 2656 2044 2688 deos.
2069 2658 2086 2695 ξ
2110 2657 2270 2697 AmpliuS.
2297 2657 2377 2687 Illud
2402 2658 2434 2687 in
2459 2667 2526 2697 quo

1454 2709 1606 2740 differunt
1623 2734 1630 2741 .
1645 2734 1653 2741 .
1668 2733 1674 2738 .
1691 2709 1900 2739 accidentale.
1929 2709 2014 2747 Quia
2038 2719 2137 2740 omne
2161 2710 2250 2750 quod
2275 2709 2403 2740 advenit
2426 2712 2471 2741 rei
2490 2715 2527 2740 sic

1454 2773 1514 2790 esse
1537 2773 1616 2790 suum
1637 2765 1774 2798 complens
1798 2770 1840 2789 est
1858 2764 1978 2790 accidens
2003 2762 2096 2801 (nihil
2120 2761 2240 2792 faciens
2268 2761 2307 2791 ad
2333 2771 2402 2791 esse
2426 2762 2526 2802 ipsius

1454 2818 1500 2843 est
1524 2811 1696 2854 accidens.)
1726 2817 1781 2840 Aut
1805 2812 1891 2852 Ergo
1917 2813 1979 2843 hoc
2004 2812 2152 2842 accidens
2174 2812 2272 2851 habet
2296 2822 2436 2844 causam.
2459 2813 2527 2843 Aut

1453 2875 1530 2905 ergo
1562 2866 1733 2895 essentiam
1766 2866 1835 2895 eius
1859 2865 1949 2905 quod
1981 2871 2027 2895 est
2054 2875 2186 2895 necesse
2218 2875 2296 2901 esse,
2322 2871 2375 2895 aut
2405 2866 2526 2906 aliquid

1453 2918 1549 2948 aliud.
1575 2918 1607 2948 Si
1637 2917 1807 2947 essentiam
1841 2918 1919 2953 eius,
1949 2927 2023 2947 cum
2048 2918 2115 2957 ipsa
2140 2917 2310 2947 necessitas
2335 2917 2460 2947 essendi
2487 2918 2526 2947 sit

1453 2969 1589 2999 essentia
1614 2969 1694 3004 eius,
1711 2973 1746 2998 ut
1771 2977 1807 2997 ex
1833 2977 1928 3007 supra
1946 2968 2038 2998 dictis
2062 2976 2150 2997 ostens
2169 2973 2265 3007 patet,
2291 2968 2461 2997 necessitas
2478 2977 2525 2997 es-

1453 3018 1542 3049 sendi
1568 3019 1627 3048 erit
1655 3028 1751 3048 causa
1774 3023 1914 3054 utriusque
1939 3018 2023 3048 illius
2051 3018 2233 3048 accidentis.
2264 3017 2326 3047 Sed
2354 3018 2525 3047 necessitas

1453 3070 1650 3100 essendi
1667 3079 1800 3100 necesse
1831 3079 1899 3100 esse
1931 3079 1988 3109 per
2017 3071 2168 3109 seipsum.
2197 3070 2228 3099 Si
2254 3075 2361 3099 autem
2389 3068 2468 3099 illud
2492 3069 2525 3099 in

1453 3131 1520 3162 quo
1538 3122 1779 3161 distinguuntur
1796 3121 1835 3150 sit
1851 3122 2065 3151 necessarium
2091 3121 2130 3150 ad
2154 3121 2374 3150 necessitatem
2401 3119 2525 3150 essendi

1453 3172 1694 3213 complendam,
1719 3178 1774 3202 aut
1793 3172 1856 3202 hoc
1881 3173 1938 3202 erit
1963 3173 2038 3212 quia
2063 3172 2141 3201 illud
2163 3175 2276 3207 ponitur
2299 3171 2473 3201 includitur
2491 3172 2525 3201 in

1452 3226 1577 3257 ratione
1601 3223 1800 3254 necessitatis
1820 3223 1958 3259 essendi,
1983 3224 2065 3253 sicut
2089 3225 2265 3253 animatum
2294 3222 2468 3252 includitur
2492 3222 2525 3252 in

1453 3275 1642 3306 definitione
1667 3275 1830 3310 animalis;
1856 3281 1910 3304 aut
1934 3275 1997 3304 hoc
2022 3275 2079 3304 erit
2104 3275 2179 3314 quia
2204 3274 2375 3304 necessitas
2399 3272 2525 3303 essendi

1453 3325 1657 3367 specificatur
1684 3335 1742 3366 per
1765 3325 1856 3362 illud,
1885 3326 1966 3355 sicut
1994 3326 2112 3355 animal
2139 3325 2321 3365 completur
2345 3334 2402 3364 per
2428 3324 2525 3354 ratio-

1453 3378 1534 3408 nale.
1560 3378 1592 3408 Si
1611 3378 1717 3418 primo
1734 3377 1846 3413 modo,
1864 3388 1927 3413 ergo
1947 3383 2076 3417 oportet
2101 3377 2190 3417 quod
2209 3401 2215 3408 .
2231 3402 2237 3408 .
2253 3402 2260 3408 .
2278 3377 2455 3406 animatum
2484 3375 2525 3406 Et

1452 3431 1507 3465 sic,
1533 3439 1609 3459 cum
1634 3433 1687 3457 duo
1702 3440 1739 3464 pr
1755 3429 1914 3458 ambobus
1943 3428 2113 3468 praedictis
2141 3429 2330 3458 attribuatur
2353 3427 2525 3457 necessitas

1453 3481 1589 3517 essendi,
1607 3480 1788 3510 secundum
1811 3479 1892 3509 illud
1916 3479 2069 3519 distingui
2086 3489 2153 3509 non
2170 3484 2334 3519 poterunt.
2359 3478 2392 3508 Si
2416 3483 2525 3508 autem

1451 3531 1596 3562 secundo
1613 3531 1713 3562 modo
1729 3555 1754 3561 ..
1766 3556 1773 3562 .
1786 3531 1983 3561 necessitatis
2000 3530 2135 3560 essendi.
2149 3529 2249 3567 Quod
2262 3535 2309 3560 est
2324 3521 2524 3569 impossibile

1451 3590 1584 3624 propter
1608 3584 1685 3615 duo.
1712 3582 1849 3623 (Primo)
1875 3583 1949 3622 quia
1967 3605 1974 3612 .
1989 3607 1996 3614 .
2012 3606 2018 3612 .
2035 3581 2246 3621 impossibile.
2263 3581 2338 3611 Non
2360 3587 2407 3611 est
2430 3581 2525 3620 igitur

1451 3635 1603 3675 possibile
1629 3643 1750 3674 ponere
1774 3634 1865 3674 plura
1890 3642 2032 3674 quorum
2058 3632 2226 3672 quodlibet
2245 3633 2285 3662 sit
2307 3641 2439 3662 necesse
2456 3641 2524 3662 esse

1454 3688 1524 3728 (per
1548 3684 1716 3726 seipsum.)
1742 3688 1757 3723 ἓ
1775 3689 1848 3714 Item.
1868 3689 1893 3714 Si
1913 3689 2055 3713 necessitas
2082 3687 2186 3713 essendi
2211 3687 2357 3712 attribuitur
2378 3687 2462 3717 alicui,
2482 3691 2526 3711 aut

1451 3741 1593 3766 necessitas
1617 3740 1720 3764 essendi
1742 3739 1848 3764 habebit
1867 3739 2041 3764 necessariam
2061 3738 2074 3753 ³¹
2086 3737 2264 3763 habitudinem
2289 3737 2320 3762 ad
2344 3737 2408 3762 illud
2428 3737 2468 3761 cui
2486 3741 2524 3761 at-

1450 3791 1578 3822 tribuitur,
1595 3796 1638 3816 aut
1653 3798 1713 3815 non.
1728 3790 1759 3814 St'
1771 3790 1849 3815 habet
1863 3789 2041 3815 necessariam
2054 3788 2237 3814 habitudinem
2258 3787 2296 3812 ad
2310 3787 2378 3812 illud
2389 3787 2433 3812 cui
2444 3786 2523 3811 attri-

317 3849 395 3875 unius
414 3850 446 3875 ad
466 3850 578 3874 alterum
597 3849 631 3874 sit
648 3849 795 3874 necessaria
815 3854 840 3873 et
859 3853 1000 3880 utrumque
1015 3853 1107 3871 eorum
1122 3844 1265 3869 secundum
1286 3851 1315 3867 se
1333 3850 1396 3867 con·
1409 3852 1435 3872 7⁰
1450 3843 1542 3867 buitur
1561 3845 1610 3866 aut
1629 3849 1692 3867 non.
1710 3841 1736 3866 Si
1755 3841 1834 3866 habet
1852 3839 2025 3865 necessariam
2045 3839 2222 3864 habitudinem
2246 3839 2278 3863 ad
2297 3838 2370 3868 illud,
2389 3844 2451 3869 ergo
2469 3844 2522 3860 non

391 3935 489 3962 53—61.
509 3936 631 3969 Amplius
644 3954 651 3960 .
661 3953 669 3960 .
680 3953 687 3959 .
701 3935 780 3967 patet]
800 3935 935 3959 Notandae
954 3933 994 3957 hic
1012 3939 1066 3956 tres
1085 3930 1255 3955 redactioncs.
1274 3929 1368 3958 Prima,
1387 3928 1503 3952 Nomine
1516 3944 1524 3952 .
1535 3945 1541 3951 .
1551 3944 1558 3951 .
1574 3933 1605 3951 eo
1623 3926 1704 3959 quod.
1724 3926 1849 3956 Secunda,
1873 3924 1970 3950 Omnes
1984 3942 1991 3950 .
2003 3941 2010 3949 .
2021 3941 2029 3950 .
2046 3924 2115 3949 sicut
2127 3931 2145 3948 a
2163 3930 2252 3948 causa.
2272 3922 2368 3951 Tertia.
2382 3921 2467 3946 Deum
2482 3923 2523 3946 est

317 3988 422 4007 necesse
439 3988 543 4006 esse...
548 3983 628 4013 patet
647 3979 734 4004 Prima
753 3979 866 4004 decurrit
884 3979 934 4002 sic:
953 3977 1075 4009 Amplius
1094 3975 1208 4000 NomIne
1223 3981 1301 3999 ...eo
1320 3972 1392 4005 quod
1410 3978 1500 3997 omnes
1521 3971 1628 3996 nomine
1648 3971 1700 3995 Dei
1719 3970 1873 4003 intelligunt
1891 3969 2010 4002 primam
2029 3975 2148 3995 causam.
2167 3967 2251 3992 Omne
2269 3969 2358 3991 autem
2377 3965 2450 3998 quod
2468 3972 2520 3990 non

317 4025 449 4059 dependet
467 4026 501 4051 ab
519 4025 575 4050 alio
593 4025 663 4050 sicut
680 4031 698 4048 a
716 4030 800 4049 causa
818 4026 858 4048 est
876 4029 980 4048 necesse
998 4028 1055 4047 esse
1069 4027 1122 4053 per
1139 4019 1254 4051 seipsum
1269 4018 1339 4043 sicut
1351 4024 1388 4042 ex
1400 4023 1483 4048 supra
1503 4015 1582 4041 dictis
1597 4017 1684 4047 patet.
1701 4027 1721 4033 -
1739 4014 1859 4039 Secunda
1872 4014 1941 4039 delet
1953 4013 2068 4038 Nomine
2080 4029 2086 4037 .
2098 4030 2119 4037 ..
2130 4019 2160 4036 eo
2179 4010 2251 4044 quod
2268 4017 2315 4043 per
2333 4012 2432 4039 ita-cat,
2451 4008 2522 4033 addit

317 4071 363 4104 qut·
381 4071 415 4096 de
434 4071 494 4096 Deo
513 4071 660 4102 loquuntur
684 4074 710 4093 et
733 4075 780 4092 nec
799 4067 930 4092 alteri...
943 4066 1095 4099 dependens
1114 4068 1160 4094 est,
1181 4069 1206 4088 et
1226 4063 1293 4087 delet
1306 4069 1360 4095 per
1377 4061 1502 4093 seipsum.
1521 4074 1538 4078 -
1558 4059 1690 4085 Omnibus
1710 4064 1813 4091 praeter
1830 4057 1909 4083 finem
1929 4057 2029 4087 deletis,
2052 4057 2125 4081 tertia
2145 4061 2198 4080 est:
2221 4053 2351 4086 Amplius.
2376 4053 2463 4078 Deum
2481 4056 2522 4078 est

318 4123 422 4142 necesse
441 4123 497 4141 esse
515 4115 585 4140 sicut
603 4121 642 4139 ex
660 4120 744 4146 supra
764 4113 842 4138 dictis
857 4115 945 4144 patet.

2559 2100 2566 2107 ·
2577 2098 2636 2119 (insu
2649 2104 2690 2126 pro
2701 2104 2716 2119 e.

2555 2610 2648 2631 9rat.

2552 3736 2585 3756 lb.
2602 3736 2647 3756 bi.
