2768 4134
39 2575 47 2584 ·
54 2574 253 2602 Cap.xx1u‚xx¹v.

37 3474 45 3482 “
63 3473 118 3499 Cap.
134 3479 208 3501 praec.

295 304 371 352 374

347 380 600 414 Advertendum,
626 388 701 408 cum
726 377 841 408 dicitur
868 378 986 407 bonum
1012 375 1137 406 ordinis
1160 374 1364 405 diversorum
1389 372 1393 417 Ι

291 436 359 456 esse
387 425 501 455 melius
527 423 670 464 quolibet
693 422 932 456 ordinatorum,
958 420 1048 461 quod
1077 419 1266 459 intelligitur
1295 427 1364 449 non
1416 418 1487 449 sine
1511 418 1754 459 inaequalitate,
1778 417 1953 449 dubitatur.
1977 418 2064 457 Quia
2087 420 2121 450 in
2145 419 2261 452 divinis
2279 421 2430 454 Personis
2445 428 2493 454 est

292 470 331 500 de
353 470 425 509 ipso
449 473 597 508 respectu
622 466 802 497 secundum
826 475 870 502 se,
890 465 1003 495 relatio
1029 465 1115 495 enim
1140 469 1187 495 est
1210 463 1364 493 minimae
1417 461 1510 494 ordo.
1535 462 1577 493 Et
1600 468 1710 494 tamen
1733 458 1802 495 non
1826 468 1874 494 est
1895 463 1941 493 ibi
1963 463 2185 504 inaequalitas.

292 513 439 548 entitatis,
457 517 487 543 et
502 521 561 552 per
581 520 785 551 consequens
809 510 963 540 minimae
986 509 1138 540 bonitatis
1163 513 1225 538 est:
1252 506 1308 538 sed
1324 506 1365 537 de

290 558 366 598 ipsis
391 556 539 587 extremis
563 555 685 586 ordinis
701 560 737 586 ut
754 554 899 585 ordinata
915 560 1000 585 sunt.
1017 571 1040 576 -
1054 552 1181 584 Eodem
1197 551 1299 582 modo
1315 552 1365 581 in-

290 600 501 641 telligendum
518 605 565 630 est
586 600 676 640 quod
699 601 733 630 in
755 599 821 630 fine
840 599 971 639 capituli
989 598 1117 629 dicitur:
1136 597 1257 627 scilicet
1273 595 1364 636 quod

290 646 371 677 ordo
394 645 538 676 universi
561 650 608 675 est
631 644 746 675 ultima
763 650 794 675 et
810 644 1010 674 nobilissima
1027 642 1190 683 perfectio
1208 641 1240 671 in
1259 640 1363 671 rebus.

709 299 897 337 SUMMA
927 297 1149 334 CONTRA
1178 295 1453 341 GENTILES,
1482 296 1577 332 LIB.
1598 296 1639 340 ΙΙ,
1670 295 1782 332 CAP.
1803 297 1921 342 XLV,
1941 297 2074 334 XLVI.

1473 373 1568 405 Circa
1590 374 1679 404 illam
1701 374 1976 414 propositionem,
1999 374 2091 415 quod
2115 375 2191 406 talis
2214 376 2297 407 ordo
2322 387 2388 408 non
2412 383 2495 409 esset

1473 507 1599 537 Dicitur
1623 507 1714 548 quod
1737 507 1883 548 loquitur
1905 508 1959 538 hic
1983 507 2120 539 Sanctus
2143 508 2289 539 Thomas
2315 508 2356 540 de
2379 510 2493 542 ordine

1417 551 1532 592 prioris
1556 557 1588 582 et
1610 552 1816 592 posterioris:
1839 561 1909 583 non
1933 558 2043 583 autem
2066 552 2107 584 de
2130 552 2245 584 ordine
2269 553 2401 594 originis
2423 559 2493 585 tan-

1417 602 1498 632 tum,
1524 596 1708 627 cuiusmodi
1732 602 1780 627 est
1803 596 1884 627 ordo
1908 597 1992 628 inter
2014 597 2138 628 divinas
2161 597 2318 629 Personas
2338 603 2493 639 repertus.

1474 640 1706 672 Coxrmmrun
1728 641 1808 672 Gen.
1825 651 1847 678 1,
1863 642 1920 672 ubi
1937 641 2063 679 dicitur,
2085 642 2169 673 Vidit
2183 643 2274 674 Deus
2298 647 2416 674 cuncta
2432 648 2493 674 etc.

1347 729 1418 771 Q.

579 879 1062 937 CAPITULUM
1100 879 1828 957 QUADRAGESIMUM
1865 879 2215 936 SEXTUM

290 1011 464 1064 QUOD
500 1009 810 1052 OPORTUIT
844 1008 931 1049 AD
965 1008 1444 1049 PERFECTIONEM
1478 1008 1767 1050 UNIVERSI
1805 1007 2080 1061 ALIQUAS
2120 1009 2494 1053 CREATURAS

1018 1070 1572 1112 INTELLECTUALES
1607 1070 1759 1112 ESSE

307 1198 313 1205 κ
352 1217 358 1221 ,
463 1192 481 1226 3<
496 1186 542 1211 Ac
570 1173 681 1222 igitur
710 1173 892 1212 existente
921 1187 1038 1212 causa
1065 1174 1292 1212 diversitatis
1320 1174 1360 1211 in

310 1219 317 1252 ἶ
346 1223 421 1266 ἧς*
457 1225 485 1283 ξ
510 1227 637 1274 rebus,
668 1236 781 1264 restat
810 1239 916 1265 nunc
948 1228 996 1265 de
1030 1228 1147 1265 rebus
1176 1228 1360 1265 distinctis

346 1294 378 1337 ζ’.
471 1285 478 1300 ·'
508 1280 708 1329 prosequi,
739 1289 931 1330 quantum
960 1281 1010 1318 ad
1038 1281 1130 1319 fidei
1159 1281 1359 1319 veritatem

307 1362 315 1369 f
353 1328 421 1372 322²-
461 1335 475 1363 ²?
510 1334 690 1383 pertinet:
732 1335 840 1383 quod
874 1343 953 1372 erat
990 1335 1146 1372 tertium
1181 1348 1205 1373 a
1246 1335 1360 1373 nobis

286 1388 577 1438 propositorum
596 1387 627 1423 ²³⁶.
658 1388 706 1424 Et
735 1389 987 1425 ostendemus
1015 1388 1156 1438 primo,
1176 1389 1285 1439 quod
1312 1400 1359 1426 ex

286 1441 415 1479 divina
457 1440 708 1490 dispositione
746 1441 1023 1491 perfectionem
1065 1443 1182 1480 rebus
1224 1441 1359 1479 creatis

285 1494 502 1532 secundum
541 1506 659 1531 suum
696 1495 864 1532 modum
902 1495 1092 1545 optimam
1131 1495 1357 1545 assignante,

284 1559 528 1597 consequens
560 1547 629 1585 fuit
662 1549 770 1598 quod
799 1549 992 1599 quaedam
1024 1558 1221 1587 creaturae
1250 1549 1356 1587 intel-

283 1602 463 1639 lectuales
490 1601 645 1648 fierent,
676 1601 715 1639 in
744 1614 903 1640 summo
932 1615 1064 1640 rerum
1093 1603 1235 1641 vertice
1265 1615 1357 1642 con-

284 1655 446 1692 stitutae.

336 1709 452 1746 Tunc
462 1708 568 1745 enim
579 1708 739 1746 effectus
749 1709 919 1747 maxime
930 1710 1120 1760 perfectus
1131 1718 1187 1747 est
1197 1711 1356 1760 quando

282 1761 321 1798 in
341 1774 459 1799 suum
479 1761 576 1799 redit
594 1762 845 1813 principium:
874 1764 980 1801 unde
1007 1771 1044 1800 et
1074 1764 1240 1801 circulus
1259 1763 1358 1801 inter

284 1827 421 1852 omnes
449 1814 609 1864 figuras,
639 1824 676 1853 et
704 1825 836 1854 motus
865 1817 1058 1855 circularis
1091 1817 1189 1854 inter
1218 1829 1356 1855 omnes

283 1876 424 1915 motuS‚
445 1877 500 1906 est
519 1869 690 1907 maxime
709 1871 910 1920 perfectUS‚
931 1870 1023 1920 quia
1042 1870 1082 1907 in
1104 1870 1157 1908 eis
1180 1871 1229 1908 ad
1252 1870 1356 1921 prin-

282 1922 428 1972 cipium
457 1922 613 1960 reditur.
648 1924 710 1960 Ad
745 1924 820 1961 hoc
849 1924 962 1972 igitur
990 1924 1098 1973 quod
1126 1924 1355 1961 universum
1372 1944 1380 1958 ι

282 1984 547 2013 creaturarum
575 1977 755 2014 ultimam
783 1977 1060 2027 perfectionem
1083 1985 1355 2028 consequatur,

283 2037 433 2079 oportet
453 2038 647 2068 creaturas
666 2031 715 2068 ad
735 2043 853 2068 suum
874 2031 997 2068 redire
1017 2030 1263 2081 principium.
1281 2033 1355 2069 Re-

283 2083 403 2120 deunt
431 2091 562 2121 autem
600 2084 648 2121 ad
685 2096 803 2122 suum
837 2084 1074 2135 principium
1113 2084 1284 2134 singulae
1320 2093 1356 2122 et

283 2149 419 2173 omnes
448 2145 644 2175 creaturae
674 2137 907 2188 inquantum
937 2138 995 2176 sui
1024 2137 1202 2189 principii
1226 2138 1355 2176 simili-

282 2189 458 2228 tudinem
490 2199 628 2239 gerunt
661 2192 879 2229 secundum
914 2204 1031 2229 suum
1066 2204 1148 2229 esse
1177 2200 1214 2229 et
1242 2204 1382 2230 suam:

282 2251 472 2290 naturam,
503 2244 542 2281 in
571 2244 714 2294 quibus
749 2245 949 2294 quandam
983 2245 1259 2295 perfectionem
1287 2247 1355 2283 ha-

282 2297 390 2334 bent:
413 2296 509 2334 sicut
524 2305 560 2334 et
575 2309 713 2335 omnes
729 2299 888 2336 effectus
908 2306 1000 2335 tunc
1015 2298 1185 2336 maxime
1199 2298 1355 2349 perfecti

283 2358 371 2387 sunt
400 2351 558 2399 quando
588 2351 758 2388 maxime
794 2351 1011 2389 similantur
1042 2363 1180 2389 causae
1217 2351 1354 2401 agenti,

283 2411 324 2440 ut
345 2403 487 2441 domus
507 2405 666 2453 quando
695 2405 865 2442 maxime
895 2404 1082 2442 similatur
1101 2405 1181 2451 arti,
1202 2413 1238 2442 et
1258 2405 1354 2454 ignis

282 2457 442 2506 quando
462 2457 632 2495 maxime
657 2457 844 2496 similatur
871 2458 1078 2506 generanti.
1111 2458 1213 2496 Cum
1242 2458 1355 2508 igitur

282 2509 493 2547 intellectus
522 2511 594 2548 Dei
622 2520 886 2549 creaturarum
914 2511 1180 2562 productionis
1214 2512 1354 2561 princi-

281 2563 392 2612 pium
421 2564 476 2610 sit,
506 2573 549 2601 ut
577 2577 693 2615 supra
712 2565 732 2587 '³‘
760 2573 960 2602 ostensum
996 2573 1065 2611 est,
1095 2577 1252 2603 necesse
1284 2565 1354 2603 fuit

281 2616 328 2653 ad
358 2625 622 2655 creaturarum
650 2618 926 2667 perfectionem
947 2619 1053 2668 quod
1075 2618 1226 2668 aliquae
1249 2631 1353 2656 crea-

280 2678 387 2707 turae
417 2679 543 2708 essent
570 2671 830 2720 intelligentes.

333 2723 523 2774 Amplius.
541 2724 727 2763 Perfectio
743 2725 914 2763 secunda
928 2724 967 2762 in
983 2725 1099 2763 rebus
1114 2725 1219 2762 addit
1234 2738 1353 2776 supra

277 2777 457 2827 primam.
490 2777 596 2816 Sicut
619 2786 750 2815 autem
776 2791 858 2816 esse
879 2786 915 2815 et
934 2787 1071 2816 natura
1097 2778 1150 2816 rei
1176 2779 1351 2817 conside-

279 2839 383 2868 ratur
411 2832 630 2869 secundum
658 2832 827 2882 primam
855 2831 1149 2882 perfectionem,
1180 2831 1230 2869 ita
1259 2844 1351 2882 ope-

278 2884 373 2922 ratio
403 2885 622 2922 secundum
654 2885 932 2935 perfectionem
966 2885 1190 2923 secundam.
1223 2885 1351 2936 Opor-

277 2937 347 2975 tuit
374 2937 497 2986 igitur,
527 2938 577 2976 ad
611 2947 922 2976 consummatam
953 2938 1122 2976 universi
1150 2939 1350 2988 perfectio-

277 3003 380 3037 nem,
397 3003 480 3029 esse
495 2991 643 3042 aliquas
658 3000 852 3029 creaturas
867 3004 967 3041 quae
983 2991 1022 3029 in
1037 2992 1168 3029 Deum
1184 2992 1351 3030 redirent

277 3057 357 3082 non
387 3046 515 3082 solum
536 3046 754 3082 secundum
775 3053 934 3082 naturae
954 3045 1257 3091 similitudinem,
1282 3046 1349 3084 sed

277 3098 392 3135 etiam
413 3111 482 3148 per
502 3098 781 3148 operationem.
809 3099 921 3146 Quae
942 3098 1102 3148 quidem
1124 3110 1204 3136 non
1224 3107 1350 3149 potest

277 3164 358 3188 esse
379 3151 450 3189 nisi
470 3164 541 3202 per
559 3160 689 3189 actum
718 3151 929 3189 intellectus
950 3159 986 3188 et
1004 3152 1228 3189 voluntatis:
1257 3152 1350 3202 quia

277 3217 348 3242 nec
377 3205 457 3255 ipse
487 3205 594 3243 Deus
623 3205 730 3243 aliter
757 3217 846 3254 erga
879 3204 1052 3254 seipsum
1081 3205 1349 3255 operationem

278 3258 403 3295 habet.
426 3258 609 3308 Oportuit
634 3258 756 3306 igitur,
782 3259 830 3296 ad
855 3258 1131 3307 perfectionem
1159 3258 1349 3308 optimam

278 3311 458 3358 universi,
488 3324 570 3349 esse
599 3312 747 3361 aliquas
776 3320 969 3349 creaturas
998 3311 1280 3349 intellectuales.

330 3365 481 3402 Adhuc.
504 3365 563 3402 Ad
585 3366 660 3402 hoc
680 3366 786 3415 quod
807 3365 972 3415 perfecte
993 3364 1146 3402 divinae
1169 3365 1348 3403 bonitatis

278 3418 572 3466 repraesentatio
606 3430 676 3468 per
708 3426 901 3455 creaturas
938 3418 1061 3464 fieret,
1092 3418 1275 3468 oportuit,
1306 3427 1348 3456 ut

278 3482 393 3519 supra
407 3471 432 3511 *‚
454 3480 653 3509 ostensum
675 3480 740 3516 est,
761 3484 841 3509 non
864 3472 992 3509 solum
1012 3472 1121 3521 quod
1140 3483 1200 3509 res
1219 3471 1346 3509 bonae

333 3585 342 3602 ι
366 3579 390 3603 in
409 3579 487 3604 rebus
506 3587 548 3605 om
569 3580 622 3606 GZ.

278 3612 357 3646 mam]
378 3614 505 3646 optimum
525 3615 608 3642 aEPc.

331 3655 362 3672 12
383 3650 459 3682 quae]
479 3650 523 3683 qui
543 3650 610 3676 GPc.

276 3683 342 3716 ignis
362 3684 404 3708 ΝΡ

701 3616 734 3642 30
753 3617 778 3641 in
797 3617 876 3642 rebus
896 3624 938 3642 om
958 3617 986 3647 Z.
1006 3620 1070 3642 ante
1088 3617 1202 3642 secunda
1221 3616 1307 3642 aDW.

703 3659 734 3676 22
755 3651 852 3685 autem]
872 3652 948 3686 igitur
967 3652 1063 3678 aWPc.

1382 1408 1391 1428 5

1370 2476 1392 2497 ²5

1369 2743 1394 2764 30

1367 3010 1388 3030 35

1364 3281 1390 3301 4⁰

709 3588 722 3605 2
743 3581 775 3606 de
794 3580 883 3614 rebus]
904 3581 937 3606 de
955 3581 1011 3606 istis
1030 3581 1108 3606 rebus
1128 3580 1181 3611 GZ,
1202 3582 1234 3606 de
1252 3581 1333 3606 rebus
1352 3581 1415 3614 ipsis
1429 3581 1460 3612 N,
1473 3581 1585 3614 deipsis
1598 3581 1677 3607 rebus
1691 3581 1799 3606 DYch.

1399 3617 1427 3642 31
1450 3616 1571 3651 primam]
1591 3617 1779 3650 perfectionem
1796 3615 1903 3641 addunt
1922 3614 1966 3640 Pc.

1162 3659 1194 3686 29
1215 3652 1270 3685 sed]
1291 3653 1337 3677 sed
1357 3652 1434 3677 etiam
1454 3652 1527 3678 YPd.

1416 1174 1564 1220 fierent,
1582 1175 1650 1212 sed
1665 1175 1780 1212 etiam
1796 1174 1905 1224 quod
1920 1175 1970 1212 ad
1988 1174 2155 1212 aliorum
2174 1175 2387 1213 bonitatem
2406 1188 2492 1226 age-

1416 1236 1510 1265 rent.
1541 1228 1786 1266 Assimilatur
1813 1235 1944 1265 autem
1972 1228 2139 1278 perfecte
2162 1228 2308 1278 aliquid
2327 1230 2433 1267 alteri
2451 1229 2492 1268 in

1416 1281 1566 1329 agendo
1605 1282 1764 1331 quando
1800 1293 1882 1318 non
1917 1282 2047 1319 solum
2080 1289 2136 1319 est
2169 1282 2308 1320 eadem
2344 1283 2492 1333 species

1415 1334 1587 1381 actionis,
1608 1335 1676 1372 sed
1695 1335 1813 1372 etiam
1832 1334 1938 1372 idem
1958 1335 2102 1373 modus
2125 1335 2276 1384 agendi.
2307 1336 2492 1386 Oportuit

1415 1387 1538 1437 igitur,
1558 1388 1607 1426 ad
1628 1401 1827 1426 summam
1844 1401 1976 1426 rerum
1995 1389 2284 1439 perfectionem,
2304 1390 2414 1439 quod
2433 1402 2491 1428 es-

1415 1450 1499 1479 sent
1526 1442 1678 1492 aliquae
1707 1449 1905 1480 creaturae
1938 1454 2040 1492 quae
2072 1451 2229 1492 agerent
2263 1444 2341 1481 hoc
2367 1444 2491 1482 modo

1415 1508 1495 1545 quo
1515 1496 1623 1533 Deus
1642 1495 1727 1545 agit.
1750 1496 1964 1534 Ostensum
1983 1503 2040 1533 est
2058 1503 2190 1534 autem
2210 1508 2329 1547 supra
2341 1496 2363 1519 ¹¹⁸
2381 1497 2491 1547 quod

1414 1549 1522 1586 Deus
1546 1549 1621 1598 agit
1648 1561 1719 1600 per
1746 1549 1983 1587 intellectum
2012 1557 2049 1588 et
2075 1551 2330 1588 voluntatem.
2361 1550 2490 1602 Opor-

1413 1602 1484 1640 tuit
1512 1602 1625 1652 igitur
1656 1602 1805 1653 aliquas
1837 1610 2032 1641 creaturas
2065 1615 2148 1641 esse
2176 1603 2426 1653 intelligentes
2453 1612 2492 1643 et

1373 1679 1381 1693 ι
1413 1657 1599 1694 volentes.

1467 1709 1657 1760 Amplius.
1689 1709 1910 1748 Similitudo
1939 1710 2099 1747 effectus
2122 1710 2172 1748 ad
2196 1722 2356 1748 causam
2375 1722 2491 1760 agen-

1412 1771 1491 1800 tem
1521 1762 1728 1801 attenditur
1755 1764 1975 1801 secundum
2002 1763 2171 1802 formam
2200 1763 2360 1801 effeetus
2387 1776 2489 1815 quae

1412 1816 1630 1867 praeexistit
1658 1816 1697 1854 in
1726 1824 1878 1866 agente:
1908 1829 2026 1866 agens
2055 1816 2161 1854 enim
2180 1817 2256 1866 agit
2272 1817 2345 1855 sibi
2364 1817 2488 1857 simile

1412 1869 1452 1907 in
1483 1870 1610 1908 forma
1647 1870 1867 1908 secundum
1896 1882 2018 1920 quam
2051 1869 2137 1919 agit.
2174 1870 2320 1909 Forma
2355 1879 2489 1917 autem

1412 1923 1558 1972 agentis
1590 1923 1772 1973 recipitur
1804 1923 1966 1973 quidem
2002 1922 2043 1960 in
2078 1923 2219 1962 effectu
2247 1924 2488 1975 quandoque

1412 1977 1632 2014 secundum
1660 1976 1831 2014 eundem
1868 1977 2036 2014 modum
2069 1977 2222 2015 essendi
2254 1989 2336 2027 quo
2365 1985 2421 2016 est
2447 1977 2489 2017 in

1412 2038 1559 2079 agente,
1579 2030 1676 2068 sicut
1695 2031 1821 2068 forma
1840 2029 1936 2079 ignis
1954 2030 2124 2080 generati
2144 2030 2316 2068 eundem
2336 2030 2488 2070 essendi

1412 2084 1528 2121 habet
1548 2084 1715 2122 modum
1735 2095 1828 2121 cum
1847 2083 1973 2122 forma
1992 2083 2090 2132 ignis
2107 2083 2341 2134 generantis3
2364 2096 2487 2135 quan·

1412 2137 1543 2188 doque
1581 2149 1675 2175 vero
1711 2138 1930 2176 secundum
1970 2137 2091 2176 alium
2122 2137 2290 2176 modum
2323 2137 2487 2186 essendi,

1411 2191 1509 2229 sicut
1545 2190 1671 2228 forma
1707 2191 1852 2228 domus
1890 2203 1991 2241 quae
2034 2198 2090 2229 est
2131 2190 2412 2240 intelligibiliter
2446 2191 2488 2230 in

1411 2252 1541 2282 mente
1574 2243 1746 2290 artificis,
1786 2244 1970 2294 recipitur
2004 2244 2251 2282 materialiter
2286 2244 2326 2282 in
2364 2245 2488 2284 domo

1411 2309 1512 2347 quae
1532 2305 1589 2334 est
1608 2305 1712 2334 extra
1732 2297 1917 2336 animam.
1939 2299 2047 2335 Patet
2066 2305 2199 2335 autem
2217 2298 2486 2348 perfectiorem

1411 2363 1494 2388 esse
1514 2350 1682 2400 primam
1703 2350 1997 2389 similitudinem
2012 2363 2134 2401 quam
2153 2351 2380 2389 secundam.
2396 2353 2486 2391 Per-

1410 2404 1522 2446 fectio
1556 2412 1687 2441 autem
1724 2404 1982 2443 universitatis
2014 2412 2280 2443 creaturarum
2315 2404 2488 2444 consistit

1411 2457 1450 2494 in
1479 2457 1728 2495 similitudine
1757 2457 1808 2495 ad
1836 2458 1983 2496 Deum:
2023 2457 2121 2496 sicut
2155 2457 2271 2496 etiam
2304 2458 2487 2508 perfectio

1410 2509 1614 2548 cuiuslibet
1628 2511 1789 2548 effectus
1803 2510 1843 2548 in
1859 2510 2108 2549 similitudine
2127 2511 2176 2549 ad
2192 2523 2352 2549 causam
2371 2523 2486 2562 agen-

1410 2572 1500 2602 tem.
1536 2564 1712 2614 Requirit
1749 2563 1863 2614 igitur
1898 2577 2055 2602 summa
2093 2564 2264 2603 universi
2300 2564 2485 2616 perfectio

1409 2629 1490 2655 non
1519 2619 1648 2655 solum
1682 2618 1897 2655 secundam
1934 2617 2252 2656 assimilationem
2286 2626 2485 2658 creaturae

1409 2671 1458 2709 ad
1486 2671 1635 2717 Deum,
1666 2671 1733 2709 sed
1761 2671 1946 2721 primam,
1977 2679 2168 2722 quantum
2202 2671 2387 2722 possibile
2415 2679 2483 2711 est.

1409 2725 1554 2762 Forma
1582 2732 1714 2763 autern
1749 2737 1820 2775 per
1854 2737 1975 2775 quam
2004 2725 2113 2763 Deus
2145 2724 2221 2774 agit
2253 2733 2484 2773 creaturam,

1408 2786 1464 2815 est
1482 2778 1607 2815 forma
1626 2777 1867 2827 intelligibilis
1886 2778 1926 2816 in
1945 2778 2047 2829 ipso:
2077 2786 2134 2816 est
2153 2778 2257 2816 enirn
2278 2790 2395 2828 agens
2413 2790 2486 2830 per

1407 2831 1660 2878 intellectum,
1691 2839 1734 2869 ut
1771 2844 1889 2882 supra
1916 2831 1937 2854 *
1975 2839 2176 2870 ostensum
2212 2840 2278 2870 est.
2319 2833 2487 2883 Oportet

1407 2884 1520 2935 igitur
1556 2885 1606 2922 ad
1644 2897 1844 2923 summam
1880 2885 2157 2936 perfectionem
2190 2884 2362 2924 universi
2399 2897 2483 2924 esse

1406 2938 1554 2988 aliquas
1583 2946 1776 2976 creaturas
1804 2938 1845 2976 in
1878 2938 2022 2989 quibus
2060 2939 2280 2977 secundum
2313 2951 2397 2977 esse
2425 2939 2483 2979 in-

1406 2991 1595 3041 telligibile
1613 2991 1751 3030 -sorma
1779 2991 1901 3030 divini
1928 2991 2142 3031 intellectus
2161 2991 2411 3043 exprimatur.
2433 2993 2484 3032 Et

1406 3046 1482 3082 hoc
1502 3054 1557 3082 est
1577 3057 1659 3082 esse
1688 3053 1882 3083 creaturas
1911 3045 2131 3084 secundum
2160 3058 2273 3084 suam
2301 3053 2482 3085 naturam

1405 3099 1688 3136 intellectuales.

1458 3153 1565 3189 Item.
1583 3152 1643 3189 Ad
1663 3151 1962 3202 productionem
1980 3160 2246 3190 creaturarum
2260 3151 2356 3190 nihil
2375 3150 2480 3190 aliud

1405 3213 1539 3243 movet
1567 3206 1698 3243 Deum
1726 3205 1800 3243 nisi
1829 3218 1899 3243 sua
1927 3205 2092 3253 bonitas,
2112 3217 2234 3256 quarn
2262 3204 2378 3243 rebus
2396 3203 2479 3243 aliis

1405 3258 1697 3296 communicare
1717 3258 1840 3297 voluit
1858 3259 2078 3297 secundum
2097 3258 2265 3297 modum
2293 3256 2478 3296 assimila-

1404 3311 1518 3349 tionis
1547 3312 1595 3349 ad
1625 3311 1766 3362 ipsum,
1796 3320 1839 3350 ut
1867 3324 1914 3350 ex
1942 3312 2052 3350 dictis
2071 3312 2092 3334 ⁸
2118 3318 2232 3362 patet.
2256 3309 2478 3348 Similitudo

1404 3374 1535 3402 autem
1565 3365 1682 3403 unius
1710 3365 1906 3403 invenitur
1933 3365 1973 3403 in
2001 3366 2120 3402 altero
2146 3363 2364 3414 dupliciter:
2394 3376 2477 3403 uno

1403 3419 1536 3465 modo,
1557 3426 1749 3468 quantum
1769 3419 1819 3456 ad
1839 3430 1921 3456 esse
1943 3426 2114 3463 naturae,
2140 3415 2237 3454 sicut
2265 3416 2476 3456 similitudo

1403 3471 1539 3510 caloris
1568 3471 1668 3521 ignei
1697 3479 1754 3509 est
1780 3471 1821 3509 in
1849 3483 1890 3509 re
1918 3470 2098 3509 calefacta
2125 3481 2196 3520 per
2223 3469 2370 3518 ignem;
2400 3469 2475 3509 alio

1882 3587 1901 3611 4
1919 3579 2023 3605 tertium
2038 3581 2103 3611 post
2115 3586 2130 3604 a
2143 3578 2219 3604 nobis
2234 3578 2288 3604 Gz.

2059 3613 2091 3648 39
2110 3614 2182 3639 Deus
2201 3622 2244 3640 om
2265 3614 2373 3641 anwx.

2024 3657 2059 3682 44
2078 3649 2155 3683 ignei]
2174 3650 2199 3675 in
2219 3650 2279 3683 igne
2297 3649 2352 3681 Gz,
2371 3649 2423 3684 igni
2441 3650 2475 3682 X,

2375 3587 2390 3612 7
2409 3579 2477 3612 opu·-

1629 3651 1662 3684 34
1681 3651 1826 3678 secundum
1845 3657 1887 3675 om
1908 3657 1933 3675 α.

2518 1499 2528 1510 ‘
2533 1497 2591 1527 Cap.
2597 1502 2663 1526 nur,
2670 1503 2733 1519 urv.

2511 2838 2726 2868 'Capaneum

2506 3319 2514 3329 ·
2520 3318 2594 3348 LibJ,
2601 3325 2720 3348 capuam!

2505 3351 2556 3374 sqq.
