2768 4134
294 294 368 332 580
758 289 945 326 SUMMA
974 287 1196 325 CONTRA
1225 285 1500 332 GENTILES,
1529 284 1624 322 LIB.
1646 283 1692 330 ΙΙ,
1718 284 1829 321 CAP.
1851 282 2016 322 XCVIII.

581 412 1089 508 {CAPITULUM
1124 441 1727 514 NONAGEsmuM
1765 440 2169 498 ocTAthM

445 571 756 628 QUOMODO
791 574 920 615 UNA
955 572 1345 615 SUBSTANTIA
1379 553 1708 612 SEPARATA
1742 530 2092 612 INTELL1G1T
2126 536 2348 654 ΑΠΑΜ-

289 708 350 762 εἰς
363 709 485 744 ,μοι
501 703 637 733 autem
660 694 894 732 substantiae
918 701 1116 744 separatae
1141 692 1354 741 intelligunt
1409 692 1578 730 inferiori
1601 692 1736 730 modo.
1757 692 1875 730 Tales
1899 699 2032 730 autem
2057 704 2195 731 causas
2223 701 2375 743 oportet
2403 706 2486 732 esse

286 747 351 791 ιη
363 737 466 805 {³
488 761 534 786 ea
549 760 650 798 quae
665 756 755 785 sunt
768 760 839 798 per
851 760 892 785 se
907 746 1164 796 intelligibilia,
1173 754 1216 784 ut
1225 754 1352 784 osten-
1408 746 1640 783 substantias
1668 753 1864 795 separatas
1887 745 2109 806 superiores
2127 746 2372 784 inferiorum:
2392 759 2486 785 cum

285 797 402 858 χιε-1
427 809 465 848 ’,ἢ
487 814 577 840 5ιιιιι
592 809 648 839 est
661 801 700 848 *3
715 813 786 851 per
800 813 840 838 se
856 808 987 839 autem
1002 799 1248 849 intelligibilia
1263 807 1353 837 sunt
1407 811 1489 836 non
1517 799 1592 836 sint
1619 798 1738 836 unius
1766 797 1909 849 speciei
1932 798 1973 836 in
1992 798 2155 836 diversis
2181 800 2366 848 gradibus
2393 813 2486 839 con-

303 875 321 885 c
336 848 396 883 '4‘3
424 854 459 888 ὁ
487 855 721 893 substantiae
741 862 948 904 separatae,
961 853 1187 891 immunitas
1204 852 1309 890 enim
1329 865 1351 890 a
1407 852 1569 891 stitutae.
1601 852 1812 913 Cognoscit
1839 851 1953 901 igitur
1980 852 2194 890 substantia
2226 861 2402 903 separata
2429 855 2485 893 in-

278 908 438 946 materia
455 908 543 946 facit
561 908 706 958 aliquid
727 920 810 945 esse
828 920 900 957 per
918 920 958 945 se
977 906 1221 955 intelligibile,
1241 914 1285 943 ut
1303 919 1349 943 ex
1375 920 1384 940 ς
1405 905 1522 944 ferior
1544 906 1788 956 superiorem
1809 905 2031 943 secundum
2057 906 2226 944 modum
2248 906 2485 946 substantiae

37 988 76 1010 lib.
88 989 105 1014 1,
115 978 166 1016 cap.
174 995 235 1010 mv.

27 1924 174 1977 ;.Th.l.¹9

28 2570 98 2598 Ἐᾶρ.
110 2576 174 2598 xcm,
186 2577 228 2593 xcv

25 2777 84 2799 'Cf.
116 2778 150 2800 Au
138 2779 202 2800 vienc

24 2803 89 2855 gnta
81 2785 217 2859 cpia-'mna
206 2810 235 2827 ct

173 968 249 989 ‘¹¹¹⁸
278 962 542 1012 superioribus
561 962 581 984 *
607 969 725 1011 patet:
755 960 1008 1021 consequitur
1034 960 1144 1010 quod
1172 960 1350 997 substan·
1405 959 1685 1008 cognoscentis,
1705 971 1788 997 non
1811 959 2033 997 secundum
2056 960 2225 998 modum
2249 959 2486 999 substantiae

276 1015 350 1053 tiae
386 1023 583 1065 separatae
620 1013 838 1062 intelligant,
868 1013 966 1051 sicut
1000 1013 1158 1063 propria
1186 1012 1347 1059 obiecta,
1404 1013 1591 1062 cognitae,
1614 1014 1683 1051 sed
1711 1012 1882 1050 inferiori
1903 1013 2044 1051 modo:
2075 1012 2254 1063 superior
2271 1021 2405 1052 autem
2427 1014 2485 1052 in-

276 1068 505 1106 substantias
538 1075 742 1117 separatas
774 1068 1043 1117 Unaquaeque
1077 1066 1190 1115 igitur
1221 1074 1258 1104 et
1290 1079 1347 1103 se·
1402 1067 1585 1105 seriorem
1614 1066 1861 1104 eminentiori
1889 1067 2025 1104 modo.
2051 1067 2101 1104 Et
2122 1068 2199 1105 hoc
2226 1074 2284 1104 est
2305 1068 2415 1117 quod
2444 1067 2484 1105 in

274 1122 398 1171 ipsam
427 1129 464 1158 et
490 1121 582 1158 alias
610 1128 827 1169 cognoscet.
1402 1120 1501 1158 libro
1538 1121 1585 1158 de
1615 1122 1748 1158 Causis
1769 1119 1790 1142 ’¹‘
1818 1119 1967 1167 dicitur,
1996 1120 2115 1171 quod·
2141 1121 2386 1176 intelligentia
2417 1123 2485 1159 scit
2512 1116 2728 1173 {ggsssffflffifffssj

328 1174 505 1224 Seipsam
534 1173 694 1226 quidem
718 1186 980 1223 unaquaeque
1000 1185 1137 1211 earum
1156 1172 1264 1211 aliter
1282 1185 1345 1210 co·
1363 1191 1388 1207 ο
1402 1174 1504 1224 quod
1529 1180 1581 1211 est
1603 1175 1671 1212 sub
1692 1186 1732 1211 se
1758 1179 1792 1211 et
1821 1173 1922 1224 quod
1942 1179 1994 1211 est
2014 1186 2132 1225 supra
2157 1186 2209 1221 se,
2232 1186 2302 1224 per
2329 1174 2483 1212 modum

271 1227 420 1277 gnoscit
451 1240 573 1278 quam
604 1227 816 1265 intellectus
849 1226 1042 1278 possibilis
1070 1226 1256 1277 seipsum.
1287 1227 1345 1264 In·
1400 1240 1492 1265 suae
1517 1229 1761 1265 substantiae.-
1789 1229 1876 1277 quia
1904 1227 1981 1265 alia
2009 1233 2061 1265 est
2088 1240 2204 1266 causa
2232 1228 2395 1266 alterius.

271 1283 442 1319 tellectus
470 1281 576 1318 enim
604 1280 796 1330 possibilis
824 1289 881 1318 est
909 1289 951 1318 ut
979 1281 1151 1331 potentia
1179 1280 1346 1318 existens
1399 1304 1401 1306 -
1456 1281 1533 1319 Sed
1562 1293 1656 1319 cum
1684 1280 1864 1331 superius
1882 1280 1903 1302 *
1931 1280 1978 1318 sit
2009 1289 2212 1319 ostensum
2247 1281 2358 1331 quod
2391 1281 2482 1320 sub·
2509 1286 2519 1295 ⁶
2534 1285 2593 1314 c⁸¹³·
2607 1291 2622 1308 ¹-
2639 1291 2663 1308 ι·

271 1334 311 1372 111
339 1347 421 1372 esse
450 1333 688 1382 intelligibili;
718 1334 761 1371 fit
789 1342 923 1372 autem
956 1342 1043 1372 actu
1074 1347 1145 1385 per
1173 1333 1345 1394 speciem
1401 1334 1561 1372 stantiae
1584 1342 1783 1385 separatae
1804 1334 2079 1372 intellectuales
2100 1347 2182 1372 non
2205 1342 2296 1372 sunt
2319 1347 2482 1386 compo·

270 1387 555 1437 intelligibilem,
577 1387 674 1425 sicut
701 1388 861 1426 materia
885 1388 1013 1438 prima
1031 1387 1075 1425 fit
1094 1395 1182 1426 actu
1201 1388 1240 1425 in
1261 1399 1344 1426 esse
1401 1387 1494 1426 sitae
1523 1400 1570 1426 ex
1599 1387 1761 1426 materia
1789 1395 1827 1425 et
1854 1387 1991 1448 forma,
2022 1400 2105 1426 non
2131 1395 2299 1439 possunt
2330 1388 2482 1435 causari

270 1439 439 1479 sensibili
457 1454 528 1492 per
544 1441 713 1479 formam
740 1442 969 1480 naturalem.
995 1441 1104 1491 Nihil
1127 1449 1259 1480 autem
1279 1454 1344 1479 co-
1361 1441 1473 1479 snisi
1494 1454 1566 1492 per
1583 1442 1751 1481 modum
1779 1441 1997 1480 creationis.
2029 1442 2171 1480 Creare
2199 1449 2332 1480 autem
2359 1441 2481 1481 solius

268 1494 465 1546 gnoscitur
499 1495 719 1533 secundum
754 1495 863 1545 quod
896 1503 952 1534 est
979 1495 1152 1545 potentia
1179 1503 1343 1542 tantum,
1400 1495 1473 1534 Dei
1508 1503 1576 1542 est,
1605 1503 1648 1534 ut
1681 1507 1801 1546 supra
1819 1495 1839 1518 *
1866 1502 2071 1535 ostensum
2107 1503 2174 1534 est.
2211 1496 2307 1534 Non
2341 1495 2481 1546 poterit
2508 1497 2518 1508 '

269 1543 338 1586 sed
365 1549 585 1586 secundum
613 1548 723 1609 quod
751 1556 808 1586 est
834 1557 939 1586 actu:
961 1549 1067 1587 unde
1087 1557 1124 1586 et
1142 1549 1269 1587 forma
1288 1557 1344 1586 est
1399 1548 1513 1609 igitur
1539 1561 1621 1587 una
1649 1548 1954 1587 substantiarum
1981 1557 2250 1599 separatarum
2278 1561 2363 1588 esse
2388 1551 2480 1588 alte-

268 1601 505 1652 principium
533 1602 760 1650 cognitionis
783 1602 838 1640 rei
858 1614 959 1652 quae
978 1614 1049 1652 per
1067 1614 1155 1640 eam
1174 1602 1218 1639 fit
1237 1611 1341 1648 actu;
1399 1602 1479 1640 rius
1507 1614 1635 1640 causa.

270 1655 442 1693 similiter
469 1663 600 1693 autem
628 1656 801 1706 potentia
827 1655 1090 1705 cognoscitiva
1108 1655 1153 1693 fit
1171 1664 1259 1694 actu
1279 1667 1343 1694 co·
1453 1656 1667 1693 Praeterea.
1708 1655 1922 1705 Ostensum
1964 1662 2021 1692 est
2037 1655 2059 1678 *
2095 1655 2205 1706 quod
2245 1655 2517 1707 principales·

269 1721 459 1757 gnoscens
486 1721 557 1760 per
585 1709 755 1759 speciem
783 1708 967 1759 aliquam.
987 1710 1203 1747 Intellectus
1220 1709 1344 1759 *igitur
1359 1725 1385 1740 ²0
1398 1717 1527 1759 partes
1563 1708 1739 1747 universi
1774 1720 1914 1746 omnes
1951 1716 2041 1746 sunt
2073 1721 2097 1746 a
2128 1709 2216 1747 Deo
2253 1709 2478 1748 immediate

269 1762 462 1812 possibilis
490 1770 622 1800 noster
648 1774 730 1800 non
758 1758 956 1811 cognoscit
984 1762 1157 1813 seipsum
1179 1762 1251 1800 nisi
1274 1775 1344 1813 per
1398 1770 1560 1801 creatae.
1585 1763 1680 1800 Non
1706 1770 1763 1800 est
1788 1761 1903 1811 igitur
1930 1774 2010 1800 una
2037 1774 2176 1800 earum
2194 1761 2245 1800 ab
2268 1762 2353 1801 alia.
2374 1763 2478 1805 Una-

271 1815 442 1865 speciem
470 1815 755 1864 intelligibilem,
783 1829 863 1866 qua
889 1815 933 1853 fit
961 1824 1049 1854 actu
1068 1816 1107 1853 in
1127 1828 1211 1853 esse
1235 1817 1342 1855 intel·
1399 1829 1579 1866 quaeque
1614 1825 1747 1854 autem
1783 1815 2087 1854 substantiarum
2122 1824 2390 1866 separatarum
2421 1826 2479 1855 εει

271 1868 414 1917 ligibili:
445 1877 483 1905 et
508 1876 668 1918 propter
696 1870 773 1906 hoc
800 1869 890 1906 dicit
914 1869 1147 1915 Aristoteles,
1172 1869 1212 1906 in
1232 1871 1277 1907 III
1297 1871 1344 1907 de
1398 1870 1448 1906 de
1485 1869 1763 1919 principalibus
1799 1868 1974 1918 partibus
2011 1868 2194 1915 universi,
2232 1871 2358 1907 multo
2395 1881 2479 1908 am—

153 1930 174 1949 v
204 1930 241 1949 ¹²³
270 1924 410 1959 Anima
424 1921 454 1967 *‚
484 1922 592 1982 quod
622 1929 673 1958 est
700 1923 961 1972 cognoscibilis
987 1925 1080 1960 sicut
1106 1929 1140 1959 et
1163 1923 1251 1969 alia,
1272 1923 1342 1960 sci·
1398 1922 1499 1972 plius
1518 1934 1640 1972 quam
1658 1923 1715 1959 sol
1732 1923 1795 1959 vel
1815 1923 1923 1959 luna:
1944 1933 2037 1959 curn
2057 1933 2320 1972 unaquaeque
2340 1934 2478 1962 earum

269 1974 355 2013 licet
376 1986 447 2024 per
465 1974 612 2024 species
631 1987 654 2013 a
659 1974 1008 2034 phantasmatibus
1037 1983 1223 2025 acceptas,
1245 1975 1368 2014 sicut²
1358 1975 1540 2014 ashabeat
1574 1975 1775 2026 propriam
1811 1974 1994 2035 speeiem,
2023 1983 2061 2013 et
2088 1975 2322 2014 nobiliorem
2355 1988 2477 2038 quam

269 2040 338 2078 per
365 2028 510 2065 formas
536 2027 724 2078 proprias.
743 2050 769 2056 ·-
799 2028 1043 2066 Substantiae
1071 2037 1204 2067 autem
1232 2042 1342 2079 sepa·
1398 2029 1561 2079 quaevis
1591 2028 1740 2079 species
1772 2027 2039 2078 corporalium
2066 2041 2211 2068 rerum.
2241 2029 2337 2069 Non
2363 2028 2483 2081 igitur.

270 2089 372 2119 ratae
400 2089 490 2118 sunt
515 2081 734 2119 secundum
763 2094 875 2120 suam
895 2089 1076 2120 naturam
1095 2091 1137 2120 ut
1156 2090 1245 2120 actu
1265 2083 1342 2121 exi·
1397 2094 1478 2120 una
1505 2095 1643 2120 earum
1671 2090 1854 2120 causatur
1879 2082 1930 2120 ab
1958 2081 2043 2131 alia,
2073 2083 2143 2120 sed
2171 2095 2311 2122 omnes
2338 2083 2479 2123 imme·-

269 2142 408 2172 stentes
427 2134 467 2172 in
491 2146 574 2171 esse
600 2134 831 2195 intelligibili.
856 2135 968 2173 Unde
993 2148 1254 2186 unaquaeque
1279 2149 1341 2174 ea-
1397 2135 1498 2174 diate
1527 2148 1549 2174 a
1578 2136 1676 2174 Deo.

269 2200 356 2226 rum
380 2187 547 2238 seipsam
565 2200 637 2238 per
655 2188 861 2226 essentiam
890 2201 1002 2227 suam
1031 2190 1239 2239 cognoscit,
1259 2202 1341 2228 non
1452 2189 1516 2228 Sic
1539 2189 1661 2239 igitur,
1691 2189 1911 2234 secundum
1937 2188 2145 2239 praedicta,
2167 2190 2362 2241 quaelibet
2385 2158 2476 2229 sub-

267 2254 337 2292 per
364 2241 536 2292 aliquam
565 2241 736 2292 speciem
764 2242 918 2281 alterius
947 2242 1012 2280 rei.
1357 2258 1383 2278 ιο
1397 2243 1625 2282 stantiarum
1644 2251 1912 2293 separatarum
1932 2242 2130 2292 cognoscit
2146 2243 2290 2291 Deum,
2310 2243 2479 2294 naturali

322 2296 426 2333 Cum
444 2303 576 2334 autem
596 2295 725 2333 omnis
743 2296 912 2345 cognitio
926 2296 973 2334 sit
992 2297 1212 2335 secundum
1231 2298 1340 2347 quod
1397 2296 1626 2346 cognitione,
1655 2296 1875 2335 secundum
1903 2296 2072 2335 modum
2100 2309 2194 2336 suae
2226 2297 2474 2346 substantiae,

267 2348 306 2386 in
325 2356 582 2398 cognoscente
601 2357 657 2386 est
675 2348 888 2388 similitudo
911 2349 1069 2399 cogniti;
1100 2363 1179 2388 una
1208 2359 1340 2389 autem
1395 2363 1466 2401 per
1497 2363 1619 2401 quam
1647 2350 1792 2389 similes
1820 2358 1911 2388 sunt
1937 2351 2026 2389 Deo
2053 2350 2152 2389 sicut
2183 2363 2336 2390 causae.
2365 2352 2475 2391 Deus

267 2402 568 2440 substantiarum
601 2411 867 2453 separatarum
895 2403 942 2441 sit
969 2403 1103 2441 similis
1140 2404 1246 2442 alteri
1281 2417 1340 2442 se·
1395 2412 1527 2442 autem
1556 2404 1754 2465 cognoscit
1781 2416 1846 2442 eas
1874 2403 1974 2442 sicut
1994 2404 2154 2454 propria
2176 2417 2306 2451 causa,
2335 2417 2474 2444 earum

266 2456 441 2494 cundum
477 2468 733 2494 communem
761 2464 941 2495 naturam
969 2457 1131 2506 generis,
1160 2457 1340 2496 differant
1395 2458 1577 2496 omnium
1597 2458 1636 2496 in
1656 2469 1696 2496 se
1716 2457 2011 2496 similitudinem
2035 2458 2196 2496 habens.
2225 2460 2319 2497 Non
2341 2467 2471 2499 autem

266 2518 397 2548 autem
404 2509 494 2586 *‘ab
485 2509 654 2548 invicem
674 2511 893 2548 secundum
912 2510 1095 2571 speciem,
1111 2519 1153 2549 ut
1167 2524 1214 2549 ex
1228 2524 1338 2562 prae-
1355 2527 1377 2548 ιι
1395 2513 1471 2550 hoc
1490 2511 1613 2550 modo
1633 2523 1713 2550 una
1727 2510 2032 2550 substantiarum
2048 2520 2316 2563 separatarum
2333 2512 2474 2564 poterit

266 2563 424 2602 missis*
452 2571 626 2614 apparet:
657 2563 812 2602 videtur
839 2564 950 2615 sequi
974 2565 1082 2614 quod
1102 2577 1182 2603 una
1201 2577 1338 2604 earum
1393 2577 1628 2615 cognoscere
1643 2564 1774 2604 aliam:
1795 2577 1889 2603 cum
1907 2577 1988 2604 una
2005 2577 2089 2604 non
2107 2565 2154 2604 sit
2172 2579 2291 2605 causa
2303 2566 2471 2607 alterius.

265 2617 379 2655 aliam
408 2629 489 2655 non
516 2626 725 2678 cognoscat
751 2626 942 2667 quantum
973 2619 1023 2655 ad
1051 2619 1251 2669 propriam
1280 2632 1338 2657 ra·
1448 2618 1790 2658 Considerandum
1828 2627 1885 2656 est
1922 2618 2036 2668 igitur
2070 2620 2200 2669 quod,
2236 2632 2331 2658 cum
2366 2622 2474 2660 nulla

264 2670 410 2708 tionem
435 2671 587 2721 speciei,
608 2671 675 2709 sed
700 2673 829 2709 solum
858 2679 1051 2722 quantum
1080 2673 1129 2710 ad
1158 2685 1337 2711 commu·
1393 2672 1623 2711 huiusmodi
1642 2671 1947 2711 substantiarum
1966 2673 2186 2711 secundum
2205 2685 2319 2712 suam
2343 2684 2473 2713 essen·

265 2736 356 2762 nem
383 2724 532 2774 generis
561 2725 763 2763 rationem.
1393 2727 1486 2765 tiam
1506 2727 1553 2765 sit
1572 2726 1769 2765 sufficiens
1786 2725 2023 2777 principium
2039 2726 2269 2776 cognitionis
2288 2727 2471 2768 omnium

317 2777 461 2827 Dicunt
479 2791 569 2827 ergo
590 2778 753 2828 quidam
766 2778 787 2801 ’¹‘
806 2779 914 2829 quod
935 2791 1014 2817 una
1033 2778 1337 2818 substantiarum
1352 2795 1379 2815 ⁴0
1393 2780 1557 2819 aliamm
1577 2792 1721 2827 rerum,
1736 2779 1950 2831 unicuique
1969 2791 2118 2828 earum,
2133 2792 2251 2831 supra
2270 2781 2472 2832 propriam

265 2840 527 2882 separatarum
556 2841 612 2870 est
639 2844 757 2870 causa
786 2832 962 2870 effectiva
990 2833 1156 2871 alterius.
1180 2834 1222 2871 ln
1241 2846 1337 2884 qua·
1393 2833 1660 2881 substantiam,
1685 2841 1838 2884 oportet
1863 2833 2127 2884 superaddere
2151 2835 2345 2885 quasdam
2363 2834 2472 2878 intel-

264 2885 353 2922 libet
380 2893 511 2923 autem
539 2898 656 2924 causa
684 2885 862 2924 effectiva
887 2894 1040 2936 oportet
1059 2898 1142 2924 esse
1163 2886 1337 2925 similitu·
1393 2888 1552 2937 ligibiles
1581 2887 1863 2934 similitudines,
1891 2899 1963 2938 per
1989 2899 2088 2937 quas
2110 2887 2306 2938 quaelibet
2334 2901 2471 2928 eamm

264 2938 395 2976 dinem
414 2939 474 2976 sui
492 2939 662 2986 effectus,
683 2947 720 2977 et
739 2939 910 2977 similiter
933 2939 972 2977 in
995 2940 1167 2989 quolibet
1196 2941 1337 2979 effectu
1393 2942 1507 2980 aliam
1534 2941 1573 2979 in
1601 2941 1759 2992 propria
1786 2949 1925 2979 natura
1952 2952 2188 2990 cognoscere
2215 2941 2348 2992 possit

265 2999 415 3042 oportet
442 3005 525 3030 esse
554 2969 846 3031 similitudinem
866 3005 959 3031 suae
979 3005 1134 3032 causae:
1161 3006 1208 3032 eo
1227 2995 1336 3045 quod
1446 2995 1534 3033 Hoc
1571 3002 1704 3033 autem
1741 2994 1795 3033 sic
1829 2993 2081 3033 manifestum
2115 3006 2199 3033 esse
2234 3002 2372 3046 potest.
2402 2996 2472 3035 Est

264 3047 577 3096 unumquodque
606 3058 722 3096 agens
751 3046 826 3095 agit
858 3046 931 3085 sibi
963 3045 1098 3085 simile.
1134 3047 1197 3086 Sic
1226 3048 1338 3098 ig1tur
1351 3062 1375 3083 ις
1392 3049 1498 3087 enim
1525 3048 1732 3100 proprium
1767 3047 1965 3087 obiectum
2002 3048 2215 3087 intellectus
2247 3061 2313 3087 ens
2340 3049 2470 3088 intelli-

265 3098 304 3135 in
323 3099 512 3148 superiori
538 3100 840 3138 substantiarum
866 3108 1133 3150 separatarum
1157 3109 1213 3139 est
1232 3101 1336 3140 simi·
1390 3103 1523 3153 gibile:
1549 3102 1659 3152 quod
1683 3101 1852 3162 quidem·
1870 3101 2169 3152 comprehendit
2192 3114 2332 3141 omnes
2359 3102 2469 3143 diffe-

265 3151 384 3189 litudo
408 3152 595 3190 inferioris
624 3153 721 3191 sicut
748 3153 788 3191 in
816 3165 934 3192 causa
959 3161 1016 3192 est
1043 3154 1255 3193 similitudo
1284 3156 1336 3193 ef·
1391 3156 1533 3194 rentias
1552 3164 1589 3194 et
1607 3155 1757 3207 species
1775 3155 1874 3194 entis
1895 3155 2116 3206 possibiles;
2145 3155 2335 3206 quicquid
2360 3155 2468 3195 en‘un

264 3204 398 3242 fectus:
433 3205 471 3243 in
507 3205 675 3244 inferiori
710 3214 841 3245 autem
879 3207 1090 3245 similitudo
1126 3208 1335 3258 superioris
1390 3221 1474 3247 esse
1506 3218 1643 3271 potest,
1672 3209 1828 3259 intelligi
1862 3217 2000 3259 potest.
2031 3209 2136 3248 Cum
2170 3217 2304 3248 autem
2337 3209 2468 3247 omnis

265 3266 320 3294 est
347 3257 444 3296 sicut
471 3258 511 3296 in
539 3259 679 3297 effectu
714 3268 770 3297 est
804 3260 1016 3298 similitudo
1052 3273 1145 3298 suae
1180 3274 1332 3300 causae.
1389 3262 1557 3312 cognitio
1585 3262 1653 3302 fiat
1680 3274 1751 3313 per
1778 3263 1946 3301 modum
1973 3262 2244 3309 similitudinis,
2272 3273 2355 3300 non
2380 3269 2466 3313 pot·

264 3311 306 3348 Ιιι
324 3311 448 3349 causis
471 3320 603 3350 autem
623 3325 705 3350 non
729 3313 906 3352 univocis
933 3313 1144 3352 similitudo
1174 3315 1375 3354 effectusso
1361 3325 1445 3355 oest
1483 3316 1648 3356 totaliter
1684 3329 1803 3355 suum
1840 3316 2039 3355 obiectum
2073 3315 2285 3355 intellectus
2321 3326 2465 3377 cogno-

265 3371 319 3401 est
337 3363 377 3402 in
396 3377 512 3402 causa
540 3365 783 3412 eminentius,
813 3379 952 3405 causae
981 3375 1113 3406 autem
1133 3368 1173 3406 in
1193 3369 1332 3407 effectu
1388 3382 1494 3408 scere
1518 3370 1592 3409 nisi
1615 3369 1788 3408 habeat
1778 3382 1819 3408 m
1838 3382 1879 3408 se
1905 3368 2199 3408 similitudinem
2221 3368 2339 3407 totius
2367 3370 2466 3408 entis

316 3493 332 3519 6
351 3495 535 3529 consequitur}
547 3496 664 3529 sequitur
683 3497 725 3522 Pe.
829 3505 862 3532 29
881 3497 1005 3532 seipsam]
1029 3498 1061 3524 nd
1080 3498 1194 3532 seipsam
1215 3499 1245 3530 N,
1266 3507 1312 3532 per
1333 3501 1448 3533 seipsum
1469 3506 1495 3527 et
1511 3500 1555 3533 W,
1575 3508 1623 3535 per
1644 3500 1759 3535 seipsam
1779 3500 1809 3527 Ρ.
1913 3498 1945 3525 33
1965 3498 1999 3525 ult
2017 3498 2110 3525 simili·
2131 3499 2173 3524 Ita
2192 3499 2346 3532 WYsGPc3
2370 3497 2473 3526 similis

265 3529 297 3553 sit
315 3530 403 3590 butggt)
414 3531 587 3592 εὲιὲιὲῐιίἒπΝέε
595 3531 686 3557 similis
705 3533 795 3559 ceteri.
887 3532 920 3565 34
940 3533 1059 3559 differunt
1078 3534 1121 3560 Ita
1138 3533 1268 3566 ΥεΗὺΡες
1288 3535 1410 3562 differunt
1426 3536 1479 3568 NZ,
1494 3536 1597 3562 differat
1612 3536 1709 3568 ceteri,
1733 3541 1821 3563 autem
1839 3542 1882 3562 οηι
1900 3534 1948 3561 DN
1965 3534 2001 3569 es.
2020 3542 2079 3562 var.
2095 3535 2221 3568 praeced.
2313 3535 2343 3562 51
2366 3535 2463 3591 nutent]

264 3564 329 3624 εἱῐη1
353 3606 437 3625 autem
456 3608 498 3626 om
519 3602 591 3633 αῡΧ,
611 3604 679 3628 enim
700 3604 753 3634 EG,
773 3611 835 3629 vero
855 3605 886 3636 b;
915 3613 1007 3630 causas
1026 3613 1069 3630 om
1089 3605 1144 3631 EG.
1251 3613 1264 3631 2
1286 3606 1444 3642 inferiorum}
1473 3614 1595 3641 respectu
1620 3607 1772 3634 inferiorum
1792 3607 1836 3633 Ρε.
1941 3605 1954 3631 3
1974 3605 2009 3640 inl
2039 3606 2086 3631 sed
2109 3606 2134 3631 in
2155 3606 2184 3633 P.
2289 3606 2321 3641 37
2340 3614 2400 3633 mm
2421 3607 2463 3632 Ita

264 3634 423 3664 WZsYch;
443 3638 502 3669 qnia
521 3638 568 3668 εΗ,
587 3645 629 3663 om
649 3639 739 3664 ceteri.
829 3648 863 3672 4⁰
882 3641 981 3674 earum]
1001 3641 1094 3666 harum
1113 3641 1145 3672 N,
1163 3649 1207 3667 om
1226 3642 1255 3667 Z.
1345 3649 1376 3676 41
1399 3643 1586 3678 superaddere]
1606 3644 1702 3670 addere
1721 3642 1897 3676 superaddere
1917 3641 2017 3673 BFHx,
2037 3642 2132 3668 addere
2151 3642 2229 3668 CDG.
2320 3642 2355 3675 43
2375 3641 2461 3676 uliam}

267 3669 309 3694 Ita
328 3655 443 3703 NYsHb;
461 3679 503 3696 om
523 3657 572 3704 CZ',
592 3674 623 3698 ali
618 3681 640 3698 ia
658 3675 746 3700 ceteri.
837 3684 871 3707 44
891 3676 937 3710 sic]
957 3676 998 3702 hic
1017 3676 1127 3702 aGWx.
1219 3685 1253 3711 49
1272 3676 1324 3711 fiat}
1344 3677 1372 3704 fit
1390 3687 1416 3711 α,
1436 3679 1470 3705 nit
1489 3679 1545 3705 DX.

2531 1658 2591 1687 Cup.
2601 1663 2658 1681 xut-
