2768 4134
50 1438 59 1446 '
67 1435 102 1458 Cf.
112 1441 134 1457 n.
146 1441 162 1461 1,
174 1435 262 1456 Tertio.

290 306 366 341 242

288 373 478 408 interveniat
500 368 786 411 impedimentum:
815 367 898 397 sicut
924 366 1042 397 habere
1070 364 1150 397 duas
1176 374 1293 397 manus
1316 370 1365 397 est

288 418 415 449 homini
438 412 656 446 connaturale.
682 412 788 444 Prima
811 409 957 442 conditio
982 409 1157 443 essentialis
1172 418 1241 442 nou
1257 413 1365 450 potest

288 461 447 494 removeri
464 469 482 489 a
497 468 531 488 re
547 461 699 488 manente
723 456 885 487 subiecto:
910 464 979 486 non
1003 454 1091 485 enim
1106 463 1164 494 per
1180 452 1365 494 quodcum-

288 515 353 547 que
369 513 466 546 agens
483 507 591 543 potest
606 501 766 532 removeri
782 500 935 531 risibilem
952 509 1020 530 esse
1044 499 1084 529 ab
1107 498 1252 528 homine.
1270 497 1365 536 Quae

287 556 397 582 autem
421 546 598 579 essentialis
620 546 672 577 vel
695 545 914 576 connaturalis
941 542 1087 574 secundo
1110 542 1214 573 modo
1237 541 1364 579 dicitur,

288 599 396 636 potest
419 603 458 624 ex
481 592 592 632 aliquo
613 590 812 631 impediente
835 595 891 621 aut
914 588 1110 620 extrinsecus
1126 592 1241 627 agente
1257 595 1366 620 remo-

288 640 370 671 veri:
395 643 504 678 potest
519 636 608 670 enim
623 634 746 676 aliquid
762 643 831 666 esse
847 634 950 666 homo
974 638 1006 666 et
1027 637 1138 663 tamen
1153 631 1233 665 duas
1248 641 1366 665 manus

287 694 357 715 non
373 683 502 715 habere.
518 681 594 713 Hoc
606 689 683 721 ergo
699 678 844 712 secundo
861 677 963 710 modo
978 676 1118 709 intendit
1128 676 1366 709 Sanctus'rho-

288 738 357 759 mas
370 727 410 758 de
422 725 612 758 conditione
629 723 788 755 essentiali
804 723 906 763 loqui.
921 721 1026 759 Unde,
1039 730 1116 752 cum
1128 720 1265 752 dixisset⁴
1274 719 1367 763 quod

282 773 414 814 patiens
437 771 581 802 trahitur
601 769 790 810 aliqualiter
804 772 900 798 extra
915 776 1008 798 suam
1025 765 1244 796 conditionem
1259 774 1366 797 essen-

290 817 410 853 tialem,
434 825 476 847 ne
507 814 623 855 aliquis
655 813 850 844 existimaret
884 812 992 852 ipsum
1019 810 1113 853 loqui
1135 814 1192 840 aut
1215 809 1255 840 de
1278 810 1367 851 prin—

289 862 381 903 cipiis
405 860 562 892 essentiae
585 864 641 891 aut
664 857 704 889 de
729 867 768 889 eo
793 855 884 897 quod
907 856 981 887 talia
1007 855 1167 895 principia
1190 854 1231 885 de
1253 864 1367 886 neces·

289 908 380 939 sitate
405 904 626 944 consequitur,
651 902 743 943 quasi
765 900 962 942 exponendo
979 899 1070 940 quod
1086 899 1218 936 dixerat,
1233 898 1366 936 addidit,

290 952 341 986 vel
364 949 613 983 connaturalem
637 946 888 988 dispositionem,
913 954 951 975 ac
973 945 1000 975 si
1024 944 1157 976 diceret:
1180 944 1265 976 Voco
1289 954 1367 976 con-

289 996 444 1027 ditionem
469 993 670 1025 essentialem
695 1000 821 1022 omnem
845 989 1094 1021 connaturalem
1110 988 1366 1032 dispositionem,

290 1040 322 1077 id
346 1040 468 1071 scilicet
491 1037 581 1078 quod
610 1036 820 1076 consequitur
850 1039 998 1065 naturam
1025 1033 1071 1065 rei
1098 1033 1158 1064 sibi
1181 1033 1367 1064 derelictam

291 1085 382 1116 omni
405 1083 548 1114 deducto
570 1081 779 1122 impediente.
807 1079 883 1110 Hoc
909 1084 1019 1110 autem
1041 1078 1077 1109 in
1099 1078 1192 1109 omni
1215 1078 1367 1119 passione

290 1129 470 1170 aliqualiter
492 1127 538 1158 fit.
562 1126 649 1164 Quia
671 1130 727 1156 aut
750 1124 944 1156 concalescit
967 1133 1087 1164 corpus
1103 1132 1143 1154 ex
1156 1129 1252 1155 motu
1267 1132 1368 1164 appe·

290 1175 367 1205 titus
390 1178 446 1204 aut
469 1171 619 1212 frigescit,
636 1176 691 1202 aut
707 1169 906 1203 contrahitur
922 1178 980 1200 cor
995 1173 1051 1200 aut
1066 1167 1227 1205 dilatatur,
1242 1173 1369 1208 praeter

290 1227 422 1251 cursum
445 1221 639 1249 consuetum
664 1220 797 1246 naturae
820 1223 908 1246 suae.
933 1213 1019 1245 Dicit
1038 1218 1148 1246 autem
1165 1213 1291 1254 patiens
1306 1212 1368 1243 ali-

290 1262 440 1304 qualiter,
465 1271 533 1292 non
557 1265 666 1290 autem
695 1259 884 1299 simpliciter
914 1258 996 1289 trahi
1026 1263 1113 1288 extra
1143 1257 1368 1291 conditionem

289 1307 470 1338 naturalem
498 1311 529 1336 et
552 1303 771 1336 essentialem:
798 1304 875 1344 quia
897 1312 966 1334 non
990 1303 1128 1334 omnino
1153 1301 1287 1346 quidem
1311 1311 1368 1333 sua

289 1351 426 1383 naturali
449 1349 663 1391 dispositione
687 1349 840 1389 privatur,
856 1347 913 1379 sed
937 1347 1044 1390 aliqua
1064 1352 1191 1378 tantum
1207 1357 1245 1378 ex
1262 1352 1367 1388 parte;

290 1397 380 1432 dum,
393 1396 482 1427 verbi
496 1394 606 1436 gratia,
618 1399 675 1424 aut
689 1394 791 1434 magis
806 1393 904 1424 solito
915 1392 1094 1424 intenditur
1111 1398 1167 1423 aut
1184 1392 1368 1423 remittitur.

347 1441 398 1473 111.
417 1440 546 1479 Quarto
558 1440 586 1471 ³.
607 1439 725 1470 Divina
740 1438 891 1471 voluntas
910 1447 979 1470 non
999 1437 1231 1470 determinatur
1253 1446 1369 1469 secun-

291 1486 370 1519 dutn
393 1495 427 1518 se
451 1484 491 1517 ad
514 1493 619 1518 uuum
642 1489 793 1524 respectu
817 1488 1047 1519 creaturarum,
1062 1481 1120 1514 sed
1136 1491 1175 1515 ex
1191 1481 1305 1514 ordine
1322 1481 1369 1512 di-

290 1531 384 1561 vinae
408 1529 593 1570 sapientiae.
614 1528 702 1568 Ergo
719 1533 780 1559 etc.
796 1546 818 1550 —
834 1527 992 1561 Probatur
1012 1527 1257 1569 consequentia.
1283 1526 1370 1565 Quia

291 1575 398 1606 omnis
422 1573 550 1604 affectio
569 1582 653 1614 quae
677 1578 724 1603 est
743 1571 925 1603 secundum
944 1572 1140 1613 passionem,
1157 1571 1369 1602 determinate

291 1621 324 1650 in
348 1628 453 1652 unum
469 1618 569 1649 fertur
584 1617 766 1648 secundum
786 1616 924 1649 modum
941 1623 974 1648 et
988 1625 1175 1648 mensuram
1197 1616 1369 1657 passionis:

293 1674 368 1696 cum
396 1664 503 1704 passio
530 1663 691 1703 impetum
720 1662 838 1693 habeat
867 1661 908 1692 ad
939 1660 1061 1702 aliquid
1084 1670 1200 1697 unum,
1228 1662 1313 1692 sicut
1338 1666 1372 1692 et

291 1715 420 1745 natura;
452 1714 484 1738 et
511 1713 644 1748 propter
671 1707 736 1738 hoc
766 1707 890 1741 ratione
914 1711 1065 1747 oporteat
1088 1715 1161 1738 eam
1184 1706 1315 1747 reprimi
1339 1710 1372 1736 et

293 1765 326 1787 re
350 1753 440 1785 ulari.

328 1764 379 1828 gz.
397 1797 491 1828 Circa
514 1797 608 1826 istam
631 1796 902 1836 propositionem,
920 1795 1034 1826 Passio
1051 1795 1203 1837 impetum
1219 1794 1313 1825 habet
1328 1793 1372 1825 ad

292 1842 417 1884 aliquid
441 1851 541 1872 unum
563 1841 648 1872 sicut
670 1846 702 1871 et
725 1846 856 1876 natura,
882 1840 1056 1871 dubitatur.
1080 1839 1165 1870 Nam
1189 1839 1320 1880 reprimi
1340 1843 1372 1869 et

292 1887 428 1928 regulari
445 1886 569 1916 ratione
582 1885 735 1916 convenit
747 1886 776 1915 ei
789 1891 915 1916 tantum
928 1884 1019 1925 quod
1031 1883 1247 1915 diversimode
1263 1889 1372 1924 potest

292 1932 366 1963 ferri
381 1937 413 1961 et
429 1930 531 1970 dirigi.
556 1930 692 1970 Propter
715 1930 779 1960 hoc
803 1930 950 1970 operatio
967 1929 1092 1960 virtutis
1115 1929 1288 1959 nutritivae
1302 1937 1370 1958 non

292 1976 454 2016 regulatur
478 1975 612 2010 ratione,
634 1975 710 2015 quia
734 1979 781 2005 est
805 1973 845 2004 ad
869 1983 972 2004 unum
997 1973 1218 2004 determinata.
1243 1971 1318 2009 Sed.
1335 1977 1371 2003 ut

291 2021 344 2053 hic
368 2019 495 2055 dicitur,
513 2023 641 2062 oportet
657 2018 808 2061 regulari
823 2018 953 2049 ratione
969 2022 1000 2048 et
1016 2018 1152 2060 reprimi
1169 2017 1369 2059 passionem-

292 2065 378 2106 Ergo
394 2073 463 2094 non
479 2069 527 2094 est
542 2062 582 2094 ad
598 2072 702 2094 unum
727 2063 948 2094 determinata.
972 2062 1014 2093 Et
1029 2063 1075 2093 sic
1091 2061 1218 2093 videtur
1233 2061 1371 2093 Sanctus

292 2110 438 2140 Thomas
461 2109 521 2139 sibi
544 2108 605 2148 ipsi
629 2108 693 2138 hoc
717 2108 792 2138 loco
817 2107 1048 2138 contradicere.

349 2154 379 2185 3.
392 2152 444 2184 Ad
454 2153 552 2184 huius
565 2152 760 2183 evidentiam
777 2151 1061 2188 considerandum,
1075 2161 1113 2183 ex
1125 2151 1200 2192 QQ.
1209 2151 1249 2182 de
1262 2151 1370 2188 Verit„

292 2209 323 2240 q.
342 2209 412 2234 xxv,
429 2208 456 2228 a.
480 2206 489 2228 ι
519 2203 550 2228 et
572 2207 604 2237 4,
629 2196 720 2238 quod
743 2197 833 2228 aliter
856 2197 1019 2238 appetitus
1042 2195 1195 2228 naturalis
1219 2195 1371 2227 determi-

292 2249 386 2274 natur
410 2242 450 2274 ad
474 2252 588 2278 unum,
613 2248 645 2273 et
668 2241 759 2272 aliter
782 2243 944 2283 appetitus
975 2242 1132 2272 animalis.
1163 2241 1247 2272 Nam
1271 2250 1371 2282 appe-

292 2288 370 2319 titus
393 2286 545 2318 naturalis
568 2295 637 2317 non
661 2287 872 2327 consequitur
901 2287 1045 2328 aliquam
1075 2286 1371 2327 apprehensionem

293 2332 484 2373 appetentis,
509 2330 566 2362 sed
590 2330 728 2362 formam
758 2331 952 2362 naturalem:
978 2336 1009 2361 et
1034 2331 1110 2371 quia
1141 2339 1191 2361 res
1218 2330 1372 2361 naturalis

293 2378 326 2407 in
343 2386 404 2407 suo
420 2386 489 2407 esse
506 2381 554 2406 est
565 2375 786 2411 determinata,
799 2375 874 2407 ideo
891 2375 961 2406 talis
976 2375 1139 2416 appetitus
1155 2381 1203 2406 est
1214 2375 1254 2407 ad
1266 2384 1371 2406 unum

294 2421 468 2462 appetibile
492 2420 752 2453 determinatum.
776 2421 964 2461 Propterea,
979 2420 1086 2461 posita
1101 2419 1207 2451 forma
1222 2426 1254 2451 et
1271 2419 1372 2451 dedu-

294 2467 353 2498 ctis
376 2464 629 2506 impedimentis,
645 2466 792 2506 sequitur
807 2471 913 2496 actus:
936 2465 1030 2501 sicut,
1047 2465 1153 2506 posita
1168 2465 1321 2505 gravitate
1337 2465 1372 2495 in

295 2520 433 2551 corpore
453 2510 551 2550 gravi,
576 2510 723 2550 sequitur
745 2516 855 2541 motus
879 2509 1044 2546 deorsum,
1067 2510 1094 2540 si
1116 2519 1213 2550 grave
1229 2510 1270 2540 sit
1285 2515 1372 2540 extra

295 2555 405 2586 locum
422 2555 522 2595 ipsius
539 2560 570 2585 et
586 2564 653 2585 non
670 2555 709 2585 sit
724 2554 929 2595 impeditum.
948 2571 968 2576 —
984 2555 1158 2595 Appetitus
1173 2559 1283 2585 autem
1303 2554 1372 2585 ani-

295 2599 387 2631 malis
399 2600 546 2640 sequitur
557 2599 851 2640 apprehensionem
862 2608 985 2630 sensus.
999 2599 1041 2630 Et
1053 2599 1131 2639 quia
1141 2608 1254 2630 sensus
1265 2603 1374 2639 potest

295 2644 538 2685 apprehendere
561 2643 683 2684 aliquid
703 2650 738 2675 ut
755 2645 955 2676 conveniens
979 2650 1010 2674 et
1031 2650 1067 2674 ut
1083 2644 1252 2680 nocivum,
1268 2649 1300 2674 et
1315 2643 1372 2675 ali-

296 2688 429 2730 quando
444 2689 524 2720 nihil
541 2689 782 2729 apprehendere
806 2695 842 2720 ut
866 2689 1066 2720 conveniens
1081 2694 1137 2719 aut
1151 2694 1189 2720 ut
1203 2689 1372 2726 nocivum,

295 2733 370 2765 ideo
394 2733 464 2765 talis
488 2734 651 2774 appetitus
673 2743 742 2765 non
766 2733 997 2765 determinatur
1012 2732 1054 2764 ad
1070 2743 1174 2764 unum
1198 2733 1373 2775 appetibile

295 2778 478 2810 secundum
494 2788 539 2814 se,
556 2788 665 2819 neque
681 2788 808 2820 semper
832 2779 896 2810 exit
919 2779 953 2809 in
977 2784 1086 2809 actum
1106 2777 1253 2809 deductis
1269 2779 1374 2820 impe-

296 2823 463 2854 dimentis:
487 2822 556 2859 sed,
581 2824 608 2854 si
634 2823 894 2864 apprehendatur
917 2822 1039 2864 aliquid
1067 2828 1102 2854 ut
1129 2822 1318 2854 delectabile
1342 2828 1374 2854 et

295 2868 505 2904 conveniens,
530 2867 570 2899 de
594 2868 783 2899 necessitate
802 2867 903 2899 fertur
925 2868 961 2898 in
974 2867 1078 2904 .illud;
1103 2873 1135 2898 et
1158 2877 1176 2898 e
1199 2868 1373 2905 contrario,

294 2914 321 2943 si
337 2912 599 2953 apprehendatur
621 2918 659 2944 ut
680 2914 836 2944 nocivum
861 2911 1043 2944 secundum
1058 2921 1200 2948 sensum,
1217 2912 1298 2944 illud
1317 2922 1375 2944 ne-

295 2958 434 2989 cessario
457 2956 586 2998 refugit.
610 2957 647 2988 ln
671 2967 739 2998 quo
763 2957 868 2989 differt
891 2958 931 2988 ab
955 2957 1103 2998 appetitu
1132 2958 1291 2994 rationali,
1315 2959 1374 2999 qui

295 3012 365 3034 non
388 3001 620 3034 determinatur
643 3001 684 3033 ad
706 3011 811 3033 unum
835 3003 896 3033 nisi
919 3008 1068 3043 respectu
1090 3001 1174 3038 finis,
1198 3009 1373 3044 quantum-

297 3056 442 3087 cumque
464 3047 524 3078 sibi
547 3046 671 3088 aliquid
694 3053 897 3088 proponatur
920 3053 956 3078 ut
980 3048 1106 3078 bonum
1130 3053 1162 3078 et
1184 3048 1273 3079 utile.

352 3091 399 3124 Ex
424 3101 492 3132 quo
517 3097 606 3132 patet
629 3091 721 3132 quod
744 3092 908 3133 appetitus
930 3092 1084 3123 naturalis
1107 3101 1146 3122 ex
1170 3101 1204 3123 se
1223 3092 1374 3124 determi-

297 3141 391 3167 natur
407 3135 447 3167 ad
463 3145 584 3173 unum;
607 3137 770 3177 appetitus
793 3142 904 3167 autem
927 3136 1075 3167 animalis
1097 3145 1166 3167 non
1181 3137 1375 3169 determina-

297 3187 348 3213 tur
368 3180 410 3212 ad
429 3190 533 3212 unum
549 3181 611 3212 nisi
633 3181 801 3222 supposita
824 3182 1083 3222 apprehensione
1099 3190 1163 3221 qua
1179 3183 1375 3223 proponitur

296 3226 356 3256 sibi
381 3224 503 3266 aliquid
527 3226 588 3257 sub
610 3226 735 3257 ratione
752 3226 875 3267 proprii
891 3227 1022 3257 obiecti.
1047 3227 1088 3257 Et
1103 3226 1190 3267 quia,
1207 3233 1243 3258 ut
1258 3227 1376 3259 dicitur

297 3270 404 3302 Prima
419 3269 599 3306 Secundae,
616 3279 647 3311 q.
664 3280 738 3307 xvu,
755 3280 782 3301 a.
800 3280 832 3311 7,
853 3271 1069 3312 apprehensio
1093 3271 1243 3302 sensitiva
1261 3273 1295 3303 in
1315 3273 1374 3304 ho-

296 3315 386 3347 mine
410 3320 485 3347 nata
507 3321 555 3347 est
578 3315 715 3355 regulari
738 3315 874 3352 ratione,
892 3325 968 3347 cum
988 3316 1058 3356 ipsa
1073 3316 1113 3346 sit
1129 3317 1327 3356 particularis
1343 3322 1376 3348 et

299 3360 379 3390 ratio
411 3359 450 3390 sit
477 3359 674 3396 universalis,
699 3360 783 3391 sicut
810 3366 841 3391 et
868 3361 968 3391 virtus
998 3361 1102 3391 activa
1132 3361 1330 3401 particularis
1357 3372 1375 3393 a

300 3404 415 3434 virtute
435 3405 606 3435 universali
630 3404 810 3445 regulatur;
833 3404 909 3436 ideo
933 3411 964 3436 et
987 3405 1057 3446 ipse
1080 3411 1190 3436 motus
1213 3407 1376 3447 appetitus

301 3449 441 3479 sensitivi
465 3454 559 3480 natus
584 3455 631 3480 est
654 3450 778 3481 ratione
803 3449 953 3490 regulari;
980 3455 1016 3480 ut
1038 3449 1161 3481 scilicet
1181 3451 1241 3491 ipsi
1257 3451 1375 3482 modus

301 3498 333 3523 et
356 3494 512 3524 terminus
528 3493 662 3534 quidam
682 3504 700 3525 a
722 3495 848 3525 ratione
862 3495 1051 3535 imponatur
1066 3494 1229 3526 iudicante
1245 3495 1290 3526 sic
1306 3505 1376 3527 esse

303 3537 533 3576 appetendum,
546 3543 624 3578 puta
635 3538 811 3570 vindictam
827 3539 872 3570 sic
889 3538 1007 3570 debere
1023 3540 1134 3580 appeti>
1148 3544 1180 3570 et
1195 3548 1263 3570 non
1275 3540 1374 3572 aliter.

304 3580 413 3611 Passio
436 3582 531 3622 igitur
554 3582 785 3614 determinatur
801 3583 842 3614 ad
857 3593 961 3615 umam
977 3593 1015 3615 ex
1037 3584 1295 3624 apprehensione
1312 3594 1377 3625 qua

303 3623 462 3656 iudicatur
473 3626 595 3667 aliquid
606 3627 794 3659 delectabile
805 3634 837 3659 et
849 3629 1058 3665 conveniens,
1071 3634 1126 3660 aut
1138 3628 1261 3660 malum
1273 3635 1305 3660 et
1316 3639 1378 3660 no-

302 3669 423 3700 civum.
440 3688 462 3692 -
477 3670 529 3701 Ad
549 3671 628 3702 illud
644 3673 751 3708 etiam,
771 3673 952 3704 secundum
969 3682 1013 3710 se,
1031 3679 1102 3704 toto
1118 3674 1244 3714 impetu
1262 3673 1375 3705 fertur:

827 288 1016 328 SUMMA
1046 287 1270 326 CONTRA
1298 285 1576 332 GENTILES,
1605 285 1718 324 CAP.
1745 251 1956 323 Litxxlx.

1421 373 1497 396 cum
1519 364 1706 396 naturaliter
1727 363 1847 396 feratur
1861 365 1895 396 in
1911 373 2011 395 omne
2028 361 2227 398 delectabile,
2243 361 2496 402 naturaliterque

1419 408 1558 449 refugiat
1579 417 1680 440 omne
1702 409 1802 440 triste.
1826 408 1918 441 Sicut
1939 409 1996 444 ira,
2019 405 2203 439 secundum
2225 415 2260 437 se
2283 411 2316 437 et
2337 406 2496 443 absolute,

1419 458 1490 485 toto
1507 454 1633 494 impetu
1650 452 1750 484 fertur
1765 452 1807 484 ad
1821 452 2010 484 vindictam:
2036 457 2068 484 et
2088 450 2174 487 ideo,
2191 450 2232 481 ad
2246 451 2312 481 hoc
2327 455 2364 482 ut
2382 451 2497 482 vitiosa

1419 508 1488 531 non
1508 498 1558 533 sit,
1574 506 1708 528 necesse
1732 502 1781 528 est
1803 502 1840 529 ut
1862 498 2028 530 aratione
2052 497 2168 537 aliquis
2191 495 2251 526 sibi
2273 495 2366 526 limes
2390 496 2498 536 impo-

1419 548 1524 574 natur.
1548 542 1591 573 Et
1612 541 1759 573 similiter
1781 547 1829 573 est
1852 541 1893 573 de
1915 541 1984 573 aliis
2008 541 2223 582 passionibus.

1474 587 1528 618 Ad
1554 587 1694 618 dubium
1718 595 1795 627 ergo
1815 586 1933 618 dicitur
1954 587 2074 627 primo,
2096 585 2190 627 quod
2212 584 2392 616 similitudo
2415 585 2499 615 inter

1419 637 1569 665 naturam
1591 637 1624 663 et
1646 631 1834 672 passionem
1854 630 2047 671 accipienda
2068 636 2116 661 est
2138 635 2266 662 tantum
2281 634 2443 670 quantum
2458 627 2500 660 ad

1420 676 1725 709 determinationem
1737 675 1779 708 ad
1790 685 1911 708 unum:
1927 684 1995 707 non
2008 681 2118 707 autem
2131 680 2292 717 quantum
2307 673 2348 705 ad
2359 673 2499 706 modum

1420 721 1708 755 determinationis.
1733 719 1821 760 Quia
1835 725 1868 752 et
1882 725 1997 752 natura
2012 725 2044 751 et
2063 720 2171 762 passio
2187 718 2228 751 ad
2243 728 2349 750 unum
2365 716 2499 760 quidem

1420 765 1686 802 determinantur,
1699 764 1756 796 sed
1767 770 1878 796 tamen
1890 762 2121 795 diversimode:
2138 772 2216 795 nam
2230 770 2345 795 natura
2360 773 2379 794 a
2394 762 2500 794 forma

1419 810 1557 842 naturali
1581 810 1814 842 determinatur
1842 808 1884 840 ad
1912 817 2028 845 unum,
2051 809 2160 849 passio
2187 814 2298 840 autem
2322 818 2360 840 ex
2382 817 2499 849 appre-

1420 856 1580 887 hensione
1603 865 1728 891 sensus,
1752 861 1809 885 aut
1831 854 1930 885 etiam
1952 853 2097 884 rationis.

1476 901 1604 934 Dicitur
1625 899 1784 935 secundo,
1809 898 1902 940 quod
1923 898 1987 929 tale
2010 897 2261 930 determinatum
2276 896 2319 929 ad
2331 907 2438 931 unum
2461 906 2501 928 ex

1420 945 1681 989 apprehensione
1704 950 1813 987 potest
1835 943 1968 986 reprimi
1982 947 2016 974 et
2029 942 2168 984 regulari
2181 942 2319 974 ratione.
2334 942 2378 975 Et
2391 947 2502 983 potest

1421 989 1462 1021 ad
1485 989 1566 1021 illud
1589 999 1694 1021 unum
1725 987 1941 1020 diversimode
1965 997 1998 1019 se
2022 987 2155 1018 habere:
2180 992 2213 1017 et
2235 985 2416 1019 secundum
2440 987 2501 1018 sci-

1421 1035 1497 1065 licet
1518 1040 1627 1067 totum
1650 1035 1822 1077 impetum,
1838 1034 1866 1065 si
1884 1032 2100 1075 apprehensio
2116 1041 2230 1063 sensus
2245 1041 2315 1062 non
2330 1032 2371 1063 sit
2385 1040 2502 1065 secun-

1422 1079 1502 1110 dum
1524 1080 1686 1111 rationem
1707 1080 1879 1120 impetam
1903 1083 1936 1109 et
1958 1076 2141 1108 secundum
2163 1076 2307 1118 aliquam
2336 1075 2502 1112 limitatio-

1421 1133 1509 1160 nem,
1525 1125 1552 1156 si
1565 1125 1637 1165 ipsa
1655 1123 1873 1164 apprehensio
1895 1122 2021 1154 ratione
2043 1122 2217 1162 reguletur.
2242 1121 2503 1152 Determinatmu

1422 1174 1533 1201 autem
1559 1168 1600 1200 ad
1626 1178 1732 1201 unum
1763 1178 1803 1202 ex
1829 1167 1935 1201 forma
1960 1176 2031 1199 non
2057 1172 2106 1198 est
2131 1175 2274 1202 necesse,
2299 1165 2343 1199 ad
2369 1165 2435 1198 hoc
2465 1170 2504 1198 ut

1422 1214 1549 1247 bouum
1572 1214 1623 1250 sit,
1647 1213 1740 1256 quod
1762 1214 1887 1245 ratione
1909 1212 2089 1254 reguletur:
2114 1212 2191 1254 quia
2214 1221 2253 1252 ex
2276 1220 2310 1244 se
2332 1220 2403 1242 non
2425 1210 2503 1242 sub-

1423 1258 1509 1291 ditur
1530 1258 1659 1291 rationi.

1479 1302 1533 1335 1v.
1557 1303 1728 1342 Quantum
1751 1300 1792 1333 ad
1815 1300 1997 1333 secundum
2012 1302 2040 1338 ⁹,
2064 1299 2246 1332 ostenditur
2268 1299 2360 1343 quod
2375 1299 2503 1341 aliquae

1422 1347 1590 1389 passiones
1606 1357 1624 1378 a
1639 1347 1712 1379 Deo
1725 1347 1823 1378 etiam
1837 1347 1962 1377 ratione
1977 1346 2129 1387 propriae
2140 1346 2262 1386 speciei
2276 1349 2502 1378 removentur:

1422 1393 1546 1425 scilicet
1567 1402 1607 1424 ex
1629 1393 1762 1433 propria
1785 1391 1974 1427 differentia,
1998 1400 2064 1432 qua
2086 1399 2304 1432 unaquaeque
2319 1389 2504 1431 ponimrin

1423 1448 1481 1471 sua
1496 1438 1606 1478 specie
1622 1443 1655 1469 et
1669 1438 1710 1470 ab
1725 1437 1788 1470 alia
1803 1436 2011 1477 distinguitur
2025 1436 2187 1477 passione.
2204 1434 2249 1468 Et
2263 1444 2320 1467 sex
2334 1440 2504 1476 ponuntur

1424 1483 1665 1514 conclusiones.

1480 1528 1587 1560 Prima
1610 1533 1670 1559 est:
1700 1526 1847 1559 Tristitia
1871 1531 1903 1557 et
1925 1525 2024 1558 dolor
2047 1535 2112 1557 non
2140 1530 2218 1558 sunt
2249 1525 2281 1557 in
2312 1524 2396 1556 Deo.
2423 1523 2503 1556 Pro-

1424 1573 1527 1604 batur.
1541 1571 1718 1604 Obiectum
1735 1572 1804 1602 eius
1821 1575 1870 1602 est
1884 1570 2008 1603 malum
2020 1571 2084 1601 iam
2097 1570 2282 1602 inhaerens:
2300 1569 2383 1600 sicut
2393 1568 2504 1611 gaudii

1424 1618 1551 1649 bonum
1574 1626 1726 1658 praesens
1750 1621 1781 1647 et
1804 1615 1962 1647 habitum.
1987 1615 2051 1647 Sed
2075 1615 2147 1647 Deo
2171 1616 2236 1646 hoc
2253 1623 2321 1646 non
2338 1612 2502 1645 convenit*-

1425 1663 1513 1704 Ergo
1536 1667 1598 1693 ete.
1613 1679 1638 1685 -
1658 1661 1750 1693 Patet
1772 1661 2019 1702 consequentia.
2043 1659 2140 1699 Quia,
2164 1667 2242 1692 cum
2264 1660 2373 1691 omnis
2394 1658 2504 1700 panto

1426 1718 1464 1738 ex
1480 1707 1610 1738 obiecto
1626 1706 1770 1747 speciem
1785 1707 1930 1747 recipiat,
1945 1705 2018 1737 talis
2033 1706 2140 1746 passio
2156 1706 2253 1736 cuius
2266 1705 2441 1736 obiectum¹
2454 1709 2505 1735 est

1425 1753 1498 1785 Deo
1521 1753 1760 1793 incompetens,
1777 1751 1817 1782 ab
1833 1761 1876 1783 eo
1891 1749 2074 1783 secundum
2089 1750 2249 1783 rationem
2264 1749 2416 1791 propriae
2429 1756 2504 1790 spe-

1426 1797 1487 1829 ciei
1509 1802 1707 1829 removetur.

1483 1851 1513 1872 2.
1528 1839 1678 1872 Secunda
1690 1845 1751 1871 est:
1766 1839 1844 1881 Spes
1856 1845 1915 1871 aut
1929 1838 2125 1871 desiderium
2142 1849 2208 1870 non
2221 1844 2269 1870 est
2284 1839 2317 1869 in
2330 1837 2414 1869 Deo.
2425 1837 2505 1869 Pro-

1425 1887 1518 1917 batur
1542 1884 1762 1926 supponendo
1787 1885 1946 1916 rationem
1970 1884 2090 1915 obiecti
2110 1883 2247 1915 alicuius
2262 1883 2420 1924 passionis
2435 1891 2504 1914 non

1424 1931 1534 1962 solum
1563 1931 1649 1961 sumi
1673 1939 1712 1960 ex
1746 1930 1837 1960 bono
1869 1934 1901 1960 et
1930 1929 2029 1964 malo,
2054 1928 2111 1960 sed
2142 1929 2239 1960 etiam
2263 1936 2302 1958 ex
2325 1928 2391 1960 hoc
2413 1926 2506 1970 quod

1425 1975 1542 2017 aliquis
1565 1974 1606 2006 ad
1629 1974 1767 2007 alterum
1790 1974 1910 2007 horum
1925 1973 2108 2015 aliqualiter
2122 1983 2158 2007 se
2173 1973 2281 2007 habet.
2304 1971 2354 2004 Ex
2371 1975 2505 2016 quofse-

1424 2020 1535 2061 quitur
1558 2018 1660 2060 quod,
1684 2018 1710 2050 si
1736 2017 1857 2050 modus
1872 2028 1908 2050 se
1926 2017 2068 2050 habendi
2090 2017 2132 2050 ad
2154 2017 2323 2050 obiectum
2346 2014 2507 2058 passionis

1425 2065 1498 2095 Deo
1513 2073 1582 2095 non
1604 2063 1772 2105 competit.
1789 2069 1821 2094 et
1835 2064 1907 2105 ipsa
1929 2071 2065 2104 quoque
2089 2063 2196 2104 passio
2211 2062 2253 2094 ab
2267 2062 2340 2103 ipso
2357 2068 2507 2094 remon-

1424 2115 1486 2140 tur.
1511 2108 1607 2140 Tunc
1631 2109 1688 2139 sic.
1713 2107 1790 2149 Spei
1813 2113 1846 2139 et
1869 2107 2019 2139 desiderii
2034 2107 2202 2139 obiectum
2219 2113 2267 2138 est
2282 2107 2420 2143 bonum,
2435 2115 2505 2139 non

1424 2154 1559 2197 quidem
1583 2154 1756 2186 obtentum
1780 2158 1836 2184 aut
1859 2153 2017 2189 habitum,
2041 2152 2099 2183 sed
2121 2151 2338 2184 obtinendum
2357 2157 2414 2183 aut
2434 2160 2506 2184 non

1423 2199 1582 2230 habitum.
1612 2197 1677 2230 Sed
1699 2198 1764 2229 hoc
1788 2198 1860 2229 Deo
1884 2207 1952 2230 non
1976 2203 2084 2238 potest
2107 2203 2310 2238 competere:
2335 2206 2413 2229 cum
2435 2196 2507 2229 eius

1425 2243 1582 2285 perfectio
1600 2249 1687 2274 tanta
1706 2244 1746 2274 sit
1766 2249 1801 2274 ut
1825 2243 1855 2274 ei
1878 2242 2002 2284 aliquid
2024 2241 2098 2273 addi
2116 2252 2185 2274 non
2204 2242 2317 2284 possit.
2337 2241 2425 2284 Ergo
2443 2246 2504 2274 etc.

1481 2287 1546 2320 Sed
1568 2288 1709 2320 occurrit
1733 2287 1882 2319 dubium.
1905 2287 1990 2319 Nam
2013 2295 2083 2318 non
2106 2286 2217 2318 solum
2231 2286 2291 2318 sibi
2309 2287 2384 2328 quis
2398 2290 2506 2328 spera

1425 2334 1562 2369 bonum,
1586 2332 1643 2364 sed
1666 2333 1763 2364 etiam
1787 2332 1909 2364 amicis.
1934 2332 2033 2374 Ergo.
2058 2333 2207 2373 quamvis
2231 2331 2418 2363 bonitatiet
2432 2338 2505 2373 per*

1426 2378 1559 2410 fectioni
1576 2377 1704 2408 divinae
1719 2377 1842 2418 aliquid
1858 2376 1932 2408 addi
1956 2386 2024 2408 non
2049 2378 2162 2418 possit,
2187 2377 2264 2418 quia
2287 2381 2397 2408 tamen
2416 2383 2506 2408 erea-
2534 2384 2536 2386 ·

1425 2429 1516 2455 turae
1539 2422 1663 2463 aliquid
1693 2422 1767 2455 addi
1798 2427 1917 2463 potest,
1941 2422 2061 2463 poterit
2082 2421 2118 2453 in
2141 2422 2214 2453 Deo
2242 2430 2312 2453 esse
2341 2429 2418 2463 spes
2438 2428 2508 2463 qut

1425 2473 1533 2509 speret
1555 2473 1736 2498 creaturam
1760 2467 1882 2508 aliquid
1905 2468 2124 2499 obtenturam.
2480 2482 2482 2485 ·

1481 2511 1710 2554 Respondemr
1732 2512 1824 2553 quod
1847 2521 1921 2553 spes
1944 2520 2028 2553 quae
2053 2517 2101 2543 est
2124 2511 2232 2552 passio
2255 2511 2508 2552 appetimssea-

1425 2557 1520 2594 sitivi,
1537 2556 1720 2588 extenditur
1742 2562 1869 2588 tanturn
1885 2555 1927 2588 ad
1941 2557 2068 2588 bonum
2091 2555 2262 2598 sperantis:
2287 2564 2364 2587 cum
2378 2555 2507 2588 bonum

1425 2602 1588 2643 appetitus
1612 2602 1755 2633 sensitivi
1779 2602 1818 2632 sit
1841 2601 2032 2633 delectabile
2053 2606 2084 2632 et
2101 2601 2301 2632 conveniens
2323 2599 2509 2634 secundm

1425 2655 1570 2678 sensum.
1595 2645 1659 2677 Sed
1683 2656 1756 2688 spes
1780 2655 1864 2687 quae
1888 2647 2038 2677 nominat
2060 2651 2170 2677 actum
2194 2645 2380 2682 voluntatis,
2399 2646 2509 2687 poten·

1427 2692 1523 2723 etiam
1553 2690 1747 2722 secundario
1771 2691 1812 2722 ad
1835 2692 1961 2723 bonum
1985 2691 2115 2722 alterius
2145 2690 2286 2727 extendi,
2309 2691 2506 2731 inquantum

1427 2745 1484 2778 per
1508 2745 1655 2768 amorem
1677 2736 1795 2777 aliquis
1818 2737 1930 2768 unitur
1952 2735 2052 2773 alteri,
2077 2741 2113 2767 ut
2136 2734 2254 2768 dicitur
2277 2735 2428 2768 Secunda
2449 2735 2508 2768 80·

1428 2780 1565 2818 eundae,
1589 2789 1622 2822 q.
1645 2790 1720 2817 xvn,
1744 2790 1772 2812 a.
1799 2780 1828 2812 3.
1852 2780 2075 2812 Veruntamen
2098 2789 2173 2822 spes
2195 2781 2293 2812 etiam
2316 2781 2381 2812 isto
2402 2779 2508 2813 modo

1427 2832 1557 2868 sumpta
1573 2826 1606 2856 in
1624 2825 1696 2857 Deo
1713 2835 1782 2857 esse
1799 2835 1867 2856 non
1883 2830 2004 2867 potest:
2029 2825 2107 2867 quia
2129 2834 2204 2866 spes
2225 2825 2358 2867 proprie
2377 2825 2508 2868 respicit

1427 2872 1553 2902 bonum
1577 2870 1669 2912 quod
1693 2870 1790 2901 etiam
1818 2875 1967 2911 respectu
1995 2870 2151 2912 sperantis
2175 2875 2226 2902 est
2246 2869 2409 2907 futurumt
2433 2867 2506 2902 neo

1428 2921 1538 2947 autem
1561 2915 1643 2946 nihil
1666 2921 1715 2946 est
1738 2914 1895 2946 futurum.
1916 2931 1938 2939 -
1958 2914 1992 2946 Si
2016 2920 2127 2947 autem
2150 2914 2266 2958 aliquis
2290 2922 2414 2947 nomen
2436 2915 2508 2957 spei

1428 2961 1524 2993 vellet
1540 2960 1659 3001 largius
1674 2960 1832 3001 accipere,
1849 2969 1910 3001 pro
1926 2965 2001 2991 actu
2017 2959 2140 2991 scilicet
2153 2960 2330 2991 voluntatis
2349 2968 2418 3001 quo
2434 2960 2509 3002 quia

1428 3005 1497 3037 vult
1519 3005 1617 3036 alicui
1640 3005 1767 3036 bonum
1789 3005 1836 3036 illi
1859 3003 2007 3036 futurum
2030 3014 2107 3036 cum
2135 3005 2339 3042 certitudine,
2369 3005 2416 3036 sic
2437 3012 2508 3036 non

1428 3056 1511 3082 esset
1533 3050 1772 3082 inconveniens
1792 3049 1900 3081 dicere
1923 3049 2032 3081 Deum
2058 3058 2188 3092 sperare
2213 3050 2309 3081 nobis
2336 3048 2508 3082 meust

1428 3104 1515 3127 nem.
1541 3094 1605 3126 Sed
1628 3094 1692 3126 hoc
1716 3099 1800 3126 esset
1822 3093 1990 3126 vocabulis
2013 3095 2113 3126 abuti.
2471 3095 2475 3098 ’

1483 3138 1729 3171 Advertendum
1753 3144 1862 3170 autem
1886 3138 1978 3180 quod
2007 3137 2081 3181 spes
2105 3148 2146 3170 eo
2172 3138 2276 3170 modo
2300 3147 2372 3181 quo

1429 3194 1498 3215 esse
1522 3183 1563 3215 de
1586 3184 1625 3215 iis
1649 3193 1732 3225 quae
1757 3183 1798 3215 ad
1821 3183 1901 3215 alios
1924 3184 2098 3225 pertinent,
2115 3183 2238 3215 scilicet
2252 3182 2292 3215 de
2308 3182 2507 3215 alieumnei

1429 3234 1559 3265 eventu,
1573 3238 1640 3260 non
1653 3234 1701 3260 est
1715 3228 1755 3260 de
1771 3229 1841 3270 ipso
1857 3234 1972 3260 eventu
1988 3229 2066 3260 boni
2081 3228 2220 3260 alterius
2234 3227 2299 3259 nisi
2313 3228 2506 3270 itrquantttm

1429 3274 1638 3305 existimatur
1653 3278 1689 3304 ut
1703 3274 1823 3304 bonum
1843 3274 1999 3315 speranti,
2016 3278 2053 3305 ut
2067 3273 2185 3304 dicitur
2200 3272 2241 3304 111
2257 3271 2357 3308 Sent„
2377 3271 2408 3303 d.
2421 3281 2505 3308 xxvi,

1428 3320 1461 3350 in
1487 3319 1690 3360 expositione
1721 3318 1861 3350 Litterae
1879 3319 1906 3349 ⁶.
1932 3317 2020 3354 ldeo,
2044 3326 2121 3350 cum
2146 3317 2227 3349 nihii
2253 3316 2407 3348 bonitatis
2434 3315 2505 3349 neo

1429 3364 1532 3405 possit
1547 3362 1631 3399 addi,
1651 3362 1744 3394 nullo
1760 3361 1862 3394 modo
1878 3368 1987 3404 potest
2002 3362 2066 3394 dici
2082 3370 2152 3394 esse
2166 3370 2259 3402 spem
2275 3361 2309 3392 in
2324 3361 2407 3393 Deo.
2427 3361 2507 3394 Pro·

1429 3413 1501 3449 pter
1522 3408 1587 3439 hoc
1610 3407 1748 3439 Sanetus
1763 3407 1920 3444 Thomas,
1944 3406 1985 3438 ad
2007 3405 2247 3438 ostendendum
2271 3406 2304 3437 in
2325 3405 2398 3438 Deo
2414 3414 2507 3448 spem

1428 3462 1497 3484 non
1513 3462 1594 3489 esse,
1611 3453 1676 3483 hoc
1691 3452 1800 3484 solum
1819 3461 1879 3493 pro
1903 3452 2028 3483 ratione
2048 3449 2190 3487 adduxit.
2208 3450 2299 3492 quod
2315 3450 2508 3492 perfectioni

1430 3497 1558 3528 divinae
1581 3496 1704 3538 aliquid
1727 3496 1802 3528 addi
1825 3505 1893 3528 non
1917 3501 2034 3537 potest.

1489 3542 1518 3573 3.
1542 3541 1652 3573 Tertia
1676 3547 1736 3572 est:
1766 3541 1879 3572 Timor
1902 3549 1967 3571 non
1992 3545 2040 3571 est
2063 3540 2099 3570 in
2121 3539 2203 3571 Deo.
2226 3539 2394 3571 Probatur.
2419 3539 2508 3571 Tum

1431 3586 1508 3627 quia
1538 3587 1610 3618 eius
1637 3586 1805 3618 obiectum
1835 3590 1884 3616 est
1914 3585 2036 3616 malum
2065 3584 2156 3625 quod
2187 3590 2295 3626 potest
2324 3585 2439 3616 inesse.
2473 3585 2509 3616 ln

1432 3631 1504 3661 Deo
1521 3636 1630 3662 autem
1653 3639 1727 3663 uon
1746 3635 1795 3661 est
1817 3629 1964 3670 potentia
1986 3628 2026 3660 ad
2050 3629 2184 3660 malum.
2201 3647 2220 3652 —
2239 3628 2328 3660 Tum
2350 3630 2426 3670 quia
2440 3638 2511 3661 non

1403 3694 1406 3706 ι
1432 3681 1479 3706 est
1503 3676 1564 3706 nisi
1589 3675 1752 3707 existentis
1775 3675 1808 3706 in
1833 3674 1988 3714 potentia.

2532 3324 2543 3335 ·
2557 3322 2615 3346 eut
2623 3328 2649 3352 q.
2658 3327 2686 3350 u,
2695 3326 2718 3345 a.
