2768 4134
76 415 86 425 ·
100 413 171 435 Num.
185 418 223 439 xv,
233 417 254 433 2.

77 815 85 823 “
115 813 173 840 Cap.
201 817 231 837 iv,
260 802 289 837 ῃ

77 847 95 860 s.
111 839 156 860 Th.
170 839 216 865 l.7.

75 1813 83 1821 ¹
98 1810 155 1838 Cap.
165 1816 235 1832 uxv.

80 2279 132 2302 ·Cf.
147 2285 198 2308 cap.
208 2285 290 2307 Lxxm,

78 2312 157 2329 Lxxw.

79 2768 87 2777 '
106 2766 163 2795 cap.
174 2773 196 2795 ι,
206 2773 238 2790 ιι.

321 332 395 376 504

371 406 467 437 XVII.
492 403 591 441 Quod
623 403 719 432 etiam
751 398 893 430 secunda
923 397 1092 437 responsio
1112 397 1139 431 ἥ,
1164 404 1248 435 quae
1272 399 1320 424 est
1347 403 1385 424 ex

316 452 413 482 Scoto
437 453 575 488 sumpta,
592 446 632 476 ad
655 451 799 476 mentem
821 442 1002 474 Aristotelis
1019 450 1088 471 non
1112 439 1253 475 accedat,
1277 443 1387 468 osten-

315 496 408 526 ditur.
433 493 516 523 Nam
539 501 607 521 non
632 490 692 520 alia
715 490 839 519 ratione
863 487 956 527 ponit
975 484 1165 516 Aristoteles
1185 483 1387 514 intellectum

315 541 354 569 ab
371 547 492 577 organo
509 544 670 575 corporeo
687 539 718 564 et
733 538 822 573 parte
843 540 1001 571 corporea
1017 535 1211 570 separatum,
1227 528 1299 578 nisi·
1311 527 1387 578 quia

315 591 472 623 organum
496 586 543 611 est
566 579 796 610 determinatae
819 582 951 607 naturae
975 574 1133 605 sensibilis
1157 579 1189 604 et
1212 573 1387 607 mixnoms,

315 632 446 668 propter
473 624 562 665 quod
593 623 776 654 intellectus
806 622 938 652 haberet
971 620 1214 650 determinatam
1245 617 1388 656 aliquam

314 678 459 702 naturam
483 669 678 704 sensibilem,
696 673 727 698 et
749 668 796 698 sic
819 665 1030 706 impediretur
1052 672 1250 703 cognoscere
1274 670 1389 711 omnes

314 723 443 747 naturas
466 713 648 744 sensibiles:
673 713 767 748 sicut,
785 712 811 742 si
834 716 890 741 aut
909 710 1056 750 potentia
1079 708 1177 738 visiva
1193 712 1248 737 aut
1265 705 1390 756 pupilla

314 761 444 791 haberet
460 759 602 799 aliquem
618 757 866 788 determinatum
879 755 1035 790 colorem,
1048 763 1066 783 a
1081 751 1293 793 perceptione
1310 750 1388 780 alio-

314 814 387 836 rum
403 804 552 835 colorum
567 802 787 843 impediretur.
805 801 918 831 Tertio
935 799 1023 829 enim
1039 799 1079 828 de
1090 797 1220 831 Anima,
1237 800 1313 825 text.
1328 794 1347 824 6
1360 795 1388 845 ἡ,

313 850 435 889 inquit:
465 848 557 879 Unde
580 857 681 888 neque
702 846 830 877 misceri
845 850 892 876 est
907 843 1102 874 rationabile
1119 842 1223 882 ipsum
1245 848 1388 890 corpori.

317 894 433 930 Qualis
457 893 541 924 enim
565 892 685 933 aliquis
701 892 810 931 utique
819 891 893 931 fiet,
918 894 977 918 aut
999 887 1126 918 calidus
1149 891 1208 916 aut
1222 884 1388 935 frigidus,

314 939 342 969 si
366 948 530 980 organum
553 937 688 978 aliquod
711 937 773 966 erit
799 935 883 965 sicut
904 932 1069 963 sensitiva.
1101 931 1164 962 Sed
1193 930 1281 960 idem
1305 938 1389 959 acci-

315 983 403 1014 deret
419 985 444 1014 si
468 988 644 1023 poneretur
658 981 840 1011 intellectus
856 984 963 1008 totum
980 985 1100 1017 corpus
1119 975 1304 1010 informare,
1322 974 1389 1004 sive

598 324 785 361 SUMMA
815 320 1037 358 CONTRA
1065 316 1340 360 GENTILES,
1369 315 1464 351 LIB.
1486 314 1527 359 ΙΙ,
1558 313 1669 349 CAP.
1690 312 1863 357 LXXIX,
1887 312 2044 358 LXXX,
2065 312 2237 349 LXXXI.

1442 401 1510 422 esse
1534 392 1594 421 sibi
1622 391 1782 421 rationem
1811 390 1918 430 primo
1948 389 2116 430 operandi,
2147 391 2191 421 ita
2220 392 2312 432 quod
2338 393 2517 434 intelligere

1440 442 1523 467 esset
1547 435 1722 475 compositi
1747 444 1785 465 ex
1809 434 1976 466 intellectu
2008 440 2039 465 et
2069 440 2140 465 toto
2164 445 2320 476 corpore:
2349 447 2426 468 cum
2448 448 2518 470 non

1441 482 1549 511 minus
1571 481 1711 510 mixtum
1727 480 1767 510 sit
1790 485 1898 510 totum
1914 489 2034 520 corpus
2050 488 2150 519 quam
2173 489 2257 520 pars,
2280 490 2389 522 neque
2409 483 2519 514 minus

1439 526 1555 556 habeat
1570 530 1719 555 naturam
1735 524 1921 555 sensibilem
1937 523 2196 555 determinatam.
2214 525 2301 565 Ergo
2317 535 2387 557 non
2409 528 2519 559 minus

1441 575 1605 610 separatus
1629 574 1676 599 est
1698 568 1892 606 intellectus,
1925 574 1957 600 et
1986 570 2134 609 operatio
2162 570 2375 610 intelligendi,
2401 581 2419 602 a
2446 577 2520 604 toto

1441 624 1580 654 corpore
1604 623 1704 654 quam
1727 623 1745 643 a
1770 614 1917 654 corporis
1940 619 2041 654 parte.
2067 614 2100 646 Si
2120 624 2197 654 ergo
2222 620 2270 645 est
2292 624 2407 647 verum
2428 616 2520 656 quod

1441 660 1556 690 habeat
1580 659 1806 699 operationem
1836 659 2003 699 propriam
2033 659 2087 690 cui
2117 669 2186 690 non
2214 661 2438 691 communicat
2466 670 2520 692 or—

1441 713 1563 744 ganum
1587 703 1767 744 corporale,
1785 709 1816 734 et
1838 713 1952 734 verum
1969 704 2029 734 erit
2044 703 2136 744 quod
2158 705 2276 736 habeat
2294 706 2521 745 operationem

1441 748 1607 789 propriam
1631 749 1684 779 cui
1707 757 1816 788 neque
1839 749 1949 789 ipsum
1973 754 2081 780 totum
2101 758 2222 789 corpus
2241 750 2474 781 communicet.

1499 793 1626 824 Uni-mo
1650 802 1734 823 Loco
1758 792 1930 824 confirmat
1953 793 2091 824 Sanctus
2107 793 2255 825 Thomas
2274 804 2367 826 suam
2385 794 2521 826 conclu—

1442 838 1570 869 sionem
1592 838 1784 869 auctoritate
1807 837 1880 869 libri
1902 838 1943 868 de
1965 838 2204 869 Ecclesiasticis
2226 839 2455 880 Dogmatibus.
2479 839 2522 870 Et

1442 882 1531 913 addit
1553 891 1612 923 per
1627 883 1692 914 hoc
1708 882 1837 913 excludi
1860 883 2040 923 impiorum
2056 892 2210 920 errorem,
2226 893 2266 914 ex
2289 893 2432 924 quorum
2448 893 2522 924 per-

1442 937 1523 958 sona
1551 933 1583 958 et
1610 927 1798 968 Sapientiae
1820 937 1843 957 11
1874 932 1906 958 et
1932 927 2141 958 Ecclesiastis
2167 938 2203 958 111
2230 928 2347 959 dicitur
2378 930 2521 960 animam

1443 972 1687 1013 corruptibilem
1712 981 1790 1003 esse.
2397 988 2400 990 >

1390 1062 1472 1100 ,m

743 1213 1324 1271 CAPITULUM
1380 1212 2090 1269 OCTOGESIMUM

858 1286 971 1342 ET
1011 1285 1610 1341 OCTOGESIMUM
1644 1284 1971 1341 PRIMUM

398 1416 707 1458 RATIONES
741 1415 1108 1456 PROBANTES
1143 1415 1394 1456 ANIMAM
1428 1414 1746 1456 CORRUMPI
1781 1413 2114 1455 CORRUPTO
2149 1413 2440 1455 CORPORE

399 1556 403 1574 ἶ
444 1561 445 1564 ,
518 1540 650 1574 merua
660 1537 792 1566 autem
803 1528 1041 1578 quibusdam
1051 1527 1266 1566 rationibus
1275 1540 1391 1578 posse
1447 1528 1555 1578 quod
1575 1527 1730 1566 animae
1749 1528 1948 1565 humanae
1977 1526 2018 1564 in
2037 1539 2108 1565 sua
2127 1526 2375 1565 multitudine
2399 1538 2524 1565 rema-

336 1608 353 1631 „
465 1615 494 1634 ¹.
530 1581 688 1632 probari
707 1581 858 1620 animas
876 1583 1072 1619 humanas
1096 1594 1176 1619 non
1196 1594 1313 1632 posse
1333 1594 1391 1620 re·
1447 1589 1565 1619 neant
1592 1589 1681 1632 post
1713 1589 1883 1619 mortem
1914 1580 2101 1631 corporis.
2136 1580 2178 1620 Si
2211 1580 2318 1619 enim
2350 1580 2526 1621 mundus

341 1656 356 1685 Α
394 1637 418 1683 ’ζ
448 1632 501 1686 ,3
530 1648 690 1673 manere
709 1643 798 1685 post
817 1648 971 1685 corpus.
1447 1643 1504 1673 est
1531 1636 1582 1672 ab
1610 1643 1780 1681 aeterno,
1810 1642 1942 1672 motus
1969 1634 2040 1672 fuit
2067 1635 2118 1672 ab
2149 1642 2320 1673 aeterno.
2355 1635 2460 1685 Ergo
2488 1642 2526 1674 et

345 1693 349 1702 “
1447 1688 1644 1737 generatio
1659 1696 1715 1726 est
1733 1695 1902 1726 aeterna.
1923 1689 2000 1726 Sed
2021 1688 2052 1725 si
2071 1688 2267 1737 generatio
2282 1696 2339 1726 est
2357 1695 2526 1735 aeterna,

376 1717 382 1721 -
435 1685 493 1709 '‘”1
587 1689 627 1726 Si
660 1689 767 1726 enim
796 1689 950 1726 animae
979 1689 1178 1726 humanae
1211 1688 1393 1738 multipli-

317 1750 454 1780 cantur
481 1743 700 1780 secundum
719 1742 1081 1793 multiplicationem
1106 1753 1331 1792 corporum,
1351 1750 1394 1779 ut
1416 1759 1425 1780 5
1449 1742 1588 1779 infiniti
1617 1741 1798 1779 homines
1827 1741 1971 1779 mortui
2000 1749 2090 1779 sunt
2117 1749 2206 1780 ante
2241 1753 2326 1779 nos,
2363 1741 2404 1780 Si
2431 1753 2525 1792 ergo

318 1808 436 1846 supra
449 1795 470 1817 ’⁸‘
498 1803 698 1833 ostensum
727 1805 794 1843 est,
815 1795 1016 1834 destructis
1035 1808 1126 1844 ergo
1151 1796 1393 1847 corporibus,
1449 1795 1603 1833 animae
1623 1803 1872 1833 mortuorum
1888 1803 2091 1832 remanent
2103 1803 2192 1846 post
2206 1803 2375 1833 mortem
2395 1794 2435 1833 in
2455 1807 2526 1834 sua

317 1862 398 1887 non
418 1857 581 1899 possunt
599 1849 752 1887 animae
771 1849 811 1887 in
827 1862 898 1888 sua
912 1849 1158 1887 multitudine
1178 1862 1392 1888 remanere.
1449 1849 1708 1896 multitudine,
1737 1856 1889 1899 oportet
1917 1848 2044 1886 dicere
2072 1849 2222 1887 animas
2249 1848 2420 1888 infinitas
2443 1860 2527 1888 esse

319 1903 430 1941 Unde
459 1911 612 1952 oportet
639 1905 803 1941 alterum
832 1904 1005 1941 duorum
1035 1903 1160 1952 sequi:
1191 1911 1257 1941 aut
1285 1903 1394 1953 quod
1450 1915 1557 1940 nunc
1571 1902 1624 1940 'in
1652 1910 1741 1940 actu
1770 1902 1981 1940 hominum
2008 1901 2117 1952 prius
2144 1909 2408 1942 mortuorum.
2437 1902 2528 1941 Hoc

317 1956 481 1993 totaliter
508 1956 640 1994 anima
669 1957 845 1994 humana
874 1969 957 1994 esse
986 1956 1152 2002 desinat;
1183 1965 1250 1994 aut
1285 1957 1393 2006 quod
1449 1964 1582 1993 autem
1610 1963 1667 1992 est
1695 1954 1954 2005 impossibile:
1984 1967 2078 1992 nam
2106 1954 2304 1993 infinitum
2327 1963 2418 1994 actu
2444 1966 2527 1994 non

317 2017 514 2046 remaneat
533 2021 614 2047 una
641 2017 805 2047 tantum.
826 2010 947 2057 Quod
966 2009 1122 2046 videtur
1144 2021 1227 2047 esse
1257 2022 1394 2048 secun·
1410 2030 1435 2045 ιο
1449 2017 1575 2059 potest
1590 2020 1674 2046 esse
1689 2008 1729 2046 in
1744 2016 1893 2046 natura.
1905 2008 2154 2059 Relinquitur
2166 2008 2293 2059 igitur⁷
2307 2009 2528 2048 simundus

317 2063 419 2109 dum,
443 2062 673 2112 opinionem
702 2062 858 2100 illorum
878 2062 946 2113 qui
974 2070 1128 2112 ponunt
1157 2075 1239 2101 esse
1268 2063 1394 2102 incor-

318 2116 496 2166 ruptibile
517 2118 646 2154 solum
674 2116 769 2154 illud
789 2117 897 2166 quod
918 2124 974 2154 est
998 2129 1122 2154 unum
1149 2115 1189 2154 in
1209 2117 1394 2156 omnibus

318 2169 561 2207 hominibus:
587 2170 668 2208 sive
688 2172 764 2208 hoc
790 2170 837 2208 sit
856 2170 1068 2208 intellectus
1089 2182 1207 2219 agens
1230 2179 1394 2218 tantum,

317 2231 359 2260 ut
387 2224 606 2261 Alexander
623 2223 733 2270 dicit;
763 2224 844 2262 sive
863 2236 956 2261 curn
979 2232 1116 2273 agente
1136 2224 1252 2262 etiam
1272 2225 1395 2275 possi-

316 2276 413 2323 bilis,
442 2285 484 2314 ut
511 2277 602 2315 dicit
629 2279 823 2315 Averroes
841 2278 872 2315 *.

372 2330 563 2380 Amplius.
594 2331 706 2369 Ratio
735 2331 907 2369 formalis
936 2339 992 2368 est
1020 2343 1137 2369 causa
1166 2331 1395 2370 diversitatis

319 2385 537 2422 secundum
557 2384 739 2435 speciem.
762 2386 851 2432 Sed,
872 2385 903 2422 si
925 2393 1129 2423 remanent
1148 2387 1294 2423 multae
1314 2386 1395 2424 ani-

320 2450 407 2474 mae
443 2447 529 2487 post
561 2451 775 2488 corporum
807 2438 1113 2488 corruptionem,
1149 2447 1302 2488 oportet
1330 2452 1396 2477 eas

320 2503 402 2528 esse
417 2491 606 2529 diversas:
624 2492 722 2530 sicut
740 2492 847 2530 enim
867 2492 971 2530 idem
988 2500 1044 2529 est
1063 2493 1173 2542 quod
1193 2501 1248 2530 est
1267 2505 1394 2530 unum

320 2546 536 2582 secundum
553 2545 819 2593 substantiam,
836 2546 885 2583 ita
905 2546 1060 2583 diversa
1075 2554 1165 2583 sunt
1183 2558 1285 2596 quae
1305 2555 1395 2584 sunt

318 2600 440 2636 multa
467 2600 686 2637 secundum
710 2599 976 2637 substantiam.
998 2600 1092 2638 Non
1116 2607 1243 2650 potest
1262 2608 1394 2638 autem

320 2664 401 2689 esse
431 2651 470 2689 in
499 2653 705 2691 animabus
733 2653 1027 2691 remanentibus
1050 2662 1138 2703 post
1166 2665 1310 2704 corpus
1338 2653 1394 2692 di-

319 2705 476 2743 versitas
495 2706 567 2744 nisi
595 2706 782 2744 formalis:
803 2719 886 2744 non
905 2707 1012 2745 enim
1040 2715 1131 2744 sunt
1154 2707 1394 2758 compositae

318 2771 365 2796 ex
393 2759 552 2797 materia
571 2769 608 2797 et
635 2761 771 2806 forma,
791 2769 834 2798 ut
862 2773 981 2811 supra
994 2760 1015 2783 *
1033 2761 1244 2811 probatum
1269 2769 1325 2798 est
1344 2761 1393 2798 de

1450 2070 1506 2100 est
1525 2070 1717 2109 aeternus,
1732 2062 1841 2112 quod
1861 2061 2015 2100 animae
2035 2074 2116 2100 non
2136 2071 2364 2101 remaneant
2381 2064 2528 2102 multae

1449 2123 1537 2167 post
1566 2124 1747 2154 mortem.

1504 2171 1611 2208 Item.
1657 2170 1769 2213 Quod
1802 2169 1952 2208 advenit
1988 2171 2104 2208 alicui
2137 2175 2171 2207 et
2207 2170 2358 2208 discedit
2393 2172 2443 2209 ab
2483 2183 2529 2211 eo

1445 2229 1602 2274 praeter
1633 2225 1693 2261 sui
1724 2225 2017 2274 corruptionem,
2053 2223 2203 2261 advenit
2230 2225 2267 2260 ei
2292 2224 2529 2262 accidentali-

1412 2298 1434 2319 15
1450 2283 1524 2315 ter.-
1545 2277 1770 2315 haec-enim
1794 2284 1850 2314 est
1879 2276 2054 2314 definitio
2083 2276 2290 2314 accidentis
2303 2277 2335 2314 ²¹⁸.
2367 2277 2409 2316 Si

1451 2330 1582 2368 anima
1610 2343 1690 2368 non
1720 2330 1984 2381 corrumpitur
2011 2341 2175 2380 corpore
2199 2330 2441 2379 abscedente,
2470 2343 2529 2369 se-

1451 2392 1594 2434 quetur
1608 2384 1716 2434 quod
1736 2384 1869 2422 anima
1883 2383 2166 2423 accidentaliter
2184 2383 2338 2434 corpori
2358 2383 2526 2423 uniatur.

1451 2439 1554 2487 Ergo
1583 2439 1708 2476 homo
1736 2446 1793 2476 est
1821 2450 1890 2476 ens
1918 2450 1988 2488 per
2015 2437 2206 2484 accidens,
2235 2437 2304 2488 qui
2336 2446 2394 2476 est
2418 2450 2528 2477 com·

1450 2491 1600 2542 positus
1620 2503 1667 2529 ex
1686 2491 1819 2529 anima
1837 2500 1875 2529 et
1897 2503 2075 2542 corpore.
2097 2492 2145 2530 Et
2163 2499 2350 2541 sequetur
2367 2491 2529 2530 ulterius

1410 2565 1436 2580 ,ο
1450 2546 1559 2595 quod
1588 2557 1669 2583 non
1689 2545 1736 2583 sit
1763 2545 1893 2595 aliqua
1921 2545 2069 2596 species
2089 2546 2281 2583 humana:
2304 2556 2393 2583 *non
2421 2545 2528 2584 enim

1449 2611 1496 2636 ex
1517 2598 1576 2636 his
1596 2611 1698 2649 quae
1713 2598 2005 2648 coniunguntur
2017 2611 2090 2649 per
2107 2597 2298 2646 accidens,
2318 2598 2362 2636 fit
2381 2598 2528 2649 species

1450 2665 1548 2699 una;
1577 2665 1670 2690 nam
1698 2653 1811 2690 homo
1834 2654 1940 2691 albus
1959 2664 2041 2690 non
2070 2660 2127 2690 est
2154 2651 2284 2702 aliqua
2312 2652 2474 2703 species.

1503 2705 1695 2756 Amplius.
1724 2705 1967 2756 Impossibile
1995 2714 2052 2744 est
2071 2705 2244 2756 aliquam
2272 2705 2529 2746 substantiam

1449 2772 1533 2797 esse
1561 2759 1673 2798 cuius
1705 2771 1787 2797 non
1820 2759 1867 2797 sit
1899 2759 2029 2810 aliqua
2061 2759 2249 2810 operatio.
2283 2759 2362 2798 Sed
2397 2759 2529 2798 omnis

319 2812 427 2850 omni
460 2813 671 2851 substantia
706 2814 962 2852 intellectuali.
1002 2814 1250 2864 Relinquitur
1281 2814 1396 2864 igitur
1409 2833 1431 2854 ις
1449 2813 1623 2863 operatio
1652 2813 1807 2851 animae
1826 2813 1961 2851 finitur
1981 2825 2073 2851 cum
2093 2822 2270 2864 corpore.
2293 2813 2415 2861 Quod
2442 2813 2528 2865 qui·

319 2866 426 2915 quod
455 2874 544 2904 sunt
562 2867 738 2905 diversae
758 2868 979 2906 secundum
998 2868 1181 2918 speciem.
1211 2869 1305 2906 Non
1326 2881 1393 2906 au—

319 2927 397 2956 tem
416 2932 486 2969 per
504 2921 796 2971 corruptionem
816 2921 990 2972 corporis
1009 2930 1212 2960 mutantur
1239 2921 1393 2961 animae

320 2973 368 3010 ad
397 2972 511 3011 aliam
540 2974 728 3024 speciem:
759 2975 851 3025 quia
879 2988 999 3014 omne
1023 2975 1133 3025 quod
1153 2983 1326 3014 mutatur
1344 2976 1393 3014 de

321 3026 445 3075 specie
465 3027 504 3064 in
524 3028 705 3078 speciem,
733 3029 1008 3080 corrumpitur.
1030 3029 1278 3079 Relinquitur
1301 3041 1392 3078 ergo

1449 2868 1541 2905 dem
1559 2875 1664 2918 patet
1682 2878 1754 2917 per
1766 2866 2047 2906 inductionem.
2067 2867 2174 2917 Nam
2193 2866 2353 2904 virtutes
2371 2866 2527 2917 animae

1448 2920 1653 2959 nutritivae
1683 2927 1894 2971 operantur
1920 2932 1992 2971 per
2019 2919 2220 2971 qualitates
2244 2932 2464 2972 corporeas,
2489 2928 2527 2959 et

1447 2987 1519 3025 per
1532 2973 1835 3012 instrumentum
1849 2986 2098 3025 corporeum,
2118 2982 2155 3013 et
2173 2973 2213 3012 in
2232 2973 2364 3024 ipsum
2382 2986 2527 3026 corpus

1447 3028 1557 3078 quod
1591 3027 1791 3078 perficitur
1822 3039 1893 3077 per
1926 3027 2112 3075 animam,
2146 3028 2256 3078 quod
2289 3027 2458 3066 nutritur
2489 3035 2527 3066 et

320 3080 427 3128 quod
455 3080 571 3118 etiam
591 3090 801 3131 antequam
821 3091 949 3121 essent
977 3095 1000 3120 a
1027 3082 1260 3133 corporibus
1283 3095 1393 3133 sepa·
1409 3101 1434 3122 ,ο
1448 3090 1621 3131 augetur,
1650 3089 1688 3118 et
1715 3093 1762 3119 ex
1790 3092 1872 3131 quo
1901 3081 2091 3120 deciditur
2118 3093 2254 3120 semen
2287 3081 2337 3119 ad
2367 3092 2527 3131 genera-

322 3140 434 3179 ratae,
463 3143 570 3171 erant
599 3136 818 3174 secundum
851 3136 1021 3187 speciem
1054 3135 1242 3174 diversae.
1274 3136 1392 3174 Corn-

321 3186 444 3234 posita
471 3195 602 3225 autem
631 3188 845 3227 sortiuntur
867 3189 1039 3240 speciem
1069 3190 1288 3227 secundum
1316 3189 1391 3228 for-

321 3251 439 3276 mam.
451 3240 554 3289 Ergo
566 3249 602 3278 et
616 3241 817 3281 individua
831 3243 1041 3281 hominum
1051 3251 1160 3280 erant
1174 3243 1393 3281 secundum

322 3292 491 3340 speciem
519 3293 682 3332 diversa.
718 3297 839 3343 Quod
871 3305 928 3334 est
962 3295 1254 3334 inconveniens.
1290 3297 1393 3345 Ergo

1447 3135 1606 3172 tionem.
1645 3134 1904 3186 Operationes
1939 3134 2055 3173 etiam
2091 3146 2230 3172 omnes
2262 3134 2525 3186 potentiarum

1447 3201 1549 3239 quae
1564 3188 1756 3239 pertinent
1770 3188 1820 3226 ad
1835 3188 2008 3227 animam
2028 3188 2264 3236 sensitivam,
2279 3188 2526 3239 complentur

1447 3255 1518 3292 per
1546 3254 1692 3291 organa
1719 3241 1950 3291 corporalia:
1981 3250 2019 3279 et
2046 3241 2243 3292 quaedam
2262 3253 2398 3279 earum
2416 3251 2524 3279 com-

1448 3297 1604 3346 plentur
1617 3308 1709 3334 eum
1724 3295 1854 3345 aliqua
1868 3295 2190 3334 transmutatione
2204 3293 2406 3344 corporali,
2427 3293 2525 3332 sicut

322 3343 558 3394 impossibile
572 3347 725 3386 videtur
738 3350 845 3398 quod
862 3350 1016 3388 animae
1031 3350 1228 3387 humanae
1248 3351 1394 3388 multae
1410 3368 1432 3388 ,ς
1449 3361 1550 3399 quae
1578 3348 1763 3387 dicuntur
1789 3349 1944 3387 animae
1972 3348 2183 3399 passiones,
2207 3355 2251 3385 ut
2279 3359 2401 3394 amor,
2430 3359 2525 3396 gau-

323 3407 545 3436 remaneant
572 3409 659 3450 post
687 3414 862 3452 corpora.

376 3452 526 3490 Adhuc.
556 3453 718 3492 Videtur
746 3456 909 3495 omnino
938 3469 1022 3494 esse
1055 3455 1306 3505 impossibile,
1336 3468 1392 3494 se-

324 3505 498 3543 cundum
533 3516 720 3555 ponentes
757 3509 1022 3548 aeternitatem
1056 3508 1212 3554 mundi,
1246 3521 1393 3558 ponere

362 3602 374 3626 5
395 3603 641 3637 multiplicationem]
661 3606 852 3632 multitudinem
871 3608 901 3635 N.
921 3607 1137 3640 multiplicitatem
1156 3606 1185 3632 Ζ.

326 3636 415 3670 sibilis]
436 3639 552 3669 possibili
573 3640 635 3664 :EX
717 3649 745 3673 17
766 3642 911 3675 remanent]
932 3648 1096 3668 remanerent
1115 3641 1168 3667 GZ.

326 3678 367 3695 om
387 3672 517 3697 DGWPd.

382 3706 412 3730 16
432 3707 524 3740 anima]
545 3709 656 3734 humana
675 3712 780 3736 addunt
800 3713 919 3738 awxr’c.

1271 3605 1288 3632 8
1307 3607 1380 3640 quod
1398 3614 1442 3632 om
1462 3608 1511 3634 αΧ.

1254 3649 1285 3675 ¹9
1305 3642 1375 3667 idem
1394 3642 1444 3675 est]
1464 3643 1533 3668 idem
1553 3651 1578 3668 α.

1011 3721 1042 3746 ¹7
1063 3713 1157 3746 anima]
1177 3713 1292 3738 humana
1311 3713 1417 3738 addunt
1437 3713 1558 3739 aDWPc.

1449 3402 1559 3440 dium
1589 3410 1626 3440 et
1659 3402 1900 3440 huiusmodi.
1930 3401 2139 3451 Intelligere
2172 3407 2304 3438 autem
2340 3400 2409 3438 etsi
2441 3412 2524 3439 non

1449 3456 1495 3494 sit
1523 3455 1696 3507 operatio
1717 3467 1787 3507 per
1805 3455 1964 3506 aliquod
1984 3465 2176 3504 organum
2195 3455 2397 3504 corporale
2417 3465 2523 3493 exer-

1449 3509 1533 3556 cita,
1562 3517 1694 3548 tamen
1722 3509 1873 3547 obiecta
1892 3508 1975 3546 eius
2003 3515 2092 3545 sunt
2119 3507 2401 3557 phantasmata,
2422 3519 2523 3557 quae

1596 3614 1624 3634 u
1647 3606 1762 3642 illorum]
1783 3614 1874 3632 eorum
1894 3605 1965 3632 GFc.

1659 3650 1693 3675 ²4
1713 3643 1745 3668 de
1762 3641 1844 3676 omni]
1865 3641 1898 3667 de
1916 3641 1945 3673 Z,
1964 3640 1991 3666 in
2011 3613 2166 3674 Egissfj’:
2179 3606 2333 3667 Jgnv'yffgc
2407 3612 2442 3638 ¹4
2459 3613 2523 3640 pm·

2391 3640 2425 3666 30
2444 3640 2522 3667 etim

1652 3713 1684 3738 30
1703 3718 1728 3738 et
1747 3720 1777 3738 ex
1797 3711 1860 3746 quo]
1881 3712 1953 3745 quod
1973 3719 2003 3737 ex
2022 3720 2075 3746 quo
2095 3721 2120 3745 α,
2141 3721 2171 3739 ex
2191 3721 2244 3747 quo
2263 3712 2341 3740 GNZ.

2557 2293 2567 2303 ”
2581 2292 2703 2321 Porphyrii
2721 2292 2768 2315 Im·

2555 2325 2631 2348 eece,
2645 2325 2700 2348 etp.
2708 2325 2731 2341 v.
