2768 4134
716 285 905 323 SUMMA
934 285 1156 324 CONTRA
1184 286 1459 333 GENTILES,
1488 288 1582 325 LIB.
1603 289 1645 334 ΙΙ,
1676 288 1786 326 CAP.
1814 289 2022 326 LXXXIX.
2391 291 2460 338 541

267 362 524 413 Operationes
544 363 660 401 etiarn
688 364 790 402 vitae
818 377 900 402 non
927 365 1164 415 proveniunt
1187 378 1210 403 a
1237 365 1340 415 prin·
1397 378 1634 414 organorum
1652 367 1828 416 perfecta,
1853 367 2019 405 eandem
2048 367 2221 406 animam
2249 367 2333 406 fieri
2353 368 2465 407 ratio-

266 416 368 466 cipio
388 416 514 454 activo
535 417 760 464 extrinseco,
781 418 849 455 sed
868 418 918 456 ab
937 419 1110 456 intranea
1129 419 1281 465 virtute,
1301 418 1341 456 in
1396 421 1537 466 nalem,
1557 432 1638 458 non
1658 420 1819 470 quidem
1833 432 1904 470 per
1917 420 2110 459 actionem
2129 421 2276 459 virtutis
2295 422 2464 469 seminis,

266 482 348 519 quo
367 470 576 520 praecipue
595 483 618 508 a
637 483 718 508 non
736 471 957 509 viventibus
979 472 1145 510 viventia
1160 473 1341 510 videntur
1396 473 1465 510 sed
1493 485 1540 510 ex
1581 473 1733 511 influxu
1765 474 1962 512 exterioris
1982 474 2138 523 agentis,
2166 483 2325 524 propter
2356 476 2465 525 quod

266 523 444 570 discerni,
460 536 633 573 quorum
648 532 704 562 est
717 524 873 575 proprie
888 538 1050 563 movere
1065 526 1202 575 seipsa.
1219 526 1340 573 Quod
1396 526 1641 575 suspicantur
1659 526 1900 565 Aristotelem
1922 527 2060 565 dixisse
2081 529 2300 566 intellectum
2329 531 2376 566 ab
2399 542 2464 567 ex-

211 591 214 594 *
267 577 374 615 enim
401 577 579 623 nutritur,
608 578 791 615 assimilat
809 578 881 616 sibi
904 579 1205 616 nutrimentum:
1234 580 1340 616 unde
1363 593 1372 613 ς
1395 581 1554 617 trinseco
1570 592 1656 626 esse,
1669 579 1708 617 in
1723 580 1820 617 libro
1836 581 1881 618 de
1893 581 2425 619 GenerationeAn1·malium*.
2439 605 2464 609 -

49 1539 139 1588 ⁰¹l'I2':
155 1546 197 1567 ¹⁰³
219 1546 239 1562 ⁸·

267 638 419 680 oportet
447 630 488 668 in
515 631 660 669 nutrito
685 644 767 669 esse
794 632 977 670 virtutem
1005 632 1224 670 nutritionis
1251 632 1340 670 acti·
1397 633 1624 670 Secundum
1662 632 1768 670 enim
1809 634 1911 671 hanc
1947 634 2199 684 positionem,
2238 643 2464 685 sequeretur

266 696 371 731 vam,
400 696 494 721 cum
521 696 638 733 agens
666 685 738 722 sibi
766 684 889 722 simile
917 693 1013 734 agat.
1053 687 1101 723 Et
1132 687 1256 723 multo
1285 694 1341 723 est
1396 686 1505 735 quod
1532 685 1661 735 aliqua
1691 685 1813 724 virtus
1848 687 1986 725 eadem
2022 699 2188 725 numero
2226 700 2331 726 nunc
2366 696 2464 726 esset

267 738 345 775 hoc
371 737 611 775 manifestius
639 737 679 775 in
708 738 892 788 operibus
911 751 1065 776 sensus:
1095 751 1189 776 nam
1207 738 1340 776 videre
1395 738 1527 776 anima
1553 739 1774 787 vegetabilis
1801 747 1963 785 tantum,
1989 747 2025 777 et
2052 741 2306 789 postmodum
2334 741 2464 779 anima

267 798 304 828 et
331 790 467 828 audire
495 791 679 829 convenit
706 792 820 829 alicui
848 805 919 841 per
949 793 1133 830 virtutem
1168 792 1338 842 aliquam
1396 792 1592 829 sensitiva:
1623 800 1659 829 et
1677 792 1730 830 sic
1749 792 1831 842 ipsa
1849 793 1975 830 forma
1998 794 2253 831 substantialis
2280 794 2462 832 continue

266 843 307 881 in
334 843 420 893 ipso
449 843 688 891 existentem,
717 858 799 882 non
827 845 866 882 in
895 846 982 883 alio.
1003 846 1128 892 Unde,
1147 858 1240 883 cum
1259 858 1340 883 em·
1355 860 1382 876 ιο
1395 845 1517 894 magis
1545 858 1590 883 ac
1618 846 1739 894 magis
1757 845 2017 896 perficeretur.
2038 869 2064 873 -
2084 847 2133 883 Et
2150 847 2308 884 ulterius
2328 860 2463 897 seque-

267 897 366 947 bryo
385 897 604 936 inveniatur
622 898 756 936 nutriri
771 907 859 936 ante
873 899 1057 936 ultimum
1075 901 1340 949 complemen-
1396 906 1500 936 retur
1527 899 1636 948 quod
1655 911 1736 936 non
1755 899 1882 945 simul,
1902 900 1970 937 sed
1989 899 2204 937 successive
2236 900 2465 938 educeretur

266 957 364 996 tum,
393 958 430 988 et
464 950 581 989 etiam
615 952 766 998 sentire,
800 964 881 990 non
918 960 1044 1003 potest
1079 953 1154 990 hoc
1187 952 1339 990 attribui
1394 952 1520 989 forma
1539 952 1795 990 substantialis
1814 953 1863 989 de
1882 953 2054 1002 potentia
2073 953 2113 990 in
2132 961 2274 994 actum.
2295 975 2320 980 —
2340 954 2388 990 Et
2407 956 2463 991 ul-

267 1003 432 1042 animae
450 1004 594 1042 matris.
1394 1004 1512 1042 terius
1549 1006 1659 1055 quod
1695 1006 1889 1055 generatio
1931 1014 2030 1043 esset
2071 1014 2202 1044 motus
2244 1006 2463 1052 continuus,

320 1058 462 1108 Neque
490 1066 622 1096 tamen
650 1066 777 1108 potest
803 1058 880 1096 dici
907 1059 1017 1108 quod
1045 1059 1085 1096 in
1114 1058 1262 1096 semine
1290 1058 1339 1095 ab
1395 1058 1493 1095 sicut
1520 1066 1557 1095 et
1584 1059 1765 1096 alteratio.
1796 1059 1909 1106 Quae
1938 1059 2071 1096 omnia
2096 1067 2186 1096 sunt
2213 1059 2465 1109 impossibilia

266 1109 352 1160 ipso
380 1111 572 1161 principio
597 1111 644 1148 sit
671 1112 803 1149 anima
821 1113 1041 1150 secundum
1070 1124 1182 1150 suam
1211 1124 1339 1149 essen·
1355 1127 1378 1147 ις
1395 1111 1435 1148 in
1463 1119 1612 1149 natura.

266 1163 360 1202 tiam
390 1167 636 1214 completam,
671 1165 782 1203 cuius
816 1173 948 1203 tamen
981 1166 1226 1215 operationes
1258 1177 1339 1202 non
1450 1166 1686 1215 Sequeretur
1713 1165 1828 1202 etiam
1856 1165 1986 1203 adhuc
2013 1165 2139 1203 maius
2174 1165 2463 1212 inconveniens,

267 1226 479 1268 appareant
516 1226 676 1268 propter
701 1231 948 1267 >organorum
985 1219 1191 1256 defectum.
1222 1219 1338 1265 Nam,
1396 1218 1535 1256 scilicet
1553 1218 1662 1268 quod
1681 1218 1812 1256 anima
1830 1218 2023 1256 rationalis
2043 1226 2141 1256 esset
2159 1219 2342 1257 mortalis.
2358 1219 2466 1256 Nihil

267 1281 360 1310 cum
388 1271 520 1309 anima
538 1272 696 1309 uniatur
713 1272 868 1322 corpori
886 1280 929 1310 ut
951 1273 1087 1318 forma,
1108 1284 1190 1310 non
1208 1272 1341 1309 unitur
1395 1271 1502 1310 enim
1529 1271 1738 1309 formaliter
1766 1271 1878 1321 alicui
1907 1271 1959 1309 rei
1989 1271 2226 1322 corruptibili
2254 1272 2464 1310 adveniens

267 1323 342 1363 nisi
367 1325 523 1375 corpori
551 1325 664 1363 cuius
691 1333 747 1363 est
775 1326 930 1375 proprie
959 1333 1078 1363 actus.
1113 1327 1181 1363 Est
1203 1326 1340 1362 'autem
1395 1324 1482 1362 facit
1499 1324 1630 1374 ipsum
1650 1336 1732 1361 esse
1760 1324 2048 1374 incorruptibile
2067 1337 2138 1375 per
2156 1332 2351 1363 naturam:
2373 1325 2464 1362 alias

233 1401 239 1413 ‚
266 1377 400 1416 anima
426 1385 531 1416 actus
558 1381 728 1429 corporis
760 1381 939 1429 organici
953 1379 984 1415 *.
1015 1379 1109 1416 Non
1141 1386 1197 1416 est
1229 1378 1342 1426 igitur
1356 1389 1382 1404 ²⁰
1396 1378 1643 1427 corruptibile
1662 1385 1876 1415 mutaretur
1893 1377 1934 1415 in
1953 1378 2250 1428 incorruptibile,
2279 1378 2387 1427 quod
2411 1386 2466 1415 est

267 1439 354 1470 ante
383 1432 711 1481 organizationem
745 1431 919 1481 corporis
954 1431 994 1468 in
1029 1431 1178 1469 semine
1211 1431 1342 1469 anima
1397 1430 1646 1480 impossibile,
1666 1443 1758 1468 cum
1777 1431 1953 1480 differant
1970 1432 2172 1468 secundum
2190 1442 2321 1481 genus,
2344 1439 2386 1468 ut
2409 1431 2465 1468 di-

267 1492 366 1531 actu,
396 1485 465 1522 sed
493 1486 623 1523 solum
655 1484 827 1534 potentia
864 1485 945 1521 sive
978 1484 1130 1521 virtute.
1160 1484 1273 1522 Unde
1306 1492 1343 1521 et
1398 1484 1496 1521 citur
1516 1483 1556 1521 in
1575 1485 1611 1520 X
1629 1485 1916 1533 Metaphysicae
1929 1484 1959 1520 ²¹⁶.
1991 1484 2212 1522 Substantia
2230 1492 2361 1521 autem
2385 1484 2464 1521 ani-

266 1538 489 1576 Asistoteles
516 1538 618 1584 dicit,
639 1538 679 1575 in
699 1539 729 1575 11
749 1538 795 1575 de
821 1539 963 1575 Anima
976 1538 1008 1583 ²¹⁶,
1028 1537 1137 1586 quod
1156 1550 1281 1575 semen
1311 1543 1343 1573 et
1399 1549 1487 1574 mae
1519 1536 1718 1582 sensibilis,
1747 1549 1839 1574 cum
1875 1545 2043 1586 ponatur
2070 1549 2152 1574 esse
2187 1549 2257 1586 per
2288 1537 2465 1574 accidens

263 1592 411 1638 fructus
427 1593 481 1629 sic
507 1597 592 1628 sunt
616 1592 781 1640 potentia
809 1592 923 1628 vitam
951 1592 1125 1641 habentia
1154 1591 1254 1639 quod
1279 1592 1342 1627 ab·
1398 1597 1578 1638 generata
1606 1602 1629 1627 a
1660 1601 1824 1638 corpore
1858 1598 2039 1638 generato
2075 1590 2114 1627 in
2142 1602 2328 1639 processu
2355 1602 2464 1639 prae-

267 1646 396 1683 iiciunt
413 1646 596 1690 animam,
619 1643 717 1681 idest
735 1643 867 1680 anima
885 1651 1031 1680 carent:
1057 1655 1143 1679 cum
1162 1649 1286 1680 tamen
1307 1643 1346 1679 id
1359 1658 1382 1678 ος
1400 1642 1513 1687 dicto,
1546 1642 1595 1679 de
1624 1642 1846 1679 necessitate
1879 1650 1935 1679 est
1966 1642 2221 1692 corruptibilis
2253 1643 2302 1680 ad
2335 1655 2466 1680 corru-

266 1699 373 1736 σαίνει·
398 1699 528 1736 anima
556 1703 608 1734 est
636 1702 751 1742 actus,
779 1698 824 1733 sit
846 1699 1013 1746 potentia
1045 1698 1159 1733 vitam
1192 1697 1343 1741 habens,
1399 1695 1575 1745 ptionem
1594 1695 1780 1744 corporis.
1802 1695 1843 1732 Si
1870 1695 1983 1743 igitur
2010 1695 2173 1745 ipsamet
2205 1695 2248 1731 fit
2275 1695 2467 1732 rationalis

267 1763 344 1797 non
372 1757 497 1788 tamen
526 1751 704 1788 abiiciens
730 1751 911 1787 animam.
1399 1748 1576 1798 quodam
1594 1747 1741 1785 lumine
1760 1747 1988 1786 intrinsecus
2007 1748 2177 1794 inducto,
2197 1748 2306 1797 quod
2327 1748 2468 1785 forma-

322 1805 560 1854 Sequeretur
590 1803 718 1849 etiam,
748 1802 780 1839 si
807 1815 830 1840 a
867 1801 1058 1852 principio
1087 1801 1219 1839 anima
1246 1809 1345 1839 esset
1400 1802 1484 1839 liter
1502 1814 1542 1839 se
1564 1801 1681 1838 habet
1704 1801 1753 1838 ad
1778 1801 1914 1851 ipsam,
1940 1809 1995 1838 est
2018 1801 2124 1839 enim
2147 1800 2374 1838 sensitivum
2399 1813 2468 1850 po-

267 1856 310 1896 in
336 1857 498 1904 semine,
527 1857 637 1906 quod
664 1855 862 1905 generatio
881 1855 1059 1893 animalis
1087 1863 1186 1892 esset
1214 1856 1343 1892 solum
1399 1854 1516 1892 tentia
1534 1854 1827 1899 intellectivum;
1848 1854 1896 1891 de
1917 1855 2141 1892 necessitate
2166 1854 2340 1903 sequitur
2360 1854 2469 1903 quod

267 1922 340 1961 per
365 1910 623 1948 decisionem:
653 1909 751 1946 sicut
770 1917 826 1946 est
844 1909 885 1946 in
908 1907 1141 1946 animalibus
1160 1907 1342 1953 anulosis,
1360 1923 1385 1943 ³0
1399 1908 1529 1945 anima
1551 1907 1755 1952 rationalis,
1779 1919 1943 1957 corpore
1971 1915 2165 1957 corrupto,
2194 1907 2466 1956 corrumpitur.

266 1964 376 2014 quod
405 1975 454 2001 ex
481 1975 563 2000 uno
591 1962 692 2000 fiunt
720 1963 814 1999 duo.
845 1962 990 1999 Semen
1010 1960 1128 2007 enim,
1156 1961 1188 1998 si
1216 1960 1342 1998 statim
1399 1961 1520 2008 Quod
1549 1968 1605 1997 est
1632 1960 1886 2010 impossibile:
1917 1968 1960 1997 ut
1988 1973 2105 2010 supra
2124 1960 2144 1982 '¹‘
2171 1960 2380 2009 probatum
2400 1967 2466 2005 est,

267 2029 362 2056 cum
391 2024 448 2054 est
474 2016 652 2054 decisum
676 2015 850 2053 animam
878 2014 1049 2060 haberet,
1077 2014 1156 2051 iam
1185 2014 1343 2051 haberet
1399 2022 1436 2051 et
1463 2013 1560 2050 fides
1590 2013 1788 2051 Catholica
1815 2013 1940 2050 docet.

267 2070 438 2110 formam
472 2069 774 2107 substantialem.
815 2067 956 2106 Omnis
988 2075 1121 2105 autem
1148 2066 1342 2116 generatio
1453 2067 1546 2103 Non
1574 2066 1687 2114 igitur
1714 2066 1878 2115 ipsamet
1906 2066 2027 2103 virtus
2065 2078 2166 2115 quae
2199 2078 2288 2103 curn
2321 2065 2468 2102 semine

269 2122 528 2162 substantialis
541 2122 736 2173 praecedit
754 2122 922 2159 formam
941 2120 1242 2166 substantialem,
1262 2132 1343 2157 non
1399 2119 1588 2157 deciditur
1615 2127 1652 2156 et
1679 2119 1819 2156 dicitur
1839 2120 2062 2168 formativa,
2093 2127 2148 2155 est
2175 2118 2316 2164 anima,
2340 2130 2468 2167 neque

269 2189 360 2215 eam
387 2176 578 2226 sequitur:
608 2175 640 2213 si
667 2187 769 2225 quae
787 2186 882 2212 vero
910 2173 1250 2212 transmutationes
1269 2174 1343 2211 for·
1360 2188 1382 2209 ες
1399 2172 1438 2210 in
1467 2185 1652 2222 processu
1670 2172 1926 2221 generationis
1945 2172 1988 2209 fit
2007 2172 2155 2210 anima:
2176 2172 2255 2217 sed,
2276 2184 2367 2208 cum
2386 2171 2470 2220 ipsa

270 2242 379 2269 mam
397 2229 690 2268 substantialem
709 2229 936 2278 sequuntur,
952 2239 1034 2265 non
1048 2227 1276 2265 ordinantur
1294 2227 1343 2264 ad
1399 2226 1582 2263 fundetur
1601 2226 1698 2263 sicut
1716 2225 1756 2262 in
1775 2225 1934 2274 proprio
1955 2225 2126 2262 subiecto
2146 2225 2186 2262 in
2205 2224 2339 2274 spiritu
2358 2225 2469 2261 cuius

271 2296 356 2322 esse
383 2282 564 2332 generati,
585 2283 654 2320 sed
682 2282 732 2319 ad
760 2282 860 2318 bene
884 2292 967 2318 esse
996 2280 1128 2330 ipsius.
1151 2280 1214 2318 Sic
1233 2279 1346 2329 igitur
1400 2287 1457 2316 est
1483 2291 1620 2316 semen
1647 2278 1926 2324 contentivam,
1955 2278 2052 2315 sicut
2079 2278 2281 2327 quoddam
2309 2290 2469 2327 spumo-

270 2336 466 2386 generatio
495 2336 671 2373 animalis
691 2336 951 2384 compleretur
969 2334 1009 2371 in
1038 2333 1121 2383 ipsa
1148 2333 1344 2371 decisione
1401 2345 1502 2379 sum,
1531 2340 1714 2382 operatur
1740 2331 2014 2369 formationem
2048 2331 2221 2381 corporis
2253 2338 2369 2380 prout
2397 2330 2470 2379 agit

271 2390 447 2429 seminis:
469 2401 608 2427 omnes
632 2396 764 2426 autem
782 2387 1123 2425 transmutationes
1141 2394 1346 2437 sequentes
1401 2398 1448 2423 ex
1467 2386 1507 2423 vi
1526 2386 1679 2423 animae
1698 2385 1826 2435 patris,
1846 2385 1909 2422 cui
1929 2384 2146 2422 attribuitur
2164 2383 2358 2432 generatio
2374 2383 2471 2420 sicut

271 2451 401 2482 essent
428 2443 478 2480 ad
505 2442 795 2491 generationem
823 2441 1123 2491 impertinentes.
1361 2438 1603 2489 wprincipali
1629 2438 1837 2487 generanti,
1858 2450 1939 2475 non
1967 2450 2013 2475 ex
2033 2438 2072 2475 vi
2100 2437 2253 2475 animae
2282 2437 2469 2486 concepti,

327 2497 407 2535 Sed
421 2496 551 2534 adhuc
569 2495 692 2544 magis
711 2502 767 2532 est
786 2493 994 2532 ridiculum
1008 2493 1039 2531 si
1053 2495 1130 2531 hoc
1148 2493 1197 2530 de
1216 2492 1347 2531 anima
1402 2492 1519 2530 etiam
1546 2500 1756 2542 postquam
1784 2491 1915 2528 anima
1942 2490 2057 2537 inest;
2091 2503 2171 2528 non
2201 2490 2305 2527 enim
2333 2502 2470 2527 conce-

273 2549 451 2588 rationali
470 2549 629 2586 dicatur.
649 2548 758 2587 Tum
776 2547 868 2597 quia
888 2546 1126 2598 impossibile
1146 2554 1202 2584 est
1230 2554 1273 2583 ut
1290 2546 1346 2583 di·
1401 2553 1515 2595 ptum
1533 2552 1690 2593 generat
1716 2544 1900 2594 seipsum,
1921 2545 1988 2581 sed
2011 2551 2215 2592 generatur
2233 2556 2256 2580 a
2283 2550 2400 2592 patre.
2423 2543 2471 2579 Et

273 2603 429 2641 vidatur
455 2602 675 2640 secundum
708 2600 942 2638 divisionem
977 2600 1162 2650 corporiS,
1192 2600 1243 2637 ad
1271 2600 1347 2636 hoc
1402 2600 1479 2636 hoc
1497 2606 1600 2648 patet
1619 2597 1846 2635 discurrenti
1860 2609 1930 2646 per
1944 2596 2111 2644 singulas
2126 2596 2285 2633 virtutes
2304 2595 2468 2632 animae.

219 2656 221 2658 ’
273 2664 317 2695 ut
344 2656 385 2694 in
412 2655 543 2694 deciso
572 2655 721 2692 semine
741 2666 824 2692 esse
852 2653 984 2704 possit.
1006 2677 1031 2681 -
1050 2654 1159 2690 Tum
1177 2652 1270 2702 quia
1289 2664 1346 2694 se·
1402 2653 1496 2705 Non
1524 2651 1630 2688 enim
1657 2658 1782 2700 potest
1810 2649 1962 2687 attribui
1990 2649 2142 2687 animae
2169 2648 2393 2698 embryonis
2413 2660 2470 2685 ra-

273 2717 459 2760 queretur
486 2708 595 2758 quod
613 2708 654 2745 in
673 2708 857 2746 omnibus
884 2706 1164 2757 pollutionibus
1192 2719 1239 2743 ex
1262 2705 1346 2755 qui·
1361 2717 1386 2737 4⁵
1401 2705 1506 2742 tione
1535 2704 1683 2741 virtutis
1711 2703 1968 2752 generativae:
1997 2710 2083 2739 tum
2111 2701 2202 2751 quia
2230 2702 2287 2738 vis
2314 2713 2470 2749 genera-

274 2764 349 2801 bus
377 2770 588 2812 conceptus
621 2773 702 2799 non
737 2761 922 2810 sequitur,
951 2759 1206 2797 nihilominus
1234 2758 1346 2796 ratio·
1402 2758 1480 2795 tiva
1507 2769 1589 2794 non
1608 2757 1724 2794 habet
1742 2769 1855 2793 suam
1884 2755 2152 2805 operationem
2179 2754 2251 2792 nisi
2275 2755 2470 2803 completo

275 2817 382 2854 nales
410 2815 565 2854 animae
593 2814 950 2864 multiplicarentur.
1402 2823 1520 2860 opere
1549 2809 1753 2847 nutritivae
1772 2817 1809 2846 et
1828 2809 2146 2858 augmentativae,
2167 2819 2267 2857 quae
2291 2807 2326 2844 ei
2345 2807 2472 2844 deser-

331 2870 471 2919 Neque
491 2867 608 2906 etiam
626 2867 702 2905 dici
720 2874 857 2917 potest,
877 2866 986 2916 quod
1004 2865 1166 2915 quidam
1194 2864 1344 2902 dicunt:
1402 2864 1524 2910 viunt,
1553 2875 1645 2900 cum
1672 2874 1855 2911 generare
1884 2862 1930 2899 sit
1957 2861 2035 2899 iam
2063 2861 2236 2911 perfecti3
2266 2868 2351 2897 tum
2379 2860 2470 2909 quia

276 2922 346 2961 etsi
365 2935 389 2960 a
406 2921 599 2972 principio
613 2920 819 2958 decisionis
834 2919 873 2957 in
894 2918 1041 2957 semine
1055 2930 1138 2955 non
1152 2917 1199 2955 sit
1217 2917 1348 2955 anima
1403 2929 1504 2967 opus
1531 2915 1773 2966 generativae
1801 2928 1882 2953 non
1910 2914 2111 2952 ordinatur
2128 2914 2178 2951 ad
2196 2913 2471 2963 perfectionem

275 2983 376 3022 actu,
392 2975 462 3013 sed
475 2974 627 3020 virtute,
642 2981 802 3023 propter
815 2971 1074 3010 deficientiam
1090 2983 1346 3020 organorum;
1363 2986 1389 3006 so
1403 2970 1524 3020 ipsius
1552 2968 1753 3015 individui,
1781 2969 1849 3006 sed
1878 2968 1927 3005 ad
1956 2967 2097 3017 speciei
2124 2966 2470 3004 conservationem.

276 3037 409 3068 tamen
436 3028 644 3078 ipsammet
662 3026 845 3064 virtutem
864 3025 1034 3070 seminis,
1054 3025 1162 3074 quod
1181 3032 1238 3061 est
1265 3036 1348 3061 cor·
1403 3024 1489 3060 Nec
1508 3022 1624 3060 etiam
1653 3029 1778 3071 potest
1797 3020 1950 3059 attribui
1977 3021 2106 3058 virtuti
2125 3019 2340 3065 nutritivae,
2362 3018 2472 3056 cuius

277 3095 352 3133 pus
371 3080 639 3130 organizabile‚
660 3080 730 3118 etsi
748 3091 830 3117 non
859 3078 1135 3127 organizatum,
1157 3089 1240 3114 esse
1259 3089 1348 3127 pro·
1404 3088 1506 3126 opus
1534 3084 1590 3113 est
1622 3075 1832 3112 assimilare
1864 3074 2147 3112 nutrimentum
2182 3072 2335 3117 nutrito,
2365 3071 2472 3120 quod

277 3134 542 3186 portionaliter
570 3133 709 3171 semini
728 3132 901 3170 animam
920 3131 960 3168 in
978 3130 1160 3180 potentia,
1181 3130 1248 3167 sed
1268 3142 1349 3168 non
1405 3129 1468 3166 hic
1496 3141 1578 3166 non
1602 3136 1778 3178 apparet:
1800 3140 1880 3165 non
1899 3127 2005 3164 enim
2025 3126 2306 3164 nutrimentum
2325 3124 2365 3161 in
2384 3136 2473 3173 pro-

277 3197 383 3236 actu;
413 3196 450 3225 et
478 3187 571 3237 quia
597 3187 676 3224 vita
703 3187 856 3236 plantae
888 3184 1075 3235 pauciora
1102 3183 1261 3233 requirit
1289 3196 1349 3220 or·
1405 3195 1517 3220 cessu
1544 3181 1785 3220 formationis
1812 3180 1975 3218 trahitur
1993 3180 2032 3217 in
2054 3178 2343 3216 similitudinem
2365 3189 2474 3227 prae-

276 3255 378 3292 gana
392 3254 513 3291 quam
527 3240 607 3278 vita
620 3239 807 3285 animalis,
817 3238 945 3288 primo
954 3238 1102 3276 semine
1117 3236 1351 3274 sufficienter
1366 3249 1388 3269 ss
1406 3235 1614 3281 existentis,
1648 3235 1716 3272 sed
1753 3233 1975 3283 perducitur
2012 3233 2062 3270 ad
2098 3231 2364 3281 perfectiorem
2400 3230 2474 3267 for-

279 3296 330 3334 ad
357 3295 478 3333 vitam
506 3295 659 3344 plantae
687 3292 919 3341 organizato‚
952 3291 1078 3340 ipsam
1113 3289 1350 3339 praedictam
1406 3301 1514 3326 mam
1547 3296 1584 3326 et
1615 3287 1843 3325 viciniorem
1871 3285 2109 3323 similitudini
2137 3284 2265 3334 patris.
2296 3282 2477 3321 Similiter

279 3349 464 3386 virtutem
491 3347 576 3385 fieri
605 3346 777 3384 animam
805 3344 1078 3393 vegetabilem3
1107 3343 1260 3388 deinde,
1289 3355 1350 3380 or·
1406 3354 1479 3379 nec
1507 3340 1831 3390 augmentativae:
1866 3340 1915 3377 ad
1940 3351 2061 3388 quam
2089 3350 2170 3375 non
2198 3336 2361 3386 pertinet
2389 3348 2475 3373 mu-

279 3401 388 3450 ganis
407 3401 530 3449 magis
548 3399 723 3451 perfectis
738 3406 774 3437 et
793 3397 1060 3447 multiplicatis,
1081 3396 1248 3433 eandem
1267 3408 1350 3445 per·
1406 3394 1498 3432 tatio
1527 3394 1746 3431 secundum
1773 3393 1954 3438 formam,
1989 3391 2056 3428 sed
2094 3392 2222 3428 solum
2258 3389 2476 3426 secundum

279 3454 373 3492 duci
391 3462 434 3491 ut
453 3454 500 3491 sit
518 3454 650 3491 anima
668 3451 864 3497 sensitiva;
885 3450 1045 3488 ulterius
1064 3457 1205 3495 autem,
1226 3449 1350 3486 forma
1407 3448 1671 3499 quantitatem.
1708 3447 1767 3483 De
1802 3445 1981 3482 sensitiva
2014 3451 2144 3482 autem
2181 3450 2217 3480 et
2252 3442 2478 3480 intellectiva

338 3568 348 3586 1
371 3560 459 3594 etiam]
479 3565 566 3585 autem
585 3559 715 3585 aDNwz.
796 3557 812 3582 6
831 3556 962 3589 virtutem]
981 3555 1083 3581 virtutis
1102 3555 1152 3585 ax,
1171 3555 1266 3579 virtute
1285 3553 1338 3587 (...
1358 3553 1450 3587 activa)
1471 3554 1504 3578 D.
1595 3559 1627 3577 10
1647 3550 1764 3584 embryo]
1785 3551 1811 3575 in
1830 3550 1900 3575 bono
1919 3558 1944 3580 α,
1963 3549 2070 3574 cerebro
2089 3549 2117 3574 Z.
2214 3555 2246 3580 17
2265 3547 2414 3580 appareant]
2435 3555 2480 3580 ap-

281 3602 373 3631 parent
391 3596 507 3622 DGZPc.
598 3603 629 3620 22
650 3595 725 3620 Unde
743 3593 777 3627 et]
797 3593 872 3619 Unde
891 3592 959 3617 GPc.
1051 3590 1082 3615 32
1103 3597 1164 3615 cum
1183 3589 1231 3623 est]
1250 3595 1280 3614 ut
1298 3594 1339 3614 est
1356 3589 1388 3620 D,
1407 3589 1480 3621 quod
1499 3593 1539 3614 est
1557 3588 1590 3619 G,
1609 3595 1651 3613 om
1671 3587 1701 3612 E.
1790 3594 1826 3618 44
1844 3585 1935 3618 possit]
1955 3589 2045 3617 posset
2064 3584 2147 3609 oeXcd.
2311 3617 2322 3622 ‘

315 3631 318 3633 ’
337 3640 351 3658 2
371 3631 488 3666 quidem]
508 3635 595 3656 autem
615 3630 700 3655 aDW.
782 3628 799 3654 6
818 3628 896 3661 enim]
917 3632 1002 3653 autem
1022 3626 1098 3651 NYZ.
1181 3625 1212 3650 32
1233 3624 1316 3657 docet]
1337 3629 1409 3650 tenet
1426 3624 1479 3650 NZ.
1563 3623 1595 3654 34
1614 3621 1747 3654 deciditur]
1768 3621 1925 3646 descinditur
1944 3620 1993 3650 «X,
2013 3619 2155 3645 decinditur
2174 3618 2227 3646 GZ.
2310 3625 2344 3649 :²4
2361 3616 2477 3651 trahitur]

281 3668 440 3693 contrahitur
458 3667 528 3692 EsG.
621 3665 652 3691 55
673 3664 829 3699 perducitur]
850 3663 968 3697 perducit
986 3662 1018 3693 G,
1037 3661 1186 3694 producitur
1205 3661 1231 3686 Ρ.

2492 583 2501 593 ”
2512 582 2599 609 Lib.11‚
2610 588 2660 610 cap.
2669 587 2706 604 ni.

2494 1483 2504 1493 ·
2525 1482 2550 1506 S.
2564 1482 2610 1505 Th.
2634 1483 2650 1505 l.
2669 1488 2705 1510 ης

2492 1509 2546 1532 Did.
2565 1509 2605 1535 1x,
2620 1515 2643 1537 x,
2660 1516 2678 1532 ι.

2497 1968 2506 1977 ·
2520 1967 2576 1995 Cap.
2596 1973 2676 1990 nxxix.
