2768 4134
16 561 28 572 ·
41 559 98 588 cap.
110 565 192 582 uvm.

0 3958 6 4014 -
0 3858 11 3947 <w-

0 2596 19 3676 *WWV'W

28 2693 87 2725 cup.
95 2700 178 2718 umn-

711 268 899 306 SUMMA
929 269 1151 307 CONTRA
1179 269 1455 318 GENTILES,
1484 270 1578 306 LIB.
1600 271 1642 316 II,
1673 270 1783 307 CAP.
1805 270 2008 307 LXXXIII.

261 352 489 394 separatam.
528 345 621 382 Non
653 345 766 394 igitur
801 355 928 384 creata
965 346 1034 384 suit
1069 355 1157 385 ante
1193 359 1336 397 corpus

260 409 323 435 cui
351 405 495 434 unitur.

314 450 505 500 Amplius.
537 451 678 489 Omnis
705 464 795 501 pars
823 465 846 490 a
874 465 948 490 suo
975 461 1057 490 toto
1086 462 1261 503 separata
1280 462 1336 491 est

259 503 495 553 imperfecta.
516 505 660 542 Anima
678 513 821 551 autem,
843 518 935 543 cum
954 506 1001 543 sit
1027 507 1165 553 forma,
1185 515 1227 544 ut
1245 519 1335 556 pro-

259 557 396 594 batum
429 566 485 594 est
503 557 534 604 a,
573 566 629 595 est
660 570 750 607 pars
783 558 923 608 speciei
960 560 1169 597 humanae.
1208 560 1334 608 Igitur,

260 610 425 647 existens
451 623 523 660 per
555 623 596 648 se
624 611 772 661 absque
806 624 982 662 corpore,
1011 622 1067 650 est
1099 613 1333 663 imperfecta.

259 663 479 700 Perfectum
507 672 640 701 autem
660 673 716 702 est
743 665 851 714 prius
879 665 1106 716 imperfecto
1134 666 1174 704 in
1202 678 1335 704 rerum

259 715 496 754 naturalium
524 717 672 755 ordine.
703 719 796 755 Non
824 718 937 767 igitur
961 719 1147 768 competit
1174 727 1335 757 naturae

259 769 387 806 ordini
405 769 515 818 quod
543 770 675 808 anima
694 771 805 809 fuerit
832 772 941 821 prius
965 781 1091 810 creata
1119 786 1142 810 a
1170 785 1334 823 corpore

259 830 385 868 exuta,
414 834 535 871 quam
564 824 717 873 corpori
747 824 865 863 unita.

312 875 505 925 Amplius,
537 876 578 914 Si
597 877 751 915 animae
777 886 867 916 sunt
895 886 1044 916 creatae
1073 879 1221 928 absque
1249 891 1333 917 cor-

256 928 432 978 poribus,
462 931 735 979 quaerendum
763 940 819 969 est
851 932 1056 981 quomodo
1092 931 1166 969 sint
1194 944 1332 982 corpo-

258 980 366 1019 ribus
395 982 536 1020 unitae.
566 985 646 1021 Aut
679 984 784 1022 enim
818 986 894 1022 hoc
926 984 995 1022 fuit
1028 984 1231 1023 violenter:
1266 994 1333 1023 aut

256 1047 328 1084 per
355 1043 548 1074 naturam.
580 1037 621 1075 Si
649 1045 782 1076 autem
817 1038 1022 1083 violenter;
1052 1050 1171 1076 omne
1200 1047 1332 1077 autem

256 1088 475 1127 violentum
495 1098 552 1127 est
570 1098 704 1128 contra
723 1099 918 1129 naturam:
940 1091 1035 1129 unio
1050 1091 1164 1141 igitur
1177 1092 1332 1131 animae

257 1142 306 1180 ad
335 1154 480 1192 corpus
499 1151 555 1180 est
572 1152 725 1193 praeter
744 1152 934 1182 naturam.
956 1145 1090 1183 Homo
1119 1145 1243 1194 igitur,
1263 1147 1332 1196 qui

257 1207 304 1233 ex
319 1204 486 1246 utroque
501 1197 763 1247 componitur,
779 1206 835 1235 est
849 1198 946 1248 quid
960 1198 1188 1237 innaturale.
1210 1200 1332 1247 Quod

254 1257 359 1298 patet
378 1262 461 1287 esse
481 1250 632 1288 falsum.
649 1273 675 1278 -
690 1252 904 1298 Praeterea,
924 1251 1158 1290 substantiae
1187 1252 1331 1291 intelle·

255 1304 400 1341 ctuales
427 1302 570 1353 altioris
598 1303 744 1341 ordinis
777 1313 866 1342 sunt
899 1317 1020 1355 quarn
1053 1318 1219 1356 corpora
1246 1319 1330 1344 cae-

254 1355 374 1393 lestia.
401 1356 446 1393 In
474 1357 706 1406 corporibus
734 1366 866 1396 autem
894 1358 1123 1397 caelestibus
1150 1359 1247 1397 nihil
1273 1360 1330 1398 in-

254 1409 410 1447 venitur
423 1409 642 1448 violentum
654 1423 785 1460 neque
799 1411 1051 1449 contrarium.
1070 1414 1198 1450 Multo
1217 1412 1332 1462 igitur

254 1461 387 1500 minus
413 1462 455 1500 in
482 1463 704 1501 substantiis
731 1464 1063 1502 intellectualibus.

311 1515 352 1553 Si
379 1523 513 1553 autem
539 1517 764 1554 naturaliter
791 1517 946 1555 animae
975 1526 1064 1555 sunt
1098 1518 1330 1568 corporibus

253 1567 396 1614 unitae,
425 1569 648 1606 naturaliter
666 1569 779 1618 igitur
806 1570 960 1608 animae
989 1570 1029 1607 in
1057 1570 1117 1608 sui
1136 1571 1329 1609 creatione

254 1620 500 1672 appetierunt
536 1622 770 1672 corporibus
804 1623 918 1660 uniri.
957 1623 1162 1673 Appetitus
1197 1632 1330 1662 autem

253 1674 438 1712 naturalis
466 1674 593 1712 statim
621 1675 751 1725 prodit
779 1675 820 1712 in
847 1684 978 1714 actum
1005 1676 1079 1714 nisi
1109 1677 1156 1714 sit
1183 1677 1330 1727 aliquid

254 1726 484 1777 impediens,
512 1727 610 1765 sicut
644 1736 748 1778 patet
780 1729 820 1766 in
854 1737 965 1767 motu
997 1729 1177 1778 gravium
1210 1739 1246 1767 et
1278 1732 1330 1768 le-

251 1778 381 1819 vium:
410 1789 549 1819 natura
572 1781 679 1819 enim
698 1795 854 1832 semper
872 1795 954 1820 uno
982 1783 1105 1821 modo
1134 1792 1328 1833 operatur.

253 1828 391 1872 Statim
419 1833 533 1883 igitur
559 1847 583 1872 a
609 1835 801 1886 principio
821 1849 915 1874 suae
938 1836 1143 1874 creationis
1169 1837 1330 1875 fuissent

252 1886 484 1938 corporibus
517 1887 647 1926 unitae
682 1888 755 1926 nisi
791 1898 891 1927 esset
922 1889 1069 1939 aliquid
1098 1890 1327 1940 impediens.

253 1939 330 1978 Sed
360 1952 479 1978 omne
508 1939 727 1991 impediens
751 1942 1022 1981 executionem
1051 1943 1234 1981 naturalis
1262 1957 1328 1994 ap-

250 1992 404 2044 petitus,
434 2002 488 2031 est
517 1993 744 2033 violentiam
781 1995 959 2033 inferens.
994 1997 1070 2033 Per
1101 1996 1327 2035 violentiam

251 2045 365 2095 igitur
390 2047 462 2085 fuit
494 2048 603 2097 quod
635 2048 791 2086 animae
827 2057 954 2087 essent
985 2049 1117 2099 aliquo
1150 2058 1327 2100 tempore

251 2112 275 2137 a
302 2100 533 2150 corporibus
561 2109 770 2151 separatae.
800 2102 921 2150 Quod
950 2111 1006 2140 est
1033 2103 1324 2142 inconveniens.

251 2153 360 2191 Tum
380 2154 473 2203 quia
491 2153 532 2191 in
560 2154 632 2192 illis
655 2155 878 2193 substantiis
896 2167 978 2193 non
1001 2164 1127 2206 potest
1155 2169 1239 2195 esse
1259 2158 1325 2195 ali-

250 2205 347 2257 quid
365 2206 593 2254 violentum,
618 2217 660 2245 ut
679 2217 880 2246 ostensum
900 2217 966 2247 est.
996 2210 1104 2247 Tum
1132 2210 1225 2260 quia
1243 2210 1326 2249 vio-

249 2261 419 2306 lentum,
457 2269 494 2298 et
529 2262 638 2311 quod
671 2270 727 2299 est
759 2270 893 2300 contra
924 2271 1121 2310 naturam,
1154 2276 1246 2301 cum
1280 2264 1326 2302 sit

248 2325 320 2363 per
347 2314 538 2360 accidens,
567 2327 647 2352 non
675 2323 803 2365 potest
830 2327 914 2353 esse
941 2315 1049 2366 prius
1068 2329 1116 2354 eo
1138 2318 1246 2367 quod
1269 2326 1325 2355 est

250 2367 470 2405 secundum
498 2376 691 2415 naturam,
725 2381 854 2419 neque
882 2377 1005 2408 totam
1033 2370 1203 2420 speciem
1232 2383 1324 2408 con-

250 2432 430 2471 sequens.

302 2473 517 2511 Praeterea.
548 2474 652 2511 Cum
672 2476 988 2526 unumquodque
1006 2476 1229 2515 naturaliter
1256 2490 1323 2527 ap·

247 2534 353 2576 petat
381 2539 494 2564 suam
521 2527 812 2577 perfectionem,
840 2529 1025 2567 materiae
1053 2538 1109 2567 est
1140 2538 1323 2580 appetere

247 2580 428 2627 formam,
457 2588 494 2617 et
522 2593 604 2619 non
623 2593 644 2618 e
664 2593 867 2620 converso.
888 2582 1032 2621 Anima
1060 2592 1192 2621 autem
1215 2596 1322 2622 com-

246 2642 406 2683 paratur
432 2633 482 2671 ad
510 2646 654 2685 corpus
681 2635 779 2674 sicut
806 2635 932 2674 forma
959 2637 1010 2674 ad
1037 2637 1251 2684 materiam,
1280 2646 1323 2675 ut

2388 273 2457 309 521

1446 348 1659 385 Praeterea.
1691 349 1822 386 Omne
1842 349 1936 387 illud
1964 349 2028 387 cui
2047 350 2183 388 accidit
2210 352 2374 389 alteritas
2398 353 2463 390 ali-

1391 412 1471 449 qua
1489 401 1709 438 secundum
1729 401 1990 440 diversitatem
2009 411 2245 454 temporum,
2261 413 2317 442 est
2335 406 2463 444 subie—

1391 461 1499 490 ctum
1527 454 1679 491 caelesti
1706 455 1843 501 motui,
1877 468 1998 505 quem
2031 457 2204 506 sequitur
2234 466 2339 496 totus
2365 468 2462 497 tem-

1390 506 1496 555 poris
1515 519 1662 544 cursus.
1693 508 1938 546 Substantiae
1966 518 2098 547 autem
2127 510 2398 550 intellectuales
2426 521 2463 551 et

1358 573 1368 594 ς
1391 559 1657 609 incorporeae,
1686 560 1785 598 inter
1812 574 1910 610 quas
1942 570 2031 599 sunt
2068 563 2222 602 animae
2251 575 2461 615 separatae,

1391 613 1582 650 excedunt
1614 621 1741 651 totum
1774 614 1952 652 ordinem
1985 628 2208 665 corporum.
2239 619 2351 656 Unde
2379 632 2461 657 non

1390 674 1555 715 possunt
1588 678 1670 704 esse
1699 666 1892 705 subiectae
1921 669 2147 707 caelestibus
2175 671 2357 710 motibus.
2387 674 2462 710 Im-

1389 718 1573 768 possibile
1593 728 1649 756 est
1667 719 1781 768 igitur
1799 722 1919 769 quod,
1944 723 2162 760 secundum
2186 724 2338 763 diversa
2365 734 2461 764 tem-

1390 784 1497 821 pora,
1527 773 1750 810 naturaliter
1787 774 1971 811 uniantur
2002 777 2242 826 quandoque
2280 787 2316 817 et
2352 792 2461 829 sepa-

1350 840 1375 855 10
1389 834 1524 862 rentur
1542 827 1793 876 quandoque,
1812 829 1876 864 vel
1894 828 2115 866 naturaliter
2133 842 2239 867 nunc
2254 832 2340 878 hoc,
2356 845 2462 870 nunc

1390 878 1484 916 illud
1512 888 1706 929 appetant.

1443 932 1484 970 Si
1512 941 1644 970 autern
1672 933 1822 971 dicatur
1848 934 1956 984 quod
1983 946 2112 984 neque
2140 948 2211 985 per
2238 936 2462 976 violentiam

1389 996 1517 1035 neque
1554 998 1625 1035 per
1662 994 1843 1024 naturam
1880 988 2110 1037 corporibus
2152 989 2356 1037 uniuntur,
2393 993 2461 1029 sed

1389 1047 1603 1088 spontanea
1622 1041 1837 1078 voluntate:
1858 1063 1883 1067 -
1903 1042 1980 1078 hoc
1999 1053 2082 1079 esse
2101 1054 2182 1079 non
2204 1051 2342 1092 potest.
2363 1045 2460 1082 Nul-

1348 1113 1371 1133 ις
1388 1093 1448 1129 lus
1467 1092 1573 1130 enim
1601 1095 1684 1130 vult
1712 1093 1752 1130 in
1771 1102 1913 1131 statum
1936 1094 2112 1144 peiorem
2138 1096 2269 1134 venire
2293 1097 2366 1134 nisi
2394 1098 2460 1135 de-

1388 1154 1534 1195 ceptus.
1563 1146 1707 1184 Anima
1731 1155 1862 1184 autem
1891 1156 2066 1197 separata
2089 1158 2145 1186 est
2171 1149 2314 1188 altioris
2341 1159 2460 1189 status

1387 1211 1509 1248 quam
1538 1200 1691 1249 corpori
1710 1200 1833 1238 unita:
1855 1209 1891 1239 et
1910 1202 2117 1251 praecipue
2137 1204 2356 1242 secundum
2375 1206 2459 1242 Pla-

1386 1252 1549 1300 tonicos,
1578 1253 1646 1302 qui
1665 1252 1799 1291 dicunt
1827 1255 1935 1303 quod
1955 1267 2002 1292 ex
2026 1255 2173 1293 unione
2201 1258 2374 1307 corporis
2392 1271 2459 1308 pa-

1386 1305 1477 1343 titur
1504 1306 1744 1344 oblivionem
1773 1319 1912 1345 eorum
1931 1320 2033 1357 quae
2061 1309 2168 1358 prius
2197 1310 2316 1358 scivit,
2346 1320 2383 1348 et
2402 1324 2459 1349 re-

1345 1376 1372 1391 20
1386 1359 1559 1396 tardatur
1586 1372 1609 1396 a
1637 1361 1963 1410 contemplatione
1991 1374 2091 1411 pura
2119 1363 2286 1401 veritatis
2304 1364 2335 1401 *.
2365 1366 2459 1402 Non

1386 1412 1500 1460 igitur
1527 1414 1663 1450 volens
1691 1413 1846 1463 corpori
1874 1414 2007 1452 unitur
2034 1415 2106 1453 nisi
2134 1417 2307 1466 decepta.
2337 1418 2458 1455 Dece-

1385 1465 1528 1514 ptionis
1557 1474 1688 1504 autem
1717 1468 1822 1504 nulla
1840 1467 1881 1504 in
1909 1480 1955 1505 ea
1983 1480 2100 1506 causa
2127 1478 2254 1519 potest
2281 1471 2456 1509 existere:

1386 1530 1478 1556 cum
1505 1527 1685 1568 ponatur,
1714 1521 1933 1558 secundum
1961 1533 2040 1567 eos,
2068 1522 2268 1560 scientiam
2296 1537 2459 1563 omnem

1386 1572 1542 1609 habere.
1571 1573 1656 1609 Nec
1683 1581 1813 1622 posset
1840 1573 1916 1611 dici
1943 1575 2052 1623 quod
2080 1575 2267 1613 iudicium
2291 1590 2338 1614 ex
2373 1578 2458 1615 uni—

1345 1640 1368 1660 25
1386 1625 1523 1662 versali
1552 1625 1708 1662 scientia
1736 1627 1953 1674 procedens
1987 1627 2027 1663 in
2062 1629 2281 1677 particulari
2307 1631 2458 1679 eligibili

1386 1678 1632 1714 subvertatur
1650 1686 1809 1727 propter
1826 1679 2037 1728 passiones,
2061 1681 2157 1718 sicut
2185 1682 2321 1719 accidit
2339 1683 2379 1720 in
2402 1684 2457 1720 in-

1386 1730 1691 1768 continentibus:
1735 1731 1827 1781 quia
1867 1732 2067 1781 passiones
2108 1734 2336 1772 huiusmodi
2377 1749 2458 1774 non

1387 1792 1476 1821 sunt
1495 1784 1644 1834 absque
1664 1785 1855 1834 corporali
1884 1787 2220 1835 transmutatione;
2246 1789 2351 1826 unde
2377 1802 2458 1827 non

1385 1846 1550 1886 possunt
1568 1850 1652 1875 esse
1675 1837 1716 1875 in
1734 1838 1867 1876 anima
1885 1848 2072 1889 separata.
2094 1841 2340 1891 Relinquitur
2366 1855 2457 1892 ergo

1346 1910 1371 1930 ιο
1385 1891 1495 1939 quod
1513 1890 1655 1937 anima,
1676 1891 1707 1928 si
1735 1891 1867 1929 fuisset
1885 1901 1971 1930 ante
1990 1906 2144 1943 corpus,
2173 1907 2254 1932 non
2283 1896 2458 1934 uniretur

1384 1943 1539 1993 corpori
1567 1943 1727 1994 propria
1752 1946 1964 1987 voluntate.

1438 1997 1651 2034 Praeterea.
1683 1998 1824 2035 Omnis
1853 1999 2012 2036 effectus
2039 2001 2256 2049 procedens
2289 2014 2335 2039 ex
2364 2014 2455 2040 con-

1383 2061 1500 2087 cursu
1529 2050 1698 2088 duarum
1717 2053 1963 2089 voluntatum
1982 2053 2032 2089 ad
2059 2053 2228 2091 invicem
2254 2067 2335 2092 non
2354 2056 2455 2094 ordi—

1383 2111 1574 2150 natarum,
1604 2112 1659 2141 est
1687 2104 1847 2142 effectus
1882 2105 2059 2143 casualis:
2099 2106 2195 2144 sicut
2226 2116 2331 2157 patet
2363 2121 2454 2147 cum

1343 2174 1365 2194 35
1383 2156 1531 2206 aliquis,
1560 2156 1764 2194 intendens
1793 2170 1933 2205 emere,
1963 2159 2095 2197 obviat
2113 2159 2153 2197 in
2171 2161 2256 2198 foro
2276 2162 2454 2200 creditori

1382 2210 1471 2247 illuc
1499 2222 1580 2247 non
1608 2222 1655 2248 ex
1683 2211 1863 2249 condicto
1891 2212 2072 2250 venienti.
2107 2214 2295 2252 Voluntas
2322 2224 2454 2253 autem

1381 2263 1539 2312 propria
1574 2264 1802 2312 generantis,
1836 2277 1897 2302 ex·
1920 2278 1998 2315 qua
2031 2267 2223 2315 dependet
2259 2269 2453 2316 generatio

1381 2317 1566 2366 corporiS,
1595 2329 1677 2354 non
1704 2318 1821 2355 habet
1840 2318 2019 2356 ordinem
2039 2332 2131 2357 cum
2156 2322 2354 2359 voluntate
2374 2322 2453 2360 ani-

1380 2382 1469 2407 mae
1498 2378 1695 2420 separatae
1714 2370 1816 2408 uniri
1843 2372 2020 2409 volentis.
2043 2373 2145 2410 Cum
2165 2374 2279 2422 igitur
2305 2375 2453 2425 absque

1338 2441 1366 2461 ⁴0
1380 2431 1544 2473 utraque
1572 2425 1771 2461 voluntate
1800 2425 1894 2462 unio
1923 2426 2097 2475 corporis
2125 2434 2162 2463 et
2189 2427 2342 2466 animae
2369 2429 2454 2466 fieri

1379 2489 1461 2514 non
1488 2476 1620 2527 possit,
1641 2476 1814 2527 sequitur
1841 2479 1949 2528 quod
1969 2479 2015 2516 sit
2033 2480 2207 2517 casualis.
2236 2481 2286 2518 Et
2312 2481 2363 2518 ita
2389 2494 2452 2530 ge-

1379 2530 1527 2568 neratio
1556 2530 1728 2567 hominis
1755 2543 1837 2568 non
1870 2540 1926 2568 est
1954 2545 1977 2569 a
2009 2541 2157 2579 natura,
2186 2534 2255 2570 sed
2289 2547 2312 2571 a
2346 2547 2450 2572 casu.

1379 2583 1499 2631 Quod
1527 2591 1631 2633 patet
1659 2596 1742 2620 esse
1761 2584 1916 2621 falsum:
1938 2597 2030 2622 cum
2050 2585 2096 2622 sit
2124 2594 2167 2623 ut
2194 2586 2234 2622 in
2261 2587 2449 2636 pluribus.

1433 2636 1475 2674 Si
1502 2644 1634 2674 autem
1662 2649 1796 2674 rursus
1824 2637 1972 2675 dicatur
1990 2639 2098 2687 quod
2117 2651 2198 2676 non
2227 2651 2274 2676 ex
2302 2648 2449 2688 natura,

248 2699 367 2736 supra
379 2686 400 2708 ‘¹‘
427 2695 630 2726 ostensum
648 2696 715 2726 est.
735 2689 831 2727 Non
849 2688 962 2738 igitur
979 2690 1076 2729 unio
1098 2690 1252 2728 animae
1271 2691 1322 2729 ad
1335 2711 1361 2731 ⁴5
1377 2701 1507 2739 neque
1526 2702 1573 2727 ex
1591 2689 1749 2740 propria
1767 2691 1965 2728 voluntate
1985 2691 2116 2729 anima
2134 2693 2287 2741 corpori
2307 2694 2449 2741 unitur,

247 2751 391 2790 corpus
418 2739 463 2778 fit
479 2753 551 2790 per
569 2741 785 2792 appetitum
811 2742 977 2789 animae,
1007 2744 1076 2781 sed
1102 2743 1225 2792 magis
1252 2756 1323 2793 per
1378 2743 1446 2780 sed
1475 2756 1522 2780 ex
1550 2742 1682 2780 divina
1709 2743 1970 2782 ordinatione:
1991 2766 2016 2773 -
2036 2746 2112 2783 hoc
2140 2745 2256 2783 etiam
2284 2758 2366 2784 non
2393 2747 2448 2784 vi-

247 2793 461 2844 appetitum
491 2794 679 2844 corporis.
1377 2797 1490 2833 detur
1518 2796 1767 2843 conveniens,
1796 2797 1827 2834 si
1861 2797 2015 2835 animae
2053 2806 2140 2836 ante
2176 2811 2341 2848 corpora
2367 2800 2448 2837 fue-

302 2846 344 2885 Si
371 2855 504 2885 autem
533 2847 682 2886 di0atur
709 2848 818 2898 quod
846 2857 1059 2899 utrumque
1082 2857 1138 2887 est
1165 2850 1320 2887 animae
1378 2857 1467 2886 runt
1495 2857 1655 2887 creatae.
1686 2850 2009 2900 Unumquodque
2029 2851 2134 2889 enim
2154 2852 2261 2889 Deus
2289 2852 2448 2890 instituit

246 2902 431 2947 naturale,
463 2900 604 2938 scilicet
631 2901 734 2939 uniri
759 2901 914 2951 corpori
937 2910 974 2940 et
997 2914 1080 2940 esse
1108 2915 1131 2940 a
1156 2915 1320 2953 corpore
1377 2902 1597 2940 secundum
1625 2903 1925 2941 convenientem
1953 2905 2120 2942 modum
2149 2918 2242 2942 suae
2273 2914 2444 2944 naturae:

246 2962 475 3004 separatam,
507 2966 581 3004 pro
617 2954 779 2992 diversis
814 2955 1072 3005 temporibus:
1102 2978 1127 2982 —
1156 2957 1233 2994 hoc
1265 2956 1320 2994 vi-
1337 2978 1363 2997 50
1376 2956 1483 2994 unde
1502 2963 1539 2993 et
1562 2957 1655 2993 Gen.
1677 2969 1698 3003 1,
1719 2957 1767 2994 de
1786 2957 1944 3006 singulis
1972 2958 2107 2995 creatis
2135 2958 2284 3005 dicitur,
2312 2961 2446 2997 Videns

245 3007 360 3045 detur
387 3019 470 3045 esse
498 3006 750 3058 impossibile.
773 3008 877 3056 Quia
896 3021 941 3046 ea
970 3021 1071 3058 quae
1099 3009 1321 3047 naturaliter
1376 3011 1479 3046 Deus
1506 3010 1608 3059 quod
1637 3016 1728 3047 esset
1759 3012 1912 3057 bonum,
1946 3019 1983 3048 et
2015 3011 2131 3049 simul
2167 3012 2216 3049 de
2249 3012 2445 3059 omnibus,

244 3060 445 3098 variantur
471 3060 572 3098 circa
601 3061 830 3108 subiectum,
855 3070 945 3100 sunt
967 3062 1193 3114 accidentia:
1223 3062 1321 3101 sicut
1384 3063 1479 3100 Vidit
1512 3064 1616 3100 Deus
1651 3069 1784 3101 cuncta
1817 3077 1913 3114 quae
1933 3065 2096 3112 fecerat,
2130 3071 2163 3101 et
2197 3072 2305 3102 erant
2338 3066 2447 3104 valde

245 3113 428 3152 iuventus
457 3122 493 3151 et
521 3122 710 3152 senectus.
746 3114 786 3153 Si
821 3114 934 3163 igitur
967 3115 1069 3153 uniri
1101 3116 1255 3166 corpori
1284 3124 1321 3153 et
1376 3118 1487 3153 bona.
1519 3116 1559 3154 Si
1587 3115 1701 3164 igitur
1727 3117 1877 3154 animas
1910 3117 2052 3154 creavit
2079 3131 2102 3155 a
2130 3118 2359 3168 corporibus
2387 3131 2444 3156 se-

245 3167 415 3218 separari
441 3180 463 3205 a
491 3180 656 3218 corpore
685 3167 907 3206 naturaliter
929 3168 1030 3206 circa
1053 3168 1226 3206 animam
1253 3182 1320 3207 va·
1375 3177 1538 3219 paratas,
1559 3177 1712 3219 oportet
1739 3170 1865 3207 dicere
1893 3171 2002 3219 quod
2030 3171 2094 3208 hic
2121 3172 2264 3208 modus
2293 3172 2445 3209 essendi

245 3220 374 3267 rietur,
404 3221 474 3258 erit
501 3221 680 3259 accidens
699 3221 852 3259 animae
872 3221 1027 3272 corpori
1054 3222 1168 3260 uniri.
1198 3223 1247 3260 Et
1266 3222 1320 3260 sic
1335 3241 1358 3262 55
1375 3222 1422 3259 sit
1450 3222 1743 3260 convenientior
1762 3231 1921 3260 naturae
1950 3236 2097 3261 earum.
2127 3225 2221 3262 Non
2241 3233 2296 3261 est
2314 3233 2445 3262 autem

245 3286 292 3312 ex
320 3275 394 3312 hac
413 3274 561 3312 unione
580 3276 703 3312 homo
723 3274 953 3313 constitutus
973 3287 1054 3313 non
1073 3275 1143 3313 erit
1162 3288 1231 3313 ens
1249 3288 1320 3326 per
1375 3276 1425 3313 ad
1454 3275 1739 3314 ordinationem
1768 3276 1921 3313 divinae
1950 3276 2129 3314 bonitatis
2156 3277 2352 3327 pertinens
2384 3291 2444 3316 res

245 3340 297 3374 se,
326 3328 394 3365 sed
422 3340 494 3378 per
521 3328 710 3366 accidens.
1375 3329 1424 3366 ad
1443 3328 1665 3367 inferiorem
1685 3337 1825 3366 statum
1845 3330 2041 3376 reducere,
2062 3331 2131 3367 sed
2150 3330 2271 3379 magis
2294 3332 2343 3368 ad
2363 3344 2444 3369 me-

299 3440 310 3458 ι
332 3433 380 3458 fuit
398 3441 440 3459 om
461 3441 500 3465 ac,
520 3438 562 3459 est
578 3433 614 3458 W
632 3437 658 3459 et
676 3437 740 3459 ante
757 3433 834 3466 igitur
853 3434 902 3458 ΡΑ.
994 3441 1021 3458 21
1045 3434 1203 3459 contrarium
1216 3434 1259 3458 Ita
1277 3433 1374 3459 EGNY
1386 3437 1413 3459 et
1431 3434 1527 3460 addito
1539 3440 1646 3459 namrae
1665 3435 1699 3465 Z;
1719 3439 1808 3460 contra
1821 3441 1939 3460 naturam
1951 3435 2042 3460 ceteri.
2135 3435 2166 3460 23
2186 3436 2287 3460 animae
2301 3439 2366 3468 post
2383 3442 2444 3461 sunt

244 3469 353 3494 aDwx.
445 3468 478 3494 33
496 3469 552 3502 fuit]
571 3469 668 3495 facmm
689 3475 729 3495 est
746 3470 775 3500 Z,
794 3469 846 3494 falli
867 3469 914 3503 (34
931 3477 975 3494 om
995 3467 1084 3502 Quod)
1104 3469 1135 3494 N.
1231 3469 1263 3494 35
1283 3469 1445 3503 substantiis]
1464 3470 1609 3495 substantia
1628 3471 1677 3495 ax.

297 3503 314 3528 6
332 3504 483 3538 corporum]
507 3505 624 3537 corporis
645 3505 732 3535 aDPc,
754 3512 894 3538 corporum
910 3508 975 3537 post
993 3508 1159 3537 expunctum
1177 3505 1306 3538 temporis
1322 3505 1367 3536 W,
1386 3509 1482 3538 corpus
1500 3506 1533 3531 X.
1633 3513 1665 3530 22
1685 3506 1712 3530 in
1731 3513 1761 3530 ea
1780 3505 1823 3530 Ita
1841 3505 1974 3536 DWYZb;
1994 3506 2020 3530 in
2040 3513 2071 3530 eo
2089 3506 2179 3531 ceteri.
2274 3506 2306 3531 23
2325 3506 2443 3540 omnem]

241 3541 359 3565 omniurn
379 3539 475 3566 nWPc.
561 3547 595 3572 24
613 3540 666 3566 Nec
685 3540 786 3574 posset]
801 3541 854 3566 Nec
872 3540 955 3574 possit
973 3540 1068 3569 EGXb,
1089 3540 1146 3565 Non
1165 3545 1251 3565 autem
1270 3545 1359 3574 potest
1375 3540 1430 3566 ΝΖ.
1515 3540 1547 3566 25
1567 3540 1683 3574 scientia]
1703 3548 1780 3566 causa
1801 3540 1843 3566 Pc.
1929 3540 1961 3565 26
1981 3541 2007 3565 in
2026 3541 2243 3566 incontinentibus
2264 3542 2306 3566 Ita
2318 3541 2443 3572 DXYsG;

240 3577 268 3601 in
282 3575 474 3601 continentibus
492 3575 556 3606 de,
575 3576 792 3601 incontinentibus
811 3576 902 3602 ceteri.
984 3575 1017 3607 34
1035 3583 1096 3600 cum
1115 3582 1158 3601 om
1170 3575 1227 3600 EG.
1313 3575 1344 3600 35
1364 3575 1502 3601 intendens
1522 3575 1619 3609 emere]
1639 3577 1754 3602 intendat
1772 3584 1860 3601 emere
1879 3581 1904 3600 et
1922 3576 1974 3605 NZ,
1993 3576 2130 3601 intendens
2148 3577 2181 3603 X.
2262 3576 2296 3602 36
2314 3577 2442 3611 condicto]

242 3612 371 3636 conducto
389 3611 508 3641 EGYsN,
527 3611 674 3637 conditione
693 3612 737 3637 W.
823 3612 854 3645 37
874 3611 979 3645 propria
998 3611 1040 3636 Ita
1058 3611 1091 3642 Ζ;
1112 3618 1175 3636 rasa
1194 3611 1244 3643 pN,
1263 3619 1306 3637 om
1324 3611 1354 3642 E,
1373 3612 1455 3644 patris
1474 3611 1597 3643 DsNch,
1615 3613 1730 3644 primum
1748 3612 1780 3642 X,
1799 3612 1871 3644 prius
1889 3612 1979 3637 ceteri.
2064 3619 2100 3644 44
2118 3612 2181 3645 non]
2200 3620 2287 3645 neque
2301 3612 2443 3638 aDWZPc.

241 3646 276 3672 5ο
294 3647 364 3672 unde
382 3646 417 3679 et]
437 3647 507 3671 unde
525 3651 551 3672 et
568 3647 594 3672 in
613 3647 698 3679 awx,
717 3653 743 3673 et
761 3647 839 3673 NYZ.
928 3646 1029 3680 creatis]
1049 3647 1173 3672 creaturis
1192 3646 1314 3672 DGXYb.

385 3701 479 3725 Suum
499 3700 608 3725 Com-m
628 3700 762 3726 Gmmms
782 3701 814 3726 D.
833 3701 948 3726 Tuomst-2
967 3701 1036 3725 Tou.
1053 3701 1070 3725 I.
2263 3700 2298 3725 66

2488 1371 2496 1380 ·
2517 1370 2554 1392 Cf.
2575 1370 2635 1392 infra
2652 1376 2699 1398 522,

2487 1397 2500 1417 b
2514 1404 2540 1423 ¹4
2550 1403 2601 1425 sqq.
