2768 4134
0 3315 9 3522 ,mm-Wuwmff
0 3288 4 3303 .-

52 582 108 607 'Cfi
128 582 198 614 etiam
218 582 263 604 loc.

52 611 91 633 eit.
128 615 153 631 in
190 614 264 636 marg.

50 641 136 660 textu».

53 2627 64 2638 ·
77 2625 142 2650 Lect.
155 2632 191 2650 ιο.

758 278 946 316 SUMMA
976 279 1197 317 CONTRA
1226 279 1501 326 GENTILES,
1530 281 1624 317 LIB.
1650 281 1690 326 ΙΙ,
1722 281 1832 317 CAP.
1853 282 2056 319 LXXVIII.

352 356 379 385 3.
404 355 456 386 Ad
480 357 606 386 tertiam
630 356 707 387 dicit
731 357 808 388 duo.
837 358 981 388 Primum
1010 364 1066 395 est,
1091 358 1181 399 quod
1206 360 1365 399 expositio

294 398 568 431 Commentatoris
593 407 640 431 est
664 408 776 432 contra
798 403 979 433 Aristotelis
1007 409 1161 434 mentem.
1186 403 1273 441 Quia
1298 413 1366 434 non

293 449 341 474 est
356 454 470 475 verum
487 445 577 485 quod
593 445 775 477 intellectus
791 447 953 486 possibilis
968 448 1003 478 in
1023 447 1098 478 actu
1116 458 1186 478 non
1202 449 1243 479 sit
1257 449 1366 489 ipsum

292 489 511 529 intelligibile:
537 499 613 520 cum
631 489 671 520 de
694 491 766 530 ipso
790 491 854 522 hoc
878 493 1046 523 asseruerit
1071 492 1290 533 Philosophus
1314 503 1367 523 su-

293 534 412 573 perius,
436 539 513 564 text.
543 542 582 573 14
606 540 637 565 et
657 536 711 571 153
736 535 838 566 immo
856 542 887 566 et
910 537 974 567 hoc
991 536 1031 567 de
1054 546 1151 567 sensu
1171 543 1202 567 et
1224 538 1366 568 sensibili

293 577 476 609 secundum
499 584 608 609 actum
632 580 790 619 superius,
814 586 889 611 text.
915 581 932 611 3
950 582 977 617 ὓ,
1003 581 1125 612 dixerit.

350 623 436 653 Dicit
452 623 608 659 secundo,
626 624 717 663 quod
733 625 828 655 verba
849 625 982 665 allegata
998 635 1067 656 non
1082 625 1159 656 dicit
1178 626 1367 656 Aristoteles

293 666 335 697 de
358 667 526 698 intellectu
549 674 674 708 agente,
698 668 754 699 sed
773 668 813 699 de
836 669 999 701 intellectu
1025 670 1057 700 in
1074 675 1160 701 actu.
1177 670 1262 701 Nam
1277 676 1366 711 post-

295 719 394 751 quam
406 711 446 742 de
462 712 628 743 intellectu
641 714 786 754 possibili
803 719 834 744 et
849 720 963 754 agente
976 714 1251 752 determinaverat,
1269 724 1367 755 opor-

293 755 381 786 tebat
404 755 444 786 de
467 756 633 788 intellectu
657 758 690 787 in
711 764 785 788 actu
809 758 1030 789 determinare.
1057 759 1160 790 Cuius
1175 760 1282 800 primo
1307 759 1368 790 dif-

294 798 463 831 ferentiam
487 802 580 841 ponit
610 801 650 832 ad
681 802 883 833 intellectum
906 804 1095 844 possibilem
1125 805 1160 834 in
1188 804 1252 834 hoc
1277 803 1367 844 quod

293 844 476 876 intellectus
491 846 526 876 in
543 851 627 882 actu,
644 847 710 877 sive
726 848 860 878 scientia
877 848 911 878 in
927 853 1012 884 actu,
1030 853 1078 878 est
1092 847 1180 879 idem
1196 849 1242 879 rei
1258 849 1366 885 scitae,

293 897 364 920 non
393 895 501 920 autem
532 890 714 921 intellectus
743 892 916 932 possibilis.
947 892 1120 933 Subiungit
1148 898 1272 934 postea,
1307 902 1367 934 pro

294 932 355 964 alia
379 933 567 971 differentia,
591 935 739 966 ordinem
766 936 948 968 intellectus
981 937 1142 977 possibilis
1173 937 1213 967 ad
1242 938 1366 978 ipsum:

295 978 372 1017 quia
394 979 474 1019 ipse,
495 979 677 1010 secundum
700 980 792 1021 quod
807 986 855 1011 est
877 982 911 1011 in
934 982 1091 1021 potentia,
1108 987 1156 1012 est
1177 982 1267 1022 prior
1286 988 1367 1013 tem-

294 1030 375 1062 pore
392 1032 491 1063 quam
503 1023 686 1055 intellectus
702 1025 735 1055 in
751 1030 825 1055 actu
841 1025 875 1056 in
891 1035 959 1056 uno
977 1031 1009 1056 et
1024 1025 1157 1062 eodem;
1174 1035 1243 1056 non
1259 1032 1368 1057 autem

294 1067 494 1107 simpliciter,
511 1077 588 1098 cum
611 1068 783 1100 reducatur
798 1070 832 1099 in
848 1075 957 1100 actum
974 1079 1032 1110 per
1047 1070 1248 1102 intellectum
1271 1081 1368 1111 agen-

294 1116 361 1142 tem
385 1117 417 1142 et
440 1113 538 1143 etiam
561 1122 620 1153 per
642 1113 844 1144 intellectum
867 1114 901 1144 in
925 1120 1009 1145 actu.

349 1156 595 1187 Attendendum
627 1157 690 1194 hic,
722 1167 799 1188 cum
829 1157 946 1188 dicitur
976 1159 1134 1198 quoniam
1168 1160 1303 1190 scientia
1335 1159 1368 1189 in

294 1205 370 1231 actu
393 1201 584 1241 simpliciter
605 1202 776 1242 praecedit
798 1203 995 1234 intellectum
1023 1203 1056 1233 in
1081 1204 1243 1244 potentia,
1273 1204 1370 1235 etiam

295 1249 449 1286 tempore,
475 1245 550 1276 licet
572 1246 605 1277 in
631 1256 697 1277 uno
722 1247 891 1277 individuo
906 1248 950 1278 sit
972 1257 990 1278 e
1012 1257 1182 1285 converso,
1199 1249 1291 1289 quod
1306 1249 1370 1279 hoc

294 1298 363 1320 non
385 1290 573 1332 intelligitur
596 1290 636 1321 de
660 1292 807 1332 potentia
830 1291 977 1322 absolute
993 1298 1136 1333 accepta.
1157 1293 1259 1331 Quod
1282 1298 1371 1334 patet

295 1334 433 1374 quaesi
455 1334 659 1375 accipiamus
677 1345 736 1376 per
757 1336 960 1367 intellectum
987 1336 1020 1366 in
1050 1342 1124 1367 actu
1149 1337 1252 1378 ipsum
1276 1338 1367 1368 intel-

295 1379 412 1409 lectum
435 1384 599 1421 agentem,
624 1385 751 1421 constat
767 1379 858 1420 quod
879 1380 1062 1411 intellectus
1084 1382 1119 1412 in
1134 1383 1281 1422 potentia
1300 1391 1370 1413 non

294 1423 459 1464 praecedit
481 1424 590 1464 ipsum
614 1425 648 1455 in
672 1424 790 1455 eodem
817 1424 1002 1456 duratione:
1028 1434 1105 1456 cum
1129 1426 1225 1457 simul
1250 1427 1314 1457 sint
1335 1427 1370 1457 in

295 1468 413 1499 anima.
427 1486 451 1490 —
466 1467 500 1499 Si
523 1474 633 1499 autem
656 1469 854 1509 accipiamus
876 1469 1020 1500 habitum
1038 1471 1226 1509 primorum
1243 1471 1371 1511 princi-

288 1511 437 1552 piorum,
469 1513 536 1543 sive
568 1513 764 1543 intellectum
793 1518 960 1544 actuatum
993 1515 1050 1544 illo
1079 1515 1190 1545 habitu
1218 1525 1282 1556 quo
1307 1525 1372 1555 per

293 1556 433 1597 seipsum
449 1557 569 1598 aliquis
583 1557 752 1588 scientiam
769 1557 912 1588 invenit:
927 1558 972 1588 sic
987 1559 1084 1589 etiam
1100 1559 1308 1590 manifestum
1325 1565 1372 1590 est

295 1600 387 1641 quod
402 1601 585 1632 intellectus
607 1602 642 1631 in
657 1607 732 1632 actu
747 1611 816 1631 non
839 1601 1003 1642 praecedit
1018 1608 1166 1643 tempore
1190 1604 1371 1645 potentiam

294 1644 477 1676 intellectus
500 1645 540 1676 ad
563 1645 624 1676 alia
647 1645 868 1685 intelligibilia.
893 1646 998 1676 Immo
1022 1647 1169 1687 sequitur
1184 1653 1216 1678 et
1240 1653 1288 1678 est
1310 1658 1371 1688 po-

295 1689 410 1720 sterior
431 1689 500 1720 illa:
525 1699 602 1720 cum
624 1690 808 1720 intellectus
831 1700 849 1720 a
872 1699 931 1720 sua
951 1691 1160 1731 generatione
1184 1692 1223 1722 sit
1253 1693 1287 1722 in
1311 1702 1370 1733 po-

294 1733 406 1770 tentia,
421 1743 491 1764 non
515 1739 625 1765 autem
648 1734 688 1765 sit
711 1739 857 1765 actuatus
880 1744 898 1765 a
913 1736 1122 1775 generatione
1138 1736 1193 1766 tali
1209 1737 1331 1768 habitu.
1347 1754 1370 1759 -—

296 1777 330 1809 Si
354 1777 488 1809 demum
510 1788 569 1819 per
591 1779 793 1810 intellectum
809 1779 843 1810 in
859 1785 934 1810 actu
958 1780 1156 1820 accipiamus
1173 1781 1371 1813 intellectum

295 1822 454 1860 docentis,
472 1823 570 1854 etiam
584 1833 653 1854 non
671 1829 718 1854 est
740 1824 958 1854 necessarium
975 1830 1012 1854 ut
1029 1824 1200 1866 praecedat
1223 1831 1371 1867 tempore

294 1867 476 1908 potentiam
505 1867 708 1899 addiscentis.
739 1868 836 1906 Quia,
865 1869 893 1899 si
923 1868 1090 1900 addiscens
1121 1870 1161 1900 sit
1190 1870 1371 1901 secundum

295 1911 506 1942 substantiam
541 1913 705 1953 antiquior
736 1912 890 1949 docente,
922 1914 1011 1953 prius
1047 1919 1094 1944 est
1127 1915 1309 1955 intelligens
1340 1921 1373 1946 et

270 1993 276 1998 .
296 1956 400 1987 sciens
423 1957 457 1987 in
480 1957 627 1997 potentia
649 1966 749 1997 quam
773 1957 896 1988 docens
918 1958 958 1988 sit
981 1958 1086 1988 sciens
1108 1959 1142 1988 in
1166 1964 1251 1990 actu.
1271 1977 1294 1981 -
1308 1960 1372 1990 Re-

295 2000 453 2041 linquitur
477 2010 554 2041 ergo
571 2007 607 2032 ut
629 2001 825 2042 intelligatur
840 2001 880 2032 de
889 2002 1038 2042 potentia
1059 2012 1143 2043 quae
1165 2009 1315 2034 movetur
1329 2004 1372 2034 ad

296 2049 415 2076 actum.
440 2045 508 2076 Iam
531 2046 619 2076 enim
649 2046 853 2077 verissimum
884 2051 932 2077 est
960 2046 1050 2087 quod
1077 2047 1259 2079 intellectus
1282 2049 1371 2089 prius

296 2086 621 2130 tempore⁰movetur
648 2089 688 2121 ad
718 2091 886 2121 scientiam
914 2100 1013 2132 quam
1041 2092 1157 2122 habeat
1186 2093 1370 2124 scientiam:

297 2134 383 2175 quia,
408 2144 485 2165 cum
509 2134 656 2165 discursu
686 2135 830 2175 quodam
854 2136 1038 2176 acquiratur
1067 2137 1210 2174 scientia,
1241 2143 1372 2178 oportet

295 2179 386 2220 prius
408 2179 610 2210 intellectum
626 2180 792 2220 acquirere
809 2181 1031 2220 cognitionem
1054 2181 1300 2222 principiorum,
1317 2192 1373 2213 an-

295 2229 430 2265 tequam
453 2229 602 2254 causetur
625 2224 659 2255 in
683 2234 724 2255 eo
748 2225 875 2255 habitus
894 2224 1089 2256 scientificus
1109 2226 1371 2264 conclusionum,

296 2268 363 2299 sive
385 2277 444 2309 per
471 2269 694 2300 inventionem
710 2269 776 2299 sive
793 2279 850 2309 per
869 2268 1049 2300 doctrinam
1067 2271 1260 2311 acquiratur.
1277 2271 1372 2302 Simi-

295 2313 368 2344 liter
382 2313 583 2344 intellectum
600 2313 634 2344 in
657 2319 732 2344 actu
748 2319 878 2354 oportet
896 2319 1044 2355 tempore
1062 2314 1255 2355 praecedere
1278 2316 1372 2347 intel-

296 2357 418 2388 lectum
442 2358 476 2388 in
499 2358 656 2398 potentia,
684 2357 865 2389 secundum
892 2359 1013 2389 scilicet
1041 2359 1132 2399 quod
1158 2366 1308 2391 movetur
1331 2361 1371 2391 ad

296 2407 407 2433 actum
422 2403 613 2442 oppositum
625 2403 671 2432 illi
686 2403 868 2442 potenu‘ae:
886 2404 963 2443 quia
978 2409 1110 2444 oportet
1124 2409 1156 2435 et
1170 2405 1371 2436 intellectum

296 2447 470 2478 habentem
486 2447 632 2477 habitum
648 2448 829 2487 primorum
844 2448 1090 2489 principiorum,
1107 2454 1139 2479 et
1155 2448 1302 2481 docentis
1321 2451 1371 2481 in-

296 2491 462 2522 tellectum
487 2497 652 2522 actuatum
675 2492 818 2528 scientia,
842 2493 931 2532 prius
955 2502 1024 2524 esse
1048 2502 1147 2533 quam
1170 2494 1371 2525 intellectum

297 2535 484 2576 possibilem
508 2535 700 2566 addiscentis
723 2542 877 2567 moveant
900 2537 940 2568 ad
963 2543 1072 2568 actum
1096 2539 1257 2569 scientiae.

352 2580 443 2610 Patet
466 2586 575 2611 autem
598 2581 679 2612 haec
702 2581 862 2622 expositio
886 2591 926 2612 ex
955 2583 1079 2613 ratione
1109 2592 1208 2623 quam
1239 2583 1370 2614 adducit

298 2623 434 2655 Sanctus
457 2624 603 2655 Thomas
619 2631 652 2656 et
673 2626 726 2656 hic
751 2631 782 2656 et
804 2626 838 2656 in
854 2626 897 2656 111
913 2626 952 2657 de
974 2627 1093 2657 Anima
1106 2628 1138 2657 *x
1157 2628 1232 2668 quia
1248 2628 1370 2659 scilicet

290 2669 440 2710 potentia
465 2679 531 2700 non
556 2669 725 2701 reducitur
742 2671 774 2700 in
791 2675 900 2701 actum
925 2671 989 2702 nisi
1005 2681 1070 2712 per
1085 2672 1210 2712 aliquid
1228 2673 1370 2704 existens

297 2713 330 2743 in
355 2718 440 2744 actu.
466 2713 603 2745 Constat
625 2720 735 2746 autem
754 2715 846 2755 quod
868 2725 907 2746 ex
929 2716 994 2746 hoc
1018 2715 1109 2756 quod
1131 2717 1278 2756 potentia
1300 2727 1368 2748 non

295 2754 460 2789 reducitur
482 2759 516 2789 in
540 2765 650 2790 actum
672 2760 735 2790 nisi
750 2769 808 2800 per
828 2769 885 2791 ens
908 2766 992 2797 actu,
1016 2770 1084 2791 non
1108 2761 1254 2801 sequitur
1277 2761 1369 2802 quod

295 2808 386 2834 actus
401 2808 550 2844 tempore
565 2803 736 2844 praecedat
755 2805 936 2844 potentiam
952 2805 1098 2836 absolute
1119 2811 1295 2846 acceptam,
1312 2806 1369 2837 sed

294 2847 399 2888 ipsam
414 2848 579 2888 potentiae
591 2849 824 2879 actuationem:
838 2849 927 2889 prius
940 2850 1027 2880 enim
1043 2855 1174 2890 oportet
1186 2859 1255 2881 esse
1271 2860 1368 2891 agens

295 2901 394 2932 quam
409 2898 541 2923 moveat
555 2893 736 2933 potentiam
753 2892 793 2923 ad
808 2899 917 2924 actum
937 2893 1148 2934 completum,
1165 2895 1222 2925 ubi
1245 2895 1368 2935 aliquid

294 2937 475 2968 successive
502 2937 539 2967 in·
559 2943 668 2968 actum
691 2937 865 2974 reducitur,
889 2938 973 2969 sicut
994 2939 1176 2970 intellectus
1203 2939 1368 2970 reducitur

294 2981 328 3011 in
351 2987 460 3012 actum
483 2991 578 3013 verae
601 2983 763 3013 scientiae.
791 2982 861 3013 Erit
891 2992 968 3023 ergo
992 2993 1104 3014 sensus
1128 2983 1219 3024 quod
1241 2985 1276 3014 in
1298 2994 1366 3015 uno

295 3031 327 3056 et
346 3026 463 3057 eodem
486 3027 632 3066 potentia
647 3027 830 3058 intellectus
851 3036 935 3067 quae
949 3033 1100 3058 movetur
1115 3028 1155 3058 ad
1171 3034 1279 3059 actum
1295 3038 1368 3070 per-

294 3069 416 3101 fectum
447 3071 609 3108 scientiae,
637 3071 801 3112 praecedit
829 3072 934 3112 ipsam
963 3073 1131 3104 scientiam
1160 3073 1365 3113 simpliciter:

2415 294 2492 331 497

1422 366 1529 390 tamen
1553 360 1656 390 sciens
1679 361 1712 390 in
1737 366 1810 391 actu
1831 361 1926 391 etiam
1950 366 2097 401 tempore
2121 363 2283 402 praecedit
2303 364 2493 403 potentiam,

1421 404 1502 434 idest
1529 405 1710 435 motionem
1740 405 1904 445 potentiae
1936 405 1976 435 ad
2004 412 2122 443 actum,
2154 407 2219 437 sive
2249 409 2428 447 potentiam
2458 414 2494 439 ut

1421 454 1572 479 movetur
1595 448 1636 479 ad
1659 455 1778 479 actum.

1477 492 1577 531 Quod
1607 498 1716 523 autem
1747 494 1826 524 haec
1854 494 2075 534 interpretatio
2105 496 2278 526 verborum
2312 497 2493 527 Aristotelis

1421 537 1461 568 de
1485 537 1651 568 intellectu
1676 538 1708 567 in
1726 543 1800 568 actu
1817 538 1856 568 sit
1872 538 1912 568 ad
1937 539 2005 569 eius
2021 546 2175 577 mentem,
2193 550 2260 571 non
2277 547 2385 571 autem
2402 542 2492 582 quod

1421 582 1587 612 obiectum
1612 583 1763 612 scientiae
1786 582 1968 613 intellectus
1988 585 2110 623 agentis
2126 585 2166 614 sit
2189 585 2336 625 ipsemet,
2360 592 2492 626 apparet

1421 626 1497 667 quia
1529 635 1597 656 non
1633 626 1710 656 dicit
1744 626 1834 666 quod
1870 627 2050 658 intellectus
2077 638 2192 670 agens,
2222 636 2276 660 aut
2307 630 2396 670 quod
2424 631 2493 662 eius

1420 671 1566 706 scientia,
1592 671 1631 700 sit
1655 670 1741 701 idem
1765 671 1820 706 rei,
1845 671 1936 711 quod
1959 673 2073 712 utique
2097 674 2293 713 oportuisset
2316 674 2379 705 dici
2403 676 2429 705 si
2452 675 2492 706 de

1421 715 1587 746 intellectu
1604 720 1718 755 agente
1734 714 1982 756 intelligeretur:
2007 716 2064 747 sed
2084 718 2240 754 absolute,
2258 719 2350 759 quasi
2368 729 2492 750 novum

1421 760 1628 800 propositum
1643 760 1812 800 incipiens,
1829 760 1886 790 ait:
1904 760 1994 790 Idem
2010 766 2118 791 autem
2135 767 2182 792 est
2196 763 2371 793 secundum
2384 769 2492 794 actum

1420 805 1556 835 scientia
1573 804 1641 834 rei:
1657 814 1740 845 quae
1753 813 1830 835 vero
1846 805 2022 835 secundum
2034 807 2225 846 potentiam,
2243 812 2386 848 tempore
2395 809 2494 849 prior

1422 849 1455 879 in
1481 858 1546 879 uno
1571 853 1627 878 est.

1478 903 1510 933 4.
1535 893 1586 923 Ad
1611 898 1759 933 quartam
1775 893 1950 933 respondet
1967 894 2058 934 quod
2075 904 2140 924 non
2158 895 2237 924 dicit
2252 905 2290 926 ea
2307 896 2403 926 verba
2419 897 2493 926 Ari-

1420 938 1552 968 stoteles
1575 938 1614 968 de
1638 938 1802 969 intellectu
1826 943 1954 979 agente,
1979 938 2036 969 sed
2059 939 2098 969 de
2126 939 2289 970 intellectu
2314 941 2347 970 in
2376 946 2449 971 actu
2466 942 2492 971 ὕ.
2522 946 2531 954 ·

1422 982 1506 1012 Nam
1530 982 1635 1013 differt
1658 983 1755 1013 etiam
1778 982 1961 1014 intellectus
1984 984 2017 1013 in
2042 989 2116 1014 actu
2139 985 2179 1013 ab
2203 984 2368 1015 intellectu
2391 986 2494 1025 possi-

1422 1027 1488 1063 bili,
1513 1027 1589 1067 quia
1612 1027 1794 1057 intellectus
1817 1027 1978 1067 possibilis
1995 1028 2195 1068 quandoque
2218 1029 2375 1070 intelligit,
2393 1039 2494 1069 quan-

1423 1071 1532 1112 doque
1551 1081 1620 1102 non
1644 1072 1807 1111 intelligit:
1832 1072 1896 1102 hoc
1920 1077 2029 1103 autem
2045 1082 2113 1103 non
2128 1078 2236 1113 potest
2259 1073 2322 1104 dici
2346 1073 2386 1104 de
2401 1074 2494 1104 intel-

1422 1116 1509 1147 lectu
1532 1116 1565 1146 in
1590 1121 1673 1152 actu,
1696 1117 1753 1156 qui
1776 1122 1823 1147 est
1846 1117 1915 1157 ipsa
1938 1117 2149 1157 intelligibilia
2172 1117 2205 1147 in
2229 1123 2313 1148 actu.

1478 1159 1619 1191 Adverte
1644 1160 1735 1200 quod
1758 1160 1894 1191 Sanctus
1918 1161 2073 1198 Thomas,
2093 1161 2209 1198 Prima,
2234 1171 2265 1202 q.
2281 1172 2385 1199 Lxxxx,
2409 1173 2437 1193 a.
2461 1171 2493 1201 4,

1423 1204 1464 1235 ad
1489 1214 1518 1241 2,
1542 1205 1648 1245 inquit
1672 1204 1772 1244 quod,
1797 1206 1823 1236 si
1843 1204 1882 1235 de
1903 1206 2069 1237 intellectu
2086 1211 2201 1246 agente
2217 1207 2380 1246 praedicta
2397 1208 2494 1238 verba

1423 1249 1651 1289 intelligantur,
1676 1250 1722 1279 sic
1746 1255 1820 1280 sunt
1852 1249 2058 1290 exponenda:
2090 1250 2212 1281 scilicet
2241 1251 2331 1291 quod
2357 1261 2423 1282 non
2448 1256 2496 1282 est

1424 1303 1466 1324 ex
1482 1299 1582 1334 parte
1605 1293 1786 1324 intellectus
1804 1294 1933 1335 agentis
1955 1294 2043 1335 quod
2064 1294 2258 1336 quandoque
2283 1296 2495 1337 intelligimus

1422 1338 1617 1379 quandoque
1641 1348 1717 1374 non,
1742 1338 1799 1369 sed
1822 1343 1870 1368 est
1892 1348 1934 1369 ex
1951 1344 2050 1379 parte
2074 1339 2255 1370 intellectus
2271 1341 2448 1380 possibilis.

1463 1398 1467 1401 ·
1480 1382 1574 1413 Hanc
1598 1382 1707 1413 Sancti
1722 1382 1871 1413 Thomae
1887 1384 2185 1423 interpretationem
2200 1384 2253 1415 hic
2276 1385 2417 1424 positam
2434 1385 2495 1415 im-

1424 1428 1563 1467 probant
1586 1426 1718 1467 quidam
1737 1427 1981 1458 Thomistarum
1996 1429 2024 1464 ὴ
2049 1427 2191 1459 dicentes
2216 1428 2306 1468 quod
2328 1438 2349 1459 a
2373 1429 2495 1460 nullius

1425 1476 1530 1501 mente
1552 1471 1647 1512 quasi
1670 1471 1802 1502 dubium
1829 1472 2066 1503 excludendum
2096 1478 2169 1503 erat
2198 1473 2237 1504 de
2268 1474 2431 1504 intellectu
2461 1474 2494 1504 in

1425 1520 1499 1546 actu
1523 1516 1666 1546 secundo
1689 1516 1778 1556 quod
1800 1516 1995 1557 quandoque
2019 1517 2182 1558 intelligit,
2211 1518 2406 1559 quandoque
2429 1528 2494 1549 non

1426 1560 1600 1601 intelligit:
1626 1565 1749 1590 certum
1773 1565 1821 1590 est
1843 1561 1927 1590 enim
1952 1561 1991 1591 de
2015 1562 2104 1592 omni
2131 1566 2206 1592 actu
2231 1568 2386 1602 operante
2409 1563 2496 1603 quod

1426 1614 1491 1634 non
1516 1604 1711 1645 quandoque
1735 1610 1901 1644 operatur,
1930 1606 2125 1646 quandoque
2152 1615 2216 1636 non
2243 1612 2407 1647 operatur.
2433 1607 2497 1638 Sed

1425 1657 1493 1678 non
1509 1648 1620 1679 vident
1643 1648 1734 1688 quod
1755 1649 1818 1679 hoc
1842 1658 1912 1679 non
1936 1655 1983 1680 est
2006 1651 2044 1680 ab
2069 1650 2242 1681 Aristotele
2259 1651 2381 1682 dictum
2405 1652 2497 1691 quasi

1426 1697 1509 1723 esset
1532 1692 1619 1733 apud
1643 1693 1770 1733 aliquos
1787 1692 1940 1723 dubium:
1958 1694 2014 1724 sed
2038 1695 2124 1734 quia,
2141 1699 2177 1724 ut
2201 1693 2316 1726 dicitur
2336 1696 2497 1736 Spiritua-

1426 1737 1520 1773 libus,
1546 1742 1602 1767 art.
1630 1745 1680 1774 io,
1697 1736 1738 1767 ad
1754 1737 1784 1773 3,
1809 1747 1885 1767 cum
1900 1739 2105 1778 propositum
2123 1738 2183 1768 sibi
2202 1745 2285 1769 esset
2307 1740 2390 1770 inter
2404 1740 2498 1770 intel-

1425 1781 1546 1812 lectum
1570 1782 1603 1811 in
1619 1787 1693 1812 actu
1717 1786 1749 1812 et
1771 1782 1971 1813 intellectum
1988 1783 2175 1823 possibilem
2192 1783 2384 1814 differentias
2408 1794 2497 1815 enar-

1425 1835 1504 1863 rare,
1524 1832 1699 1867 postquam
1723 1826 1802 1857 duas
1823 1827 2002 1867 explicavit,
2019 1846 2040 1850 -
2060 1827 2151 1868 quod
2174 1828 2295 1859 scilicet
2317 1829 2498 1860 intellectus

1425 1871 1459 1901 in
1475 1871 1621 1911 potentia
1637 1880 1705 1901 non
1721 1876 1769 1901 est
1791 1871 1991 1912 intelligibile
2015 1873 2049 1902 in
2071 1873 2227 1912 potentia,
2244 1872 2300 1903 sed
2316 1873 2498 1905 intellectus

1425 1916 1460 1946 in
1475 1920 1549 1945 actu
1574 1921 1621 1946 est
1643 1915 1752 1955 ipsum
1768 1916 1967 1956 intelligibile
1990 1917 2024 1946 in
2040 1922 2130 1953 actu3
2156 1922 2187 1947 et
2203 1917 2294 1957 quod
2316 1918 2498 1949 intellectus

1425 1960 1459 1990 in
1482 1960 1628 2000 potentia
1651 1959 1815 2000 praecedit
1838 1961 2039 1991 intellectum
2063 1962 2096 1991 in
2120 1966 2194 1992 actu
2213 1967 2361 2002 tempore
2384 1963 2417 1993 in
2441 1972 2498 1993 eo-

1426 2003 1511 2040 dem,
1527 2004 1716 2044 simpliciter
1732 2010 1842 2035 autem
1865 2005 2048 2036 intellectus
2070 2006 2104 2035 in
2128 2011 2202 2036 actu
2218 2007 2380 2046 praecedit
2403 2007 2496 2038 intel-

1425 2049 1547 2079 lectum
1570 2049 1604 2079 in
1626 2049 1771 2089 potentia
1786 2050 1950 2080 -tertiam
1972 2050 2138 2090 subiungit
2159 2050 2381 2088 differentiam,
2406 2051 2497 2092 quod

1425 2093 1575 2124 videlicet
1592 2093 1775 2124 intellectus
1798 2094 1959 2134 possibilis
1983 2094 2158 2135 aliquando
2183 2095 2315 2135 quidem
2338 2096 2495 2136 intelligit,

1425 2137 1601 2178 aliquando
1619 2147 1695 2168 vero
1711 2148 1779 2168 non
1803 2139 1966 2179 intelligit;
1983 2149 2051 2169 non
2075 2139 2121 2170 sic
2144 2145 2251 2170 autem
2269 2146 2317 2171 est
2340 2140 2380 2171 de
2403 2141 2496 2172 intel-

1425 2183 1512 2213 lectu
1534 2183 1568 2213 in
1593 2188 1677 2219 actu,
1702 2188 1738 2213 ut
1761 2188 1809 2213 est
1831 2183 2050 2220 manifestum,
2067 2193 2143 2214 cum
2167 2185 2348 2216 intellectus
2364 2186 2398 2215 in
2422 2191 2496 2216 actu

1425 2228 1458 2258 in
1481 2227 1554 2267 ipso
1577 2227 1755 2267 intelligere
1780 2229 1942 2258 consistat.

1483 2273 1512 2302 5.
1537 2271 1589 2302 Ad
1613 2273 1760 2312 quintam
1784 2272 1871 2309 dicit,
1895 2272 2063 2313 sequendo
2087 2279 2275 2304 contextum
2291 2275 2496 2315 superiorum

1424 2317 1609 2353 verborum,
1622 2316 1713 2357 quod
1725 2316 1779 2347 illa
1790 2318 1888 2347 verba
1903 2327 2011 2358 neque
2024 2317 2064 2348 de
2076 2318 2242 2349 intellectu
2258 2324 2372 2358 agente
2387 2328 2496 2359 neque

1425 2360 1465 2391 de
1488 2361 1655 2392 intellectu
1679 2362 1825 2401 possibili
1848 2361 2009 2399 dicuntur,
2034 2362 2090 2393 sed
2106 2362 2146 2393 de
2169 2368 2237 2393 tota
2260 2369 2350 2404 parte
2373 2363 2497 2394 intelle-

1426 2406 1518 2436 ctiva.
1542 2406 1619 2436 Non
1643 2405 1683 2436 de
1707 2412 1836 2447 agente:
1854 2407 1931 2447 quia
1946 2407 2011 2437 iam
2034 2407 2122 2438 idem
2139 2407 2260 2438 dixerat
2276 2407 2316 2438 de
2339 2409 2495 2448 possibili,

1425 2456 1457 2481 et
1479 2451 1525 2481 sic
1548 2460 1616 2480 non
1640 2451 1729 2481 solus
1754 2461 1851 2491 agens
1875 2457 1923 2482 est
1946 2458 2120 2492 separatus.
2145 2452 2221 2482 Non
2246 2453 2342 2483 etiam
2358 2452 2398 2483 de
2421 2462 2496 2493 pos-

1410 2495 1524 2526 .sibili:
1550 2495 1626 2535 quia
1648 2496 1714 2526 iam
1737 2495 1824 2526 idem
1848 2495 1969 2526 dixerat
1993 2496 2033 2527 de
2056 2503 2181 2537 agente,
2207 2502 2238 2527 et
2261 2498 2307 2527 sic
2330 2497 2391 2527 soli
2420 2507 2496 2537 pos-

1424 2539 1507 2570 sibili
1531 2540 1706 2570 convenire
1729 2550 1798 2570 non
1827 2546 1944 2581 potest.
1977 2541 2072 2572 Unde
2100 2542 2292 2581 relinquitur
2322 2547 2358 2572 ut
2387 2541 2426 2571 de
2455 2551 2495 2572 eo

1425 2583 1515 2624 quod
1531 2584 1778 2624 comprehendit
1793 2590 1981 2625 utrumque,
1994 2585 2116 2616 scilicet
2128 2585 2167 2616 de
2183 2585 2349 2616 intellectu
2364 2586 2397 2616 in
2411 2591 2494 2622 actu,

1424 2628 1463 2659 de
1488 2638 1555 2668 quo
1579 2629 1784 2669 loquebatur,
1809 2629 2037 2670 intelligantur.
2062 2630 2189 2660 Dicitur
2212 2630 2300 2660 enim
2323 2630 2402 2660 haec
2427 2630 2495 2660 sola

1422 2682 1495 2713 pars
1519 2673 1656 2710 animae,
1680 2673 1803 2704 scilicet
1825 2674 2030 2711 intellectiva,
2055 2683 2124 2704 esse
2147 2680 2300 2714 separata,
2325 2675 2401 2714 quia
2424 2684 2495 2705 cor-

1422 2717 1527 2758 porali
1557 2727 1680 2758 organo
1708 2727 1777 2748 non
1805 2719 1916 2749 utitur.
1948 2719 1989 2749 Et
2011 2718 2087 2749 ideo
2118 2720 2283 2759 subiungit
2312 2719 2352 2749 de
2381 2718 2495 2749 eadem

1423 2761 1515 2802 quod
1542 2762 1605 2793 hoc
1634 2762 1741 2793 solum
1772 2768 1819 2793 est
1842 2763 2027 2794 immortale
2055 2768 2086 2793 et
2113 2769 2314 2804 perpetuum,
2338 2769 2453 2804 utpote
2477 2774 2495 2794 a

1423 2816 1561 2847 corpore
1584 2816 1653 2837 non
1677 2806 1874 2848 dependens.

1478 2851 1723 2882 Attendendum
1746 2852 1800 2882 hic
1824 2852 1914 2893 quod
1938 2853 2119 2883 intellectus
2143 2853 2177 2883 in
2201 2858 2275 2883 actu
2296 2851 2412 2883 dicitur
2434 2852 2494 2882 im-

1421 2896 1565 2926 mortalis
1590 2902 1622 2927 et
1644 2902 1831 2937 perpetuuS,
1855 2907 1923 2927 non
1947 2898 2072 2928 ratione
2095 2898 2291 2938 operationis
2314 2906 2372 2937 per
2396 2906 2495 2937 quam

1422 2939 1559 2971 efficitur
1581 2941 1615 2971 in
1640 2946 1724 2978 actu,
1749 2942 1842 2982 quasi
1871 2942 1979 2982 aliqua
2009 2952 2074 2973 una
2103 2952 2160 2973 sua
2190 2942 2335 2982 operatio
2359 2942 2400 2971 sit
2422 2951 2494 2981 per-

1421 2990 1534 3025 petua:
1558 2985 1615 3016 sed
1638 2987 1763 3016 ratione
1786 2986 1969 3017 intellectus
1999 2988 2121 3027 agentis
2153 2993 2184 3018 et
2213 2986 2384 3027 possibilis,
2410 2995 2494 3026 quos

1422 3030 1679 3071 comprehendit,
1699 3036 1859 3071 tanquam
1881 3031 1921 3062 ad
1944 3032 2008 3062 hoc
2031 3037 2068 3062 ut
2090 3033 2130 3062 sit
2159 3031 2339 3062 intellectus
2362 3032 2396 3061 in
2420 3037 2493 3064 actu

1420 3075 1604 3115 requisitos.

1367 3350 1420 3393 ,ff

435 3657 529 3682 Suum
550 3657 661 3683 CONTRA
680 3658 812 3683 GEN'nLr-:s
833 3658 864 3683 D.
883 3657 999 3682 ‘rnomu
1018 3656 1087 3682 Tou.
1107 3657 1124 3682 1.

2559 944 2636 966 Prima
2668 945 2733 972 Pars,

2522 971 2566 994 loc.
2580 971 2619 993 cit.
2630 971 2716 993 statim.

2522 1436 2531 1445 ·
2542 1434 2616 1456 Caiet.
2626 1434 2650 1456 in
2661 1434 2692 1455 111
2707 1434 2736 1456 de

2522 1461 2619 1488 Anima,
2643 1467 2695 1488 cap.
2716 1467 2734 1482 n

2524 1487 2634 1516 (Florem.
2650 1487 2722 1516 ¹5⁰9)-
