2768 4134
39 2606 52 2620 '
64 2605 101 2631 Cf·
114 2612 140 2630 ii.
154 2613 187 2634 iv,
200 2606 253 2630 init.

39 3266 52 3278 ⁶
63 3266 138 3290 Num:
146 3273 178 3296 iv,
190 3267 255 3290 Tunc

759 280 947 318 SUMMA
976 281 1199 321 CONTRA
1227 281 1502 330 GENTlLES,
1529 285 1623 322 LIB.
1644 286 1686 332 Π,
1716 286 1826 324 CAP.
1847 288 2012 326 LXVIII.

284 367 348 400 per
372 367 408 389 se
438 368 504 395 ens,
528 358 719 400 accipiendo
743 369 811 390 esse
833 359 978 391 secundo
1002 360 1116 391 modo.
1140 360 1204 392 Sed
1226 361 1291 392 hoc
1311 367 1359 392 est

289 408 402 434 contra
416 404 614 444 positionem
629 409 730 434 tuam.
754 405 840 444 Ergo
865 404 1057 435 antecedens
1079 414 1148 435 non
1165 410 1212 435 est
1234 415 1358 436 verum.

342 447 501 479 Probatur
516 449 759 488 consequentia.
775 449 855 479 Esse
871 458 938 489 quo
955 450 1062 480 anima
1075 449 1271 480 intellectiva
1293 450 1358 480 exi-

287 492 351 528 stit,
375 498 424 523 est
446 493 580 523 ultimus
602 497 705 528 actus,
729 492 783 522 cui
799 502 865 522 non
882 493 1013 523 advenit
1035 493 1154 534 aliquis
1175 494 1262 524 alius
1276 494 1359 524 dans

287 544 356 566 esse
377 536 586 577 simplicium·
609 543 641 567 et
664 537 734 576 ipsa
756 537 874 573 anima,
898 537 952 567 cui
967 537 1079 577 primo
1103 538 1254 568 convenit
1275 537 1359 568 illud

287 589 366 616 esse,
383 581 430 611 ita
453 581 541 621 quod
564 590 630 611 non
654 585 703 611 est
716 581 817 611 alicui
831 581 929 611 alteri
945 582 1031 611 ratio
1055 581 1181 612 essendi
1203 581 1262 611 illo
1278 591 1357 618 esse,

286 624 408 655 dicitur
421 625 612 665 simpliciter
632 624 751 655 habere
773 634 850 655 esse.
868 625 954 665 Ergo
971 626 1078 656 anima
1101 630 1148 655 est
1169 634 1228 665 per
1250 635 1284 655 se
1301 635 1358 656 ens

285 668 344 698 illo
359 668 473 699 modo.
489 669 532 698 Et
554 669 710 705 similiter,
726 678 783 709 per
801 675 843 705 te,
859 670 1081 709 compositum
1096 675 1144 700 est
1158 678 1217 709 per
1232 678 1266 699 se
1290 678 1357 699 ens.

285 712 373 752 Ergo
397 718 458 743 etc.
479 730 504 735 —
525 712 616 743 Patet
639 714 874 753 consequentia
896 723 935 744 ex
957 719 1014 744 tua
1035 714 1209 754 positione.

340 756 499 787 Probatur
521 756 724 787 antecedens.
748 757 868 795 Quoad
894 758 1032 797 primam
1055 762 1180 798 partem
1206 756 1358 796 quidem:

285 800 363 839 quia
377 800 411 830 in
427 801 561 831 homine
576 810 645 831 non
661 807 709 831 est
724 801 831 841 aliqua
847 802 908 832 alia
922 801 1028 832 forma
1043 801 1216 832 adveniens
1231 801 1358 831 animae

284 844 498 875 intellectivae
522 845 601 875 dans
622 845 670 875 illi
693 855 762 875 esse
785 846 993 876 substantiale
1017 851 1049 876 et
1066 855 1136 876 esse
1159 845 1356 885 simpliciter.

285 887 423 919 Constat
445 889 533 919 enim
556 889 648 929 quod
670 889 760 920 nulla
782 889 887 920 forma
905 891 1003 930 partis
1018 889 1149 920 advenit
1166 889 1201 919 in
1223 889 1357 919 homine

283 938 360 973 post
382 933 503 973 ipsam:
528 943 604 964 cum
627 942 686 973 per
709 943 781 964 eam
804 934 906 964 homo
930 935 971 964 sit
993 934 1105 963 homo.
1121 950 1145 955 —
1159 933 1236 963 Non
1260 933 1357 963 etiam

284 977 414 1008 advenit
427 977 533 1008 forma
547 978 657 1013 totius,
681 987 765 1018 quae
782 983 830 1008 est
844 978 991 1014 essentia,
1014 983 1171 1017 tanquam
1193 976 1272 1007 dans
1288 986 1357 1007 esse

283 1022 486 1062 simpliciter:
510 1031 580 1052 non
603 1022 692 1052 enim
718 1022 856 1052 essentia
882 1021 1057 1061 compositi
1086 1026 1134 1051 est
1160 1021 1357 1061 principium

283 1065 420 1097 formale
443 1065 570 1096 essendi
591 1065 788 1106 simpliciter,
805 1071 838 1096 et
858 1066 999 1096 maxime
1021 1065 1113 1105 parti,
1131 1064 1188 1095 sed
1211 1070 1259 1095 est
1280 1074 1357 1105 pro-

282 1110 392 1150 prium
414 1111 635 1150 susceptivum
658 1119 738 1140 esse.
758 1128 781 1132 -
796 1110 874 1140 Non
894 1110 990 1140 etiam
1014 1109 1143 1140 advenit
1165 1109 1253 1140 aliud
1276 1119 1354 1140 esse.

283 1154 372 1185 Tum
388 1154 465 1195 quia
479 1164 546 1185 una
561 1154 694 1184 actualis
709 1155 877 1184 existentia
892 1163 961 1184 non
978 1153 1172 1184 informatur
1186 1162 1246 1193 per
1260 1153 1356 1184 aliam

282 1199 327 1229 ita
349 1198 441 1239 quod
463 1199 504 1229 sit
525 1199 560 1229 in
583 1203 659 1228 actu
674 1207 733 1238 per
747 1198 843 1228 aliam
862 1198 1022 1228 actualem
1038 1198 1254 1228 existentiam:
1273 1198 1356 1228 sicut

281 1251 345 1274 nec
366 1252 434 1273 una
456 1241 572 1273 albedo
596 1247 644 1272 est
667 1242 738 1272 alba
753 1251 811 1282 per
833 1242 928 1272 aliam
951 1241 1143 1272 albedinem.
1168 1241 1257 1272 Tum
1280 1242 1356 1281 quia

281 1286 363 1318 illud
385 1286 474 1317 aliud
496 1295 566 1317 esse
588 1295 658 1318 non
681 1292 793 1326 posset
815 1295 886 1316 esse
901 1286 989 1316 aliud
1007 1295 1107 1325 quam
1125 1295 1195 1316 esse
1219 1295 1356 1325 compo-

282 1331 352 1369 siti:
375 1331 574 1363 hoe-autem
596 1339 666 1361 non
689 1329 765 1361 facit
780 1331 922 1360 animam
940 1330 1169 1360 intellectivam
1188 1339 1257 1360 esse
1280 1330 1356 1360 sim-

280 1375 418 1416 pliciter,
433 1375 491 1406 sed
513 1375 744 1414 compositum,
768 1375 910 1405 animam
925 1379 1034 1404 autem
1044 1383 1108 1414 per
1125 1373 1275 1404 accidens
1289 1373 1356 1404 sive

275 1419 518 1460 participative,
534 1424 572 1449 ut
594 1418 684 1449 dicis.
699 1435 722 1440 -
737 1418 824 1458 Ergo
848 1427 917 1448 esse
941 1427 1009 1458 quo
1033 1418 1140 1448 anima
1162 1417 1356 1448 intellectiva

282 1463 397 1500 existit,
410 1467 458 1494 est
474 1463 606 1493 ultimus
621 1467 725 1498 actus,
738 1462 792 1493 cui
808 1471 872 1492 non
889 1462 1021 1493 advenit
1032 1461 1152 1501 aliquis
1166 1462 1254 1492 alius
1264 1466 1356 1492 actus

281 1507 365 1538 dans
387 1516 456 1538 esse
477 1506 676 1547 simpliciter.

335 1550 457 1589 Quoad
490 1549 668 1581 secundam
702 1550 800 1580 etiam
837 1555 962 1590 partem
997 1551 1168 1589 probatur:
1205 1551 1281 1590 quia
1315 1549 1355 1580 de

280 1595 398 1632 mima,
422 1595 476 1625 cui
492 1594 604 1634 primo
628 1593 780 1624 convenit
800 1603 896 1624 suum
919 1603 988 1624 esse
1003 1593 1180 1634 proprium
1204 1594 1250 1624 ita
1268 1594 1357 1634 quod

274 1646 339 1680 per
362 1638 446 1669 illud
468 1638 550 1668 nihil
571 1637 666 1669 aliud
688 1642 745 1672 est,
769 1641 878 1678 potest
906 1647 981 1668 vere
1008 1637 1072 1668 dici
1095 1637 1243 1668 absolute
1266 1637 1356 1678 quod

279 1687 346 1719 ern
364 1688 396 1713 et
416 1681 508 1722 quod
529 1681 612 1712 illud
628 1690 697 1712 esse
712 1681 895 1712 secundum
911 1680 1002 1721 quod
1017 1681 1133 1712 dicitur
1156 1690 1236 1717 esse,
1259 1682 1356 1712 habet

278 1726 404 1767 integi-'e
426 1731 460 1757 et
480 1725 635 1766 perfecte,
656 1734 726 1756 non
743 1730 853 1756 autem
875 1724 1105 1756 tantummodo
1124 1725 1354 1766 participative.

278 1770 368 1812 Ergo
389 1775 500 1811 potest
521 1769 610 1800 illam
637 1768 702 1800 dici
728 1770 847 1800 habere
875 1779 943 1800 esse
971 1770 1159 1810 simpliciter
1188 1779 1246 1810 per
1274 1769 1356 1800 illud

280 1823 361 1846 ase.
386 1831 411 1838 —
436 1814 528 1845 Patet
557 1814 802 1854 consequentia.
835 1814 923 1852 Quia
953 1813 993 1845 de
1023 1814 1134 1854 aliquo
1166 1823 1279 1844 verum
1308 1820 1355 1844 est

280 1857 387 1890 dicere
409 1857 502 1899 quod
531 1858 722 1898 simpliciter
749 1858 847 1888 habet
870 1867 950 1894 esse,
983 1858 1081 1889 etiam
1107 1857 1289 1889 secundum
1311 1864 1353 1894 te,

279 1902 414 1944 quando
437 1903 560 1942 absque
583 1902 692 1942 aliqua
715 1901 881 1932 additione
896 1901 936 1933 de
958 1903 1032 1942 ipso
1047 1911 1162 1933 verum
1178 1907 1226 1932 est
1248 1901 1354 1932 dicere

279 1947 372 1988 quod
393 1951 450 1983 est,
467 1952 500 1977 et
521 1956 591 1977 non
605 1951 733 1976 tantum
747 1946 970 1986 participative
985 1946 1082 1976 habet
1097 1955 1166 1976 esse
1189 1945 1270 1976 illud
1285 1955 1353 1986 quo

279 2000 350 2022 ease
371 1996 405 2022 et
419 1991 554 2022 existere
569 1989 695 2021 dicitur.
709 2008 735 2012 —
748 1989 954 2021 Antecedens
969 1999 1047 2020 vero
1062 1991 1227 2030 probatur,
1244 1989 1354 2029 quoad

279 2036 418 2077 primam
441 2040 583 2075 partem,
608 2043 647 2064 ex
676 2033 854 2064 differentia
880 2043 950 2064 esse
979 2034 1194 2065 substantialis
1217 2040 1249 2064 et
1271 2034 1354 2064 acci-

279 2079 425 2111 dentalis.
448 2079 509 2109 Per
524 2088 593 2109 esse
617 2079 705 2109 enim
720 2078 927 2109 substanfiale
941 2087 991 2108 res
1007 2079 1154 2109 absolute
1178 2083 1210 2108 et
1232 2078 1354 2118 absque

279 2124 342 2155 alia
363 2123 530 2155 additione
553 2122 670 2153 dicitur
693 2131 761 2153 esse
767 2129 781 2159 ;
802 2132 861 2163 per
883 2122 1081 2153 accidentale
1104 2128 1214 2153 autem
1237 2122 1354 2153 dicitur

280 2177 350 2200 esse
373 2177 450 2198 cum
473 2167 582 2207 aliqua
604 2166 780 2203 additione,
803 2176 872 2197 non
902 2166 1060 2203 absolute,
1084 2176 1142 2207 per
1173 2176 1242 2198 esse
1266 2167 1353 2197 enim

278 2211 436 2243 albedinis
457 2221 528 2242 non
551 2211 669 2242 dicitur
691 2211 839 2241 absolute
862 2211 966 2251 paries
984 2220 1062 2246 esse,
1079 2210 1136 2242 sed
1158 2220 1227 2242 esse
1249 2211 1351 2246 albus,

279 2262 314 2288 et
335 2257 382 2287 sic
404 2256 446 2287 de
468 2255 538 2286 aliis
561 2265 630 2286 esse
654 2255 919 2291 accidentalibus;
935 2264 995 2295 per
1017 2264 1086 2285 esse
1102 2260 1211 2286 autem
1227 2256 1353 2286 animae

279 2301 418 2332 dicimus
433 2300 581 2330 absolute
604 2300 765 2330 hominem
789 2309 866 2335 esse,
884 2304 916 2330 et
934 2300 979 2330 sic
995 2298 1036 2329 de
1051 2299 1131 2330 aliis.
1147 2299 1244 2330 Unde
1266 2299 1353 2339 apud

280 2354 396 2376 omnes
419 2344 645 2385 philosophos,
669 2343 773 2374 differt
787 2343 893 2374 forma
907 2343 1122 2374 substantialis
1142 2344 1182 2374 ab
1205 2343 1352 2374 acciden-

279 2389 336 2420 tali
347 2389 424 2429 quia
435 2388 650 2419 substantialis
662 2387 715 2418 dat
731 2397 799 2418 esse
815 2388 1012 2428 simpliciter,
1024 2387 1229 2418 accidentalis
1244 2393 1353 2418 autem

281 2442 351 2464 esse
366 2432 547 2464 secundum
560 2431 652 2472 quid.
669 2449 692 2454 -
707 2431 828 2469 Quoad
842 2431 1019 2462 secundam
1037 2441 1115 2462 vero
1137 2437 1262 2472 partem
1276 2441 1352 2472 pro-

279 2478 388 2508 batur:
407 2477 483 2517 quia
506 2485 575 2506 esse
591 2475 682 2516 quod
697 2477 852 2506 convenit
866 2476 1002 2512 animae,
1019 2475 1207 2507 distinctum
1225 2476 1264 2506 ab
1284 2485 1352 2507 esse

281 2521 467 2561 compositi,
483 2529 542 2560 per
556 2525 599 2556 te,
617 2525 664 2550 est
679 2520 726 2550 illi
740 2521 921 2560 proprium.
937 2520 1025 2560 Ergo
1041 2521 1195 2551 convenit
1209 2521 1270 2550 sibi
1284 2529 1352 2550 non

279 2564 501 2606 participative
524 2564 564 2594 ab
587 2564 653 2594 alio
676 2565 730 2595 cui
752 2564 842 2604 prius
865 2565 1047 2595 conveniat.

336 2609 376 2639 V.
400 2608 571 2646 Quantum
585 2607 627 2638 ad
641 2608 822 2639 secundum
837 2609 864 2644 ⁶,
880 2611 940 2648 pro
957 2608 1171 2639 declaratione
1187 2608 1352 2648 opinionis

280 2653 389 2684 Sancti
412 2652 572 2689 Thomae,
597 2652 869 2683 considerandum
898 2652 998 2692 quod,
1022 2662 1098 2683 cum
1126 2653 1232 2682 anima
1258 2651 1351 2682 intel-

278 2697 395 2728 lectiva
417 2697 555 2727 omnino
578 2697 618 2726 ab
642 2697 822 2727 extrinseco
837 2696 1046 2736 producatur,
1061 2696 1142 2726 aliae
1157 2701 1266 2726 autem
1285 2695 1351 2726 for-

278 2750 352 2772 mae
375 2750 434 2781 per
455 2749 553 2781 agens
575 2741 719 2771 naturale
743 2740 921 2771 educantur
947 2740 987 2771 de
1013 2741 1159 2780 potentia
1184 2740 1350 2775 materiae;

279 2786 320 2816 sit
341 2791 451 2816 tamen
466 2783 571 2815 forma
585 2785 738 2815 materiae
753 2785 837 2815 sicut
859 2789 891 2815 et
914 2784 994 2815 aliae
1009 2784 1133 2815 formae
1154 2784 1350 2814 materiales:

277 2830 314 2861 in
336 2829 500 2870 aliquibus
523 2829 676 2859 convenit
699 2838 776 2859 cum
799 2829 868 2859 aliis
886 2828 999 2859 formis
1014 2827 1183 2869 specificis,
1199 2833 1231 2859 et
1245 2829 1280 2859 in
1295 2828 1351 2858 ali-

280 2874 399 2915 quibus
421 2872 535 2904 differt.

336 2917 500 2948 Convenit
523 2917 611 2948 enim
626 2926 703 2947 cum
717 2917 780 2947 illis
795 2916 830 2946 in
845 2916 956 2952 tribus,
971 2917 1007 2947 in
1029 2916 1130 2947 tribus
1146 2925 1224 2947 vero
1236 2916 1349 2947 differt.

279 2962 389 2992 Primo
406 2962 494 2992 enim
510 2961 673 2997 convenit,
690 2963 767 3001 quia
787 2969 846 3000 per
862 2961 1021 2991 unionem
1036 2961 1204 3000 utriusque
1226 2959 1350 2991 formae

280 3015 357 3037 cum
378 3006 511 3036 materia
535 3005 741 3036 constituitur
763 3005 994 3044 compositum,
1019 3004 1110 3045 quod
1133 3010 1181 3035 est
1196 3004 1351 3044 suscepti-

278 3059 359 3080 vum
374 3059 443 3080 esse
458 3050 591 3080 actualis
603 3049 800 3084 existentiae,
813 3054 846 3078 et
860 3049 957 3079 habet
971 3049 1142 3079 essentiam
1154 3049 1350 3088 completam

279 3095 315 3125 in
330 3095 448 3134 specie.
465 3112 487 3116 —
502 3093 666 3129 Secundo,
682 3093 759 3133 quia
780 3097 918 3132 utraque
941 3092 995 3123 dat
1017 3101 1086 3123 esse
1102 3098 1134 3123 et
1151 3093 1302 3123 materiae
1319 3098 1351 3123 et

280 3139 476 3178 composito.
499 3155 523 3161 —
545 3137 668 3173 Tertio,
689 3137 766 3177 quia
787 3146 846 3176 per
867 3146 972 3167 unum
999 3141 1031 3167 et
1052 3136 1140 3167 idem
1163 3140 1231 3167 esse
1247 3137 1351 3167 existit

280 3183 423 3218 materia,
435 3181 541 3213 forma
556 3187 588 3212 et
603 3181 834 3221 compositum.
851 3179 938 3211 Cum
950 3181 1038 3211 enim
1052 3181 1149 3211 unius
1165 3181 1212 3211 rei
1226 3182 1266 3211 sit
1280 3186 1350 3211 tan-

280 3231 352 3258 tum
377 3236 443 3257 una
469 3225 574 3256 forma
601 3225 825 3261 substantialis,
849 3230 979 3265 oportet
1001 3230 1038 3255 ut
1061 3225 1162 3265 ipsius
1181 3225 1228 3255 -sit
1254 3225 1350 3255 etiam

279 3275 408 3302 tantum
430 3279 535 3301 unum
558 3279 627 3300 esse
650 3269 789 3300 actuale:
807 3269 846 3299 ab
868 3278 935 3299 una
958 3269 1046 3299 enim
1059 3268 1175 3305 forma,
1198 3274 1236 3299 ut
1256 3269 1350 3299 iam*

280 3315 500 3355 probavimus,
524 3320 572 3345 est
593 3319 720 3344 tantum
743 3322 847 3344 unum
870 3322 948 3343 esse.

334 3358 497 3390 Differunt
510 3368 599 3395 ver0,
622 3359 740 3398 primo,
757 3359 833 3397 quia
847 3357 920 3387 illae
943 3366 1011 3387 non
1034 3356 1210 3387 subsistunt
1232 3357 1264 3387 in
1289 3366 1349 3387 suo

281 3412 362 3438 esse,
385 3402 443 3433 sed
464 3403 584 3433 habent
607 3412 675 3433 esse
699 3412 717 3432 a
742 3402 875 3432 materia
901 3399 1102 3440 dependens:
1127 3409 1168 3431 eo
1196 3400 1287 3440 quod
1309 3400 1350 3432 de

280 3447 427 3487 potentia
448 3447 602 3478 materiae
633 3446 820 3482 educantur,
850 3450 965 3486 utpote
995 3454 1013 3474 a
1041 3445 1174 3475 materia
1201 3454 1349 3484 compre-

280 3491 410 3527 hensae,
435 3496 467 3521 et
498 3490 646 3522 ordinem
673 3499 781 3521 rerum
810 3489 1022 3520 materialium
1049 3497 1118 3519 non
1148 3488 1347 3519 excedentes.

280 3534 478 3566 Intellectiva
499 3540 609 3566 autem
625 3539 672 3565 est
694 3544 752 3575 per
775 3543 809 3564 se
835 3535 868 3564 in
892 3543 952 3564 suo
976 3542 1045 3563 esse
1067 3532 1256 3563 subsistens:
1279 3542 1349 3563 non

280 3580 368 3610 enirn
391 3578 539 3611 educitur
562 3578 602 3610 de
625 3579 770 3619 potentia
792 3578 952 3614 materiae,
977 3582 1008 3607 et
1030 3577 1126 3607 habet
1149 3585 1217 3607 esse
1240 3586 1259 3606 a
1280 3585 1348 3607 ma-

279 3624 359 3654 teria
380 3633 449 3654 non
465 3622 667 3664 dependens;
683 3623 758 3654 licet
780 3623 814 3653 in
837 3621 917 3659 fieri,
934 3627 966 3652 et
988 3631 1006 3651 a
1029 3621 1200 3661 principio,
1223 3621 1256 3651 in
1279 3621 1349 3661 ipsa

2402 294 2479 341 443

1413 361 1550 403 accipiat
1572 372 1652 394 esse.
1676 364 1780 402 Unde,
1803 375 1872 396 non
1888 366 1924 396 fit
1951 366 2084 407 quidem
2111 369 2173 399 nisi
2199 370 2233 400 in
2260 372 2402 408 materia,
2425 371 2482 402 sed

1413 412 1522 438 tamen
1538 408 1658 447 absque
1669 410 1812 445 materia,
1826 419 1902 440 cum
1917 411 1957 441 ab
1967 412 2037 451 ipsa
2052 419 2225 452 separatur,
2238 416 2353 446 retinet
2368 426 2447 447 esse.
2458 434 2482 440 -·

1413 451 1576 487 Secundo,
1600 453 1676 491 quia
1704 462 1772 483 esse
1801 454 1891 493 quod
1920 454 1974 485 dat
2002 455 2106 487 forma
2137 459 2317 496 materialis,
2342 470 2418 491 cum
2440 461 2482 491 sit

1412 495 1585 531 materiale,
1609 496 1691 526 sicut
1714 502 1746 526 et
1775 496 1878 528 forma
1905 500 2075 530 materialis
2099 507 2156 538 est,
2182 503 2288 542 primo
2312 510 2343 534 et
2365 514 2423 544 per
2445 514 2481 535 se

1413 540 1567 569 convenit
1589 541 1774 579 composito
1790 551 1829 571 ex
1844 544 1975 573 materia
1991 549 2024 573 et
2045 544 2159 582 forma,
2175 551 2329 586 tanquam
2345 549 2375 579 ei
2390 548 2481 588 quod

1412 582 1639 622 perfectiorem
1661 583 1797 622 gradum
1811 586 1845 615 in
1860 591 1973 616 natura
1995 589 2150 619 materiali
2164 595 2265 621 tenet:
2289 592 2480 623 secundario

1413 632 1521 656 autem
1540 628 1694 657 convenit
1708 626 1841 665 formae,
1857 630 2051 669 inquantum
2066 632 2214 664 videlicet
2233 641 2280 665 est
2302 644 2374 675 pars
2389 645 2480 667 com-

1412 670 1520 710 positi.
1544 670 1624 701 Esse
1647 676 1755 701 autem
1771 672 1862 711 quod
1885 673 1938 703 dat
1953 675 2059 705 anima
2074 676 2277 715 intellectiva,
2301 679 2481 711 secundum

1411 723 1447 744 se
1470 720 1518 744 est
1539 715 1759 751 immateriale,
1783 716 1867 746 sicut
1890 723 1922 747 et
1949 719 2018 757 ipsa
2040 718 2145 750 forma
2176 727 2223 751 est
2251 723 2478 755 immaterialis.-

1412 757 1489 788 Ideo
1512 758 1618 798 primo
1643 764 1675 788 et
1697 768 1755 799 per
1778 769 1812 790 se
1836 763 1988 792 convenit
2004 763 2140 799 animae,
2157 774 2240 804 quae
2264 767 2479 798 immaterialis

1412 807 1476 832 est:
1500 802 1690 833 secundario
1706 809 1816 834 autem
1832 806 1984 835 convenit
1999 809 2195 847 composito,
2215 814 2369 849 tanquam
2391 811 2479 842 vide-

1411 846 1487 876 licet
1509 846 1539 876 ei
1562 846 1653 886 quod
1681 846 1862 888 aliqualiter
1892 848 1933 879 ad
1963 849 2111 881 ordinem
2140 853 2399 885 immaterialium
2422 865 2479 895 per

1412 890 1553 920 animam
1575 890 1803 922 intellectivam
1827 892 1979 924 elevatur.
2002 912 2025 916 -
2050 895 2173 931 Tertio,
2199 897 2274 936 quia
2298 907 2366 928 esse
2389 899 2479 939 quod

1411 933 1466 964 dat
1488 933 1593 964 forma
1614 936 1795 972 materialis,
1819 946 1896 967 cum
1918 938 1959 967 sit
1980 939 2087 978 primo
2111 945 2143 970 et
2165 949 2224 979 per
2245 950 2280 971 se
2295 944 2478 982 compositi,

1412 983 1565 1018 corrupto
1590 980 1775 1019 composito
1790 990 1860 1011 non
1881 987 2036 1012 remanet.
2059 983 2138 1014 Esse
2161 990 2270 1015 autem
2291 986 2415 1016 animae
2430 987 2480 1017 in-

1411 1021 1599 1058 tellectivae,
1624 1023 1700 1062 quia
1723 1033 1791 1054 non
1814 1030 1863 1055 est
1887 1025 1995 1064 primo
2019 1032 2051 1057 et
2072 1037 2131 1067 per
2157 1037 2191 1059 se
2214 1030 2398 1069 compositi,
2423 1030 2479 1061 sed

1410 1067 1512 1106 ipsius
1534 1067 1670 1103 animae,
1700 1076 1768 1098 non
1796 1068 1912 1099 desinit
1943 1076 2097 1111 corrupto
2128 1073 2324 1112 composito,
2348 1074 2405 1104 sed
2430 1083 2479 1105 re-

1409 1115 1519 1141 manet
1540 1111 1575 1141 in
1597 1111 1668 1151 ipsa
1691 1112 1798 1142 anima
1819 1113 2000 1144 retrahente
2019 1114 2060 1145 ad
2075 1125 2109 1146 se
2133 1125 2202 1147 esse
2218 1117 2309 1157 quod
2326 1118 2479 1149 materiae

1411 1155 1681 1185 communicabat.

1465 1198 1514 1229 Ex
1535 1199 1574 1229 iis
1589 1204 1678 1239 patet
1694 1199 1784 1239 quod
1799 1209 1867 1231 non
1883 1206 2013 1241 oportet
2034 1208 2071 1233 ut
2093 1203 2180 1234 aliud
2202 1205 2242 1235 sit
2265 1214 2334 1236 esse
2351 1207 2478 1237 animae

1409 1242 1621 1273 intellectivae
1638 1248 1670 1273 et
1685 1243 1772 1274 aliud
1785 1253 1853 1275 esse
1869 1245 2020 1282 hominis,
2032 1247 2199 1287 loquendo
2212 1248 2252 1279 de
2264 1258 2333 1280 esse
2345 1250 2478 1281 actualis

1410 1286 1605 1323 existentiae,
1628 1287 1712 1317 sicut
1733 1297 1795 1318 nec
1816 1289 1852 1318 in
1874 1289 1971 1319 rebus
1993 1292 2210 1322 materialibus
2229 1293 2316 1323 aliud
2339 1299 2386 1324 est
2409 1303 2477 1324 esse

1410 1329 1533 1360 formae
1557 1335 1589 1360 et
1611 1330 1698 1361 aliud
1722 1340 1791 1362 esse
1814 1334 2004 1373 compositi:
2029 1334 2086 1365 sed
2107 1335 2267 1375 peridem
2282 1347 2350 1368 esse
2374 1338 2478 1368 existit

1410 1374 1516 1404 anima
1527 1374 1722 1405 intellectiva
1733 1381 1765 1405 et
1776 1376 1889 1412 homo,
1900 1378 1970 1417 ipsa
1982 1378 2113 1417 quidem
2125 1379 2242 1419 primo,
2255 1380 2356 1411 homo
2369 1387 2476 1412 autern

1409 1417 1610 1448 secundario.

1464 1461 1519 1492 VI.
1544 1461 1607 1492 Sed
1622 1463 1706 1493 circa
1721 1462 1805 1493 dicta
1821 1471 1996 1495 occurrunt
2011 1465 2078 1496 duo
2095 1466 2201 1498 dubia.
2221 1467 2376 1506 Primum,
2393 1470 2477 1501 circa

1409 1504 1443 1534 id
1465 1505 1556 1544 quod
1578 1505 1702 1536 dictum
1725 1512 1782 1543 est,
1806 1508 1949 1538 animam
1973 1509 2200 1541 intellectivam
2229 1521 2294 1542 non
2321 1513 2415 1544 educi
2437 1514 2477 1545 de

1403 1549 1554 1588 potentia
1576 1550 1743 1586 materiae,
1760 1556 1856 1590 atque
1874 1552 1996 1583 idcirco
2011 1554 2130 1584 habere
2152 1564 2220 1585 esse
2241 1557 2425 1588 subsistens.
2442 1558 2477 1589 Si

1410 1593 1497 1622 enim
1519 1593 1585 1623 hoc
1608 1599 1665 1630 est,
1689 1595 1834 1634 sequitur
1850 1596 1941 1635 quod
1956 1598 2062 1627 anima
2079 1599 2274 1630 intellectiva
2289 1610 2357 1631 non
2380 1602 2420 1632 sit
2441 1602 2476 1632 in

1409 1637 1556 1675 potentia
1578 1638 1743 1668 materiae:
1766 1645 1925 1678 repugnat
1948 1641 2036 1670 enim
2058 1642 2162 1681 ipsam
2185 1651 2254 1673 esse
2275 1644 2310 1674 in
2332 1646 2477 1684 potentia

1408 1681 1576 1716 materiae3
1601 1685 1633 1711 et
1655 1681 1756 1721 quod,
1781 1691 1857 1712 cum
1879 1684 1912 1713 in
1936 1685 2069 1714 materia
2091 1690 2165 1715 actu
2188 1686 2412 1724 introducitur,
2436 1688 2476 1719 de

1409 1724 1555 1762 potentia
1577 1725 1728 1755 materiae
1750 1734 1819 1755 non
1849 1726 2013 1758 educatur.
2038 1729 2112 1759 Hoc
2136 1734 2244 1759 autem
2272 1736 2320 1760 est
2341 1731 2475 1762 falsum:

1409 1768 1486 1807 quia
1500 1773 1580 1798 tunc
1594 1770 1759 1809 generatio
1775 1770 1917 1800 hominis
1932 1780 2001 1801 non
2017 1778 2100 1803 esset
2121 1773 2286 1810 naturalis;
2302 1784 2360 1814 per
2374 1776 2477 1815 ipsam

1409 1812 1497 1842 enim
1519 1821 1588 1843 non
1611 1813 1869 1845 introduceretur
1892 1814 1996 1846 forma
2024 1817 2177 1848 naturalis
2199 1817 2233 1847 in
2256 1820 2397 1855 materia,
2421 1819 2477 1850 sed

1408 1854 1513 1886 forma
1536 1857 1795 1896 supernaturalis.

1463 1899 1652 1932 Secundum
1675 1907 1733 1938 est,
1757 1902 1835 1942 quia
1857 1902 1980 1933 dictum
2003 1910 2051 1934 est
2073 1914 2142 1935 esse
2162 1905 2303 1936 hominis
2318 1907 2429 1946 primo
2445 1913 2477 1938 et

1402 1952 1466 1983 per
1487 1953 1522 1974 se
1545 1946 1720 1976 convenire
1742 1946 1881 1981 animae,
1910 1948 2106 1978 secundario
2136 1958 2214 1979 vero
2237 1950 2370 1981 homini.
2399 1951 2475 1982 Hoc

1407 1988 1496 2018 enim
1518 1998 1588 2019 non
1613 1988 1740 2019 videtur
1768 1999 1891 2020 verum.
1922 1991 2006 2022 Nam
2032 1992 2304 2033 unumquodque,
2329 1995 2412 2025 sicut
2440 2005 2475 2026 se

1406 2031 1502 2062 habet
1525 2032 1566 2062 ad
1589 2042 1668 2069 esse,
1691 2034 1736 2064 ita
1758 2034 1799 2064 ad
1821 2035 1959 2074 operari,
1983 2041 2015 2066 et
2040 2046 2058 2066 e
2082 2045 2251 2073 converso,
2274 2043 2310 2067 ut
2339 2038 2476 2069 habetur

1406 2076 1522 2112 Prima,
1539 2086 1571 2116 q.
1588 2082 1678 2113 Lxxv,
1695 2087 1724 2108 a.
1741 2087 1771 2108 2.
1789 2077 1853 2109 Sed
1867 2079 1993 2109 homini
2009 2081 2162 2111 convenit
2183 2082 2290 2120 primo
2314 2087 2345 2112 et
2366 2092 2425 2122 per
2439 2092 2474 2113 se

1407 2121 1543 2160 operari,
1554 2130 1623 2152 non
1639 2126 1748 2152 autem
1763 2123 1900 2159 animae,
1912 2123 2025 2154 saltem
2041 2130 2199 2164 quantum
2214 2125 2254 2155 ad
2269 2127 2474 2165 operationes

1406 2165 1576 2195 sensitivae
1599 2170 1630 2195 et
1653 2167 1850 2205 vegetativae
1873 2168 1986 2207 partis:
2011 2177 2087 2198 cum
2102 2169 2175 2199 illae
2191 2169 2254 2199 sint
2269 2171 2474 2209 operationes

1407 2209 1583 2240 coniuncti.
1608 2209 1695 2249 Ergo
1718 2210 1844 2241 homini
1874 2212 2026 2243 convenit
2047 2213 2154 2252 primo
2183 2218 2214 2243 et
2243 2222 2301 2252 per
2330 2223 2364 2244 se
2393 2224 2472 2250 esse,

1406 2262 1475 2284 non
1498 2258 1607 2284 autem
1629 2254 1764 2284 animae.

1463 2306 1492 2327 2.
1516 2297 1568 2327 Ad
1591 2298 1733 2338 primum
1756 2298 1874 2329 horum
1898 2298 2023 2336 dicitur,
2040 2309 2078 2330 ex
2097 2300 2242 2332 doctrina
2260 2302 2369 2333 Sancti
2384 2302 2475 2333 Tho-

1406 2349 1478 2371 mae
1496 2341 1613 2377 Prima,
1629 2351 1661 2381 q.
1677 2352 1727 2379 xc,
1744 2352 1772 2372 a.
1790 2352 1820 2379 2,
1837 2342 1877 2373 ad
1894 2352 1923 2380 2,
1941 2349 1972 2374 et
1987 2343 2027 2374 de
2045 2344 2275 2384 spiritualibus
2293 2346 2472 2382 Creaturis,

1407 2394 1435 2415 a.
1453 2394 1483 2421 2,
1500 2385 1540 2415 ad
1557 2385 1587 2422 8,
1605 2387 1683 2416 item
1698 2385 1831 2417 inferius
1846 2388 1879 2417 in
1902 2388 1966 2418 hoc
1986 2387 2148 2425 Secundo,
2162 2399 2231 2430 cap.
2243 2400 2367 2426 Lxxva,
2383 2390 2474 2430 quod

1397 2429 1550 2470 sormam
1572 2430 1666 2460 educi
1680 2430 1720 2461 de
1736 2431 1886 2471 potentia
1901 2432 2059 2462 materiae
2082 2433 2163 2463 nihil
2186 2435 2278 2465 aliud
2309 2439 2357 2465 est
2377 2445 2473 2475 quam

1405 2474 1575 2504 materiam
1599 2474 1693 2505 educi
1715 2475 1756 2505 de
1771 2475 1920 2514 potentia
1944 2476 1977 2506 in
2001 2481 2108 2506 actum
2132 2477 2221 2509 illius
2234 2479 2381 2519 formae,
2398 2481 2474 2519 quia

1405 2517 1555 2548 videlicet
1577 2517 1682 2549 forma
1704 2519 1793 2558 prius
1816 2525 1883 2560 erat
1908 2520 1942 2549 in
1970 2521 2102 2550 materia
2131 2523 2348 2560 potentialiter
2371 2529 2403 2554 et
2424 2524 2474 2553 in-

1405 2561 1562 2598 distincte,
1585 2562 1798 2602 postmodum
1821 2572 1897 2594 vero
1921 2572 1979 2603 per
2000 2566 2300 2597 transmutationem
2322 2567 2474 2597 materiae

1405 2604 1442 2636 fit
1464 2611 1538 2636 actu
1560 2606 1594 2636 in
1617 2606 1686 2646 ipsa
1707 2607 1850 2638 materia.
1874 2607 1968 2638 Unde
1984 2607 2024 2638 ad
2045 2608 2110 2638 hoc
2133 2614 2169 2639 ut
2191 2609 2296 2640 forma
2318 2610 2473 2641 educatur

1406 2649 1446 2680 de
1467 2650 1613 2690 potentia
1635 2651 1796 2686 materiae,
1821 2656 1951 2690 oportet
1973 2656 2009 2681 ut
2035 2653 2123 2691 prius
2154 2654 2355 2684 contineatur
2377 2655 2411 2685 in
2434 2664 2472 2685 ea

1404 2699 1442 2724 ut
1463 2694 1495 2724 in
1521 2703 1616 2724 causa
1638 2694 1807 2730 materiali;
1833 2699 1864 2725 et
1878 2704 1936 2734 per
1951 2704 2155 2735 consequens
2178 2703 2214 2727 ut
2237 2697 2416 2738 dependeat
2430 2699 2470 2729 ab

1404 2738 1474 2777 ipsa
1497 2737 1676 2768 secundum
1691 2747 1793 2778 genus
1809 2748 1924 2769 causae
1939 2740 2124 2776 materialis3
2142 2741 2234 2780 quod
2257 2747 2304 2772 est
2327 2741 2415 2773 dictu
2434 2748 2471 2773 ut

1405 2781 1585 2813 secundum
1600 2792 1669 2813 esse
1685 2791 1781 2813 suum
1797 2792 1815 2813 a
1830 2784 1961 2813 materia
1984 2790 2178 2815 sustentetur
2192 2786 2238 2816 sic
2259 2791 2296 2816 ut
2318 2787 2386 2816 sine
2400 2795 2470 2817 ma-

1404 2826 1483 2856 teria
1506 2835 1576 2857 esse
1597 2836 1666 2857 non
1689 2828 1800 2867 possit.
1821 2827 1908 2858 Cum
1924 2837 2001 2868 ergo
2024 2829 2131 2859 anima
2145 2829 2338 2860 intellectiva
2361 2840 2379 2860 a
2401 2840 2470 2861 ma-

1404 2870 1484 2900 teria
1506 2871 1687 2902 secundum
1710 2881 1780 2902 esse
1802 2880 1899 2902 suum
1921 2882 1990 2903 non
2017 2872 2206 2913 dependeat,
2231 2879 2356 2904 constat
2379 2874 2469 2914 quod

1405 2913 1446 2944 de
1468 2916 1614 2954 potentia
1639 2916 1791 2946 materiae
1820 2925 1889 2947 non
1917 2915 2088 2947 educatur:
2121 2923 2154 2947 et
2180 2927 2237 2957 per
2265 2927 2468 2958 consequens

1404 2958 1495 2998 quod
1517 2969 1585 2990 non
1608 2960 1811 2990 contineatur
1826 2961 1860 2990 in
1882 2961 2028 3001 potentia
2045 2962 2196 2992 materiae
2203 2972 2211 2998 3
2234 2963 2377 3002 potentia
2393 2961 2467 2993 dico

1405 3003 1559 3039 naturali,
1583 3013 1652 3034 non
1675 3009 1785 3035 autem
1808 3005 2010 3035 obedientali.

1460 3047 1555 3078 Unde
1577 3054 1712 3088 negatur
1739 3049 1856 3079 falsitas
1887 3050 2124 3088 consequentis.
2149 3050 2191 3080 Et
2213 3059 2288 3080 cum
2314 3050 2468 3089 probatur

1405 3092 1482 3131 quia
1496 3093 1660 3132 generatio
1675 3093 1817 3123 hominis
1831 3103 1900 3123 non
1917 3098 2000 3124 esset
2020 3094 2181 3130 naturalis,
2197 3099 2331 3133 negatur
2353 3103 2468 3124 conse-

1405 3137 1546 3175 quentia.
1570 3137 1647 3167 Non
1670 3137 1778 3168 solum
1801 3138 1888 3167 enim
1911 3137 2026 3168 dicitur
2047 3138 2210 3177 generatio
2236 3138 2388 3168 naturalis
2410 3147 2468 3178 per

1405 3189 1504 3219 quam
1518 3181 1651 3211 materia
1666 3180 1813 3212 educitur
1829 3181 1869 3212 de
1883 3183 2029 3221 potentia
2046 3182 2080 3212 in
2104 3187 2212 3212 actum
2231 3181 2353 3212 formae
2376 3191 2467 3221 prae-

1404 3225 1568 3255 existentis
1578 3226 1613 3256 in
1628 3226 1697 3265 ipsa
1711 3226 1857 3265 potentia
1870 3226 2017 3261 naturali,
2029 3225 2086 3256 sed
2097 3226 2194 3256 etiam
2210 3226 2285 3266 quia
2296 3235 2354 3266 per
2364 3227 2466 3265 ipsam

1404 3268 1444 3298 ab
1467 3274 1581 3308 agente
1603 3270 1740 3300 naturali
1761 3270 1872 3300 unitur
1892 3270 2044 3300 materiae
2073 3269 2177 3300 forma
2199 3279 2283 3310 quae
2305 3279 2374 3300 non
2401 3275 2468 3301 erat

1403 3312 1438 3342 in
1459 3314 1592 3343 materia
1613 3314 1647 3344 in
1671 3314 1816 3353 potentia
1837 3314 1983 3350 naturali,
2006 3313 2063 3344 sed
2085 3319 2210 3344 tantum
2226 3314 2265 3343 ab
2288 3314 2467 3344 extrinseco

1402 3356 1602 3396 producitur.
1618 3357 1702 3388 Nam
1718 3357 1944 3397 dispositiones
1955 3358 2133 3388 materiales
2149 3357 2302 3388 facientes
2317 3357 2357 3388 ad
2371 3358 2468 3388 unio-

1403 3409 1480 3431 nem
1503 3401 1627 3432 animae
1651 3411 1727 3432 cum
1749 3402 1890 3438 materia,
1907 3410 1990 3441 quae
2013 3406 2090 3431 sunt
2103 3401 2216 3432 ultima
2237 3402 2408 3432 necessitas
2426 3401 2467 3432 ad

1402 3443 1552 3482 formam,
1575 3446 1734 3476 naturales
1749 3451 1833 3481 sunt,
1851 3450 1882 3475 et
1897 3446 1936 3475 ab
1954 3445 2087 3475 homine
2104 3445 2329 3485 producuntur
2349 3446 2467 3476 virtute

1402 3497 1480 3519 suae
1495 3494 1637 3520 naturae.
1655 3489 1731 3520 Ideo
1747 3490 1920 3529 generatio,
1936 3498 1993 3529 per
2011 3498 2109 3529 quam
2124 3489 2374 3520 introducuntur
2388 3490 2467 3520 tales

1402 3532 1630 3573 dispositiones
1652 3534 1687 3563 in
1709 3534 1850 3569 materia,
1867 3533 1984 3573 quibus
2002 3532 2217 3564 mediantibus
2237 3533 2274 3564 fit
2294 3534 2375 3564 unio
2399 3534 2467 3564 ani-

1401 3579 1476 3608 mae
1499 3587 1575 3608 cum
1597 3578 1738 3613 materia,
1762 3582 1809 3607 est
1830 3577 1982 3607 naturalis
2005 3582 2036 3607 et
2064 3586 2133 3608 non
2163 3577 2420 3618 supernaturalis.
2442 3595 2466 3600 —

1394 3620 1491 3652 'Cum
1513 3626 1622 3652 autem
1645 3622 1800 3661 probatur
1827 3622 2060 3661 consequentia
2086 3622 2162 3662 quia
2190 3631 2259 3652 non
2281 3621 2466 3653 introduce-
