2768 4134
48 2771 58 2782 ⁸
72 2769 130 2798 0¹1>-
146 2774 194 2791 xm.

49 3151 60 3161 '¹
73 3149 132 3172 lbid.

713 240 902 278 SU-MMA
931 240 1154 279 CONTRA
1182 243 1458 290 GENTILES,
1485 245 1582 281 LIB.
1602 245 1644 290 ΙΙ,
1675 244 1786 282 CAP.
1808 244 1925 290 XCV,
1945 245 2079 282 XCVI.

290 319 533 362 propinquitate
557 318 598 350 ad
621 328 702 356 esse,
725 317 843 359 gradus
869 318 1041 358 specifieus
1064 320 1098 350 in
1121 321 1199 360 ipsis
1222 327 1368 352 sumetur

290 363 472 396 secundum
495 364 654 395 maiorem
677 368 710 394 et
731 363 895 394 minorem
922 364 1200 404 propinquitatem
1224 365 1264 396 ad
1287 375 1366 396 esse.

290 409 424 448 Quanto
449 409 537 440 enim
561 409 671 449 aliqua
692 413 808 439 natura
830 407 1057 438 intellectualis
1080 409 1183 449 magis
1206 409 1327 440 recedit
1350 420 1368 440 a

288 454 526 494 potentialitate
549 459 582 485 et
604 453 706 493 magis
729 452 972 493 appropinquat
995 452 1035 482 ad
1055 462 1124 483 esse
1141 458 1173 483 et
1188 453 1228 483 ad
1247 459 1366 491 actum,

289 504 381 530 tanto
406 504 454 530 est
471 498 615 529 nobilior
630 503 662 528 et
677 497 854 538 superioris
876 496 1004 536 gradus,
1028 501 1144 537 utpote
1166 498 1268 538 magis
1291 507 1368 539 pro-

289 544 414 584 pinqua
429 542 666 585 perfectissimo
683 541 760 578 enti,
777 541 835 582 qui
851 546 899 572 est
922 541 1022 578 Deus,
1038 551 1096 582 per
1119 542 1277 573 maiorem
1295 552 1367 583 par-

289 588 515 629 ticipationem
545 587 646 618 divini
676 595 760 617 esse:
786 591 910 626 quanto
941 591 1051 617 autem
1077 587 1179 626 magis
1206 586 1302 617 distat
1328 588 1367 618 ab

291 642 361 664 esse
384 638 416 664 et
439 631 633 670 actualitate,
649 636 741 662 tanto
765 636 813 661 est
835 630 1084 671 imperfectioris
1107 630 1235 671 gradus,
1253 637 1368 672 utpote

289 678 392 718 magis
416 677 567 717 elongata
583 687 602 707 a
616 676 725 717 primo
749 680 824 706 actu
840 681 872 706 et
886 675 996 706 minus
1018 675 1058 706 de
1074 675 1185 706 divino
1204 685 1273 706 esse
1297 686 1368 717 par-

289 723 437 763 ticipans.
462 720 536 758 Sed,
561 726 598 752 ut
620 720 665 751 ait
687 720 825 751 Sanctus
845 719 991 760 Thomas
1014 720 1048 750 in
1067 719 1221 751 Tractatu
1245 720 1284 750 de
1299 721 1368 751 Na-

290 772 367 798 tura
381 766 518 798 Generis
529 767 557 802 *,
573 766 635 796 hos
651 763 768 806 gradus
783 774 846 796 nos
861 774 1060 805 cognoscere
1083 774 1153 795 non
1177 773 1367 805 possumus:

289 809 347 842 sed
370 811 421 842 illi
444 816 571 842 tantum
601 815 808 852 cognoscunt
829 809 885 850 qui
907 819 1000 840 suam
1022 810 1301 850 propinquitatem
1326 810 1370 841 ad

289 856 396 887 Deum
419 860 451 887 et
472 855 717 897 elongationem
741 864 763 886 a
786 854 882 885 rebus
909 854 1097 894 compositis
1120 860 1152 885 et
1174 855 1369 894 corruptibi-

290 900 374 932 libus
396 901 619 941 speculantur.

346 945 430 976 VIII.
447 946 589 978 Ulterius
604 945 638 976 in
654 945 726 985 ipso
742 953 900 984 processu
914 942 1025 974 Sancti
1042 942 1192 973 Thomae
1212 942 1278 973 duo
1295 949 1370 974 sunt

290 989 495 1022 attendenda.
512 990 659 1021 Primum
679 994 727 1020 est
742 989 827 1020 circa
850 987 939 1019 illam
963 988 1236 1028 propositionem,
1253 987 1369 1019 Statim

290 1035 323 1066 in
341 1035 454 1076 prima
477 1035 562 1066 entis
583 1034 743 1065 divisione
766 1033 934 1064 invenitur
947 1033 1010 1063 hoc
1027 1033 1156 1074 quidem
1173 1033 1369 1074 perfectum,

288 1079 413 1111 scilicet
427 1089 485 1111 ens
502 1089 567 1121 per
581 1089 616 1110 se
631 1084 663 1110 et
677 1088 735 1110 ens
754 1078 787 1109 in
807 1083 893 1114 actu,
914 1077 1008 1108 aliud
1030 1087 1108 1108 vero
1134 1075 1369 1119 imperfectum,

288 1124 413 1155 sciIicet
435 1134 493 1156 ens
511 1125 544 1155 in
564 1124 632 1155 alio
653 1128 685 1154 et
706 1132 764 1155 ens
788 1123 821 1154 in
839 1123 1001 1164 potentia.
1026 1122 1102 1154 Non
1127 1123 1215 1153 enirn
1239 1123 1304 1155 hoc
1326 1124 1370 1154 ita

289 1169 518 1209 accipiendum
542 1175 591 1200 est
614 1169 708 1209 quasi
730 1178 796 1199 una
816 1173 848 1199 et
863 1167 979 1199 eadem
1002 1169 1085 1198 entis
1109 1167 1227 1198 divisio
1250 1168 1290 1199 sit
1311 1177 1371 1208 per

289 1214 503 1245 substantiam
526 1219 558 1245 et
582 1213 742 1249 accidens,
767 1218 799 1243 et
822 1222 881 1254 per
903 1218 1014 1244 actum
1037 1218 1069 1244 et
1092 1212 1288 1253 potentiam:
1313 1213 1369 1243 sed

289 1258 367 1300 quia
389 1265 471 1299 sunt
481 1258 523 1291 de
537 1259 650 1300 primis
673 1256 889 1289 divisionibus
905 1257 998 1294 entis,
1017 1257 1135 1298 quibus
1152 1256 1304 1288 dividitur
1320 1267 1369 1288 se-

273 1296 436 1335 ‘cu‘ndum
448 1303 679 1335 determinatos
691 1302 810 1334 modos
822 1301 959 1334 essendi.
965 1301 1064 1333 Ponit
1075 1308 1186 1333 autem
1198 1307 1369 1342 utramque

287 1347 485 1380 divisionem
507 1353 664 1388 tanquam
688 1357 787 1378 unam
810 1347 950 1388 primam
974 1346 1179 1383 divisionem,
1200 1348 1277 1387 quia
1300 1357 1370 1378 sese

286 1393 368 1424 istae
392 1393 569 1424 divisiones
592 1393 871 1424 concomstantur:
895 1392 930 1422 in
947 1392 1039 1423 omni
1058 1392 1146 1423 enim
1169 1401 1288 1432 genere
1303 1398 1369 1423 tam

290 1437 467 1470 accidentis
496 1447 597 1478 quam
625 1438 823 1468 substantiae
849 1437 1014 1468 invenitur
1039 1437 1187 1477 potentia
1211 1442 1243 1467 et
1269 1442 1368 1474 actus,

255 1505 262 1512 .
290 1487 327 1515 ut
349 1482 468 1514 dicitur
491 1483 534 1514 lX
558 1482 807 1524 Metaphysicae
818 1483 845 1512 *ἢ

349 1537 379 1560 2.
403 1527 594 1560 Secundum
610 1533 658 1558 est
681 1527 766 1558 circa
788 1526 872 1558 hanc
894 1525 1167 1567 propositionem,
1188 1526 1279 1557 Sicut
1303 1536 1368 1556 una

290 1577 322 1603 et
344 1572 456 1604 eadem
480 1578 528 1604 est
554 1577 676 1603 natura
703 1581 788 1612 quae
816 1581 859 1602 ex
882 1571 1021 1602 materia
1046 1576 1078 1601 et
1097 1571 1217 1613 forma
1248 1571 1369 1601 consti-

2417 249 2486 296 571

1420 323 1534 358 tuitur,
1551 323 1598 353 ita
1617 323 1804 364 differentia
1828 333 1894 354 non
1918 323 2011 354 addit
2033 329 2224 354 extraneam
2248 325 2411 365 quandam
2437 336 2495 356 na-

1421 371 1530 397 turam
1552 377 1653 408 supra
1675 377 1791 409 genus.
1808 368 1900 399 Haec
1921 369 2008 399 enim
2032 368 2209 400 similitudo
2234 369 2399 410 duplicem
2422 379 2495 401 sen-

1420 420 1494 442 sum
1517 412 1635 442 habere
1658 418 1776 452 potest.
1793 412 1920 443 Primus
1937 418 1994 450 est,
2011 419 2047 443 ut
2065 412 2120 444 fiat
2144 415 2345 454 comparatio
2368 416 2495 455 generis

1421 461 1452 486 et
1475 455 1673 487 differentiae
1696 456 1737 487 ad
1760 457 1927 487 materiam
1952 462 1983 488 et
2007 456 2156 495 formam,
2181 467 2264 499 quae
2292 459 2494 490 constituunt

1421 509 1521 530 unam
1544 506 1701 532 naturam.
1719 501 1761 531 Et
1777 502 1822 532 sic
1845 511 1913 532 non
1938 502 2055 542 accipit
2071 502 2207 533 Sanctus
2223 501 2378 534 Thomas.
2396 504 2493 543 Quia,

1420 544 1496 576 licet
1512 555 1550 575 ex
1573 545 1634 575 illis
1658 544 1713 576 fiat
1736 555 1801 576 una
1823 551 1947 583 natura,
1971 556 2040 577 non
2065 552 2171 578 tamen
2189 553 2264 578 sunt
2280 557 2344 578 una
2359 557 2410 580 res
2425 558 2493 579 ma—

1420 590 1499 620 teria
1515 595 1547 620 et
1564 589 1676 620 forma.
1702 589 1780 621 Ideo
1797 599 1835 620 ex
1851 591 1915 621 hoc
1938 600 2006 621 non
2030 597 2141 632 posset
2165 593 2254 632 argui
2278 592 2369 632 quod
2391 603 2494 633 genus

1421 639 1453 664 et
1468 633 1646 664 differentia
1662 635 1726 665 sint
1746 644 1812 665 una
1826 644 1887 674 res,
1904 640 1940 665 ut
1958 636 2028 666 vult
2050 636 2167 667 habere
2184 636 2320 668 Sanctus
2333 637 2492 669 Thomas:

1421 678 1478 709 sed
1493 683 1619 709 tantum
1636 678 1728 719 quod
1743 689 1782 710 ex
1793 688 1911 719 genere
1924 685 1956 710 et
1968 679 2145 711 differentia
2161 682 2375 712 constituatur
2390 692 2495 714 unum

1421 723 1602 753 secundum
1625 723 1766 764 logicam
1790 723 2094 761 considerationem,
2118 725 2239 756 scilicet
2262 727 2396 766 species,
2413 727 2495 758 sicut

1421 768 1454 798 in
1483 777 1552 798 esse
1578 773 1711 798 naturae
1739 777 1778 798 ex
1800 769 1933 799 materia
1957 774 1988 799 et
2011 768 2115 799 forma
2145 779 2248 800 unum
2279 772 2494 802 constituitur.

1478 812 1570 843 Alius
1592 822 1705 843 sensus
1729 822 1798 843 esse
1822 818 1931 853 potest
1954 818 1990 843 ut
2012 812 2068 843 fiat
2092 815 2291 854 comparatio
2315 816 2440 855 generis
2465 821 2496 846 et

1422 855 1617 888 differentiae
1642 857 1682 887 ad
1704 862 1852 888 naturam
1876 858 2086 888 constitutam
2110 867 2167 898 per
2190 859 2357 889 materiam
2381 866 2412 891 et
2430 860 2496 891 for-

1422 909 1520 931 mam.
1545 901 1631 939 Quia
1655 902 1743 932 enim
1767 902 1892 933 dictum
1916 908 1963 933 est
1987 902 2077 943 quod
2100 903 2134 932 in
2154 903 2249 934 rebus
2278 905 2496 935 materialibus

1422 946 1559 976 sumitur
1573 956 1676 986 genus
1688 947 1727 977 ab
1741 956 1780 977 eo
1794 946 1885 987 quod
1898 952 1945 977 est
1960 947 2123 978 materiale
2140 952 2171 978 et
2186 948 2375 987 potentiale,
2388 953 2420 979 et
2436 948 2497 980 dif-

1423 987 1558 1020 ferentia
1573 991 1611 1020 ab
1629 1000 1669 1021 eo
1687 991 1778 1031 quod
1794 997 1841 1021 est
1857 990 1992 1022 formale
2010 997 2041 1022 et
2061 991 2325 1028 determinatum;
2351 997 2382 1023 et
2406 992 2497 1034 quod

1422 1035 1555 1065 materia
1571 1040 1618 1065 est
1632 1035 1666 1066 id
1682 1035 1769 1066 unde
1786 1036 1924 1066 sumitur
1938 1036 2143 1067 materialitas
2160 1041 2191 1066 et
2206 1037 2425 1076 potentialitas
2440 1047 2497 1067 na-

1422 1084 1523 1116 turae,
1548 1079 1652 1110 forma
1675 1090 1753 1110 vero
1777 1079 1811 1110 id
1829 1090 1847 1110 a
1864 1090 1931 1120 quo
1955 1081 2093 1111 sumitur
2109 1080 2349 1112 determinatio:
2375 1082 2401 1111 si
2416 1081 2498 1112 illud

1422 1124 1599 1163 potentiale
1616 1124 1708 1164 quod
1731 1125 1868 1155 sumitur
1884 1135 1901 1155 a
1917 1126 2060 1160 materia.
2086 1126 2335 1157 constitueretur
2350 1135 2497 1157 seorsum

1422 1178 1441 1198 a
1452 1169 1594 1205 materia,
1612 1174 1643 1199 et
1655 1168 1736 1200 illud
1748 1168 1883 1200 formale
1900 1175 1932 1200 et
1947 1170 2072 1200 actuale
2088 1170 2179 1210 quod
2195 1181 2212 1201 a
2228 1169 2333 1201 forma
2349 1171 2496 1208 sumitur,

1422 1222 1569 1244 seorsum
1594 1214 1844 1245 constitueretur
1867 1224 1885 1244 a
1908 1214 2023 1251 forma,
2043 1215 2087 1245 ita
2105 1214 2195 1255 quod
2213 1221 2318 1246 essent
2342 1214 2424 1246 duae
2440 1225 2496 1246 na-

1422 1262 1522 1295 turae,
1539 1263 1617 1289 tunc
1638 1263 1762 1289 certum
1779 1264 1861 1289 esset
1878 1258 2100 1296 differentiam,
2118 1269 2201 1300 quae
2217 1259 2249 1290 id
2266 1259 2356 1300 quod
2369 1266 2416 1290 est
2431 1259 2497 1290 for-

1422 1302 1506 1333 male
1522 1303 1686 1343 importat,
1699 1302 1815 1334 addere
1829 1308 2013 1334 extraneam
2024 1309 2172 1334 naturam
2185 1303 2225 1334 ad
2236 1314 2349 1344 genus.
2362 1305 2406 1335 At
2422 1305 2497 1344 quia

1422 1356 1487 1377 una
1503 1352 1535 1378 et
1551 1347 1665 1378 eadem
1676 1353 1790 1378 natura
1802 1353 1850 1379 est
1866 1357 1950 1388 quae
1962 1358 2001 1379 ex
2016 1349 2150 1379 materia
2165 1353 2197 1379 et
2212 1348 2317 1379 forma
2329 1349 2497 1379 constitui-

1422 1397 1484 1428 tur,
1501 1397 1532 1422 et
1548 1401 1633 1432 quae
1655 1393 1816 1423 rationem
1839 1393 2024 1432 potentialis
2040 1403 2058 1423 a
2081 1393 2213 1424 materia
2235 1393 2331 1424 habet
2352 1399 2384 1424 et
2401 1394 2497 1424 ratio-

1422 1445 1498 1467 nem
1511 1435 1654 1468 formalis
1670 1447 1688 1467 a
1704 1436 1818 1474 forma,
1831 1436 1906 1468 ideo
1923 1443 1955 1468 et
1970 1438 2039 1477 ipsa
2056 1437 2243 1475 differentia,
2261 1447 2345 1479 quae
2361 1438 2498 1469 sumitur

1422 1491 1440 1511 a
1457 1480 1595 1518 formali,
1612 1491 1681 1512 non
1703 1481 1791 1512 addit
1815 1487 1998 1513 extraneam
2010 1488 2158 1513 naturam
2170 1492 2267 1523 supra
2281 1492 2394 1523 genus,
2407 1482 2498 1523 quod

1422 1536 1440 1555 a
1463 1526 1632 1566 potentiali
1657 1532 1688 1557 et
1710 1527 1867 1557 materiali
1891 1527 2037 1557 sumitur.
2055 1527 2097 1558 Et
2119 1528 2172 1558 hic
2196 1533 2242 1558 est
2258 1537 2352 1558 verus
2375 1536 2497 1563 sensuS,

1422 1579 1522 1610 quem
1538 1570 1675 1602 Sanctus
1691 1570 1837 1602 Thomas
1859 1572 1893 1601 in
1908 1572 1967 1602 ista
1991 1573 2233 1612 comparatione
2256 1571 2401 1603 intendit.

1351 1667 1451 1708 miz-z

634 1817 1122 1874 CAPITULUM
1158 1817 1768 1873 NONAGESIMUM
1806 1817 2155 1874 SEXTUM
2204 1786 2206 1788 ’

376 1920 551 2000 QUOD
588 1945 1019 1988 SUBSTANTIAE
1052 1945 1954 2050 SEPAARSJEXiglgssIIIKAIglESACCIPIUNT
1988 1945 2414 1987 COGNITIONEM

322 2160 324 2162 ,
370 2154 377 2171 ,ἱ
430 2159 433 2165 ,
501 2134 525 2158 Χ
552 2119 774 2171 praemissis
803 2120 954 2158 ostendi
981 2127 1108 2170 potest
1136 2120 1246 2180 quod
1274 2119 1364 2157 sub-

296 2199 300 2201 *
516 2174 676 2212 stantiae
718 2182 916 2224 separatae
953 2186 1035 2212 non
1076 2173 1272 2224 accipiunt
1308 2173 1365 2211 in-

363 2224 482 2280 353³.
514 2227 745 2266 tellectivam
783 2227 1046 2277 cognitionem
1081 2227 1131 2265 de
1167 2227 1284 2265 rebus
1319 2239 1365 2264 ex

323 2282 331 2305 ‘s
372 2290 380 2298 '¹
398 2297 402 2299 ’
418 2272 490 2304 θ’
515 2281 771 2319 sensibilibus.

1422 2119 1657 2158 substantiae
1686 2127 1884 2170 separatae
1903 2131 1985 2156 non
2003 2126 2130 2169 potest
2149 2131 2232 2156 esse
2251 2131 2313 2156 res
2332 2119 2497 2158 existens

1421 2181 1527 2211 extra
1555 2173 1742 2221 animam,
1770 2181 1811 2210 ut
1839 2174 1889 2210 ab
1918 2185 1964 2210 ea
1992 2172 2216 2210 immediate
2244 2172 2405 2223 accipiat
2432 2186 2496 2211 co-

1420 2226 1654 2276 gnitionem3
1679 2239 1808 2277 neque
1835 2228 2080 2276 phantasma.
2110 2226 2357 2276 Relinquitur
2384 2227 2497 2276 igitur

1421 2281 1530 2330 quod
1559 2280 1758 2318 obiectum
1786 2280 1999 2318 intellectus
2031 2279 2266 2318 substantiae
2299 2287 2496 2330 separatae

345 2335 549 2375 Sensibilia
568 2334 673 2372 enim
693 2335 910 2372 secundum
934 2346 1048 2372 suam
1075 2342 1256 2372 naturam
1276 2342 1364 2373 nata
1389 2347 1397 2366 ⁵
1422 2334 1468 2371 sit
1495 2334 1641 2384 aliquid
1676 2334 1788 2371 altius
1822 2335 2105 2383 phantasmate.
2135 2333 2244 2370 Nihil
2275 2342 2407 2372 autem
2441 2342 2497 2371 est

290 2398 380 2427 sunt
394 2388 636 2440 apprehendi
650 2400 721 2438 per
735 2400 906 2436 sensum,
922 2387 1020 2425 sicut
1034 2387 1281 2437 intelligibilia
1296 2400 1367 2439 per
1421 2387 1533 2425 altius
1561 2389 1832 2438 phantasmate
1857 2387 1896 2424 in
1919 2386 2055 2424 ordine
2081 2387 2325 2424 obiectorum
2354 2399 2496 2436 cogno-

290 2443 537 2481 intellectum.
561 2441 702 2480 Omnis
730 2441 844 2491 igitur
864 2441 1077 2479 substantia
1105 2442 1366 2491 cognoscitiva
1422 2441 1613 2480 scibilium
1640 2441 1713 2478 nisi
1732 2441 1771 2478 id
1791 2441 1899 2491 quod
1923 2448 1979 2478 est
2007 2440 2238 2488 intelligibile
2266 2448 2365 2478 actu.
2397 2442 2496 2479 Sub-

290 2510 337 2535 ex
364 2496 609 2534 sensibilibus
629 2495 898 2556 cognitionem
926 2494 1130 2545 accipiens,
1158 2496 1275 2533 habet
1302 2508 1366 2533 co-
1421 2495 1581 2534 stantiae
1609 2495 1723 2544 igitur
1750 2502 1948 2544 separatae
1977 2506 2057 2531 non
2085 2494 2280 2543 accipiunt
2311 2494 2495 2542 cognitio-

289 2550 504 2600 gnitionem
537 2548 779 2587 sensitivam:
809 2557 847 2587 et
878 2561 949 2599 per
976 2561 1222 2599 consequens
1249 2549 1366 2586 habet
1421 2561 1514 2587 nem
1549 2547 1818 2586 intellectivam
1848 2560 1871 2584 a
1899 2546 2154 2593 sensibilibus,
2183 2547 2251 2584 sed
2283 2547 2496 2596 intelligunt

290 2616 434 2654 corpus
470 2602 692 2641 naturaliter
725 2603 891 2649 unitum,
921 2615 1013 2640 cum
1046 2603 1214 2663 cognitio
1247 2603 1365 2640 sensi-

289 2657 369 2695 tiva
397 2657 480 2695 sine
509 2668 656 2705 organo
685 2668 876 2706 corporeo
901 2666 984 2694 esse
1008 2668 1090 2694 non
1110 2656 1243 2706 possit.
1266 2656 1364 2694 Sub-

291 2710 450 2748 stantiae
478 2718 609 2748 autem
634 2717 831 2759 separatae
851 2722 933 2747 non
953 2709 1097 2747 habent
1115 2722 1280 2759 corpora
1299 2722 1364 2747 na-

290 2764 461 2802 turaliter
495 2763 567 2801 sibi
602 2763 721 2810 unita,
750 2771 794 2801 ut
821 2762 1001 2813 superius
1019 2762 1040 2784 *
1067 2771 1124 2800 est
1151 2770 1364 2800 ostensum.

1394 2616 1467 2641 oea
1495 2614 1597 2651 quae
1626 2609 1715 2639 sunt
1742 2613 1813 2650 per
1839 2600 1965 2650 seipsa
1993 2601 2109 2637 etiam
2138 2599 2395 2648 intelligibilia.

1474 2655 1627 2692 Adhuc.
1662 2654 1891 2692 Secundum
1925 2653 2105 2691 ordinem
2140 2653 2404 2691 intellectuum
2439 2662 2495 2691 est

1421 2709 1519 2746 ordo
1544 2707 1848 2757 intelligibilium.
1871 2707 1947 2744 Sed
1968 2719 2014 2744 ea
2033 2719 2134 2756 quae
2161 2715 2251 2744 sunt
2276 2707 2495 2745 secundum

1420 2762 1547 2812 seipsa
1575 2760 1832 2810 intelligibilia,
1862 2768 1951 2798 sunt
1979 2761 2180 2810 superiora
2206 2760 2247 2798 in
2273 2760 2409 2798 ordine
2437 2760 2494 2798 in-

290 2818 384 2855 Non
419 2817 533 2866 igitur
567 2816 838 2854 intellectivam
872 2816 1135 2866 cognitionem
1168 2829 1214 2854 ex
1249 2817 1365 2854 rebus
1420 2815 1673 2864 telligibilium
1702 2814 1761 2852 his
1789 2826 1890 2864 quae
1919 2826 2001 2851 non
2029 2822 2118 2851 sunt
2145 2813 2389 2863 intelligibilia
2421 2814 2495 2851 nisi

290 2870 536 2909 sensibilibus
565 2878 736 2908 sumunt.
1382 2884 1404 2904 s
1421 2869 1514 2920 quia
1532 2881 1604 2906 nos
1623 2868 1786 2906 facimus
1801 2880 1847 2905 ea
1863 2867 2120 2917 intelligibilia.
2138 2867 2343 2905 Eiusmodi
2363 2875 2494 2905 autem

344 2924 536 2975 Amplius.
576 2923 730 2962 Altioris
763 2923 912 2962 virtutis
947 2930 1100 2973 oportet
1134 2934 1218 2960 esse
1253 2922 1365 2961 altius
1421 2930 1573 2973 oportet
1593 2934 1677 2959 esse
1702 2922 1836 2959 omnia
1863 2920 2109 2970 intelligibilia
2128 2934 2151 2959 a
2170 2921 2413 2959 sensibilibus
2432 2933 2494 2958 ac-

291 2979 501 3016 obiectum.
535 2977 666 3015 Virtus
704 2985 836 3016 autem
868 2976 1098 3014 intellectiva
1131 2977 1364 3014 substantiae
1420 2984 1547 3026 cepta:
1577 2988 1670 3013 nam
1699 2973 1892 3013 sensibilia
1921 2987 2002 3013 non
2028 2983 2117 3012 sunt
2140 2975 2358 3012 secundum
2378 2986 2418 3011 se
2437 2973 2494 3011 in-

290 3040 488 3082 separatae
513 3039 568 3069 est
596 3031 707 3069 altior
734 3043 855 3081 quarn
878 3030 938 3068 vis
961 3029 1191 3068 intellectiva
1211 3030 1364 3068 animae
1419 3029 1636 3078 telligibilia.
1675 3028 1917 3067 Huiusmodi
1954 3036 2086 3067 autem
2123 3027 2368 3077 intelligibilia
2405 3035 2494 3064 sunt

290 3087 504 3124 humanae.
535 3097 627 3122 cum
656 3085 869 3123 intellectus
903 3084 1058 3122 animae
1093 3084 1292 3122 humanae
1320 3084 1367 3121 sit
1421 3095 1523 3133 quae
1546 3082 1716 3132 intelligit
1743 3082 1956 3120 intellectus
1979 3090 2120 3120 noster.
2144 3083 2358 3119 Intellectus
2381 3080 2494 3130 igitur

290 3139 479 3177 infimus
471 3151 511 3176 m
530 3138 667 3176 ordine
687 3138 963 3184 intellectuum,
983 3145 1026 3175 ut
1045 3149 1092 3174 ex
1110 3137 1332 3186 praemissis
1346 3137 1392 3172 *ι
1394 3136 1655 3175 osubstantiae
1684 3144 1893 3186 separatae,
1914 3148 2006 3173 cum
2030 3135 2077 3173 sit
2100 3135 2276 3185 superior
2301 3135 2493 3172 intellectu

290 3201 405 3243 patet.
437 3193 653 3230 Intellectus
681 3199 812 3230 autem
845 3191 999 3229 animae
1034 3191 1232 3228 humanae
1261 3190 1366 3228 obie-
1421 3198 1565 3236 nostro,
1594 3202 1676 3227 non
1714 3189 1885 3238 intelligit
1916 3189 2162 3238 intelligibilia
2193 3202 2216 3226 a
2250 3187 2493 3226 sensibilibus

291 3255 398 3284 ctum
419 3254 475 3284 est
502 3247 745 3306 phantasma,
765 3253 808 3283 ut
826 3257 944 3294 supra
957 3244 977 3267 ’¹‘
996 3243 1144 3282 dictum
1163 3252 1236 3282 est:
1257 3244 1366 3294 quod
1421 3251 1590 3294 accepta,
1627 3243 1695 3282 sed
1734 3255 1834 3293 quae
1869 3250 1958 3280 sunt
1995 3243 2214 3281 secundum
2249 3255 2288 3280 se
2321 3240 2493 3290 intelligi·

292 3308 349 3337 est
367 3300 546 3350 superius
565 3300 606 3337 in
625 3299 762 3337 ordine
791 3298 1035 3337 obiectorum
1060 3310 1181 3348 quam
1201 3310 1261 3335 res
1281 3310 1365 3335 sen·
1421 3297 1512 3335 bilia
1539 3305 1638 3334 actu.

293 3353 411 3391 sibilis
440 3361 545 3391 extra
564 3353 737 3391 animam
757 3352 932 3399 existens,
954 3351 1051 3389 sicut
1069 3364 1116 3389 ex
1135 3351 1271 3389 ordine
1290 3351 1366 3389 vir·
1474 3350 1664 3400 Amplius.
1693 3350 1839 3387 Modus
1868 3348 2102 3399 operationis
2127 3348 2308 3399 propriae
2332 3346 2493 3385 alicuius

293 3414 422 3444 tutum
450 3407 801 3456 cognoscitivarum
830 3413 1000 3456 apparet.
1023 3405 1232 3444 Obiectum
1254 3404 1368 3454 igitur
1381 3423 1405 3443 ος
1421 3403 1476 3441 rei
1504 3403 1842 3454 proportionaliter
1870 3402 2078 3452 respondet
2105 3402 2228 3440 modo
2259 3400 2493 3439 substantiae

349 3551 363 3576 3
384 3552 417 3576 de
434 3551 514 3576 rebus
534 3550 574 3584 ex]
594 3551 627 3576 de
645 3550 724 3576 rebus
744 3550 789 3580 ΖΙ),
808 3557 838 3575 ex
857 3549 999 3574 rebus-Pe.
1091 3548 1105 3573 5
1125 3547 1205 3582 enim]
1225 3552 1313 3573 autern
1332 3548 1383 3573 αΧ.
1473 3555 1490 3582 9
1509 3553 1535 3573 et
1553 3556 1601 3581 per
1619 3554 1785 3580 consequens
1796 3563 1831 3572 ...
1845 3547 1969 3572 sensitiva
1987 3546 2049 3572 hom
2069 3554 2111 3572 om
2130 3546 2207 3580 Ypo.
2292 3554 2325 3572 10
2343 3547 2494 3573 naturaliter

294 3587 337 3612 Ita
356 3586 486 3618 DsGch3
505 3586 681 3620 principaliter
699 3586 789 3612 ceteri.
881 3592 910 3610 21
932 3583 1011 3617 patet]
1030 3583 1141 3609 habetur
1160 3583 1305 3609 aDWXPc.
1377 3583 1479 3609 animae
1492 3587 1558 3616 post
1575 3583 1706 3608 humanae
1724 3582 1870 3608 aDWXPc.

350 3622 364 3648 5
384 3622 453 3647 Nihil
473 3621 571 3655 autem]
591 3622 708 3655 nihilque
726 3622 783 3653 GY,
803 3621 866 3646 nihil
886 3621 956 3654 quod
975 3620 1005 3651 E,
1025 3619 1087 3645 nihil
1107 3619 1214 3653 quidem
1233 3619 1286 3645 NZ.
1378 3626 1407 3644 21
1430 3618 1607 3652 sensibilibus]
1626 3618 1748 3644 sensibus
1762 3617 1869 3644 aWXZ.
