2768 4134
51 1812 60 1821 ·
76 1811 135 1838 Cap.
144 1817 222 1839 praec.

51 2828 60 2837 ·
76 2827 112 2849 Cf.
132 2827 266 2849 commem.

53 2860 103 2882 ευρ.
115 2860 186 2881 xcvn,
201 2854 252 2876 init.

312 288 389 333 264

364 365 606 398 Advertendum
623 363 712 404 quod
728 361 906 413 intelligere
925 361 1097 401 dupliciter
1112 365 1219 400 potest
1235 359 1297 390 dici
1314 369 1382 390 esse

308 415 428 443 vivere:
454 420 521 441 uno
544 408 658 444 modo,
675 413 711 439 ut
728 408 835 437 vivere
851 407 999 436 nominat
1024 405 1246 446 operationem
1263 405 1313 435 rei
1336 405 1382 435 vi-

308 457 419 492 ventis,
444 465 527 496 quae
558 455 666 484 minus
697 452 827 493 proprie
858 451 975 482 dicitur
1005 451 1082 486 vita;
1114 450 1177 480 alio
1209 449 1321 486 modo,
1347 456 1383 480 ut

306 502 453 532 nominat
475 499 646 530 essentiam
671 498 721 528 vel
745 506 813 528 esse
836 497 885 527 rei
908 496 1053 527 viventis.
1084 494 1117 526 Si
1149 495 1255 534 primo
1278 494 1381 526 modo

305 546 489 586 accipiatur,
513 545 573 575 ista
600 543 682 573 ratio
713 542 829 582 probat
853 541 944 582 quod
966 541 1030 571 vita
1055 549 1138 580 quae
1163 546 1210 570 est
1234 540 1381 580 operatio

304 591 449 625 viventis,
475 595 522 619 est
544 589 578 619 in
603 588 674 618 Deo
698 587 785 618 idem
810 586 901 627 quod
925 586 1023 616 Deus.
1052 585 1085 616 Si
1109 584 1255 615 secundo
1280 584 1381 627 modo

304 635 488 675 accipiatur,
513 634 558 664 sic
583 633 738 673 probatur
761 631 851 672 quod
875 632 939 661 vita
969 631 1099 671 proprie
1130 635 1272 670 accepta,
1298 639 1381 669 quae

304 686 350 710 est
365 680 473 719 ipsum
491 688 558 709 esse
575 678 650 708 vel'
642 687 711 718 1psa
728 677 875 712 essentia,
893 682 939 706 est
955 675 1041 706 idem
1058 675 1148 716 quod
1165 674 1264 705 Deus.
1286 674 1380 710 Nam,

303 725 327 754 si
345 724 434 754 Deus
450 729 497 754 est
517 732 614 753 suum
637 722 825 762 intelligere,
851 727 882 752 et
905 730 1001 751 suum
1025 720 1204 760 intelligere
1221 726 1268 750 est
1284 729 1381 750 suum

302 778 371 799 esse
395 769 460 799 sive
484 778 542 799 sua
565 768 712 804 essentia,
738 776 820 807 quae
845 772 892 797 est
915 766 979 796 vita
1004 770 1035 796 et
1062 766 1169 796 vivere
1199 774 1307 801 suum,
1332 774 1381 795 se-

302 814 412 853 quitur
440 812 530 854 quod
561 813 601 843 sit
630 822 687 843 sua
718 813 791 842 vita.
824 811 972 851 Utroque
1004 809 1105 840 modo
1133 810 1303 841 conclusio
1335 815 1382 840 est

301 868 385 894 vera,
411 864 441 888 et
466 863 574 898 potest
598 863 739 898 utroque
762 857 864 887 modo
892 855 1037 895 intelligi.
1069 855 1116 885 Ex
1147 855 1254 895 primo
1285 864 1381 886 sensu

794 282 982 319 SUMMA
1013 281 1236 318 CONTRA
1264 280 1542 328 GENTILES,
1573 281 1684 318 CAP.
1706 280 1872 327 XCVIII,
1894 280 2029 318 XCIX.

1436 361 1572 391 habetur
1596 360 1686 401 quod
1710 370 1778 392 non
1802 361 1910 392 solum
1934 361 2023 392 Deus
2047 367 2094 391 est
2117 371 2175 392 sua
2198 363 2262 392 vita
2286 372 2370 403 quae
2391 370 2438 394 est
2458 374 2515 395 sua

1437 406 1574 435 essentia
1603 411 1635 436 et
1662 415 1759 436 suum
1790 415 1868 442 esse,
1893 412 1930 437 ut
1959 407 2063 446 prima
2092 407 2174 437 ratio
2205 408 2434 439 concludebat:
2459 409 2516 440 sed

1437 450 1534 481 etiam
1565 456 1611 480 est
1644 459 1701 480 sua
1732 451 1879 491 operatio
1904 451 2016 482 vitalis.
2048 451 2185 482 Videtur
2214 458 2323 483 tamen
2353 453 2515 484 secundus

1436 495 1555 525 modus
1579 504 1649 525 esse
1672 496 1774 535 magis
1797 496 1953 527 intentus:
1980 496 2056 536 quia
2080 496 2146 527 vita
2170 496 2279 527 minus
2301 498 2440 538 proprie
2461 507 2515 529 su-

1437 541 1538 571 mitur
1557 549 1622 580 pro
1647 540 1892 580 operationibus
1916 541 2010 577 vitae,
2028 547 2064 572 ut
2084 541 2201 572 dicitur
2217 541 2323 572 Prima
2339 542 2432 573 Parte
2443 543 2471 573 *.

1497 585 1617 615 Tertio.
1643 585 1839 625 Sequeretur
1862 585 1953 626 quod
1977 586 2066 617 Deus
2090 592 2173 617 esset
2196 586 2307 617 vivens
2334 596 2393 627 per
2419 587 2516 627 parti-

1437 630 1635 670 cipationem
1659 630 1754 660 vitae.
1778 629 1820 660 Et
1843 630 1889 661 sic
1909 630 2117 662 reduceretur
2133 631 2173 662 ad
2189 631 2312 672 aliquid
2327 632 2417 672 prius
2431 632 2516 672 ipso,

1436 674 1527 716 quod
1551 680 1635 705 esset
1657 675 1769 705 vivens
1792 683 1850 714 per
1873 676 2026 716 seipsum.

1494 719 1634 756 Quarto.
1665 719 1862 759 Sequeretur
1892 719 1983 759 quod
2013 727 2096 752 esset
2125 721 2247 762 aliquid
2270 721 2303 752 in
2328 721 2401 762 ipso
2425 720 2515 761 quod

1436 774 1503 795 non
1528 770 1576 795 est
1599 765 1678 805 ipse.
1704 764 1745 795 Et
1768 764 1814 795 sic
1838 770 1921 795 esset
1944 765 2157 806 compositus.

1504 809 1737 840 Conrmnnua
1762 809 1857 840 Ioan.
1874 819 1937 840 xrv.

1356 960 1675 1002 &iffi-—

678 1110 1164 1167 CAPITULUM
1200 1109 1808 1166 NONAGESIMUM
1843 1108 2134 1165 NONUM

1176 1220 1205 1250 A
1238 1229 1307 1260 29r
1341 1228 1414 1250 a22
1439 1219 1508 1249 sine
1533 1219 1638 1249 titulo.

866 1312 1041 1365 QUOD
1078 1312 1225 1354 VITA
1261 1312 1363 1352 DEI
1399 1311 1516 1352 EST
1551 1311 1945 1376 SEMPITERNA

432 1472 438 1482 ,
481 1462 486 1480 ι,
506 1450 528 1474 x
558 1438 634 1474 hoc
659 1444 791 1473 autem
811 1443 971 1485 apparet
991 1434 1100 1484 quod
1122 1434 1199 1471 vita
1220 1433 1303 1471 eius
1326 1433 1372 1470 sit

397 1486 419 1514 ⁴²
439 1488 491 1539 ‘⁴4’
520 1490 767 1540 sempiterna.

384 1552 411 1589 ,Γ
423 1580 438 1596 ἶ
472 1574 489 1593 ³.
574 1544 680 1582 Nihil
700 1543 807 1580 enim
826 1542 964 1580 desinit
984 1541 1116 1579 vivere
1138 1541 1209 1579 nisi
1230 1554 1299 1592 per
1315 1554 1371 1579 se-

424 1600 432 1605 ⁴
460 1600 466 1605 ’
486 1614 490 1617 ’
519 1598 763 1649 parationem
783 1597 896 1634 vitae.
918 1595 1026 1634 Nihil
1046 1604 1179 1634 autem
1202 1608 1224 1633 a
1243 1596 1372 1646 seipso

1428 1433 1604 1471 subiecto
1634 1433 1672 1471 in
1693 1442 1775 1470 toto
1795 1441 1919 1479 motu,
1941 1431 2026 1471 licet
2046 1445 2126 1470 non
2151 1433 2372 1470 secundum
2400 1432 2514 1471 ratio-

1428 1500 1533 1525 nem.
1566 1487 1640 1525 Ubi
1676 1487 1791 1536 igitur
1819 1486 1919 1525 actio
1948 1495 2005 1524 est
2039 1486 2170 1537 ipsum
2200 1499 2331 1536 agens,
2361 1494 2516 1537 oportet

1428 1542 1537 1591 quod
1567 1541 1663 1579 nihil
1692 1541 1745 1579 ibi
1764 1554 1836 1592 per
1854 1540 2145 1580 successionem
2166 1549 2346 1589 transeat,
2367 1541 2437 1579 sed
2457 1549 2515 1579 to-

1428 1604 1513 1633 tum
1547 1595 1663 1633 simul
1700 1604 1868 1634 maneat.
1906 1594 2117 1644 Intelligere
2152 1603 2286 1634 autem
2315 1603 2351 1633 et
2380 1594 2514 1633 vivere

294 1653 463 1713 separari
492 1661 634 1703 potest:
665 1652 794 1689 omnis
814 1650 919 1688 enim
943 1650 1135 1700 separatio
1156 1650 1199 1686 fit
1226 1662 1306 1710 per·
1315 1650 1372 1687 di·
1396 1669 1403 1689 ς
1429 1650 1501 1687 Dei
1530 1649 1612 1699 ipse
1633 1657 1688 1686 est
1718 1650 1838 1694 Deus,
1864 1657 1906 1686 ut
1934 1658 2138 1688 ostensum
2162 1649 2264 1687 est*.
2294 1649 2411 1698 Igitur
2429 1649 2514 1688 eius

294 1706 485 1744 visionem
515 1706 678 1744 alicuius
706 1706 755 1743 ab
784 1704 871 1742 alio.
905 1703 1146 1754 lmpossibile
1175 1712 1231 1741 est
1260 1703 1374 1752 igitur

294 1760 402 1810 quod
431 1761 540 1798 Deus
563 1760 717 1798 deficiat
736 1758 887 1796 vivere.
909 1770 1001 1795 cum
1023 1758 1104 1808 ipse
1125 1757 1171 1794 sit
1190 1770 1261 1795 sua
1281 1757 1372 1804 vita,

294 1819 336 1851 ut
364 1822 565 1851 ostensum
595 1813 695 1850 est*.

347 1869 454 1905 Item.
477 1868 608 1905 Omne
629 1867 722 1904 illud
738 1866 847 1916 quod
862 1827 1104 1915 quandoque
1119 1873 1175 1902 est
1194 1873 1231 1902 et
1249 1877 1373 1914 quan-

293 1921 425 1970 doque
454 1933 535 1958 non
565 1929 632 1967 est,
669 1928 725 1957 est
760 1932 830 1969 per
857 1919 1029 1968 aliquam
1066 1931 1241 1956 causam:
1277 1918 1415 1955 nihilm

292 1974 398 2012 enim
427 1974 601 2024 seipsum
625 1974 674 2011 de
704 1985 783 2010 non
804 1985 888 2010 esse
917 1972 956 2009 in
986 1985 1069 2009 esse
1089 1972 1259 2017 adducit,
1280 1971 1373 2021 quia

292 2028 401 2077 quod
430 2028 611 2066 nondum
641 2035 708 2073 est,
739 2038 819 2063 non
849 2025 934 2074 agit.
966 2025 1108 2062 Divina
1137 2033 1270 2062 autem
1295 2025 1373 2063 vita

292 2094 373 2119 non
403 2081 520 2119 habet
547 2080 719 2130 aliquam
749 2091 925 2118 causam:
956 2079 1054 2117 sicut
1090 2091 1162 2116 nec
1191 2078 1372 2117 divinum

292 2148 387 2172 esse.
418 2136 511 2172 Non
541 2134 655 2183 igitur
679 2134 921 2184 quandoque
941 2141 997 2170 est
1026 2133 1164 2170 vivens
1183 2141 1220 2170 et
1249 2145 1372 2182 quan-

1429 1703 1507 1741 vita
1526 1715 1607 1740 non
1639 1703 1757 1740 habet
1775 1702 2080 1750 successionem,
2101 1704 2169 1742 sed
2199 1711 2256 1741 est
2283 1709 2362 1742 tota
2387 1703 2512 1750 simul.

1430 1758 1498 1794 Est
1527 1757 1641 1806 igitur
1668 1757 1949 1808 sempiterna*.

1484 1811 1675 1861 Amplius.
1691 1811 1800 1848 Deus
1815 1810 1980 1848 omnino
1996 1811 2210 1849 immobilis
2225 1819 2292 1859 est,
2310 1818 2352 1849 ut
2366 1807 2552 1861 supra-*²

1429 1873 1633 1902 ostensum
1662 1873 1729 1902 est.
1759 1865 1882 1912 Quod
1902 1873 2034 1902 autem
2055 1865 2190 1926 incipit
2208 1873 2276 1903 aut
2283 1840 2447 1903 desinit
2458 1863 2515 1902 vi-

1401 1931 1534 1963 overe,
1565 1920 1626 1955 vel
1656 1918 1694 1955 in
1724 1918 1897 1956 vivendo
1927 1918 2217 1956 successionem
2242 1918 2398 1968 patitur,
2427 1929 2516 1956 mu·

1429 1971 1544 2009 tabile
1573 1980 1648 2009 est:
1679 1983 1772 2009 nam
1801 1971 1881 2009 vita
1908 1971 2073 2009 alicuius
2101 1971 2236 2022 incipit
2258 1983 2331 2022 per
2357 1982 2516 2021 genera·

1428 2025 1589 2071 tionem,
1605 2024 1746 2062 desinit
1760 2033 1893 2063 autem
1909 2037 1980 2075 per
1997 2025 2306 2076 corruptionem,
2321 2025 2520 2064 successio

1429 2087 1562 2117 autem
1582 2086 1744 2129 propter
1762 2087 1919 2116 motum
1938 2079 2111 2129 aliquem
2127 2087 2196 2117 est.
2213 2080 2322 2117 Deus
2341 2091 2434 2129 ergo
2449 2091 2517 2118 ne-

1429 2145 1507 2183 que
1537 2132 1708 2183 incoepit
1734 2133 1879 2180 vivere,
1900 2145 2030 2183 neque
2049 2133 2201 2172 desinet
2219 2133 2365 2181 vivere,
2385 2145 2516 2185 neque

291 2190 424 2238 doque
453 2201 533 2226 non
563 2188 711 2234 vivens,
741 2188 810 2225 sed
839 2199 995 2237 semper
1024 2187 1129 2224 vivit.
1161 2188 1228 2224 Est
1261 2186 1375 2235 igitur
1390 2204 1412 2224 ις
1429 2186 1469 2224 in
1499 2186 1672 2224 vivendo
1691 2186 1983 2225 successionem
2008 2187 2163 2237 patitur.
2193 2187 2262 2225 Est
2290 2187 2406 2237 igitur
2432 2187 2517 2229 eius

292 2242 370 2280 vita
399 2242 483 2280 eius
511 2242 757 2292 sempiterna.

347 2296 500 2333 Adhuc.
531 2297 573 2333 ln
601 2295 773 2345 qualibet
793 2294 1019 2345 operatione
1041 2306 1209 2344 operans
1229 2303 1373 2341 manet,

293 2349 378 2387 licet
407 2349 602 2387 interdum
633 2349 807 2398 operatio
837 2356 1004 2386 transeat
1039 2348 1259 2386 secundum
1288 2360 1374 2386 suc-

292 2403 528 2441 cessionem:
559 2403 664 2440 unde
684 2411 721 2440 et
750 2402 788 2440 in
810 2410 921 2440 motu
942 2401 1086 2440 mobile
1107 2410 1239 2440 manet
1268 2401 1372 2440 idem

350 2518 364 2543 5
384 2518 480 2552 potest]
501 2525 553 2543 non
573 2523 660 2551 potest
679 2526 704 2544 α.

297 2562 324 2579 ιι
349 2555 375 2579 in
395 2562 455 2579 esse
474 2554 596 2585 ENYZb;
616 2555 648 2579 ad
667 2562 738 2580 esse.

294 2632 319 2651 et
340 2590 522 2652 ¹i4pzncoepit}
542 2590 631 2623 incipit
649 2590 827 2615 DEGNWZb.

805 2517 821 2542 6
841 2517 901 2551 nliol
921 2517 1011 2551 aliquo
1030 2517 1117 2543 sz.

515 2633 547 2660 ¹9
566 2632 591 2651 et
611 2626 663 2651 vita
683 2625 779 2656 ovem
799 2626 860 2651 vita.

919 2589 1029 2622 desinet]
1050 2589 1145 2614 desinit
1165 2589 1298 2621 DGwzb;
1319 2589 1407 2615 vivere
1425 2597 1469 2615 om
1489 2589 1517 2615 Z.

1430 2241 1507 2278 vita
1536 2241 1784 2291 sempiterna.

1484 2294 1587 2332 Hinc
1606 2302 1663 2332 est
1682 2295 1791 2344 quod
1821 2294 1962 2333 dicitur
1980 2296 2089 2332 Deut.
2110 2299 2260 2340 xxxn⁴⁰‚
2281 2307 2327 2332 ex
2347 2307 2416 2333 ore
2436 2295 2516 2333 Do—

1430 2347 1542 2386 mini:
1568 2350 1659 2386 Vivo
1679 2360 1753 2399 ego
1773 2350 1810 2386 in
1831 2354 2048 2393 aeternum,·
2068 2349 2207 2386 lloan.
2225 2350 2291 2386 ult.
2306 2348 2344 2386 *ε
2365 2349 2448 2387 Hic
2463 2355 2517 2388 es!

1429 2414 1540 2439 verus
1568 2403 1671 2440 Deus
1699 2408 1733 2440 et
1760 2404 1835 2440 vita
1863 2408 2029 2440 aeterna.

1218 2525 1232 2550 7
1254 2516 1365 2550 deficiatl
1386 2517 1487 2543 desinat
1511 2517 1607 2547 GZPc3
1625 2518 1662 2551 ql.
1681 2517 1710 2543 ll.
1730 2525 1787 2551 cap.
1807 2517 1850 2543 55.
1870 2516 1990 2543 deficiant
2015 2525 2075 2544 etse
2103 2518 2179 2550 (ante
2197 2517 2290 2543 Adbuc
2309 2518 2516 2552 quacumqu).

1612 2589 1641 2614 15
1663 2588 1729 2623 eius]
1750 2589 1822 2614 Deus
1842 2590 1899 2615 eius
1918 2589 1948 2620 Ε,
1962 2590 2034 2615 Deus
2050 2590 2094 2616 Pe.
2187 2589 2218 2615 18
2238 2589 2268 2622 Ι.Ι
2287 2595 2313 2615 et
2330 2589 2436 2616 codices
2449 2593 2477 2616 et
2491 2590 2517 2621 b,

1064 2702 1404 2735 Commentario.
1436 2701 1747 2734 Fert-ariensis

296 2793 448 2858 Tnario
473 2784 537 2823 agit
561 2784 699 2814 Sanctus
723 2783 869 2813 Thomas
893 2783 933 2814 de
957 2782 1128 2814 duratione
1160 2783 1261 2824 ipsius
1291 2783 1375 2813 vitae

361 2828 490 2859 divinae
505 2830 533 2859 *.
559 2829 599 2859 Et
622 2829 717 2868 ponit
740 2829 824 2859 hanc
848 2828 1115 2859 conclusionem:
1148 2828 1218 2859 Vita
1242 2829 1305 2859 Dei
1328 2833 1377 2859 est
1400 2839 1403 2861 ε

292 2874 500 2914 sempiterna.

349 2918 515 2949 Probatur
524 2918 648 2958 primo.
666 2917 756 2948 Deus
772 2923 819 2948 est
834 2927 892 2948 sua
909 2918 983 2948 vita.
1002 2918 1088 2958 Ergo
1105 2924 1166 2948 etc.
1180 2936 1202 2941 -

294 2964 540 3004 consequentia.
564 2962 651 3001 Quia
674 2962 754 2993 nihil
778 2961 895 2993 desinit
918 2963 1025 2993 vivere
1050 2963 1110 2994 nisi
1126 2972 1184 3003 per
1200 2963 1375 3003 separatio-

293 3017 369 3038 nem
393 3008 486 3039 vitae.
511 3007 598 3038 Nihil
624 3013 732 3038 autem
757 3017 774 3037 a
798 3007 906 3048 seipso
930 3008 1068 3048 separari
1092 3014 1209 3048 potest.

349 3052 511 3084 Secundo.
536 3053 625 3083 Deus
649 3061 716 3083 non
742 3051 940 3092 quandoque
965 3058 1012 3083 est
1035 3053 1147 3083 vivens
1175 3052 1375 3093 quandoque

293 3107 361 3128 non
386 3098 507 3134 vivens,
532 3097 588 3128 sed
612 3106 741 3138 semper
764 3098 851 3127 vivit.
878 3097 964 3137 Ergo
989 3103 1049 3128 etc.
1067 3115 1089 3120 -
1106 3098 1262 3128 Probatur
1285 3103 1375 3128 ante-

294 3141 423 3173 cedens.
448 3142 535 3181 Quia
551 3141 659 3172 divina
675 3142 739 3172 vita
763 3151 831 3172 non
855 3142 952 3172 habet
975 3151 1121 3173 causam:
1149 3143 1231 3173 sicut
1250 3152 1311 3173 nec
1328 3142 1374 3173 di·

294 3187 407 3218 vinum
431 3197 510 3218 esse.
535 3186 636 3225 Quod
660 3192 769 3217 autem
793 3186 994 3227 quandoque
1015 3193 1063 3218 est
1086 3187 1286 3228 quandoque
1306 3197 1374 3219 non

295 3238 352 3268 est,
369 3232 466 3263 habet
482 3241 628 3262 causam:
654 3241 730 3262 cum
746 3231 826 3262 nihil
851 3232 994 3272 seipsum
1012 3231 1051 3262 de
1068 3241 1135 3263 non
1154 3242 1221 3263 csse
1243 3232 1283 3263 ad
1305 3242 1374 3264 esse

294 3276 464 3315 producat.

355 3322 474 3351 Tertio.
494 3320 673 3361 Intelligere
690 3321 754 3352 Dei
768 3327 799 3352 et
815 3321 921 3352 vivere
939 3321 998 3352 Dei
1015 3327 1063 3352 est
1078 3321 1147 3361 ipse
1164 3321 1263 3352 Deus.
1289 3323 1374 3362 Ergo

295 3365 364 3395 eius
388 3366 451 3396 vita
475 3375 543 3397 non
568 3366 663 3397 habet
687 3366 939 3397 successionem.
965 3365 1051 3406 Ergo
1068 3372 1115 3396 est
1131 3367 1336 3407 sempiterna.
1352 3384 1375 3390 -

296 3410 399 3440 Prima
417 3412 650 3451 consequentia
675 3411 839 3451 probatur.
864 3411 951 3449 Quia
966 3411 1022 3442 ubi
1040 3411 1186 3451 operatio
1204 3417 1251 3442 est
1266 3412 1374 3452 ipsum
1401 3409 1403 3423 '

297 3463 403 3493 agens,
428 3455 507 3486 nihil
531 3455 574 3486 ibi
598 3465 656 3496 per
680 3456 920 3487 successionem
944 3456 1066 3491 transit,
1083 3455 1140 3487 sed
1156 3462 1263 3487 totum
1279 3457 1374 3488 simul

297 3505 415 3530 manet.
431 3517 454 3522 —
469 3500 618 3531 Secunda
635 3509 770 3542 quoque
795 3501 958 3542 probatur.
984 3500 1070 3539 Quia
1086 3501 1119 3531 in
1136 3501 1279 3542 qualibet
1296 3511 1375 3542 ope-

298 3544 419 3574 ratione
443 3554 582 3585 operans
605 3552 727 3576 manet:
754 3546 827 3576 licet
860 3546 1007 3587 operatio
1038 3552 1177 3577 transeat
1200 3546 1375 3587 aliquando

299 3588 477 3619 secundum
501 3591 751 3621 successionem.

354 3632 595 3664 Advertendum
620 3635 734 3675 quod
726 3645 759 3666 m
777 3636 867 3666 omni
892 3636 1082 3677 operatione
1106 3644 1245 3687 operans
1266 3643 1375 3666 manet

300 3676 443 3715 quandiu
468 3684 633 3718 operatur:
666 3680 741 3719 quia
772 3681 918 3721 operatio
950 3690 1016 3711 non
1045 3686 1093 3711 est
1121 3681 1181 3711 nisi
1213 3681 1376 3712 existentis

1218 2918 1376 2948 Probatur
1401 2927 1403 2944 =

1429 2784 1461 2814 in
1479 2788 1563 2814 actu.
1590 2782 1653 2814 Ubi
1678 2791 1756 2822 ergo
1780 2791 1920 2823 operans
1935 2792 2071 2814 manens
2087 2789 2135 2814 est
2149 2783 2237 2814 idem
2254 2783 2344 2824 quod
2361 2793 2419 2815 sua
2434 2793 2515 2826 ope-

1429 2829 1521 2864 ratio,
1545 2828 1614 2869 ipsa
1638 2828 1786 2868 operatio
1809 2837 1876 2859 non
1902 2833 2011 2869 potest
2033 2829 2166 2860 transire
2189 2837 2248 2870 per
2262 2829 2515 2869 successionem,

1429 2874 1513 2904 sicut
1529 2878 1560 2904 et
1575 2873 1685 2913 ipsum
1701 2881 1840 2913 operans
1863 2874 2106 2904 successionem
2129 2883 2198 2904 non
2221 2874 2329 2910 habet,
2345 2871 2515 2916 loquendo

1429 2917 1470 2949 de
1493 2917 1664 2959 principali
1689 2923 1856 2958 operante.
1881 2918 1922 2949 Et
1944 2918 1991 2949 sic
2014 2918 2054 2949 de
2078 2919 2268 2950 necessitate
2295 2919 2444 2960 operatio
2467 2925 2515 2951 est

1429 2963 1635 3003 sempiterna,
1652 2963 1678 2993 si
1694 2962 1804 3003 ipsum
1820 2972 1960 3004 operans
1975 2969 2024 2994 est
2038 2964 2286 3004 sempiternum,
2298 2970 2335 2995 ut
2350 2969 2398 2995 est
2413 2963 2514 2996 Deus.

1430 3008 1478 3039 Ex
1502 3017 1570 3049 quo
1594 3008 1742 3049 sequitur
1765 3007 1857 3048 quod
1880 3008 1979 3039 etiam
2001 3008 2112 3049 ipsum
2133 3009 2242 3040 vivere
2265 3014 2313 3040 est
2345 3009 2514 3050 sempite-

1430 3062 1524 3084 num:
1551 3062 1627 3084 cum
1652 3053 1801 3093 operatio
1824 3053 1929 3084 vitalis
1957 3062 2026 3084 non
2057 3054 2159 3095 possit
2189 3062 2259 3085 esse
2282 3054 2344 3085 nisi
2366 3053 2514 3086 habentis

1430 3099 1540 3128 Vltflm.

1488 3143 1628 3180 Quarto.
1654 3142 1743 3174 Deus
1768 3148 1815 3173 est
1839 3143 1977 3174 omnino
2001 3143 2189 3174 immobilis.
2221 3143 2308 3184 Ergo
2332 3151 2441 3184 neque
2463 3142 2515 3174 in·

1430 3188 1539 3228 coepit
1563 3188 1682 3223 vivere,
1698 3197 1808 3229 neque
1831 3186 1958 3219 desinet
1973 3189 2091 3225 vivere,
2107 3196 2217 3229 neque
2230 3188 2266 3219 in
2281 3187 2424 3219 vivendo
2438 3196 2512 3219 tuc-

1429 3233 1612 3263 cessionem
1636 3233 1766 3273 patitur.
1791 3233 1879 3273 Ergo
1903 3233 1974 3264 eius
1996 3233 2062 3264 vita
2085 3239 2134 3264 est
2155 3232 2362 3273 sempiterna.

1485 3277 1626 3308 Adverte
1643 3277 1734 3318 quod
1750 3278 1859 3319 aliqua
1873 3278 1907 3308 in
1921 3277 2061 3309 vivendo
2077 3277 2319 3309 successionem
2335 3277 2513 3318 patiuntur,

1430 3328 1465 3353 ut
1481 3322 1718 3363 corruptibilia:
1739 3322 1796 3354 sed
1819 3332 1886 3354 non
1912 3328 1960 3353 est
1982 3323 2048 3353 hoc
2070 3322 2196 3353 ntione
2218 3322 2320 3363 ipsius
2344 3331 2413 3353 esse
2436 3322 2513 3354 sub·

1429 3368 1584 3398 stantialis
1613 3367 1796 3399 secundum
1823 3377 1869 3405 se,
1893 3367 1950 3398 sed
1979 3368 2105 3398 ratione
2135 3373 2246 3398 motus
2276 3366 2430 3403 adiuncti,
2451 3376 2515 3408 >pet·

1429 3421 1529 3453 quem
1553 3418 1608 3443 aut
1631 3413 1740 3454 ipsum
1764 3413 1872 3444 vivere
1895 3418 1928 3443 et
1951 3421 2021 3443 esse
2045 3418 2266 3448 conservatur,
2282 3418 2338 3443 aut
2353 3411 2457 3444 tendit
2471 3411 2511 3443 ad

1429 3457 1633 3489 dentitionem.
1658 3458 1795 3498 Propter
1810 3458 1874 3488 hoc
1890 3457 1997 3498 inquit
2011 3456 2149 3488 Sanctus
2166 3456 2312 3488 Thomas
2328 3456 2420 3498 quod
2437 3465 2513 3489 suc·

1430 3503 1544 3538 cessio,
1568 3502 1691 3534 scilicet
1713 3503 1747 3533 in
1776 3511 1855 3538 esse,
1879 3507 1928 3533 est
1954 3506 2095 3542 propter
2123 3502 2264 3543 aliquem
2296 3507 2429 3533 motum.
2454 3501 2512 3533 Est

1430 3547 1517 3578 enirn
1542 3553 1651 3578 motus
1675 3547 1836 3588 quantitas
1859 3546 2050 3583 successiva,
2067 3552 2099 3577 et
2115 3547 2185 3578 eius
2208 3547 2372 3578 successio
2394 3545 2510 3578 funda·

1430 3598 1579 3623 mentum
1603 3593 1711 3623 omnis
1734 3591 1959 3627 successionis.
1984 3591 2176 3632 accipiendo
2199 3597 2328 3623 motum
2360 3600 2511 3623 commu·

1430 3637 1523 3673 niter,
1548 3643 1583 3668 ut
1607 3638 1705 3668 etiam
1729 3646 1763 3668 se
1785 3635 1827 3667 ad
1850 3636 2075 3677 operationem
2099 3636 2254 3668 extendit.

1489 3682 1721 3713 Cestianum
1744 3681 1934 3713 auctoritate
1958 3681 2056 3714 Deut,
2074 3691 2169 3717 xxxn,
2186 3688 2218 3712 et
2239 3681 2250 3712 1
2268 3680 2362 3712 Ioan.
2381 3680 2510 3712 ultimo.

2544 544 2552 552 ·
2569 543 2616 571 Qu.
2633 549 2701 571 xvm,
2715 550 2737 566 2.

2541 1647 2615 1676 Ὀιρ.
2622 1654 2761 1675 :tr-vacun-

2542 1753 2761 1825 sees-..xe

2567 1814 2626 1844 Cap.
2638 1821 2690 1838 xm.

2543 2351 2552 2359 ·
2569 2349 2637 2374 Van.
2650 2355 2692 2374 so.
