2768 4134
69 3245 217 3275 srh13
226 3247 278 3270 nd

67 3272 193 3299 Vll,i¹8

325 302 398 340 568

321 381 457 412 modum
481 379 606 409 essendi
630 378 790 408 diversum
815 387 893 413 esse,
919 383 949 407 et
973 377 1102 406 alterius
1129 386 1165 406 ac
1190 376 1318 406 alterius
1342 385 1397 409 ra-¹

319 426 426 456 tionis.
452 423 546 454 Unde
569 423 603 453 in
627 422 700 460 QQ.
726 422 765 452 de
794 422 900 457 Verit.,
921 430 951 460 q.
970 431 1032 457 ΧιΧ,
1054 430 1082 450 a.
1109 428 1134 456 ι,
1157 419 1197 450 ad
1221 420 1249 456 5,
1275 419 1391 450 dicitur

320 469 419 509 quod,
443 467 589 508 quamvis
612 467 723 496 eadem
746 466 788 496 sit
811 471 930 496 natura
955 465 1086 495 animae
1109 470 1184 495 ante
1208 469 1344 494 mortem
1361 469 1392 494 et

314 518 391 554 post
413 517 548 542 mortem
565 516 720 552 quantum
737 510 780 540 ad
797 510 957 540 rationem
973 510 1101 550 speciei,
1123 519 1187 539 non
1213 514 1260 539 est
1283 514 1390 539 tamen

320 558 401 588 idem
426 557 540 587 modus
563 555 697 591 essendi,
723 560 753 585 et
770 564 834 595 per
856 563 1056 594 consequens
1080 563 1138 584 nec
1162 554 1245 584 idem
1275 553 1391 584 modus

319 601 486 643 operandi.

375 646 404 677 3.
432 646 494 676 Pro
523 645 738 675 declaratione
769 643 902 674 secundi
934 643 1129 683 argumenti,
1158 642 1391 673 attendendum

319 696 366 721 est
382 690 472 730 quod
486 690 538 720 isti
554 688 645 719 modi
668 688 867 728 intelligendi
883 687 922 718 ad
943 687 1010 719 duo
1033 688 1215 727 comparari
1238 692 1390 727 possunt.

317 735 438 766 scilicet
454 734 493 764 ad
517 734 682 764 obiectum
707 733 890 773 cognitum;
915 738 947 763 et
963 732 1002 763 ad
1019 736 1284 772 cognoscentem.
1301 731 1335 762 Si
1351 731 1391 762 ad

317 780 482 810 obiectum
506 778 673 818 cognitum
697 777 884 814 referantur,
910 778 955 807 sic
978 786 1046 807 non
1075 775 1290 807 diversificant
1317 786 1390 816 spe-

316 825 399 855 ciem
422 823 645 854 intellectualis
669 823 866 862 operationis
885 828 921 852 ut
945 822 1005 852 sic:
1031 822 1118 861 quia,
1143 830 1219 851 curn
1243 822 1390 861 operatio

316 869 452 908 accipiat
474 868 616 908 speciem
644 877 682 898 ex
706 867 846 903 obiecto,
871 866 1053 896 dummodo
1081 866 1120 896 sit
1143 865 1231 896 idem
1254 864 1391 896 formale

316 914 482 943 obiectum
510 913 748 953 operationum,
777 912 864 951 ipsae
896 911 1102 951 operationes
1132 916 1227 941 erunt
1256 910 1390 941 eaedem

316 957 477 998 specifice,
503 962 805 997 quantumcumque
829 956 952 996 species
976 955 1193 995 intelligibiles
1217 964 1235 985 a
1258 955 1391 986 diversis

317 1003 523 1043 accipiantur.
538 1002 571 1033 Si
587 1007 696 1031 autem
709 1001 759 1030 isti
775 1000 865 1030 modi
878 1000 918 1030 ad
931 1005 1186 1040 cognoscentem
1201 998 1390 1036 referantur,

317 1056 403 1084 cum,
427 1052 463 1077 ut
486 1046 541 1083 sic,
565 1051 693 1076 naturas
711 1045 829 1085 quibus
848 1045 1049 1075 conveniunt
1067 1044 1207 1075 diversas
1226 1045 1391 1084 requirant

317 1092 366 1131 (si,
390 1092 534 1131 inquam,
559 1091 622 1121 sint
644 1090 706 1120 illis
725 1095 761 1119 ut
784 1090 906 1130 proprii
931 1094 963 1119 et
985 1089 1146 1120 naturales
1165 1089 1256 1119 modi
1271 1089 1390 1120 intelli-

315 1135 436 1175 gendi),
444 1141 574 1175 oportet
586 1140 622 1165 ut
634 1135 731 1165 etiam
743 1133 979 1164 intellectiones
989 1133 1140 1174 specifice
1153 1133 1391 1174 distinguantur

316 1186 351 1210 ut
374 1181 413 1210 ab
437 1181 506 1220 ipsa
529 1185 642 1210 natura
657 1178 836 1220 profluunt.
860 1178 937 1209 Non
953 1179 1041 1210 enim
1064 1179 1256 1209 inconvenit
1275 1188 1390 1219 opera-

314 1225 419 1255 tiones
443 1224 648 1255 diversificari
671 1223 851 1254 secundum
875 1224 1017 1264 speciem
1042 1223 1082 1254 ad
1103 1229 1274 1264 operantes
1297 1233 1389 1254 com-

314 1274 447 1309 paratas,
472 1279 555 1309 quae
579 1274 687 1299 tamen
707 1268 867 1299 obiective
883 1273 958 1299 sunt
978 1268 1124 1299 eiusdem
1145 1269 1280 1308 speciei:
1306 1269 1389 1300 sicut

313 1314 395 1344 visio
418 1314 559 1344 hominis
577 1319 607 1344 et
624 1314 705 1343 visio
727 1313 804 1352 equi
827 1317 903 1343 sunt
925 1312 1072 1343 eiusdem
1088 1313 1209 1353 speciei
1228 1313 1390 1344 obiective

315 1364 346 1388 et
376 1359 570 1399 inquantum
598 1358 738 1388 visiones
770 1363 859 1394 sunt;
887 1363 924 1388 ut
955 1363 1064 1388 autem
1092 1357 1131 1388 ad
1158 1358 1330 1392 hominem
1356 1363 1388 1389 et

736 298 923 335 SUMMA
953 297 1175 334 CONTRA
1203 296 1479 342 GENTILES,
1508 296 1603 332 LIB.
1629 297 1670 341 ΙΙ,
1701 295 1812 333 CAP.
1834 296 1968 343 XCIV,
1988 297 2106 334 XCV.

1446 384 1569 415 equum
1592 381 1748 415 tanquam
1772 374 1812 405 ad
1835 376 1994 416 principia
2018 377 2144 416 agentia
2167 376 2360 415 referuntur,
2384 380 2430 410 sic
2451 387 2526 411 sunt

1445 419 1643 450 diversarum
1667 420 1860 459 specierum,
1884 420 1960 460 quia
1984 420 2123 451 diversas
2147 422 2271 462 species
2295 422 2419 454 diversa
2442 425 2525 455 acci-

1445 463 1553 494 dentia
1578 469 1608 494 et
1632 463 1775 494 diversae
1799 465 2007 504 operationes
2032 472 2289 506 consequuntur.
2310 467 2405 498 Unde
2422 474 2454 498 et
2469 469 2525 499 Al-

1445 509 1564 544 bertus,
1588 509 1622 538 in
1651 508 1663 538 1
1691 508 1731 538 de
1757 509 1886 545 Anima,
1917 517 1988 550 cap.
2015 510 2140 550 penult.
2157 511 2184 547 *‚
2216 511 2334 551 probat
2363 514 2525 552 potentias

1445 553 1610 583 sensitivas
1630 553 1664 583 in
1688 553 1822 584 homine
1847 563 1917 584 esse
1939 554 2070 585 alterius
2094 556 2214 596 speciei
2238 565 2256 586 a
2274 557 2430 596 potentiis
2452 566 2526 588 sen-‘-

1445 598 1546 628 sitivis
1564 598 1598 627 in
1618 598 1729 634 brutis,
1746 603 1880 638 propter
1896 598 2114 630 diversitatem
2134 599 2321 641 specificam
2344 602 2525 632 animarum

1445 642 1485 673 ad
1509 651 1589 682 quas
1613 648 1871 682 consequuntur.
1892 643 1935 674 Et
1951 649 2072 681 tamen,
2088 650 2126 675 ut
2145 645 2311 686 potentiae
2334 651 2412 676 sunt
2430 655 2526 678 ·com·

1445 694 1665 727 paranturque
1684 686 1724 717 ad
1741 687 1878 724 obiecta,
1895 694 1971 719 sunt
1986 689 2132 720 eiusdem
2152 690 2284 731 speciei,
2300 696 2435 731 propter
2451 692 2526 722 uni-

1444 737 1544 762 tatem
1568 731 1739 762 formalem
1762 732 1893 763 obiecti.

1502 777 1596 806 Mens
1620 786 1697 816 ergo
1722 776 1833 807 Sancti
1849 777 2000 808 Thomae
2021 784 2069 809 est
2093 779 2184 819 quod
2199 788 2269 810 non
2292 779 2526 811 diversificatur

1445 822 1569 862 species
1585 821 1813 852 intellectualis
1830 823 2042 862 operationis,
2065 828 2103 854 ut
2125 823 2274 864 operatio
2302 830 2350 855 est
2373 825 2414 856 ad
2432 826 2525 856 obie-

1445 872 1534 897 ctum
1550 866 1658 905 relata,
1675 871 1809 907 propter
1819 866 1981 898 diversam
1996 868 2220 908 receptionem
2232 869 2416 909 specierum
2430 870 2525 901 intel·

1443 911 1630 951 ligibilium:
1655 920 1742 948 cum,
1759 911 1816 941 illo
1833 921 1902 942 non
1920 912 2080 949 obstante,
2104 911 2192 943 idem
2216 914 2384 944 obiectum
2406 915 2525 946 habere

1442 956 1556 996 possit.
1581 954 1645 986 Sed
1668 956 1733 986 hoe
1757 964 1826 986 non
1850 957 2064 988 contrariatur
2085 957 2126 987 iis
2149 958 2292 998 quaein
2314 958 2377 989 hac
2398 960 2524 991 ratione

1443 1000 1606 1031 dicuntur.
1635 1000 1711 1031 Non
1736 1001 1824 1031 enim
1851 1007 2011 1042 repugnat
2040 1001 2276 1033 intellectuales
2306 1004 2525 1044 operationes,

1443 1051 1480 1075 ut
1503 1045 1543 1075 ad
1559 1045 1687 1076 obiecta
1703 1051 1944 1086 comparantur,
1961 1045 2108 1079 eiusdem
2124 1047 2245 1087 speciei
2262 1047 2348 1085 esse;
2367 1053 2400 1079 et
2414 1053 2524 1079 tamen

1443 1090 1552 1130 specie
1576 1089 1731 1130 distingui
1754 1096 1792 1120 ut
1817 1090 1858 1121 ad
1887 1096 2018 1122 naturas
2046 1091 2260 1123 intellectiva
2282 1098 2524 1145 comparantur,

1443 1144 1583 1175 quarum
1598 1135 1658 1165 uni
1677 1135 1824 1165 naturale
1847 1141 1896 1166 est
1918 1145 1987 1167 uno
2011 1135 2176 1167 dictorum
2197 1136 2377 1168 modorum
2399 1138 2525 1179 species

1443 1180 1601 1219 accipere,
1625 1179 1678 1210 alii
1701 1188 1779 1210 vero
1804 1180 1923 1211 altero.
1952 1189 2029 1212 cum
2060 1181 2112 1211 isti
2140 1181 2258 1213 diversi
2285 1181 2378 1213 modi
2403 1183 2531 1214 intelli-2

1443 1223 1551 1264 gendi,
1575 1229 1724 1255 naturam
1752 1224 1901 1256 absolute
1931 1231 2182 1278 consequentes,
2207 1236 2277 1258 non
2305 1228 2434 1268 possint
2461 1228 2534 1259 nisi·

1443 1268 1576 1299 diversis
1602 1269 1724 1300 naturis
1747 1270 1896 1307 attribui3
1920 1270 2019 1301 unius
2045 1271 2134 1302 enim
2163 1277 2298 1302 naturae
2326 1277 2375 1303 est
2395 1277 2532 1304 tantum:

1443 1323 1528 1344 unus
1550 1313 1672 1344 modus
1699 1314 1816 1354 agendi
1839 1320 1872 1345 et
1901 1313 2059 1355 operandi
2081 1316 2246 1354 naturalis,
2270 1317 2355 1348 sicut
2382 1322 2414 1348 et
2436 1326 2524 1348 unns

1442 1358 1595 1389 naturalis
1618 1359 1738 1389 modus
1762 1359 1900 1390 essendi.
2482 1376 2487 1380 v
2532 1367 2533 1370 ’

1145 1456 1685 1497 &lew——

647 1607 1133 1665 CAPITULUM
1168 1606 1772 1663 NONAGESIMUM
1809 1607 2190 1685 QUINTUM

314 1738 625 1792 QUOMODO
650 1736 1020 1779 ACCIPIATUR
1050 1735 1254 1778 GENUS
1283 1736 1362 1777 ET
1384 1735 1632 1778 SPECIES
1659 1736 1721 1778 IN
1750 1735 2151 1779 SUBSTANTns
2179 1723 2521 1783 SEPARATIS

321 1888 324 1892 ,
430 1866 450 1896 „4
463 1860 505 1893 κ·
527 1862 671 1888 Ροιιτιῑτ
707 1857 838 1887 autem
880 1849 1126 1887 considerare
1168 1849 1386 1886 secundum

356 1918 387 1937 a
394 1906 476 1945 ι”ῆ
539 1903 633 1964 quid
662 1902 944 1940 diversificatur
971 1901 1118 1952 species
1146 1902 1185 1938 in
1209 1901 1386 1939 substan-

361 1941 483 2035 <Ji
499 1969 512 2001 f
538 1956 597 1994 tiis
626 1955 820 2006 separatis.
855 1957 897 1993 In
928 1955 1044 1993 rebus
1072 1954 1179 1993 enim
1208 1954 1385 1993 materia-

419 1988 493 2037 fv
537 2010 637 2047 libus
657 2022 758 2069 quae
778 2017 868 2046 sunt
893 2008 1135 2046 diversarum
1165 2007 1384 2069 specierum

309 2063 425 2101 unius
443 2063 592 2113 generis
612 2063 825 2108 existentes,
842 2061 938 2100 ratio
957 2061 1108 2110 generis
1127 2073 1173 2098 ex
1193 2061 1384 2111 principio
1407 2081 1416 2101 5

309 2116 495 2155 materiali
510 2116 685 2163 sumitur,
696 2115 911 2154 differentia
921 2114 1063 2166 speciei
1074 2127 1096 2152 a
1106 2115 1298 2166 principio
1309 2116 1383 2153 for-

310 2171 415 2209 mali:
437 2178 573 2209 natura
593 2170 699 2208 enim
719 2169 911 2216 sensitiva,
933 2181 978 2207 ex
999 2181 1077 2219 qua
1096 2169 1264 2207 sumitur
1287 2169 1383 2207 ratio

309 2226 494 2271 animalis,
511 2232 567 2263 est
587 2224 782 2262 materiale
796 2223 837 2262 in
851 2223 1013 2261 homine
1029 2230 1207 2274 respectu
1222 2230 1382 2262 naturae

309 2278 569 2324 intellectivae,
590 2290 636 2315 ex
658 2290 736 2328 qua
764 2277 930 2315 sumitur
958 2277 1175 2316 differentia
1202 2277 1383 2328 specifica

309 2332 490 2378 hominis,
520 2331 659 2369 scilicet
695 2332 888 2369 rationale.

309 2393 506 2436 separatae
534 2397 614 2423 non
643 2393 733 2422 sunt
761 2398 807 2422 ex
836 2385 996 2422 materia
1015 2393 1051 2422 et
1070 2385 1195 2423 forma
1221 2397 1383 2435 compo-

309 2439 413 2486 sitae,
433 2447 475 2477 ut
494 2451 541 2477 ex
559 2438 779 2489 praemissis
793 2438 814 2461 ³¹⁸
832 2446 945 2489 patet,
967 2451 1047 2476 non
1067 2446 1227 2490 apparet
1245 2451 1382 2477 secun-

309 2494 405 2532 dum
444 2492 538 2542 quid
567 2492 606 2530 in
635 2492 689 2530 eis
721 2505 844 2542 genus
880 2500 916 2530 et
951 2492 1166 2531 differentia
1201 2493 1382 2544 specifica

308 2546 429 2596 accipi
456 2546 588 2596 possit.

361 2599 465 2638 Scire
493 2599 605 2648 igitur
629 2607 781 2650 oportet
805 2600 914 2650 quod
940 2599 1116 2638 diversae
1140 2612 1273 2638 rerum
1295 2614 1379 2652 spe·
1397 2619 1420 2639 ις

306 2653 382 2691 cies
418 2653 605 2703 gradatim
643 2661 821 2691 naturam
861 2653 957 2691 entis
994 2653 1205 2703 possident.
1242 2655 1380 2693 Statim

306 2706 410 2745 enim
438 2706 478 2744 in
506 2706 632 2758 prima
651 2709 742 2746 entis
761 2707 950 2745 divisione
977 2706 1173 2746 invenitur
1196 2709 1272 2746 hoc
1294 2708 1378 2759 qui-

305 2760 396 2798 dem
423 2760 649 2811 perfectum,
679 2760 819 2799 scilicet
845 2773 914 2799 ens
941 2773 1013 2811 per
1040 2774 1080 2798 se
1109 2769 1145 2799 et
1173 2774 1242 2799 ens
1271 2770 1376 2802 actu:

305 2813 409 2852 aliud
428 2827 521 2852 vero
541 2814 823 2864 imperfectum,
843 2814 984 2853 scilicet
1002 2827 1072 2852 ens
1096 2815 1136 2852 in
1158 2815 1234 2853 alio
1253 2824 1290 2854 et
1308 2828 1378 2856 ens

304 2867 343 2904 in
371 2867 553 2918 potentia.
574 2869 623 2905 Et
641 2868 782 2906 eodem
801 2869 924 2906 modo
947 2868 1176 2906 discurrenti
1203 2881 1275 2919 per
1301 2870 1377 2908 sin·
1393 2889 1420 2903 ιο

303 2922 391 2969 gula
415 2929 573 2972 apparet
592 2933 715 2959 unam
734 2922 903 2971 speciem
923 2934 1042 2972 super
1070 2922 1185 2960 aliam
1206 2923 1377 2973 aliquem

303 2975 467 3022 gradum
481 2974 723 3025 perfectionis
742 2974 922 3013 adiicere:
944 2975 1041 3013 sicut
1059 2976 1240 3014 animalia
1260 2989 1379 3028 super

305 3029 462 3077 plantas,
491 3036 528 3066 et
559 3028 740 3066 animalia
774 3028 1017 3079 progressiva
1050 3042 1169 3080 super
1195 3030 1378 3070 animalia

306 3081 533 3127 immobilia3
568 3082 607 3119 in
640 3082 835 3120 coloribus
863 3082 980 3121 etiam
1012 3095 1093 3120 una
1125 3083 1272 3133 species
1303 3084 1378 3123 alia

305 3135 506 3184 perfectior
533 3135 738 3182 invenitur,
759 3137 979 3174 secundum
1001 3137 1109 3186 quod
1129 3145 1185 3174 est
1209 3138 1416 3178 albedini„

305 3188 572 3239 propinquior.
589 3190 752 3240 Propter
764 3191 871 3240 quod
888 3189 1121 3237 Aristoteles,
1138 3190 1177 3228 in
1192 3192 1275 3229 VIII
1291 3194 1376 3230 Me-

306 3243 402 3292 taph.
421 3241 453 3289 *,
486 3242 576 3280 dicit
607 3243 715 3293 quod
744 3244 974 3293 definitiones
1006 3256 1135 3281 rerum
1167 3251 1251 3282 sunt
1284 3246 1378 3284 sicut

307 3307 494 3342 numerus,
510 3297 547 3333 in
568 3308 640 3346 quo
660 3298 781 3334 unitas
798 3299 987 3336 subtracta
1005 3298 1065 3336 vel
1077 3298 1203 3336 addita
1217 3301 1376 3349 speciem

307 3351 453 3386 numeri
478 3351 616 3387 variat.-
634 3362 704 3399 per
731 3363 851 3400 quem
879 3351 1047 3389 modum
1075 3351 1115 3389 in
1143 3351 1376 3391 definitioni-

306 3400 388 3447 bus,
418 3401 448 3438 si
476 3414 556 3440 una
587 3402 803 3442 differentia
830 3405 1079 3442 subtrahatur
1105 3405 1168 3442 vel
1200 3406 1374 3453 addatur,
1392 3425 1417 3445 ιο

306 3453 456 3492 diversa
485 3455 631 3505 species
665 3456 870 3495 invenitur.
907 3457 1021 3496 Ratio
1055 3457 1169 3508 igitur
1195 3458 1374 3497 determi-

307 3515 415 3544 natae
444 3508 584 3558 speciei
603 3509 773 3548 consistit
801 3510 839 3548 in
860 3511 936 3549 hoc
965 3512 1073 3562 quod
1102 3519 1239 3550 natura
1267 3525 1373 3551 com-

360 3618 393 3671 ξι)
412 3612 498 3672 super]
518 3621 596 3674 sgpra
615 3615 660 3675 Plg.

307 3683 396 3706 natura
413 3646 468 3708 {fal
487 3653 513 3673 et
549 3656 592 3674 nec
611 3657 628 3674 α

749 3622 781 3648 ²7
802 3614 973 3651 definitiones]
994 3617 1172 3644 distinctiones
1192 3617 1240 3643 Pa.

747 3651 778 3676 13
799 3652 893 3677 animal
907 3659 950 3678 om
970 3653 1018 3679 Pd.

550 3684 582 3709 28
601 3690 641 3710 est
655 3689 719 3718 post
737 3694 789 3711 non
809 3686 970 3718 anwbec,
990 3692 1054 3714 ante
1072 3694 1163 3715 natur·
1181 3689 1211 3716 Z.

927 2331 967 2370 Si
1001 2330 1115 2379 igitur
1146 2331 1382 2369 substantiae
1399 2352 1425 2367 ιο

1104 3659 1136 3687 17
1156 3653 1347 3688 determinatio]
1366 3657 1496 3689 quaedam
1515 3656 1622 3682 addunt
1641 3656 1683 3682 Pe.

1443 1849 1575 1886 munis
1593 1849 1633 1886 in
1662 1850 1920 1887 determinato
1947 1849 2070 1909 gradu
2098 1849 2197 1887 entis
2221 1851 2444 1889 collocatur.
2473 1853 2523 1895 Et

1443 1901 1535 1952 quia
1567 1902 1606 1939 in
1641 1903 1758 1939 rebus
1791 1914 1838 1940 ex
1871 1902 2032 1940 materia
2060 1910 2097 1940 et
2132 1903 2260 1941 forma
2294 1912 2386 1942 corn
2529 1923 2531 1926 .

1441 1955 1567 1993 forma
1595 1963 1651 1993 est
1680 1955 1790 2006 quasi
1819 1955 2021 2003 terminus,
2040 1955 2079 1994 id
2099 1963 2232 1994 autem
2258 1957 2367 2008 quod
2390 1956 2522 2011 terrui*

1441 2016 1556 2046 natur
1576 2021 1647 2058 per
1668 2021 1757 2047 eam
1781 2017 1838 2047 est
1861 2008 2023 2048 materia
2045 2011 2109 2048 vel
2133 2009 2351 2050 materiale:
2368 2011 2529 2063 oportet

1441 2062 1550 2112 quod
1565 2062 1661 2100 ratio
1676 2062 1827 2112 generis
1841 2070 2020 2101 sumatur
2034 2075 2081 2101 ex
2097 2063 2296 2112 materiali,
2303 2064 2521 2109 differentia

1441 2128 1535 2154 vero
1555 2115 1737 2166 specifica
1756 2127 1804 2154 ex
1822 2116 1986 2155 formali.
2003 2118 2053 2155 Et
2071 2116 2161 2155 ideo
2180 2130 2228 2156 ex
2247 2094 2471 2158 di’fferentia
2467 2128 2521 2158 et

1439 2181 1580 2219 genere
1596 2169 1640 2207 fit
1653 2182 1782 2208 unum
1802 2170 1900 2208 sicut
1914 2182 1962 2208 ex
1977 2170 2138 2209 materia
2152 2179 2190 2209 et
2203 2172 2341 2210 forma.
2358 2173 2411 2211 Et
2421 2173 2520 2212 sicut

1439 2235 1520 2262 una
1539 2231 1576 2261 et
1595 2223 1734 2262 eadem
1754 2231 1810 2263 est
1829 2231 1967 2264 natura
1986 2236 2088 2276 quae
2104 2237 2151 2263 ex
2166 2226 2327 2264 materia
2342 2234 2380 2264 et
2391 2226 2526 2266 forma*

1439 2277 1694 2325 constituitur,
1729 2277 1780 2316 ita
1812 2277 2029 2318 differentia
2060 2290 2143 2317 non
2175 2279 2282 2318 addit
2315 2276 2527 2334 quandam,

1440 2339 1663 2370 extraneam
1697 2340 1879 2370 naturam
1907 2345 2027 2393 super
2053 2344 2188 2382 genus,
2217 2334 2286 2373 sed
2314 2342 2371 2372 est
2397 2347 2518 2396 quae·

1439 2386 1531 2423 dam
1564 2385 1836 2424 determinatio
1869 2386 1991 2436 ipsius
2018 2395 2180 2424 naturae
2206 2387 2372 2437 generis:
2400 2396 2469 2436 -ut,
2483 2376 2525 2429 si

1437 2451 1560 2488 genus
1589 2439 1800 2491 accipiatur
1826 2441 1972 2479 animal
1990 2441 2107 2492 pedes
2127 2441 2280 2488 habens,
2300 2441 2517 2481 differentia

1438 2493 1521 2532 eius
1541 2501 1597 2532 est
1615 2495 1760 2532 animal
1778 2493 1871 2532 duos
1884 2494 2000 2545 pedes
2018 2496 2177 2541 habens‚·
2204 2506 2325 2546 quam
2354 2494 2517 2555 quide-{tn

1437 2545 1696 2586 differentiam
1715 2547 1811 2586 nihil
1830 2555 2060 2587 extraneum
2079 2544 2198 2599 super
2215 2561 2338 2599 genus
2359 2545 2521 2602 addere„

1437 2601 1686 2640 manifestum
1714 2609 1783 2639 est.

1490 2655 1604 2694 Unde
1623 2663 1728 2706 patet
1749 2655 1859 2706 quod
1887 2655 2025 2694 accidit
2051 2655 2183 2704 generi
2211 2663 2250 2694 et
2275 2630 2523 2696 differentiae:

1435 2709 1542 2759 quod
1572 2708 1842 2748 determinatio
1862 2720 1983 2759 quam
2002 2708 2219 2748 differentia
2247 2708 2441 2760 importat,
2466 2710 2523 2749 eir«

1434 2762 1510 2801 alio
1538 2762 1729 2814 principio
1758 2770 1940 2802 causetur
1966 2774 2087 2814 quam
2115 2770 2255 2802 natura
2281 2763 2452 2813 generis,
2466 2764 2522 2813 eit·

1434 2817 1511 2854 hoc
1543 2817 1652 2867 quod
1686 2824 1824 2855 natura
1858 2829 1980 2867 quam
2013 2815 2202 2867 significat
2237 2816 2425 2880 definitio,
2448 2821 2516 2870 ‘es't

1433 2870 1652 2920 composita
1666 2883 1713 2908 ex
1732 2870 1894 2909 materia
1906 2877 1946 2909 et
1962 2870 2090 2910 forma
2108 2870 2207 2910 sicut
2221 2882 2268 2909 ex
2283 2869 2515 2914 terminante

1434 2931 1471 2961 et
1497 2923 1716 2962 terminato.
1739 2924 1780 2962 Si
1799 2923 1914 2973 igitur
1940 2932 1996 2962 est
2023 2923 2159 2975 aliqua
2180 2932 2319 2962 natura
2337 2924 2521 2976 simplex„

1434 2977 1517 3028 ipsa
1536 2977 1697 3028 quidem
1717 2989 1789 3029 per
1801 2979 1970 3029 seipsam
1989 2977 2060 3016 erit
2077 2977 2293 3025 terminata,
2308 2989 2382 3016 nec
2396 2988 2521 3030 opor-s

1433 3030 1526 3070 tebit
1553 3032 1663 3082 quod
1691 3031 1832 3070 habeat
1860 3031 1959 3070 duas
1990 3038 2130 3082 partes,
2159 3043 2330 3083 quarum
2357 3043 2439 3070 una
2466 3031 2521 3081 sit

1432 3084 1645 3123 terminans
1665 3093 1702 3123 et
1720 3085 1793 3123 alia
1812 3084 2027 3124 terminata
2049 3084 2138 3123 Ex
2127 3097 2210 3136 ipsa
2230 3084 2344 3135 igitur
2363 3078 2522 3147 ratione]

1433 3146 1593 3177 naturae
1627 3146 1805 3178 sumetur
1837 3139 1933 3178 ratio
1963 3138 2134 3188 generis:
2165 3151 2212 3178 ex
2239 3134 2512 3183 terminatione

1432 3200 1564 3231 autem
1593 3192 1677 3230 eius
1704 3193 1925 3231 secundum
1946 3192 2055 3242 quod
2077 3200 2134 3230 est
2160 3191 2202 3230 in
2219 3192 2284 3230 tali
2301 3192 2431 3242 gradu
2441 3203 2511 3230 en-
2571 3211 2574 3214 Δ

1431 3245 1542 3294 tium,
1571 3253 1750 3284 sumetur
1776 3245 1859 3284 eius
1887 3242 2104 3287 differentia
2132 3245 2324 3296 specifica.
2422 3258 2423 3262 ¹

1486 3300 1546 3338 Ex
1565 3311 1646 3351 quo
1671 3299 1786 3339 etiarn
1814 3306 1919 3351 patet
1941 3300 2061 3353 quod,
2082 3298 2114 3338 si
2132 3298 2263 3359 aliqua
2287 3305 2425 3336 natura
2454 3306 2511 3337 est

1432 3365 1513 3391 non
1541 3353 1758 3400 terminata,
1786 3354 1855 3392 sed
1888 3348 2039 3392 infinita
2069 3351 2111 3392 in
2138 3363 2191 3403 se,
2221 3349 2319 3390 sicut
2351 3363 2468 3403 supra
2486 3351 2510 3375 0
2535 3360 2603 3384 mus
2608 3361 2683 3392 ιμρ.

1404 3414 1635 3446 oostensum
1663 3415 1719 3445 est
1736 3407 1787 3445 de
1815 3414 1955 3446 natura
1981 3404 2125 3452 divina,
2141 3416 2228 3444 non
2246 3412 2303 3443 est
2321 3400 2362 3443 in
2380 3417 2427 3444 ea
2444 3418 2507 3446 ac-

1430 3459 1558 3511 cipere
1577 3473 1706 3511 neque
1724 3472 1848 3510 genus
1866 3466 1997 3536 neque
2015 3458 2204 3510 specietm
2219 3459 2329 3509 quod
2343 3467 2400 3497 est
2413 3471 2514 3498 oon-

1429 3525 1574 3552 sonum
1602 3513 1662 3552 his
1691 3526 1793 3564 quae
1821 3525 1939 3567 supra
1956 3512 2054 3550 ¹''de
2081 3511 2168 3550 Deo
2196 3512 2450 3551 ostendimus.

1770 3653 1803 3681 18
1822 3653 1922 3688 nemra]
1942 3661 1957 3680 ι
1975 3659 2067 3680 natura
2085 3653 2116 3680 Ρ.
2202 3661 2231 3680 ιι
2255 3660 2296 3681 eet
2313 3647 2356 3681 ὸικ
2375 3655 2426 3687 ex,
2440 3658 2512 3695 pou·

2554 514 2626 570 :59¹5-
2636 515 2673 543 ¹85
2685 514 2768 542 (Paris.

2533 3528 2622 3558 quid„
2633 3535 2684 3559 etp.
