2768 4134
81 524 132 546 Ἐξ.
148 530 170 552 q.
185 529 288 550 mcxxvii,

76 558 95 576 ι,
104 551 155 572 init.
166 556 206 572 cor
224 566 230 572 .

76 577 192 599 “Versus
223 582 244 598 n.

66 1373 139 1400 Ὀφ.
149 1379 180 1400 iv,
193 1380 224 1396 ιι.

58 2313 68 2322 ·
76 2311 126 2334 Fol.
137 2311 167 2339 48
175 2318 188 2333 v
204 2311 271 2340 (Ven.

60 2338 133 2367 ¹497)-

63 3646 158 3694 ἑκῐὲἓὲη.
183 3653 208 3674 n,
236 3647 277 3668 Se-

323 308 396 345 516

318 387 432 425 quovis
445 385 508 414 alio
524 381 637 417 modo,
655 382 788 417 elevari;
806 386 837 411 et
853 389 952 410 omne
968 379 1168 419 intelligibile
1184 379 1281 409 habet
1297 377 1387 418 quod

317 432 356 462 sit
378 427 576 468 intelligibile
599 425 775 456 secundum
791 425 879 465 quod
901 430 949 455 est
964 425 997 454 in
1017 429 1102 459 actu,
1125 433 1190 454 non
1216 428 1324 454 autem
1339 432 1388 454 se-

316 474 456 506 cundum
479 471 566 512 quod
589 475 636 500 est
660 470 691 500 in
711 470 870 510 potentia,
896 475 931 499 ut
955 468 1070 499 dicitur
1093 468 1210 505 Prima,
1227 477 1258 508 q.
1276 478 1338 504 xrv,
1358 477 1386 504 2,

315 519 355 550 ad
372 519 389 550 3
404 519 430 548 *ἦ
455 515 550 547 Unde
567 515 825 550 Commentator‚
842 515 874 544 in
891 513 931 544 de
947 513 1049 544 Sensu
1074 518 1104 543 et
1127 513 1263 543 Sensato
1277 513 1321 548 *ξ
1339 512 1387 542 in-

315 564 385 605 quit
409 560 508 602 quod,
533 569 609 590 cum
633 568 682 589 res
706 558 862 589 sensibilis
886 557 922 588 fit
944 557 1152 598 intelligibilis
1175 558 1208 588 in
1233 562 1306 588 actu
1330 565 1388 597 per

314 607 513 639 intellectum
542 609 701 644 agentem,
730 603 933 644 transfertur
955 603 994 633 de
1018 602 1134 633 ordine
1160 602 1204 632 ad
1227 602 1385 632 ordinem.

370 661 400 683 2.
417 651 586 688 Quantum
602 648 643 679 ad
659 647 851 684 secundum,
869 647 1038 678 sciendum
1059 646 1159 687 quod,
1176 656 1251 677 cum
1269 646 1309 677 ad
1333 655 1385 675 or-

313 696 422 727 dinem
446 693 696 734 intelligibilium
720 692 843 733 aliquid
867 692 1024 732 pertineat
1047 697 1203 731 tanquam
1220 691 1386 722 obiectum

312 739 521 780 intelligibile,
534 737 656 778 aliquid
672 746 749 768 vero
766 743 921 777 tanquam
938 737 1182 772 intellectivam,
1196 736 1248 767 cui
1265 735 1386 766 scilicet

311 785 465 817 convenit
495 783 688 823 intelligere;
718 781 890 823 dupliciter
919 786 1027 821 potest
1054 780 1177 821 aliquid
1207 780 1270 811 dici
1294 789 1384 820 pura

304 830 454 872 potentia
471 829 503 859 in
519 837 642 870 genere
656 826 929 868 intelligibilium:
952 825 1072 856 scilicet
1095 830 1151 855 aut
1174 834 1231 865 per
1246 824 1384 855 modum

311 874 434 910 obiecti,
460 874 535 914 quia
551 874 584 903 in
609 882 642 902 se
666 881 733 902 non
758 872 853 901 habet
873 871 1015 910 aliquem
1039 875 1148 900 actum
1172 869 1258 900 unde
1282 870 1384 909 possit

309 919 460 959 intelligi;
486 924 540 949 aut
563 927 621 958 per
636 916 774 947 modum
798 915 993 949 intellectiui‚
1014 920 1170 955 tanquam
1194 914 1316 945 scilicet
1332 923 1383 944 ca-

309 975 382 996 rens
414 964 506 994 omni
538 968 612 993 actu
645 971 712 1001 quo
745 961 847 1001 possit
879 959 1066 999 intelligere.
1099 959 1248 999 Utroque
1279 958 1381 989 modo

309 1019 422 1040 verum
446 1013 493 1039 est
515 1007 716 1038 intellectum
744 1003 931 1045 possibilem
962 1013 1031 1034 esse
1056 1013 1171 1044 puram
1201 1003 1382 1044 potentiam

308 1055 342 1085 in
365 1063 483 1095 genere
506 1051 765 1091 intelligibilium.
791 1049 852 1079 Per
866 1048 1004 1079 modum
1021 1048 1153 1089 quidem
1177 1048 1380 1079 intellectivi:

309 1100 394 1139 quia,
420 1107 495 1128 cum
522 1096 645 1136 species
673 1093 880 1133 intelligibilis
904 1094 944 1123 sit
975 1092 1080 1124 forma
1107 1103 1171 1134 qua
1198 1093 1382 1124 intellectus

307 1143 455 1183 intelligit
471 1141 615 1181 (oportet
631 1140 718 1170 enim
733 1138 934 1178 intelligibile
950 1139 1035 1169 uniri
1050 1138 1228 1169 intellectui
1244 1139 1271 1169 si
1287 1137 1383 1169 debet

307 1186 375 1218 fieri
391 1185 597 1225 intellectio);
615 1190 647 1215 et
661 1184 845 1214 intellectus
857 1182 1019 1223 possibilis
1035 1183 1068 1213 in
1081 1193 1115 1214 se
1127 1183 1251 1214 nullam
1267 1183 1382 1214 habeat

306 1233 448 1272 speciem
476 1229 711 1270 intelligibilem
742 1228 802 1258 sibi
833 1228 1079 1258 connaturalem
1111 1234 1143 1258 et
1173 1229 1380 1269 congenitam

307 1277 469 1317 (quamvis
492 1274 674 1306 secundum
698 1283 732 1304 se
750 1273 867 1304 habeat
895 1273 1047 1304 virtutem
1074 1273 1300 1314 intelligendi),
1325 1273 1382 1304 sed

305 1322 339 1352 in
362 1321 523 1362 principio
547 1320 597 1350 sui
622 1328 691 1350 esse
721 1318 762 1348 sit
789 1317 874 1348 sicut
896 1317 1007 1348 tabula
1039 1327 1125 1353 rasa,
1152 1317 1184 1348 in
1209 1328 1274 1359 qua
1299 1318 1382 1351 nihil

306 1371 353 1397 est
375 1365 580 1406 descriptum,
605 1369 641 1395 ut
665 1363 782 1394 dicitur
805 1362 846 1393 111
864 1361 903 1392 de
926 1362 1046 1393 Anima
1061 1363 1092 1393 *t
1118 1364 1264 1404 sequitur
1288 1363 1379 1404 quod

306 1416 410 1442 careat
439 1411 530 1441 omni
554 1414 639 1446 actu,
663 1407 844 1439 secundum
875 1416 920 1443 se,
945 1416 1012 1447 quo
1041 1407 1164 1448 aliquid
1194 1414 1308 1439 natum
1332 1414 1379 1441 est

303 1455 492 1496 intelligere,
516 1459 548 1485 et
577 1455 622 1485 sic
650 1454 690 1484 sit
712 1461 794 1494 pura
816 1452 963 1492 potentia
987 1453 1020 1483 in
1047 1462 1166 1492 genere
1191 1453 1379 1486 intellectivi

303 1499 450 1542 (haberet
466 1500 553 1530 enim
577 1499 719 1539 aliquam
744 1497 882 1528 formam
899 1497 959 1527 sibi
980 1498 1237 1535 connaturalem,
1254 1499 1280 1529 si
1297 1505 1380 1531 esset

302 1546 336 1576 in
360 1550 434 1576 actu
458 1543 639 1575 secundum
663 1543 729 1583 se);
754 1543 837 1573 sicut
859 1543 993 1572 materia
1016 1543 1120 1583 prima
1144 1548 1192 1574 est
1214 1553 1296 1584 pura
1320 1554 1379 1585 po-

302 1591 401 1620 tentia
423 1591 458 1620 in
481 1599 599 1630 genere
629 1588 766 1624 entium,
795 1586 872 1627 quia
901 1587 1083 1618 secundum
1107 1597 1141 1618 se
1173 1594 1260 1619 caret
1287 1590 1379 1620 omni

302 1633 416 1671 forma,
438 1644 521 1675 quae
545 1639 593 1664 est
619 1633 817 1673 principium
835 1631 982 1670 actionis.
997 1649 1021 1655 —
1035 1632 1097 1663 Per
1119 1632 1258 1664 modum
1282 1635 1378 1665 etiam

303 1679 422 1710 obiecti
457 1678 665 1719 intelligibilis
697 1682 744 1707 est
775 1675 955 1707 secundum
987 1682 1135 1708 naturam
1169 1687 1262 1708 suam
1297 1689 1379 1720 pura

303 1724 449 1764 potentia
482 1724 517 1754 in
552 1732 670 1764 genere
704 1721 967 1762 intelligibilium,
1003 1727 1039 1752 ut
1072 1722 1210 1753 habetur
1243 1721 1379 1754 inferius

302 1778 372 1809 cap.
389 1778 495 1805 xcvm,
521 1773 552 1798 et
575 1768 691 1803 Prima,
709 1776 740 1807 q.
758 1776 893 1802 Lxxxvu,
910 1776 938 1796 a.
962 1773 991 1796 1.
1015 1766 1142 1798 Dicitur
1158 1768 1245 1798 enim
1269 1769 1302 1799 in
1323 1778 1379 1809 ge-

301 1822 378 1844 nere
401 1812 652 1853 intelligibilium
676 1810 799 1852 aliquid
822 1820 892 1841 esse
916 1816 990 1842 actu
1015 1811 1105 1851 quod
1129 1811 1309 1844 secundum
1333 1823 1377 1850 se,

301 1863 429 1888 remoto
443 1866 656 1898 quocumque
669 1861 784 1897 agente
792 1855 974 1886 extrinseco
987 1861 1019 1886 et
1030 1856 1095 1886 alio
1108 1857 1250 1894 obiecto,
1263 1863 1377 1889 natum

301 1907 349 1932 est
372 1907 500 1933 actuare
523 1901 724 1932 intellectum
748 1900 788 1931 ad
812 1901 862 1930 sui
885 1899 1151 1931 intellectionem.
1168 1902 1244 1932 Hoc
1267 1908 1377 1933 autern

299 1956 369 1977 non
393 1947 547 1977 convenit
561 1946 740 1976 intellectui
759 1945 916 1981 humano,
934 1945 1001 1975 sive
1017 1946 1145 1976 animae
1161 1946 1376 1978 intellectivae

300 1991 509 2021 coniunctae:
542 2000 618 2021 cum
651 1988 916 2030 unumquodque
947 1995 1165 2030 cognoscatur
1193 1991 1376 2023 secundum

299 2034 391 2076 quod
414 2040 461 2066 est
476 2035 509 2065 in
533 2040 623 2071 actu3
648 2035 718 2075 ipse
735 2039 843 2065 autem
860 2033 1043 2065 secundum
1059 2044 1093 2065 se
1109 2034 1237 2066 nullum
1257 2036 1375 2067 habeat

298 2085 417 2117 actum,
441 2079 498 2110 sed
520 2080 560 2110 sit
582 2080 615 2110 in
639 2088 758 2120 genere
785 2078 1037 2119 intelligibilium
1061 2081 1208 2120 potentia
1235 2085 1374 2118 tantum,

298 2130 413 2165 utpote
427 2124 551 2156 nullam
574 2125 696 2155 habens
713 2124 920 2164 congenitam
937 2124 1080 2164 speciem
1096 2134 1155 2165 per
1178 2134 1278 2165 quam
1295 2135 1375 2157 con-

298 2171 447 2201 stituatur
470 2170 502 2200 in
527 2174 611 2207 actu,
635 2169 692 2200 sed
723 2169 862 2199 existens
885 2169 919 2199 in
950 2170 1096 2209 potentia
1121 2169 1161 2200 ad
1191 2171 1303 2201 omnia
1326 2171 1375 2202 in-

298 2214 483 2255 telligibilia.

355 2259 384 2290 3.
409 2259 442 2290 Si
466 2263 575 2289 autern
598 2258 735 2289 instetur
757 2257 937 2288 rationibus
962 2257 1051 2289 Scoti
1075 2258 1108 2288 in
1133 2258 1254 2295 Primo,
1280 2258 1310 2289 d.
1329 2269 1373 2296 ιιι,

299 2314 330 2345 q.
346 2305 432 2334 vn*:
457 2304 534 2344 quia
557 2303 708 2334 videlicet
731 2302 913 2333 intellectus
937 2304 970 2333 in
994 2313 1028 2334 se
1045 2308 1092 2333 est
1108 2309 1199 2335 actus
1223 2303 1372 2345 quidam;

299 2355 331 2380 et
355 2349 430 2389 quia
453 2349 599 2390 potentia
623 2347 663 2378 ad
686 2347 813 2388 operari
835 2357 905 2378 non
930 2346 1084 2379 fundatur
1107 2358 1205 2389 super
1228 2349 1373 2390 potentia

298 2403 394 2435 pura:
421 2411 443 2415 -
462 2392 678 2434 respondetur
701 2391 802 2433 quod,
834 2392 909 2423 licet
939 2393 979 2423 sit
1002 2398 1093 2424 actus
1117 2394 1150 2424 in
1173 2403 1293 2434 genere
1317 2404 1373 2425 en-

298 2439 391 2474 tium,
415 2448 483 2469 non
507 2443 554 2468 est
576 2443 685 2468 tamen
710 2443 799 2468 actus
823 2437 856 2468 in
883 2446 1001 2478 genere
1030 2438 1292 2479 intelligibilium,
1316 2439 1374 2470 sed

298 2484 453 2524 potentia.
478 2483 547 2514 Nec
571 2482 769 2518 inconvenit,
794 2486 829 2512 ut
853 2481 1002 2519 diximus,
1019 2483 1141 2523 aliquid
1165 2493 1235 2515 esse
1263 2490 1372 2516 actum

297 2529 331 2559 in
354 2538 472 2569 genere
496 2528 621 2558 entium
645 2532 677 2558 et
700 2532 808 2558 tamen
826 2536 896 2558 esse
920 2528 1099 2568 potentiam
1124 2529 1157 2559 in
1181 2538 1301 2569 genere
1324 2530 1373 2561 in—

298 2573 524 2613 telligibiliurn.

353 2618 387 2649 Si
409 2618 506 2649 etiam
529 2616 690 2648 diceretur
705 2616 807 2658 quod,
831 2616 907 2648 licet
930 2618 970 2647 sit
993 2618 1140 2658 potentia
1163 2619 1372 2659 intelligibilis

297 2663 330 2694 in
347 2662 460 2694 ordine
484 2662 523 2693 ad
547 2663 701 2702 seipsum,
718 2662 751 2692 in
768 2661 883 2692 ordine
899 2667 1009 2693 tamen
1033 2662 1073 2693 ad
1097 2663 1299 2695 intellectum
1316 2673 1372 2695 an-

296 2707 447 2747 gelicum,
465 2708 556 2739 cuius
581 2712 629 2738 est
645 2715 743 2738 omne
760 2706 852 2748 quod
875 2712 923 2737 est
946 2713 1020 2738 actu
1037 2717 1095 2738 ens
1118 2708 1308 2749 intelligere,
1325 2715 1373 2740 est

296 2752 504 2794 intelligibilis
529 2757 616 2783 actu:
634 2770 655 2774 —
671 2757 759 2792 patet
775 2751 867 2793 quod
882 2752 946 2782 hoc
970 2752 1050 2783 nihil
1074 2757 1132 2783 est.
1158 2752 1259 2792 Quod
1283 2754 1371 2785 enim

297 2797 429 2838 angelus
453 2796 575 2838 aliquid
605 2796 771 2837 intelligat,
795 2805 863 2827 non
895 2797 999 2837 arguit
1029 2797 1109 2828 illud
1138 2807 1208 2829 esse
1239 2805 1314 2830 actu
1337 2799 1371 2830 in

297 2851 413 2882 genere
436 2842 686 2882 intelligibilium
711 2841 893 2872 secundum
920 2841 1011 2883 quod
1034 2847 1082 2872 est
1105 2843 1138 2873 in
1163 2844 1281 2884 seipso.
1306 2844 1371 2875 Res

297 2887 383 2918 enim
414 2886 593 2918 materiales
623 2887 656 2917 in
687 2886 800 2926 seipsis
827 2892 903 2917 sunt
930 2892 1057 2918 tantum
1088 2887 1306 2928 intelligibiles
1337 2889 1369 2919 in

296 2933 452 2972 potentia,
477 2937 509 2962 et
531 2937 639 2962 tamen
664 2932 704 2961 ab
728 2930 844 2971 angelo
873 2931 1115 2972 intelliguntur:
1141 2933 1218 2973 quia
1241 2934 1275 2964 in
1298 2934 1370 2975 ipso

296 2982 371 3007 sunt
394 2986 451 3017 per
474 2986 547 3007 suas
578 2975 804 3007 similitudines
833 2982 907 3007 actu
938 2976 1165 3017 intelligibiles,
1191 2977 1244 3009 Sic
1268 2984 1316 3010 est
1340 2984 1372 3010 et

298 3021 337 3052 de
352 3021 528 3052 intellectu.
546 3019 734 3052 Secundum
751 3021 838 3052 enim
855 3021 947 3061 quod
971 3027 1018 3052 est
1036 3022 1069 3052 in
1094 3022 1213 3063 seipso,
1238 3033 1307 3054 non
1323 3029 1372 3055 est

297 3071 370 3096 actu
393 3066 615 3106 intelligibilis:
639 3066 724 3102 licet,
749 3075 790 3096 eo
814 3065 905 3106 quod
929 3072 976 3097 est
1000 3071 1091 3097 actus
1114 3067 1147 3097 in
1171 3077 1290 3107 genere
1313 3078 1370 3100 en—

296 3110 388 3148 tium,
412 3111 570 3151 pertineat
586 3110 625 3142 ad
649 3120 752 3150 genus
768 3110 1031 3151 intelligibilium,
1055 3111 1251 3152 inquantum
1269 3123 1286 3143 a
1302 3122 1370 3144 ma-

296 3155 375 3185 teria
397 3155 579 3187 secundum
602 3164 698 3186 suum
722 3165 791 3186 esse
815 3165 884 3186 non
907 3155 1080 3196 dependet.

353 3209 384 3239 4.
408 3200 450 3231 Et
474 3201 519 3231 sic
536 3205 623 3240 patet
647 3199 738 3240 quod
762 3200 891 3232 duobus
912 3199 1021 3231 modis
1045 3200 1164 3232 dicitur
1186 3202 1371 3234 intellectus

297 3244 458 3283 possibilis
482 3254 564 3285 pura
586 3245 731 3285 potentia
755 3246 788 3277 in
812 3254 930 3286 genere
954 3245 1224 3286 intelligibilium:
1250 3247 1372 3278 scilicet

299 3293 331 3318 et
345 3289 422 3329 quia
445 3294 531 3320 caret
547 3290 637 3320 omni
653 3288 757 3320 forma
773 3289 955 3321 secundum
971 3299 1006 3320 se
1023 3289 1063 3321 de
1078 3299 1197 3331 genere
1221 3292 1371 3332 intelligi-

298 3332 411 3364 bilium
427 3343 511 3373 quae
527 3339 575 3364 est
588 3334 789 3374 intelligendi
805 3335 1019 3375 principium;
1037 3340 1069 3366 et
1085 3336 1161 3375 quia
1178 3342 1264 3367 caret
1279 3337 1370 3367 omni

299 3375 403 3408 forma
427 3377 466 3409 de
490 3388 608 3419 genere
631 3379 882 3419 intelligibilium
906 3388 972 3420 qua
994 3380 1098 3420 possit
1119 3380 1265 3421 intelligi.

354 3421 406 3453 Ad
428 3422 564 3454 dubium
587 3423 706 3464 itaque,
730 3429 866 3465 negatur
889 3425 1134 3465 consequentia.
1160 3424 1246 3463 Quia
1265 3427 1371 3457 anima

301 3466 473 3498 coniuncta
496 3467 625 3508 corpori
647 3477 715 3499 non
732 3474 779 3499 est
802 3468 906 3500 forma
929 3474 1074 3510 separata
1097 3478 1116 3500 a
1137 3470 1280 3507 materia,
1297 3471 1372 3502 licet

301 3509 341 3540 sit
367 3509 470 3542 forma
496 3522 564 3542 non
588 3512 774 3552 dependens
798 3523 815 3543 a
839 3514 981 3544 materia.
1006 3532 1028 3537 -
1052 3513 1234 3552 Quomodo
1262 3520 1371 3546 autem

302 3562 335 3583 se
358 3554 472 3586 habeat
500 3555 538 3587 ad
569 3556 858 3596 intelligibilitatem
883 3557 961 3588 dum
987 3564 1034 3589 est
1065 3563 1220 3599 separata,
1249 3558 1372 3591 dicetur

303 3596 443 3635 inferius,
461 3609 531 3640 cap.
555 3610 659 3631 xcvm.

359 3641 412 3672 IV.
437 3642 487 3674 Ad
514 3644 694 3675 secundum
722 3644 884 3676 dubium'
910 3646 1083 3687 dupliciter
1106 3652 1214 3688 potest
1237 3657 1371 3688 respon—

304 3683 380 3715 deri.
397 3685 504 3717 Primo
529 3689 625 3724 enim,
650 3688 848 3720 admittendo
866 3691 956 3731 quod
973 3691 1050 3722 velit
1074 3691 1210 3723 Sanctus
1226 3691 1371 3723 Thomas

773 302 960 340 SUMMA
991 301 1214 339 CONTRA
1243 299 1519 347 GENTILES,
1548 300 1706 345 LIB.11,
1738 299 1849 336 CAP.
1871 300 2060 337 LXXXII.

1442 377 1603 408 deducere
1620 377 1778 417 quoniam
1790 377 1898 407 anima
1910 378 1996 408 bruti
2008 379 2067 409 erit
2083 379 2288 417 intellectiva,
2306 383 2521 423 respondetur

1444 422 1535 463 quod
1558 421 1731 452 auctoritas
1746 421 1800 452 illa
1815 421 1997 453 Aristotelis
2013 423 2138 463 optime
2154 423 2230 455 facit
2247 425 2288 456 ad
2302 428 2520 467 propositum.

1443 467 1522 498 Vult
1545 467 1633 497 enim
1661 475 1810 506 arguere:
1839 466 1873 497 Si
1897 476 1947 497 res
1973 467 2157 505 materialis,
2181 474 2316 510 propter
2341 471 2406 502 hoc
2429 473 2520 513 quod

1443 511 1635 542 abstrahitur
1662 520 1679 540 a
1708 510 1952 542 conditionibus
1978 512 2198 544 materialibus
2229 519 2261 544 et
2289 513 2327 545 fit
2357 514 2545 548 intellecti

1442 557 1475 587 in
1500 561 1584 592 actu,
1614 560 1662 585 est
1688 564 1794 585 unum
1822 564 1899 586 cum
1929 556 2129 597 intelligente
2156 558 2223 589 sive
2251 568 2327 589 cum
2353 559 2520 593 intellectu

1442 603 1475 632 in
1492 606 1576 637 actu,
1593 606 1748 640 tanquam
1766 601 1966 632 conveniens
1990 611 2067 633 cum
2090 603 2164 643 ipso
2187 603 2221 634 in
2246 613 2312 634 una
2334 603 2441 636 forma
2462 615 2521 647 per

1441 655 1541 687 quam
1564 650 1597 676 et
1620 644 1803 676 intellectus
1828 651 1876 676 est
1897 646 1931 676 in
1955 651 2031 678 actu
2054 652 2087 678 et
2109 648 2180 688 ipsa
2201 658 2253 679 res
2275 650 2448 681 materialis
2471 657 2520 683 est

1441 696 1515 722 actu
1538 689 1716 725 intellecta;
1741 695 1872 730 oportet
1895 696 1932 721 ut
1954 691 2028 722 illae
2051 692 2248 724 substantiae
2272 703 2357 735 quae
2380 696 2518 727 omnino

1440 741 1516 766 sunt
1543 744 1560 765 a
1588 734 1723 765 materia
1753 740 1933 775 separatae,
1964 745 2040 767 cum
2067 737 2131 768 sint
2160 738 2343 770 secundum
2369 745 2518 772 naturam

1440 790 1532 811 suam
1555 778 1738 810 intellectae
1760 779 1794 810 in
1813 785 1888 811 actu
1911 785 2068 821 tanquam
2091 791 2150 823 per
2172 792 2206 813 se
2233 783 2273 814 ad
2295 793 2400 825 genus
2422 786 2517 817 intel-

1439 825 1611 866 ligibilium
1634 824 1844 864 pertinentes,
1861 825 1925 855 sint
1940 826 2038 856 etiam
2054 826 2236 858 secundum
2259 834 2408 860 naturam
2425 839 2518 862 suam

1438 869 1667 906 intellectivae3
1692 874 1730 899 ut
1752 870 1792 899 sit
1807 870 2030 901 universaliter
2045 880 2160 902 verum
2176 872 2268 913 quod
2288 873 2321 904 in
2345 875 2518 906 abstractis

1437 924 1458 945 a
1483 914 1622 945 materia
1640 913 1803 955 peridem
1827 919 1876 946 est
1893 914 2020 956 aliquid
2036 916 2233 948 intellectum
2257 918 2290 948 in
2314 924 2390 950 actu
2413 925 2446 950 et
2467 921 2517 951 in·

1438 959 1643 990 tellectivum.
1657 959 1752 995 Nam,
1768 959 1795 990 si
1811 968 1869 999 per
1881 958 2020 990 formam
2033 959 2152 992 factam
2167 962 2206 992 ab
2218 962 2386 995 intellectu
2401 971 2517 1005 agente

1437 1014 1487 1036 res
1511 1010 1559 1035 est
1582 1010 1657 1035 actu
1680 1003 1854 1041 intellecta,
1874 1013 1933 1045 per
1951 1004 2088 1036 eandem
2112 1004 2251 1037 formam
2275 1007 2458 1040 intellectus
2480 1009 2517 1041 fit

1436 1050 1471 1080 in
1494 1054 1579 1080 actu.
1601 1048 1634 1080 Si
1651 1054 1760 1080 autem
1776 1058 1826 1080 res
1839 1058 1899 1090 per
1914 1050 2065 1090 seipsam,
2081 1050 2164 1082 idest
2187 1061 2225 1082 ex
2241 1053 2372 1093 propria
2391 1059 2515 1092 natura,

1437 1095 1477 1125 sit
1499 1093 1663 1125 intellecta
1678 1094 1713 1124 in
1729 1099 1814 1130 actu,
1839 1099 1970 1134 oportet
1985 1099 2022 1125 ut
2037 1096 2135 1126 etiam
2150 1096 2334 1128 secundum
2349 1099 2516 1139 propriam

1435 1145 1584 1170 naturam
1608 1140 1648 1170 sit
1671 1138 1907 1170 intellectualis.

1494 1194 1524 1215 2.
1541 1183 1606 1215 Sed
1621 1189 1732 1224 posset
1747 1183 1864 1224 aliquis
1887 1183 1995 1215 dicere
2010 1185 2169 1225 quoniam
2193 1195 2232 1216 ex
2255 1186 2320 1217 hoc
2343 1187 2436 1228 quod
2458 1198 2516 1229 per

1435 1229 1523 1260 idem
1548 1228 1670 1270 aliquid
1686 1228 1895 1260 constituitur
1910 1229 1943 1260 in
1960 1238 2030 1260 esse
2045 1229 2201 1261 intellecti
2215 1230 2249 1261 in
2273 1237 2359 1269 actu,
2379 1237 2412 1264 et
2435 1242 2515 1265 con-

1436 1274 1578 1305 stituitur
1601 1273 1784 1305 intellectus
1802 1274 1837 1304 in
1861 1279 1946 1311 actu,
1962 1284 2031 1306 non
2047 1275 2194 1315 sequitur
2217 1280 2253 1306 ut
2275 1275 2381 1308 forma
2404 1286 2423 1308 a
2444 1287 2514 1309 ma-

1435 1320 1515 1350 teria
1530 1324 1685 1360 separata,
1702 1327 1787 1359 quae
1804 1324 1852 1349 est
1867 1328 1906 1349 ex
1921 1320 2052 1360 propria
2068 1325 2184 1351 natura
2198 1320 2361 1352 intellecta
2377 1322 2410 1353 in
2427 1327 2513 1360 actu,

1435 1365 1476 1395 sit
1498 1363 1695 1395 intellectiva
1718 1363 1900 1394 secundum
1923 1373 2015 1395 suam
2039 1370 2203 1395 naturam:
2228 1364 2285 1396 sed
2304 1366 2388 1397 bene
2411 1367 2513 1408 quod,

1435 1410 1519 1440 sicut
1541 1418 1599 1450 per
1622 1409 1762 1450 seipsam
1787 1414 1835 1439 est
1857 1408 2020 1439 intellecta
2042 1409 2076 1440 in
2101 1414 2186 1446 actu,
2210 1410 2254 1441 ita
2276 1419 2335 1451 per
2361 1412 2513 1453 seipsam,

1434 1463 1502 1485 non
1527 1460 1637 1486 autem
1660 1462 1719 1494 per
1741 1453 1837 1484 aliam
1860 1454 2005 1494 speciem
2028 1453 2182 1492 mediam,
2201 1455 2313 1487 unitur
2334 1456 2514 1490 intellectui

1434 1500 1538 1540 ipsam
1553 1498 1756 1539 intelligenti,
1772 1503 1929 1539 tanquam
1944 1508 2003 1540 per
2018 1499 2159 1540 seipsam
2174 1499 2296 1532 faciens
2311 1501 2513 1535 intellectum

1434 1544 1468 1575 in
1491 1549 1576 1574 actu.
1593 1544 1635 1574 Et
1650 1543 1696 1574 sic
1712 1553 1779 1574 non
1796 1542 1924 1574 videtur
1939 1543 2050 1574 haberi
2067 1554 2106 1575 ex
2129 1544 2195 1575 hoc
2214 1543 2249 1576 id
2271 1545 2364 1586 quod
2386 1545 2513 1579 videtur

1433 1588 1516 1620 velle
1533 1588 1694 1620 deducere
1710 1588 1847 1619 Sanctus
1863 1587 2019 1626 Thomas,
2036 1589 2159 1620 scilicet
2175 1589 2266 1630 quod
2282 1591 2390 1622 omnis
2406 1590 2512 1624 forma

1434 1643 1451 1664 a
1475 1634 1609 1664 materia
1631 1638 1777 1674 separata
1800 1633 1840 1663 sit
1862 1633 2056 1674 intelligens,
2074 1639 2107 1665 et
2121 1643 2180 1675 per
2198 1643 2406 1676 consequens
2421 1636 2513 1678 quod

1434 1679 1542 1709 anima
1565 1678 1650 1709 bruti
1673 1683 1818 1719 separata
1834 1687 1852 1708 a
1869 1679 2002 1708 materia
2025 1679 2085 1709 erit
2107 1678 2314 1710 intellectiva.

1488 1722 1727 1764 Respondetur‚
1741 1732 1779 1753 ex
1791 1722 1939 1754 doctrina
1953 1723 2061 1754 Sancti
2074 1723 2225 1755 Thomae
2243 1724 2361 1761 Primo,
2378 1724 2410 1756 d.
2417 1734 2510 1764 xxxv,

1433 1777 1460 1799 a.
1479 1776 1506 1805 ι,
1519 1767 1620 1809 quod,
1633 1768 1718 1799 sicut
1733 1768 1871 1798 materia
1888 1773 1936 1799 est
1944 1768 2146 1809 principium
2158 1769 2509 1811 particularizationis,

1433 1813 1479 1843 ita
1485 1813 1626 1855 formae
1643 1813 1778 1844 debetur
1793 1812 2063 1855 intelligibilitas:
2081 1818 2131 1844 est
2153 1814 2239 1844 enim
2249 1815 2372 1856 forma
2382 1815 2509 1856 prinei-

1426 1858 1520 1898 pium
1544 1857 1754 1899 cognitionis.
1775 1857 1877 1893 Unde,
1893 1857 1923 1888 si
1936 1858 2057 1900 forma
2075 1858 2119 1888 sit
2141 1868 2162 1889 a
2186 1859 2324 1890 materia
2343 1862 2508 1901 separata,

1433 1907 1560 1942 oportet
1584 1907 1620 1932 ut
1641 1902 1684 1933 sit
1714 1901 1946 1933 intellectualis
1969 1907 2119 1939 naturae,
2141 1902 2332 1934 secundum
2347 1903 2510 1936 conditio-

1430 1955 1507 1977 nem
1531 1947 1633 1987 ipsius
1649 1946 1790 1977 formae:
1811 1951 1848 1977 ut
1870 1946 2027 1982 videlicet,
2051 1947 2080 1978 si
2103 1952 2152 1978 est
2163 1947 2286 1990 sor-ma
2302 1957 2369 1979 non
2388 1957 2454 1990 per·
2472 1958 2509 1981 as

1430 1991 1615 2027 subsistens,
1637 1991 1696 2022 sed
1704 1991 1869 2033 perfectio
1885 1991 2027 2022 alicuius
2041 1991 2253 2028 subsistentis,
2276 1993 2321 2024 sit
2341 1993 2508 2025 etiam-in·

1430 2036 1610 2077 telligibilis
1634 2041 1670 2067 ut
1680 2035 1879 2077 principium
1895 2045 1960 2077 quo
1979 2036 2106 2077 aliquid
2128 2036 2293 2079 intelligit,
2310 2047 2378 2069 non
2398 2042 2507 2070 autem

1431 2085 1467 2111 ut
1477 2090 1539 2122 per
1561 2090 1597 2111 se
1612 2081 1810 2122 intelligens,
1826 2081 1912 2112 sicut
1927 2086 1959 2112 et
1976 2081 2084 2112 omnis
2101 2081 2170 2113 alia
2176 2082 2298 2124 forma
2314 2092 2381 2114 non
2404 2083 2507 2116 subsi-

1428 2130 1525 2162 stens,
1550 2125 1697 2157 ordinata
1721 2125 1761 2157 ad
1784 2126 2022 2166 operationem,
2041 2131 2090 2157 est
2111 2126 2210 2158 alteri
2233 2128 2395 2168 operandi
2410 2129 2506 2170 p'n'n-

1429 2170 1559 2211 cipium,
1577 2180 1644 2202 non
1660 2175 1769 2202 autem
1792 2170 1863 2212 ipsa
1884 2175 2059 2212 operatur;
2081 2171 2110 2202 si
2125 2176 2234 2203 autem
2249 2177 2299 2203 est
2318 2173 2505 2212 suasissem.

1428 2215 1472 2246 sit
1494 2215 1709 2258 intelligibilis
1726 2225 1791 2257 per
1813 2215 1945 2246 modum
1968 2215 2192 2257 intelligentis,
2220 2217 2267 2248 rei
2290 2218 2379 2249 enim
2400 2218 2506 2250 subni-

1428 2261 1525 2291 stenti
1548 2261 1703 2291 convenit
1726 2261 1853 2301 operari
1869 2260 2050 2291 secundum
2070 2260 2295 2293 conditionem
2318 2271 2397 2294 suae
2410 2267 2506 2295 natu·

1427 2314 1491 2336 rae.
1515 2305 1595 2336 Vult
1619 2314 1696 2346 ergo
1720 2315 1738 2336 a
1761 2306 1856 2346 signo
1879 2314 2013 2346 arguere
2037 2305 2175 2337 Sanctus
2191 2305 2338 2338 Thomas
2360 2308 2418 2339 sie.
2440 2307 2506 2340 Ra

1427 2350 1601 2381 materialis
1623 2349 1660 2381 fit
1683 2359 1787 2381 unum
1808 2359 1885 2381 cum
1908 2349 2085 2387 intellectu,
2101 2355 2258 2392 tanquam
2281 2352 2422 2384 existens
2440 2353 2505 2384 sibi

1427 2395 1626 2436 principium
1649 2395 1889 2432 intellectionis‚
1908 2403 1968 2436 per
1989 2395 2054 2426 hoc
2073 2395 2165 2435 quod
2180 2395 2373 2427 abstrahitur
2394 2406 2414 2428 a
2435 2406 2505 2429 ma-

1426 2440 1505 2471 teria
1521 2445 1553 2471 et
1575 2439 1612 2471 fit
1635 2439 1798 2471 intellecta
1820 2440 1853 2471 in
1877 2445 1962 2471 actu.
1982 2439 2070 2480 Ergo
2085 2440 2216 2480 signum
2234 2446 2283 2472 est
2304 2440 2397 2482 quod
2409 2441 2505 2474 intel·

1427 2484 1615 2522 lectualitas‚
1643 2485 1766 2516 scilicet
1792 2493 1862 2516 esse
1889 2484 2087 2525 principium
2113 2485 2324 2526 intelligendi,
2351 2486 2506 2519 convenit

1426 2530 1472 2560 rei
1496 2539 1555 2571 per
1577 2530 1829 2561 abstractionem
1845 2539 1863 2560 a
1877 2530 2022 2561 materia.
2047 2529 2135 2571 Ergo
2159 2531 2266 2561 omnis
2289 2529 2395 2562 forma
2412 2540 2505 2574 sepa·

1426 2580 1494 2605 rata
1517 2585 1535 2605 a
1558 2574 1693 2606 materia
1707 2580 1757 2606 est
1779 2575 1979 2616 principium
2000 2574 2202 2616 intelligendi
2223 2584 2285 2606 suo
2300 2575 2420 2608 modo:
2443 2577 2505 2608 sei-

1426 2619 1502 2651 licet
1527 2618 1631 2651 forma
1654 2628 1714 2660 per
1735 2629 1770 2650 se
1796 2620 1985 2657 subsistens,
2002 2625 2158 2660 tanquam
2182 2629 2240 2661 per
2261 2629 2295 2651 se
2319 2620 2505 2662 producens

1426 2670 1536 2695 actum
1560 2664 1790 2696 intellectionis
1806 2670 1839 2695 et
1854 2674 1913 2705 per
1931 2674 1966 2696 se
1985 2664 2183 2706 intelligens;
2208 2663 2314 2696 forma
2335 2675 2415 2698 vero
2438 2666 2505 2698 exi-

1426 2715 1513 2741 stens
1537 2710 1570 2740 in
1599 2709 1673 2746 alio,
1701 2715 1858 2750 tanquam
1881 2709 2021 2740 existens
2047 2709 2138 2740 alteri
2165 2710 2364 2751 principium
2386 2710 2504 2743 intelli-

1425 2753 1534 2795 gendi.
1558 2754 1601 2785 Et
1616 2755 1672 2791 sic,
1689 2763 1766 2785 cum
1785 2755 1892 2785 anima
1913 2754 2009 2791 bruti,
2029 2754 2056 2785 si
2075 2759 2217 2795 ponatur
2238 2763 2407 2787 remanere
2419 2760 2505 2797 <post

1426 2808 1556 2840 corpus,
1581 2799 1621 2830 sit
1644 2798 1749 2830 forma
1772 2799 1950 2830 subsistens
1974 2808 1991 2830 a
2019 2799 2153 2830 materia
2179 2805 2334 2840 separata,
2358 2800 2506 2841 sequitur

1426 2843 1517 2885 quod
1540 2844 1581 2874 sit
1603 2843 1807 2875 intellectiva.

1482 2889 1512 2920 3.
1537 2888 1690 2920 Secundo
1714 2894 1823 2930 potest
1845 2887 2036 2929 responderi
2059 2888 2151 2929 quod
2176 2898 2245 2920 non
2269 2888 2401 2921 deducit
2422 2888 2504 2921 San·

1425 2939 1497 2964 ctus
1512 2933 1660 2964 Thomas
1683 2933 1724 2965 ad
1746 2934 1811 2964 hoc
1834 2933 2069 2964 inconveniens
2092 2933 2184 2974 quod
2206 2934 2314 2965 anima
2337 2933 2423 2966 bruti
2444 2933 2505 2967 erit

1426 2978 1634 3016 intellectiva,
1651 2977 1707 3009 sed
1724 2977 1763 3008 ad
1775 2978 1839 3009 hoc
1855 2977 1948 3019 quod
1962 2978 2022 3009 erit
2038 2978 2275 3009 intellectualis.
2289 2978 2379 3010 Cum
2393 2983 2504 3011 autem

1425 3022 1550 3054 dicatur
1565 3022 1670 3054 forma
1685 3022 1912 3054 intellectualis
1926 3022 2108 3063 dupliciter,
2125 3028 2162 3054 ut
2177 3028 2266 3064 patet
2280 3023 2356 3054 loco
2378 3023 2503 3064 pne-11-

1424 3067 1532 3108 legato
1548 3068 1575 3104 ⁸,
1600 3067 1722 3099 scilicet
1737 3073 1793 3098 aut
1813 3068 1890 3108 quia
1906 3073 1954 3098 est
1967 3067 2162 3108 intelligens,
2179 3073 2235 3098 aut
2250 3069 2327 3109 quia
2343 3073 2391 3099 est
2412 3067 2504 3104 altos-i

1424 3113 1624 3153 principium
1647 3112 1863 3153 intelligendi;
1888 3111 1928 3143 ad
1958 3113 2023 3144 hoc
2050 3112 2143 3153 quod
2172 3118 2220 3144 est
2249 3113 2282 3144 in
2307 3113 2503 3154 separari-,a

1424 3157 1559 3188 materia
1581 3157 1670 3189 idem
1691 3166 1760 3188 esse
1784 3157 1985 3188 intellectum
2002 3162 2034 3188 et
2050 3157 2296 3198 intelligentem,
2313 3163 2345 3189 et
2359 3157 2502 3193 animan

1425 3202 1511 3233 bruti
1535 3212 1604 3234 esse
1628 3202 1830 3233 intellectum
1853 3202 1886 3232 in
1909 3207 1994 3238 actu,
2018 3202 2165 3243 sequitur
2187 3203 2292 3244 ipsam
2315 3210 2386 3233 esse
2405 3201 2502 3234 intel·

1425 3247 1597 3279 lectualem
1621 3247 1724 3278 altero
1753 3246 1884 3278 illorum
1913 3245 2103 3284 modorum,
2134 3246 2247 3278 saltem
2275 3255 2334 3287 per
2362 3245 2502 3278 modum

1426 3292 1576 3333 principii
1592 3291 1832 3328 intellectionis,
1849 3292 1875 3322 si
1891 3296 2033 3332 ponatur
2048 3301 2066 3323 a
2081 3291 2214 3324 materia
2228 3295 2384 3332 separata.
2401 3290 2502 3329 Quod

1425 3346 1502 3368 cum
1526 3336 1587 3367 sibi
1610 3336 1703 3368 nullo
1726 3337 1846 3367 horum
1869 3335 2048 3367 modorum
2074 3335 2249 3367 convenire
2277 3336 2380 3376 possit
2403 3341 2440 3366 ut
2461 3336 2503 3368 sit

1425 3381 1666 3418 intellectualis;
1689 3390 1798 3422 neque
1822 3381 1910 3412 enim
1933 3386 2043 3422 potest
2070 3389 2140 3411 esse
2169 3379 2369 3420 intelligens;
2393 3389 2502 3421 neque

1426 3435 1484 3467 per
1507 3426 1647 3467 seipsam
1670 3431 1779 3467 potest
1801 3426 1886 3457 uniri
1908 3425 2087 3456 intellectui
2116 3430 2153 3456 ut
2182 3425 2381 3466 principium
2408 3425 2501 3457 intel·-

1426 3471 1586 3508 lectionis,
1611 3479 1687 3502 cum
1711 3475 1854 3512 ponatur
1877 3469 1982 3501 forma
2004 3474 2110 3500 creata
2136 3469 2328 3501 subsistens:
2355 3469 2503 3511 sequitur

1427 3514 1517 3556 quod
1542 3525 1560 3546 a
1583 3516 1715 3546 materia
1738 3519 1883 3556 separata
1905 3522 2038 3545 manere
2059 3523 2128 3544 non
2151 3519 2270 3554 potest.
2286 3514 2328 3545 Et
2351 3515 2397 3546 sic
2418 3515 2500 3546 ratio

1427 3559 1536 3591 Sancti
1559 3560 1709 3591 Thomae
1732 3558 1908 3591 efficaciam
1931 3558 2037 3590 habet.

1483 3604 1523 3635 V.
1551 3605 1661 3635 Tertio
1674 3605 1691 3622 ⁹
1714 3603 1758 3635 ad
1780 3602 2020 3635 conclusionem
2049 3603 2216 3645 arguitur.
2245 3603 2281 3634 ln
2305 3603 2405 3635 brutis
2430 3612 2501 3635 non

1427 3654 1476 3679 est
1498 3649 1660 3690 appetitus
1684 3648 1725 3680 ad
1747 3657 1817 3679 esse
1840 3653 2036 3688 perpetuum
2059 3649 2122 3678 nisi
2140 3647 2323 3679 secundum
2342 3647 2499 3689 speciem:

1427 3692 1518 3733 quod
1543 3694 1639 3724 etiam
1663 3693 1825 3724 invenitur
1840 3692 1873 3723 in
1894 3691 2010 3733 plantis
2031 3698 2063 3723 et
2085 3693 2181 3724 rebus
2203 3693 2396 3724 inanimatis.
2412 3692 2500 3733 Ergo

2530 3070 2540 3081 '¹
2553 3067 2626 3093 Nm.
2643 3074 2657 3093 a
2677 3069 2745 3093 halas

2529 3101 2609 3126 m
2737 3120 2739 3123 .

2528 3606 2743 3658 aes-*u*

2760 2899 2768 2989 ιιι--.ᾳ
2762 2781 2768 2885 *must
