2768 4134
341 466 486 487 osi-nano
510 457 575 497 agit
598 456 734 488 Sanctus
750 456 896 488 Thomas
920 457 959 488 de
983 459 1117 489 vocibus
1140 459 1254 490 divinis
1275 469 1365 491 com—

43 505 56 516 ”
69 503 106 526 Cf.
122 502 257 526 comment.
289 467 442 542 Pplexis
457 502 485 532 *-

342 546 366 576 1.
390 545 433 577 Et
446 546 542 587 ponit
555 546 640 577 hanc
656 546 918 577 conclusionem:
942 547 1018 578 Non
1039 553 1116 579 sunt
1134 558 1240 580 vanae
1262 559 1364 580 enun-

285 591 438 622 tiationes
459 600 542 631 quas
565 591 747 622 intellectus
770 597 882 622 noster
903 591 943 622 de
965 592 1037 623 Deo
1051 594 1195 634 format.

341 635 510 666 Probatur.
535 635 600 666 Ubi
629 642 678 666 est
707 636 813 666 unitas
835 637 870 666 in
893 646 938 672 re,
962 637 1037 668 licet
1067 638 1107 668 sit
1136 638 1300 679 pluralitas
1324 648 1364 669 ex

284 685 375 721 parte
397 680 591 716 intellectus,
614 680 660 710 ibi
682 685 791 721 potest
813 681 994 712 intellectus
1017 692 1092 713 vere
1115 693 1314 724 componere
1331 689 1364 714 et

285 724 438 756 dividere.
462 724 528 756 Sed
550 725 584 755 in
607 724 681 755 Deo
711 731 759 756 est
789 726 894 756 unitas
924 727 1075 758 omnium
1107 737 1191 768 quae
1222 728 1262 759 de
1289 729 1362 769 ipso

285 769 438 800 dicuntur
460 779 500 800 ex
526 774 618 809 parte
641 770 697 806 rei,
721 770 884 810 pluralitas
907 780 985 802 vero
1009 781 1048 802 ex
1070 778 1160 812 parte
1188 774 1290 804 nostri
1312 773 1362 804 in-

284 813 442 845 tellectus.
467 814 554 854 Ergo
571 819 632 844 etc.
657 833 679 837 -
703 815 808 845 Maior
823 821 920 856 patet.
945 816 1032 854 Quia
1047 826 1104 857 per
1120 818 1273 858 copulam
1291 827 1362 848 ver-

284 858 392 890 balem
406 859 602 899 importatur
617 859 650 890 in
666 861 946 900 propositionibus
964 862 1070 891 unitas
1094 862 1254 902 quaedam
1270 871 1361 903 prae-

285 903 382 935 dicati
405 913 483 934 cum
506 904 663 934 subiecto.
686 921 711 927 -
735 904 844 936 Minor
866 915 943 936 vero
974 906 1139 946 probatur.
1164 907 1260 945 Quia,
1287 908 1362 939 licet

283 948 467 980 intellectus
495 954 606 979 noster
636 948 767 980 diversis
797 951 1068 990 conceptionibus
1097 952 1131 981 in
1162 952 1223 983 Dei
1250 953 1362 992 cogni-

283 994 410 1024 tionem
433 994 610 1034 perveniat,
635 994 788 1025 omnibus
810 1000 920 1025 tamen
943 1004 1043 1026 unam
1067 996 1204 1026 omnino
1228 1006 1296 1027 rem
1313 1007 1361 1028 re-

284 1038 446 1079 spondere
478 1038 637 1079 intelligit.
671 1039 748 1069 Non
783 1039 872 1070 enim
906 1039 1087 1071 intellectus
1121 1041 1258 1072 modum
1293 1051 1361 1082 quo

283 1083 433 1124 intelligit
460 1084 556 1114 rebus
587 1083 738 1119 attribuit,
763 1089 800 1114 ut
827 1083 986 1121 videlicet,
1010 1085 1093 1115 sicut
1114 1086 1184 1126 ipse
1208 1091 1255 1116 est
1277 1087 1361 1117 mul-

283 1127 384 1169 tiplex
407 1129 441 1159 in
463 1127 687 1168 intelligendo,
710 1129 755 1158 ita
777 1137 847 1159 rem
871 1138 940 1159 esse
963 1129 1177 1170 multiplicem
1200 1131 1234 1161 in
1258 1131 1362 1171 seipsa

284 1172 384 1204 dicat:
408 1174 493 1203 sicut
514 1181 624 1213 neque
651 1172 750 1213 lapidi
779 1173 921 1204 attribuit
952 1174 1263 1211 immaterialitatem,
1287 1175 1363 1206 licet

284 1227 362 1249 eum
384 1217 636 1248 immaterialiter
658 1217 823 1258 intelligat.

339 1261 479 1294 Additur
509 1271 646 1303 quoque
676 1262 767 1302 quod
799 1261 982 1294 intellectus
1012 1263 1187 1304 aliquando
1218 1263 1258 1295 de
1289 1264 1361 1295 Deo

284 1307 525 1350 enuntiationes
548 1306 668 1338 format
691 1316 768 1338 cum
791 1307 899 1348 aliqua
914 1307 1103 1339 diversitatis
1118 1314 1207 1345 nota,
1224 1318 1363 1350 praepo-

255 1354 265 1356 *
283 1349 437 1383 sitionem
452 1351 707 1392 interponendo:
724 1357 762 1383 ut
778 1362 854 1383 cum
870 1352 996 1389 dicitur,
1013 1353 1152 1384 Bonitas
1167 1358 1215 1384 est
1229 1354 1262 1384 in
1278 1353 1362 1385 Deo.

340 1396 379 1428 11.
402 1396 467 1428 Hic
490 1396 558 1427 duo
581 1402 657 1428 sunt
673 1396 876 1428 advertenda.
901 1397 1045 1428 Primum
1062 1403 1119 1434 est,
1137 1398 1228 1438 quod
1244 1398 1364 1439 duplex

285 1447 334 1474 est
354 1441 475 1473 modus
499 1451 567 1483 quo
591 1441 774 1473 intellectus
798 1451 866 1473 rem
890 1443 1052 1483 intelligit:
1077 1451 1162 1474 unus
1186 1452 1220 1474 se
1249 1448 1364 1474 tenens

285 1496 324 1518 ex
338 1492 431 1528 parte
445 1488 493 1518 rei
507 1486 704 1523 intellectae;
729 1487 810 1518 alius
828 1497 863 1518 se
878 1493 992 1518 tenens
1009 1497 1047 1518 ex
1063 1493 1152 1528 parte
1171 1487 1362 1518 intellectus.

285 1531 406 1564 Modus
429 1541 464 1563 se
486 1537 601 1563 tenens
626 1541 665 1562 ex
688 1537 778 1573 parte
802 1533 848 1563 rei
870 1532 1051 1563 intellectae
1068 1538 1116 1563 est
1130 1532 1184 1563 ille
1200 1540 1300 1572 quem
1315 1533 1365 1562 in-

283 1577 432 1609 tellectus
454 1577 489 1608 in
511 1585 546 1607 re
573 1576 796 1618 apprehendit.
828 1576 947 1607 Modus
978 1582 1088 1607 autem
1117 1585 1151 1607 se
1181 1582 1295 1607 tenens
1326 1586 1364 1607 ex

24 552 27 554 .
43 536 67 554 c.
76 536 130 557 xxx,
140 529 193 552 init.

425 2027 442 2040 Δ.
470 2019 479 2031 2
498 2009 522 2034 x
539 1994 774 2046 perfectione
790 2002 920 2032 autem
937 1993 1080 2042 divina,
1098 2007 1218 2044 quam
1238 2002 1365 2032 osten-

511 2049 643 2087 dimus
656 2047 687 2093 *,
714 2047 867 2087 bonitas
885 2047 1007 2098 ipsius
1026 2047 1206 2086 concludi
1225 2056 1363 2098 potest.

442 2128 482 2154 ,ἶ
565 2102 608 2140 Id
636 2101 743 2140 enim
766 2114 847 2151 quo
871 2102 1188 2152 unumquodque
1213 2102 1365 2139 bonum

315 2184 319 2188 >
453 2158 459 2163 '
513 2155 664 2202 dicitur,
701 2163 758 2193 est
792 2155 951 2205 propria
978 2155 1100 2193 virtus
1137 2155 1236 2193 eius:
1271 2166 1365 2192 nam

287 2212 404 2250 virtus
441 2215 493 2248 est
529 2211 816 2260 uniuscuiusque
853 2222 949 2259 quae
989 2211 1129 2247 bonum
1162 2210 1263 2258 facit
1299 2210 1365 2246 ha-

197 2271 260 2294 *υἱ
287 2266 435 2307 bentem
458 2269 492 2301 et
515 2276 608 2314 opus
627 2265 705 2301 eius
728 2265 868 2301 bonum
894 2263 1012 2300 reddit
1025 2262 1056 2300 ²¹².
1077 2262 1208 2300 Virtus
1234 2269 1366 2300 autem

288 2324 341 2357 est
368 2318 552 2368 perfectio
585 2317 789 2367 quaedam:
819 2323 908 2354 tunc
939 2319 1039 2354 enim
1078 2315 1368 2366 unumquodque

34 2418 36 2423 ,
283 2373 495 2423 perfectum
523 2372 681 2409 dicimus
713 2371 863 2420 quando
895 2372 1042 2421 attingit
1064 2371 1265 2420 propriam
1294 2371 1367 2407 vir-

39 2451 41 2454 ·
89 2470 97 2479 ,
124 2426 260 2456 ”¹2⁴2··“¹'²¹·
288 2432 414 2471 tutem,
434 2433 478 2462 ut
496 2432 600 2475 patet
619 2425 659 2462 in
678 2425 745 2461 Vll
760 2425 1010 2473 Physicorum
1024 2424 1056 2461 ¹¹⁸.
1081 2424 1140 2461 Ex
1160 2424 1237 2460 hoc
1255 2423 1369 2472 igitur

113 2477 115 2480 ’
289 2479 610 2529 unumquodque
624 2478 777 2516 bonum
798 2485 854 2515 est
873 2477 982 2527 quod
1001 2477 1216 2527 perfectum
1236 2484 1302 2514 est.
1319 2477 1369 2514 Et

290 2533 381 2572 inde
401 2540 458 2570 est
476 2533 586 2582 quod
613 2532 932 2581 unumquodque
959 2543 1072 2569 suam
1090 2530 1369 2581 perfectionem

291 2586 437 2637 appetit
473 2585 572 2623 sicut
607 2585 813 2635 proprium
848 2585 1013 2623 bonum.
1056 2585 1270 2623 Ostensum
1313 2591 1369 2621 est

291 2648 423 2679 autem
443 2641 575 2677 Deum
595 2651 678 2676 esse
702 2640 917 2689 perfectum
936 2639 967 2676 ²⁸.
994 2640 1062 2676 Est
1086 2638 1199 2688 igitur
1226 2638 1366 2675 bonus.

345 2695 451 2731 Item.
483 2694 697 2731 Ostensum
725 2701 782 2730 est
810 2705 928 2742 supra
946 2692 967 2714 '¹‘
995 2704 1078 2729 esse
1106 2691 1265 2741 aliquod
1293 2690 1368 2740 pri-

30 2259 57 2311 ¹'-
131 2266 186 2317 12¹&

22 2623 23 2626 Ἴ
45 2638 128 2663 ‘lae-
141 2639 182 2662 eit.

20 2686 27 2710 ἶ
45 2697 59 2711 ⁴¹
71 2696 130 2726 up.
143 2703 196 2720 zui.

24 2747 26 2749 ’
292 2758 406 2786 mum
424 2759 590 2784 movens
619 2746 832 2793 immobile,
862 2746 971 2795 quod
999 2746 1107 2783 Deus
1135 2752 1202 2782 est.
1232 2745 1368 2781 Movet

22 2843 23 2846 ,
292 2809 425 2840 autem
462 2800 560 2838 sicut
596 2811 763 2837 movens
801 2799 965 2837 omnino
1003 2798 1216 2836 immobile.
1247 2797 1367 2845 Quod

19 2854 195 2908 Qum
207 2856 263 2884 Μ’*
292 2863 427 2894 movet
455 2854 552 2892 sicut
581 2853 842 2891 desideratum
856 2852 887 2890 *.
918 2853 1025 2890 Deus
1053 2851 1178 2901 igitur,
1201 2863 1293 2888 cum
1322 2850 1368 2887 sit

31 2909 33 2911 ’
291 2909 467 2959 primum
496 2919 662 2945 movens
690 2906 903 2953 immobile,
933 2913 990 2943 est
1017 2905 1191 2955 primum
1218 2903 1367 2941 deside-

293 2970 432 3000 ratum.
462 2961 714 2999 Desideratur
732 2967 865 2998 autem
884 2958 1086 3009 dupliciter
1109 2957 1270 3007 aliquid:
1300 2964 1367 2994 aut

292 3015 385 3067 quia
405 3023 461 3052 est
478 3016 648 3059 bonum;
674 3022 740 3051 aut
759 3013 851 3063 quia
879 3020 1039 3062 apparet
1065 3012 1229 3049 bonum.
1256 3011 1365 3059 Quo-

292 3082 382 3108 rum
401 3069 576 3120 primum
595 3075 651 3105 est
670 3067 779 3117 quod
799 3074 854 3104 est
873 3066 1041 3103 bonum:
1062 3077 1155 3102 nam
1175 3077 1366 3114 apparens

292 3124 445 3162 bonum
471 3135 553 3160 non
576 3129 710 3159 movet
738 3132 809 3171 per
836 3119 1020 3169 seipsum,
1051 3119 1119 3157 sed
1147 3118 1367 3156 secundum

292 3177 403 3227 quod
430 3177 548 3214 habet
575 3175 747 3224 aliquam
769 3173 940 3223 speciem
959 3172 1070 3219 boni;
1099 3172 1251 3209 bonum
1270 3184 1366 3209 vero

293 3238 428 3268 movet
446 3242 517 3280 per
535 3228 719 3279 seipsum.
750 3227 928 3265 Primum
953 3226 1067 3274 igitur
1091 3225 1364 3272 desideratum,

293 3285 403 3335 quod
431 3285 539 3321 Deus
567 3290 634 3329 est,
666 3290 722 3319 est
749 3293 840 3318 vere
869 3281 1033 3317 bonurn.

346 3338 501 3375 Adhuc.
535 3339 687 3375 Bonum
724 3341 775 3372 est
810 3334 909 3385 quod
941 3334 1069 3371 omnia
1104 3338 1297 3382 appetunt:
1323 3339 1366 3369 ut

19 3427 24 3430 .
293 3391 558 3441 Philosophus
593 3391 730 3440 optime
765 3389 900 3426 dictum
929 3385 1148 3431 introducit,
1178 3386 1192 3422 I
1218 3387 1366 3423 Ethico-

4 3437 29 3499 ’χε
52 3431 265 3483 ἱῗρ”“’”’“ῃ“”
294 3458 380 3483 rum
398 3445 430 3482 *.
461 3443 608 3482 Omnia
635 3450 767 3481 autem
795 3448 983 3491 appetunt
1010 3451 1093 3476 esse
1121 3446 1210 3476 actu
1229 3451 1365 3475 secun-

347 3551 367 3576 4
384 3551 447 3568 nam
464 3541 559 3575 virtus]
578 3549 640 3566 nam
658 3541 763 3574 propria
775 3539 858 3564 virtus
871 3538 980 3569 WYZd,
995 3536 1268 3605 namavigtiissgrtgfigiss
1281 3536 1371 3596 Ιξὶὲιὲι
1386 3535 1417 3566 G,
1433 3535 1539 3568 propria
1558 3541 1673 3567 namque
1691 3533 1773 3558 virtus
1788 3533 1818 3558 P.

814 3618 841 3636 11
866 3616 980 3635 etex...
994 3614 1019 3634 et
1031 3607 1070 3642 ex]
1086 3580 1159 3633 ers.
1174 3612 1199 3632 et
1212 3614 1242 3631 ex
1255 3589 1375 3637 owPc]

1289 3649 1319 3668 21
1342 3642 1383 3666 sui
1396 3647 1422 3666 et
1435 3649 1495 3666 esse
1508 3642 1531 3666 A
1543 3641 1616 3666 solus
1621 3649 1628 3671 ;
1647 3641 1687 3665 sui
1701 3647 1761 3665 esse
1776 3639 1876 3668 anPc,
1890 3638 1929 3662 sui
1948 3636 2107 3662 EGNWYZ.

1003 3688 1036 3711 24
1055 3686 1171 3704 necesse.
1185 3678 1232 3703 Est
1244 3676 1330 3711 igitur]
1350 3677 1466 3702 Necesse
1478 3682 1519 3702 est
1531 3676 1608 3709 igitur
1622 3676 1694 3707 EFZ,
1708 3682 1816 3700 necesse
1829 3681 1888 3698 esse
1901 3678 1941 3698 est
1953 3672 2030 3705 igitur
2042 3672 2066 3697 b.

295 3587 312 3613 9
330 3587 367 3604 vn
385 3579 495 3608 DNch;
516 3586 564 3603 vm
582 3577 660 3608 asZc,
678 3584 705 3601 v1
725 3575 858 3608 GWYpZ,
878 3582 897 3599 11
917 3574 946 3599 F..

348 3622 366 3647 4
385 3622 400 3639 a
413 3613 538 3648 potentia]
553 3613 668 3646 potentia
680 3612 729 3638 Pd.
854 3647 859 3652 ¹

297 3650 330 3676 18
349 3649 422 3684 vero]
442 3655 531 3675 autem
550 3649 593 3674 Pe.
681 3654 714 3681 ¹9
734 3646 795 3680 Qui]
816 3654 876 3680 quia
891 3646 920 3675 E,
934 3645 1007 3679 quod
1019 3644 1073 3674 FG,
1087 3651 1154 3676 quae
1168 3642 1215 3668 Pd.

296 3690 337 3711 at
355 3685 434 3711 enirn.
508 3684 540 3710 23
561 3682 642 3718 quod]
663 3684 734 3717 quod
753 3683 825 3708 Deus
844 3682 916 3707 NPd.

0 3675 19 3702 ,δικ
0 3650 13 3661 »ς

0 276 17 312 ἰ1
741 280 931 317 SUMMA
959 280 1182 319 CONTRA
1210 281 1486 332 GENTILES,
1518 283 1629 321 CAP.
1650 285 1823 332 XXXVI,
1848 286 2036 323 XXXVII.

2418 298 2485 323 111

1051 387 1387 422 Commentariun
1417 390 1727 424 Ferrariensis

1417 466 1507 500 parte
1530 461 1711 491 intellectus
1735 466 1782 491 est
1804 461 1858 492 ille
1882 463 1938 502 qui
1962 468 2070 493 actum
2094 462 2292 503 intelligendi
2322 463 2490 494 concomi-

1417 510 1502 535 tatur
1517 510 1554 536 ut
1569 505 1608 536 ab
1624 505 1790 536 intellectu
1806 506 1976 546 egreditur.
1999 507 2125 538 Primus
2140 508 2185 538 rei
2202 507 2382 538 secundum
2398 507 2489 548 quod

1418 555 1466 580 est
1480 555 1567 580 extra
1582 550 1784 581 intellectum
1806 552 1971 582 convenit:
1995 551 2157 582 secundus
2176 557 2285 583 autem
2307 552 2488 583 secundum

1417 594 1508 635 quod
1531 600 1579 625 est
1601 595 1636 625 in
1658 595 1836 626 intellectu.
1860 595 1947 626 Cum
1962 605 2039 636 ergo
2055 596 2171 627 dicitur
2194 596 2285 637 quod
2308 597 2488 629 intellectus

1416 639 1548 670 modum
1571 649 1635 680 quo
1663 639 1818 681 intelligit
1841 640 1937 671 rebus
1966 649 2032 671 non
2056 641 2213 678 attribuit,
2237 641 2424 682 intelligitur
2447 642 2487 673 de

1415 684 1518 715 modo
1534 693 1568 715 se
1583 690 1714 715 tenente
1738 694 1777 715 ex
1800 690 1890 725 parte
1913 685 2105 722 intellectus,
2120 695 2189 716 non
2205 691 2314 716 autem
2329 686 2370 718 de
2384 686 2486 718 modo

1415 738 1450 759 se
1472 734 1603 760 tenente
1628 738 1667 759 ex
1689 734 1779 769 parte
1801 730 1847 760 rei
1870 730 2060 761 intellectae.

1471 773 1660 804 Secundum
1686 779 1733 804 est
1757 773 1858 814 quod,
1883 783 1959 805 curn
1983 774 2148 815 duplicem
2171 774 2211 806 de
2234 775 2307 806 Deo
2337 776 2486 816 proposi-

1414 819 1540 849 tionem
1570 817 1688 849 formet
1718 818 1909 855 intellectus,
1933 828 2033 849 unam
2063 818 2212 856 dicendo,
2236 819 2313 850 Hoc
2342 825 2390 850 est
2412 820 2485 857 hoc,

1414 869 1503 903 puta,
1519 863 1610 894 Deus
1624 868 1671 894 est
1685 863 1800 901 bonus,
1818 863 1914 895 aliam
1937 863 2086 900 dicendo,
2103 863 2180 894 Hoc
2195 869 2243 895 est
2257 864 2291 895 in
2307 864 2380 901 hoc,
2397 870 2485 905 puta,

1413 907 1552 938 Bonitas
1575 913 1623 938 est
1646 908 1678 938 in
1702 908 1786 946 Deo,
1810 908 1845 938 in
1868 913 2004 949 utraque
2026 908 2218 949 importatur
2240 909 2346 940 unitas
2377 914 2408 939 et
2440 908 2487 939 di-

1414 953 1554 989 versitas,
1578 952 1635 984 sed
1657 952 1882 984 diversimode.
1906 953 1991 984 Nam
2014 954 2048 984 in
2071 954 2175 994 prima
2203 953 2309 984 unitas
2338 953 2487 994 explicite

1414 998 1615 1037 importatur,
1628 997 1750 1028 scilicet
1764 1007 1822 1038 per
1838 997 1991 1038 copulam
2005 998 2182 1029 verbalem:
2199 997 2362 1029 diversitas
2377 1003 2487 1029 autem

1414 1042 1607 1082 importatur
1629 1047 1756 1073 tantum
1778 1043 1945 1083 implicite,
1961 1043 2157 1083 inquantum
2180 1048 2227 1073 est
2249 1043 2413 1083 pluralitas
2426 1051 2486 1073 vo-

1414 1096 1501 1122 cum,
1526 1096 1663 1127 quarum
1686 1097 1751 1117 una
1772 1088 1905 1127 ponitur
1918 1088 1953 1117 in
1969 1088 2125 1124 subiecto,
2142 1087 2239 1118 altera
2253 1097 2331 1118 vero
2346 1088 2380 1118 in
2395 1095 2486 1127 prae—

1414 1131 1536 1168 dicato;
1561 1131 1641 1162 nihil
1663 1137 1772 1162 tamen
1788 1137 1835 1162 est
1850 1131 1941 1172 quod
1956 1133 2060 1173 ipsam
2079 1132 2294 1163 diversitatem
2317 1131 2484 1173 significet,

1415 1176 1492 1216 quia
1515 1175 1638 1206 diversa
1661 1177 1794 1207 nomina
1817 1186 1884 1207 non
1909 1177 2097 1208 inconvenit
2119 1177 2206 1208 idem
2230 1177 2365 1207 omnino
2388 1177 2486 1217 signi-

1415 1219 1522 1251 ficare.
1546 1220 1582 1250 ln
1605 1220 1747 1252 secunda
1763 1226 1871 1252 autem
1888 1227 1920 1252 et
1935 1222 2040 1252 unitas
2054 1222 2101 1252 rei
2116 1227 2150 1252 et
2163 1221 2326 1252 diversitas
2343 1231 2381 1252 ex
2395 1226 2485 1262 parte

1414 1264 1597 1295 intellectus
1620 1265 1812 1306 importatur
1835 1266 1993 1306 explicite,
2017 1267 2123 1297 unitas
2152 1275 2210 1307 per
2239 1266 2392 1306 copulam
2414 1275 2485 1296 ver-

1415 1309 1532 1346 balem,
1556 1309 1719 1350 pluralitas
1743 1319 1801 1351 per
1823 1311 2106 1351 praepositionem.
2130 1311 2223 1347 Nam,
2248 1319 2324 1342 cum
2346 1310 2426 1341 nihil
2445 1311 2486 1341 sit

1415 1354 1449 1384 in
1472 1354 1590 1395 seipso,
1608 1360 1738 1395 oportet
1760 1360 1797 1386 ut
1818 1355 1899 1386 haec
1921 1356 2117 1396 praepositio
2142 1356 2174 1386 in
2199 1355 2413 1386 diversitatem
2429 1355 2486 1386 ali-

1417 1406 1516 1438 quam
1538 1399 1635 1429 unius
1658 1400 1698 1430 ab
1722 1400 1822 1430 altero
1845 1400 2007 1440 importet,
2032 1400 2143 1431 saltem
2162 1399 2342 1431 secundum
2362 1400 2486 1431 intelle-

1417 1449 1516 1474 ctum.
1540 1444 1675 1484 Propter
1705 1444 1770 1475 hoc
1800 1444 1879 1475 dixit
1908 1444 2043 1475 Sanctus
2066 1445 2211 1475 Thomas
2238 1444 2329 1485 quod
2359 1445 2391 1475 in
2417 1444 2486 1475 istis

1411 1488 1693 1528 propositionibus
1708 1488 1903 1530 designatur
1913 1489 2024 1529 aliqua
2040 1489 2221 1526 diversitas,
2238 1498 2321 1529 quae
2337 1489 2487 1529 competit

1417 1532 1604 1569 intellectui,
1628 1532 1720 1569 idest,
1745 1542 1829 1573 quae
1853 1543 1891 1564 ex
1914 1539 2003 1574 parte
2029 1534 2209 1564 intellectus
2233 1540 2296 1570 est;
2321 1538 2352 1564 et
2374 1534 2486 1574 aliqua

1419 1577 1538 1613 unitas,
1562 1586 1659 1618 quam
1683 1577 1726 1608 ad
1750 1587 1817 1608 rem
1842 1583 1968 1618 oportet
1992 1578 2128 1620 referre.

1123 1645 1659 1688 —W—

631 1751 1116 1808 CAPITULUM
1153 1751 1678 1809 TRIGESIMUM
1715 1751 2148 1808 SEPTIMUM

922 1898 1128 1951 QUOD
1179 1839 1379 1940 onifsr
1412 1848 1562 1940 agsr
1611 1897 1854 1940 BONUS

1420 1994 1514 2032 dum
1553 2006 1671 2032 suum
1706 1994 1888 2032 modum:
1919 1993 2027 2043 quod
2061 2001 2164 2043 patet
2196 2007 2243 2031 ex
2275 1994 2351 2031 hoc
2379 1993 2487 2043 quod

1419 2046 1735 2097 unumquodque
1768 2047 1986 2085 secundum
2018 2054 2196 2085 naturam
2229 2059 2341 2084 suam
2372 2058 2486 2096 repu-

1418 2109 1508 2150 gnat
1526 2100 1777 2151 corruptioni.
1807 2101 1902 2138 Esse
1930 2100 2043 2149 igitur
2069 2109 2156 2138 actu
2180 2100 2274 2138 boni
2297 2099 2486 2138 rationem

1419 2154 1628 2192 constituit:
1658 2154 1764 2192 unde
1793 2162 1829 2191 et
1855 2166 1927 2204 per
1952 2153 2209 2204 privationem
2228 2161 2334 2191 actus
2363 2166 2386 2191 a
2416 2166 2486 2203 po-

1389 2230 1397 2251 ς
1419 2207 1535 2245 tentia
1557 2207 1810 2258 consequitur
1828 2208 1988 2253 malum,
2009 2208 2117 2257 quod
2146 2215 2202 2245 est
2228 2207 2334 2245 bono
2363 2219 2486 2257 oppo-

1420 2261 1550 2310 situm,
1578 2269 1621 2299 ut
1652 2274 1723 2312 per
1754 2260 2039 2310 Philosophum
2070 2268 2184 2311 patet,
2213 2260 2253 2298 in
2281 2262 2333 2298 IX
2363 2263 2487 2298 Meta-

1415 2317 1598 2366 physicae
1622 2315 1653 2352 *.
1692 2315 1800 2352 Deus
1836 2322 1968 2352 autem
2005 2322 2061 2351 est
2095 2327 2164 2352 ens
2199 2321 2291 2358 actu
2332 2326 2411 2352 non
2448 2313 2487 2351 in

1420 2368 1602 2419 potentia,
1624 2375 1667 2406 ut
1685 2380 1803 2418 supra
1820 2367 1840 2390 *
1868 2375 2068 2405 ostensum
2087 2376 2153 2405 est.
2183 2368 2251 2405 Est
2267 2367 2381 2416 igitur
2397 2380 2489 2405 vere

1420 2423 1562 2460 bonus.

1383 2489 1408 2504 ¹⁰
1476 2475 1666 2526 Amplius.
1698 2474 2013 2513 Communicatio
2046 2486 2129 2512 esse
2166 2481 2203 2511 et
2237 2473 2414 2512 bonitatis
2442 2485 2489 2511 ex

1421 2529 1592 2568 bonitate
1620 2528 1805 2580 procedit.
1836 2528 1955 2576 Quod
1984 2528 2145 2577 quidem
2165 2534 2269 2578 patet
2287 2534 2324 2564 et
2342 2539 2389 2564 ex
2407 2527 2490 2577 ipsa

1421 2591 1560 2621 natura
1587 2582 1692 2628 boni,
1713 2590 1750 2620 et
1769 2594 1816 2619 ex
1841 2581 1924 2619 eius
1943 2581 2102 2619 ratione.
2132 2581 2366 2618 Naturaliter
2383 2579 2489 2618 enim

1422 2638 1574 2675 bonum
1601 2635 1909 2685 uniuscuiusque
1929 2643 1984 2672 est
2002 2642 2108 2672 actus
2127 2642 2164 2671 et
2185 2634 2366 2684 perfectio
2394 2633 2487 2671 eius.

1422 2689 1746 2739 Unumquodque
1774 2696 1906 2726 autem
1925 2700 1971 2725 ex
1994 2689 2070 2725 hoc
2093 2687 2167 2735 agit
2186 2687 2293 2736 quod
2313 2695 2399 2724 actu
2419 2694 2485 2723 est.

1383 2760 1406 2780 ις
1422 2743 1584 2793 Agendo
1604 2750 1735 2780 autem
1755 2754 1838 2779 esse
1857 2750 1895 2779 et
1913 2741 2125 2779 bonitatem
2144 2740 2184 2777 in
2203 2740 2276 2778 alia
2295 2739 2485 2778 diffundit.

1421 2796 1534 2835 Unde
1569 2804 1606 2833 et
1641 2796 1795 2844 signum
1827 2794 2070 2845 perfectionis
2102 2801 2158 2831 est
2191 2793 2351 2831 alicuius
2379 2792 2488 2843 quod

1419 2851 1539 2888 simile
1550 2852 1666 2900 possit
1680 2850 1908 2900 producere.-
1926 2856 1969 2886 ut
1982 2855 2085 2898 patet
2102 2859 2172 2898 per
2190 2846 2486 2896 Philosophum,

1420 2903 1460 2941 in
1479 2904 1530 2941 IV
1547 2905 1808 2941 Meteororum
1822 2902 1854 2940 ²¹².
1877 2901 1990 2940 Ratio
2017 2913 2112 2939 vero
2140 2900 2234 2938 boni
2261 2908 2317 2938 est
2340 2913 2385 2937 ex
2412 2900 2488 2936 hoc

1420 2957 1528 3007 quod
1557 2964 1613 2994 est
1647 2956 1863 3007 appetibile.
1900 2956 2020 3003 Quod
2049 2963 2103 2993 est
2130 2953 2230 2991 finis.
2265 2954 2345 3001 Qui
2372 2952 2487 2990 etiarn

1381 3030 1407 3045 ,ο
1420 3018 1554 3048 movet
1581 3017 1759 3059 agentem
1788 3010 1837 3048 ad
1865 3009 2072 3058 agendum.
2109 3009 2270 3057 Propter
2297 3007 2404 3056 quod
2433 3005 2487 3043 di-

1420 3063 1518 3102 citur
1544 3064 1697 3102 bonum
1725 3076 1808 3101 esse
1845 3062 2057 3112 diffusivum
2085 3064 2144 3098 sui
2169 3067 2202 3097 et
2230 3073 2306 3097 esse
2319 3060 2349 3097 ³⁸.
2380 3060 2487 3096 Haec

1420 3125 1549 3156 autem
1572 3117 1727 3155 diffusio
1754 3117 1841 3154 Deo
1867 3116 2064 3166 competit:
2090 3122 2289 3151 ostensum
2308 3112 2413 3150 enim
2432 3119 2488 3149 est

1420 3183 1538 3221 supra
1555 3170 1576 3193 *
1603 3171 1711 3220 quod
1731 3169 1812 3207 aliis
1831 3177 1887 3207 est
1905 3181 2022 3206 causa
2050 3166 2212 3211 essendi,
2232 3167 2329 3204 sicut
2353 3178 2423 3215 per
2447 3177 2487 3202 se

1420 3237 1488 3262 ens
1517 3236 1685 3261 necesse.
1715 3224 1784 3261 Est
1811 3223 1924 3272 igitur
1950 3234 2041 3259 vere
2068 3221 2207 3258 bonus.

1380 3301 1403 3322 25

1419 3332 1541 3369 Israel
1553 3332 1656 3368 Deus
1675 3332 1732 3368 his
1752 3332 1815 3380 qui
1832 3335 1931 3367 recto
1949 3335 2033 3366 sunt
2052 3327 2174 3365 corde.
2204 3327 2252 3363 Et
2271 3327 2407 3363 Thren.
2420 3336 2453 3361 111
2463 3326 2487 3349 ²⁵

1419 3384 1573 3422 dicitur:
1585 3387 1715 3421 Bonus
1729 3390 1779 3421 est
1788 3385 1973 3421 Dominus
1985 3382 2214 3432 sperantibus
2224 3381 2262 3416 in
2277 3391 2326 3424 se,
2339 3380 2490 3415 animae

1421 3439 1614 3488 quaerenti
1639 3438 1755 3474 illum.

1908 3531 1920 3556 5
1936 3536 1975 3556 est
1993 3530 2035 3555 h1'c
2053 3530 2076 3554 A
2094 3530 2179 3560 so!us;
2194 3532 2259 3561 post
2276 3527 2489 3560 uniuscuiusque.

1841 3568 1850 3592 1
1869 3568 1890 3592 A
1909 3567 1994 3596 solus;
2013 3566 2038 3590 in
2058 3565 2076 3590 1.

2059 3607 2091 3633 17
2107 3600 2190 3633 possit
2202 3600 2223 3624 A
2237 3599 2310 3624 solus
2315 3606 2322 3628 3
2336 3598 2384 3623 sibi
2398 3598 2489 3631 possit.

2182 3642 2213 3660 22
2234 3635 2303 3660 enim
2316 3639 2357 3659 est
2370 3635 2392 3659 Α
2404 3635 2489 3664 solus;

2140 3670 2172 3696 26
2191 3670 2278 3696 liis»...
2291 3669 2379 3703 corde]
2393 3674 2440 3694 etc.
2461 3669 2490 3694 Z.

1464 3578 1497 3604 ²7
1517 3570 1614 3595 dictum
1634 3577 1676 3594 om
1696 3569 1751 3595 DE.

1389 3614 1419 3631 ex
1428 3624 1434 3630 .
1443 3625 1450 3632 .
1459 3626 1465 3632 .
1478 3611 1504 3631 et
1515 3605 1605 3631 ceteri.
1690 3611 1699 3629 ι
1708 3604 1721 3629 3
1741 3602 1823 3637 actus]
1837 3603 1902 3627 actio
1915 3602 1976 3627 αΡε.

1473 3277 1576 3315 Hinc
1595 3285 1650 3314 est
1668 3277 1776 3327 quod
1795 3276 1835 3314 in
1850 3275 2035 3313 Psalmo*
2054 3273 2204 3311 dicitur:
2233 3274 2355 3315 Quam
2370 3273 2489 3308 bonus
2515 3267 2524 3275 ‘

2514 2312 2601 2334 ·s.·r11.
2609 2312 2623 2333 ι.
2631 2318 2665 2339 ,ος
2673 2311 2728 2334 nid.

2515 2339 2578 2365 vm,
2589 2345 2619 2361 ιιι.

2515 2372 2524 2381 ”
2539 2370 2596 2398 cap.
2606 2376 2643 2391 xv.

2514 2896 2524 2906 ·
2539 2895 2596 2923 Cap.
2606 2901 2642 2922 ιιι,
2653 2902 2671 2917 ¹.

2514 3055 2523 3065 ·
2538 3054 2606 3076 Dion.
2622 3053 2652 3075 de
2672 3053 2725 3078 Οίν.

2515 3080 2591 3107 Nom.,
2611 3086 2682 3105 c.1v;
2706 3086 2725 3101 s.

2514 3106 2728 3161 {Xanfzfsffiffgzfi

2514 3170 2523 3179 ·
2539 3169 2596 3197 Cap.
2607 3174 2659 3190 ¹111.

2539 3270 2611 3286 Lxxu.
