2768 4134
48 351 59 362 '¹
71 349 108 373 cf.
118 355 141 372 n.
151 355 184 372 vr.

48 2801 261 2831 'cnp.1u,2;·.·rh.

47 2829 146 2880 ξ’Ἄῧῗϊιῃ
153 2855 169 2877 ι.
174 2861 200 2884 3;
208 2854 262 2876 nid.

9 2883 12 2887 '
46 2881 157 2912 131‚n,7.

779 272 968 310 SUMMA
997 274 1220 312 CONTRA
1248 273 1523 320 GENTILES,
1551 247 1646 311 LIB.
1667 275 1708 320 II,
1739 275 1849 312 CAP.
1869 276 1998 313 LVIII.

346 349 368 379 1.
384 349 429 379 Et
444 350 558 390 arguit
567 350 678 390 primo
694 351 741 381 sic
753 352 779 381 θ’.
804 351 878 381 Hoc
893 351 978 388 dato,
995 358 1183 392 sequeretur
1198 352 1255 382 has
1271 361 1362 391 prae-

289 392 467 424 dicationes
490 403 560 424 esse
576 403 634 434 per
649 395 808 432 accidens,
831 395 943 426 Homo
960 402 1007 427 est
1021 397 1155 432 animal,
1173 402 1214 433 et,
1230 396 1363 426 Animal

289 442 336 468 est
350 438 468 469 vivum.
486 438 551 469 Sed
566 439 630 469 hoc
647 444 694 469 est
709 438 841 470 falsum:
859 441 936 480 quia
950 441 1063 478 homo,
1076 441 1256 472 secundum
1273 440 1363 480 quod

289 487 337 512 est
359 483 473 519 homo,
497 489 545 514 est
568 483 704 520 animal;
721 489 752 514 et
768 485 896 521 animal,
920 485 1101 516 secundum
1118 485 1208 526 quod
1231 491 1279 515 est
1294 485 1362 515 ani-

288 525 364 563 mal,
388 533 436 558 est
458 527 579 558 vivum.
604 528 690 568 Ergo
715 534 776 559 etc.
792 546 815 550 —
835 529 990 560 Probatur
1009 530 1252 570 consequentia.
1277 529 1363 566 Quia

290 580 374 611 quae
397 572 615 603 attribuuntur
638 573 734 603 alicui
750 573 856 603 eidem
873 574 1052 605 secundum
1069 574 1208 605 diversas
1231 573 1362 609 formas,

288 615 514 655 praedicantur
537 615 577 647 de
601 626 635 647 se
657 617 798 648 invicem
814 627 871 658 per
887 618 1056 649 accidens:
1077 619 1161 649 sicut
1183 618 1291 648 album
1315 617 1362 648 di-

289 660 372 691 citur
394 661 552 691 musicum
575 670 633 701 per
657 661 815 699 accidens,
846 663 922 702 quia
952 663 1076 694 Socrati
1105 662 1220 693 accidit
1247 662 1362 692 albedo

289 709 321 735 et
344 705 478 735 musica.
495 705 684 736 Secundum
700 712 808 737 autem
824 708 965 738 animam
981 708 1209 738 intellectivam
1225 706 1363 737 dicimur

289 749 436 780 homines
442 756 455 786 ,·
478 749 660 781 secundum
684 752 869 782 sensitivam
896 752 1054 782 animalia
1061 759 1074 789 ;
1098 751 1278 782 secundum
1302 760 1360 781 nu-

289 794 430 824 tritivam
454 794 606 825 viventia.
630 795 717 835 Ergo
742 801 803 826 etc.

346 847 377 868 2.
402 838 436 869 Si
458 845 594 879 negetur
610 841 853 880 consequentia,
878 840 964 880 quia,
980 840 1056 871 licet
1078 840 1204 870 animae
1228 839 1291 869 sint
1314 838 1362 869 di·

289 891 409 919 versae,
433 888 542 914 tamen
566 883 607 914 ad
629 885 769 915 invicem
799 884 949 915 ordinem
976 885 1106 921 habent,
1131 890 1163 915 et
1185 885 1232 914 sic
1254 888 1363 924 potest

289 935 358 957 esse
382 927 578 968 praedicatio
601 937 659 969 per
682 938 732 959 se:
758 934 870 960 contra
893 929 1045 968 arguitur.
1065 928 1152 967 Quia
1170 934 1248 958 tunc
1271 937 1362 968 prae·

290 970 407 1002 dicatio
432 982 501 1003 non
525 973 583 1003 erit
605 972 788 1004 secundum
811 973 904 1003 illurn
933 972 1072 1004 modum
1096 971 1225 1003 dicendi
1242 981 1306 1012 per
1328 981 1363 1002 se

289 1017 346 1056 qui
370 1017 526 1058 accipitur
548 1017 725 1048 secundum
739 1018 903 1059 formam,
920 1017 977 1048 sed
1000 1017 1182 1048 secundum
1205 1025 1283 1047 eum
1306 1016 1362 1056 qui

289 1061 446 1101 accipitur
463 1062 640 1092 secundum
657 1062 829 1092 materiam
845 1067 877 1092 et
889 1061 1075 1092 subiectum.
1092 1061 1167 1092 Hoc
1190 1066 1300 1091 autem
1316 1066 1363 1091 est

288 1106 500 1145 impossibile.
517 1106 603 1146 Ergo
620 1112 681 1137 etc.
697 1124 721 1129 -
735 1107 893 1137 Probatur
910 1106 1153 1146 consequentia.
1171 1104 1257 1143 Quia
1281 1105 1362 1136 ordo

289 1151 434 1181 nutritivi
457 1151 497 1181 ad
519 1151 720 1187 sensitivum,
745 1156 776 1181 et
803 1150 946 1181 sensitivi
975 1150 1014 1181 ad
1047 1150 1291 1186 intellectivum‚
1316 1155 1363 1180 est

289 1195 373 1225 sicut
396 1195 478 1226 ordo
502 1196 668 1236 potentiae
691 1194 731 1226 ad
754 1201 873 1226 actum.
890 1211 913 1217 -—
931 1195 1090 1225 Probatur
1113 1195 1210 1225 etiam
1233 1194 1362 1224 falsitas.

289 1239 376 1277 Quia
398 1240 433 1271 in
455 1240 518 1271 isto
533 1239 636 1270 modo
660 1239 789 1270 dicendi
797 1249 862 1280 per
875 1248 920 1274 se,
937 1239 1027 1279 quod
1051 1244 1098 1270 est
1121 1238 1256 1270 formale
1272 1247 1362 1279 prae-

290 1284 413 1315 dicatur
436 1293 494 1324 per
516 1294 551 1315 se
574 1284 615 1315 de
637 1284 795 1320 subiecto,
812 1290 844 1315 et
865 1284 1048 1314 subiectum
1071 1284 1205 1324 ponitur
1227 1283 1261 1313 in
1285 1282 1363 1313 defi-

289 1329 414 1371 nitione
436 1328 621 1369 praedicati.
641 1329 793 1367 Quorum
816 1333 970 1359 neutrum
992 1328 1154 1359 invenitur
1178 1337 1254 1358 cum
1277 1327 1362 1364 dico,

288 1373 402 1404 Homo
416 1379 473 1405 >est
495 1373 639 1404 animal.-
661 1374 764 1404 immo
788 1378 836 1404 est
858 1382 877 1403 e
900 1373 1072 1403 contrario.

347 1418 377 1449 3.
393 1417 649 1454 Advertendum,
667 1427 706 1448 ex
721 1417 868 1448 doctrina
884 1416 993 1448 Sancti
1008 1417 1158 1448 Thomae
1174 1416 1322 1447 IPoster.
1335 1417 1363 1452 *,

290 1462 381 1503 quod
406 1463 531 1503 primus
560 1461 680 1493 modus
697 1471 762 1502 per
783 1471 818 1492 se
840 1461 996 1501 accipitur
1026 1460 1207 1492 secundum
1237 1461 1363 1490 habitu-

290 1506 401 1537 dinem
424 1506 548 1537 formae
564 1512 596 1536 et
619 1507 791 1536 essentiae:
809 1506 887 1546 quia
900 1505 1051 1536 videlicet
1073 1505 1293 1545 praedicatum
1317 1510 1364 1534 est

290 1549 331 1582 de
354 1552 491 1582 essentia
514 1551 661 1587 subiecti,
685 1556 717 1581 et
744 1549 820 1581 ideo
849 1550 983 1590 ponitur
1005 1550 1040 1580 in
1063 1550 1132 1580 eius
1162 1548 1362 1580 definitione.

290 1594 462 1626 Secundus
484 1600 594 1625 autem
617 1595 755 1625 sumitur
778 1593 960 1631 secundum
982 1593 1206 1624 habitudinem
1228 1593 1364 1623 subiecti

290 1645 323 1670 et
344 1640 514 1670 materiae:
538 1640 735 1679 inquantum
749 1638 900 1668 videlicet
922 1637 1144 1678 praedicatum
1159 1646 1228 1668 non
1252 1642 1300 1667 est
1322 1636 1363 1667 de

289 1684 428 1715 essentia
450 1684 587 1714 subiecti
609 1682 854 1724 propositionis,
871 1682 928 1713 sed
950 1681 984 1712 id
1007 1681 1047 1712 de
1071 1691 1139 1722 quo
1162 1681 1364 1722 praedicatur

289 1734 338 1759 est
369 1728 439 1759 eius
471 1728 604 1759 materia
632 1733 664 1758 et
693 1727 887 1758 subiectum.
919 1725 1138 1757 Constituitur
1170 1731 1280 1756 autem
1311 1725 1364 1756 hic

288 1772 409 1804 modus
426 1782 490 1814 per
504 1782 539 1804 se
562 1782 601 1803 ex
616 1781 657 1803 eo
681 1771 774 1813 quod
797 1770 903 1802 forma
925 1771 1061 1802 subiecti
1085 1777 1134 1802 est
1155 1770 1364 1811 praeambula

289 1817 414 1849 formae
437 1817 628 1858 praedicam
646 1822 678 1847 et
701 1816 805 1847 forma
820 1815 994 1857 praedicati
1010 1815 1196 1846 naturaliter
1219 1815 1364 1855 sequitur

289 1861 430 1894 formam
452 1862 600 1897 subiecti,
623 1862 707 1892 sicut
731 1861 898 1891 risibilitas
921 1860 1156 1891 humanitatem
1179 1859 1364 1890 naturaliter

289 1907 511 1948 consequitur.
534 1906 577 1937 Et
599 1905 674 1936 ideo
697 1907 732 1936 in
755 1906 820 1936 hoc
842 1904 944 1936 modo
968 1905 1152 1935 subiectum
1173 1904 1307 1945 ponitur
1329 1904 1364 1934 in

289 1951 480 1983 definitione
503 1950 687 1991 praedicati.
711 1950 886 1990 Propterea
900 1949 983 1979 bene
999 1950 1106 1989 inquit
1121 1949 1258 1980 Sanctus
1273 1948 1364 1978 Tho-

289 2005 358 2027 mas
381 1995 472 2037 quod
495 1996 532 2032 si,
555 2000 689 2036 propter
712 1994 861 2025 ordinem
883 1992 1073 2030 formarum,
1097 1999 1144 2024 est
1166 1992 1363 2033 praedicatio

289 2050 348 2082 per
370 2050 404 2071 se
428 2049 505 2071 cum
532 2039 658 2076 dicitur,
686 2038 798 2069 Homo
823 2043 870 2069 est
899 2038 1033 2074 animal,
1058 2043 1123 2074 aut,
1154 2037 1288 2068 Animal
1316 2041 1365 2067 est

290 2085 417 2122 vivum3
438 2086 483 2116 ibi
506 2094 574 2115 non
598 2085 657 2115 erit
679 2083 876 2124 praedicatio
900 2092 958 2123 per
980 2092 1014 2113 se
1037 2082 1134 2123 primi
1157 2082 1258 2119 modi,
1279 2091 1363 2122 quae

289 2130 446 2171 accipitur
459 2128 642 2160 secundum
653 2127 794 2159 formam
806 2132 838 2158 et
850 2127 1032 2164 essentiam,
1043 2126 1100 2157 sed
1112 2126 1246 2157 secundi
1261 2125 1362 2162 modi,

290 2184 374 2215 quae
397 2174 554 2215 accipitur
569 2172 751 2204 secundum
766 2173 934 2203 materiam
950 2177 982 2202 et
1004 2171 1204 2202 subiectum:
1225 2171 1301 2211 quia
1316 2171 1363 2200 vi-

289 2219 407 2250 delicet
421 2217 643 2260 praedicatum
657 2223 736 2248 tunc
751 2226 820 2248 non
837 2222 885 2248 est
900 2216 940 2247 de
961 2217 1097 2248 essentia
1116 2216 1263 2252 subiecti,
1280 2224 1363 2255 quae

289 2269 338 2295 est
361 2265 431 2295 eius
446 2262 551 2294 forma
565 2262 687 2299 totalis;
704 2261 761 2293 sed
776 2267 903 2292 tantum
919 2266 966 2291 est
980 2261 1026 2291 ibi
1049 2260 1131 2291 ordo
1154 2269 1211 2301 per
1234 2270 1267 2291 se
1286 2269 1363 2300 pro-

289 2314 361 2349 pter
383 2307 563 2339 naturalem
587 2306 736 2338 ordinem
759 2305 883 2337 formae
906 2305 1043 2336 subiecti
1066 2310 1098 2335 et
1124 2304 1248 2336 formae
1271 2314 1363 2345 prae-

290 2353 397 2390 dicati,
421 2361 461 2383 ex
483 2362 551 2393 quo
575 2351 738 2382 secundus
761 2351 880 2382 modus
902 2359 960 2391 per
983 2359 1018 2380 se
1041 2350 1257 2380 constituitur.

347 2397 384 2428 11.
409 2397 473 2428 Sed
497 2397 638 2428 occurrit
660 2396 797 2427 dubium
821 2396 905 2426 circa
928 2395 1012 2425 hanc
1034 2395 1204 2425 rationem.
1228 2393 1364 2424 Videtur

290 2443 378 2473 enim
401 2441 484 2472 velle
507 2441 644 2472 Sanctus
667 2441 813 2471 Thomas
837 2439 937 2480 quod,
963 2448 1039 2470 cum
1062 2438 1243 2470 secundum
1266 2439 1364 2468 istum

289 2486 429 2517 modum
446 2495 510 2526 per
531 2495 575 2522 se,
593 2486 650 2526 qui
666 2491 714 2516 est
732 2484 905 2521 secundus,
922 2489 1072 2524 oporteat
1088 2483 1223 2514 formale
1239 2482 1363 2524 praedi-

291 2531 355 2561 cari
367 2530 407 2561 de
419 2531 566 2561 subiecto
578 2539 636 2570 per
651 2539 696 2566 se,
713 2535 878 2570 oporteret
891 2528 1054 2559 hominem
1069 2527 1245 2569 praedicari
1260 2537 1318 2567 per
1330 2536 1364 2557 se

290 2574 331 2606 de
343 2575 490 2611 animali,
507 2575 584 2615 quia
600 2580 648 2605 est
663 2573 798 2605 formale
813 2579 962 2614 respectu
974 2573 1131 2609 animalis,
1147 2582 1223 2603 cum
1239 2572 1364 2602 intelle-

291 2620 424 2656 ctivum‚
440 2629 459 2650 a
481 2629 550 2660 quo
565 2619 668 2650 homo
685 2624 732 2650 est
747 2619 860 2655 homo,
877 2622 1083 2658 comparetur
1102 2617 1142 2648 ad
1165 2617 1363 2652 sensifivum,

290 2674 309 2695 a
333 2673 400 2704 quo
424 2665 562 2694 sumitur
585 2663 719 2699 animal,
736 2663 820 2694 sicut
834 2662 970 2693 formale
985 2662 1026 2692 ad
1044 2661 1217 2692 materiale.
1242 2660 1364 2691 Contra

289 2709 354 2739 hoc
377 2714 487 2739 autem
509 2708 637 2739 videtur
659 2717 739 2744 esse,
763 2708 840 2748 quia
862 2716 961 2737 omne
978 2705 1136 2737 definiens
1159 2710 1365 2744 comparatur

290 2753 332 2784 ad
354 2752 525 2784 definitum
548 2753 631 2783 sicut
654 2752 790 2782 formale
806 2751 847 2782 ad
861 2751 1042 2781 materiale:
1062 2750 1157 2790 ponit
1180 2750 1268 2780 enim
1290 2749 1364 2778 Phi-

289 2798 458 2838 losophus‚
475 2802 507 2828 et
525 2797 661 2828 Sanctus
676 2796 832 2833 Thomas,
848 2796 882 2826 in
898 2795 925 2825 II
940 2795 1155 2835 Plgrsicorum
1167 2795 1183 2810 ⁴*
1205 2799 1236 2824 et
1249 2793 1278 2823 V
1293 2794 1364 2823 Me-

291 2842 480 2883 taphysicae
495 2843 522 2878 *,
547 2840 732 2871 definientia
754 2841 788 2870 in
803 2849 921 2880 genere
938 2848 1051 2870 causae
1079 2838 1231 2869 formalis.
1255 2837 1296 2867 Et
1319 2838 1364 2868 sic

289 2896 358 2918 non
382 2886 508 2917 videtur
531 2885 632 2926 quod,
656 2890 789 2925 propter
817 2883 966 2915 ordinem
996 2882 1185 2919 formarum,
1215 2886 1364 2922 oporteat

290 2931 452 2963 hominem
465 2930 505 2961 de
517 2930 654 2961 animali
669 2929 845 2970 praedicari
858 2934 1012 2968 tanquam
1025 2927 1174 2958 formale:
1192 2926 1248 2957 sed
1263 2927 1364 2966 magis

291 2986 310 3007 e
325 2984 494 3012 convers0‚
511 2984 587 3006 cum
599 2975 725 3005 animal
739 2975 779 3004 sit
794 2973 930 3004 formale
945 2978 1093 3012 respectu
1102 2971 1252 3002 hominis.
1270 2970 1364 3002 Unde

290 3030 359 3052 non
381 3019 509 3051 videtur
532 3019 659 3050 excludi
683 3029 701 3049 a
724 3017 868 3049 secundo
892 3016 993 3047 modo
1004 3026 1068 3057 per
1082 3026 1116 3047 se
1139 3016 1219 3046 haec
1241 3024 1363 3055 propo-

291 3066 376 3101 sitio,
399 3064 512 3095 Homo
528 3069 576 3094 est
590 3063 724 3098 animal,
742 3063 818 3103 quia
833 3061 1054 3102 praedicatum
1069 3070 1138 3091 non
1158 3065 1364 3100 comparetur

275 3110 331 3156 ‚ad
355 3110 538 3140 subiectum
561 3109 644 3139 sicut
667 3107 802 3138 formale
825 3106 865 3137 ad
886 3106 1061 3136 materiale.

347 3154 399 3185 111.
426 3153 479 3184 Ad
506 3153 602 3184 huius
632 3151 827 3183 difficultatis
855 3151 1063 3186 solutionem,
1092 3148 1364 3179 considerandum

292 3199 383 3239 quod
406 3199 496 3229 aliter
514 3197 718 3238 loquendum
737 3202 784 3226 est
803 3195 843 3226 de
865 3196 933 3225 istis
956 3194 1101 3225 terminis
1123 3194 1220 3223 homo
1245 3199 1276 3224 et
1291 3193 1363 3223 ani-

291 3244 359 3274 mal
377 3244 404 3274 si
433 3248 598 3283 ponantur
616 3243 649 3272 in
671 3241 805 3272 homine
820 3239 929 3280 plures
945 3239 1086 3275 animae;
1103 3243 1135 3268 et
1150 3238 1239 3268 aliter
1262 3238 1288 3267 si
1303 3246 1364 3277 po—

291 3294 387 3319 natur
401 3297 467 3319 una
482 3292 610 3318 tantum
626 3287 742 3316 anima.
762 3285 846 3315 Nam
862 3285 888 3314 si
911 3289 1075 3324 ponantur
1096 3282 1204 3322 plures
1227 3283 1363 3318 animae,

267 3364 270 3366 ,
291 3338 371 3364 tunc
394 3333 455 3363 alia
478 3332 537 3363 erit
559 3331 664 3362 forma
687 3341 705 3361 a
729 3339 793 3370 qua
815 3330 917 3359 homo
941 3328 1057 3358 dicitur
1079 3327 1186 3362 homo,
1207 3332 1238 3357 et
1262 3326 1323 3356 alia
1345 3335 1363 3356 a

293 3387 357 3418 qua
381 3377 497 3407 dicitur
520 3376 654 3407 animal.
678 3375 720 3405 Et
751 3383 827 3405 cum
858 3374 964 3403 anima
991 3372 1152 3407 sensitiva,
1176 3381 1194 3400 a
1218 3380 1283 3411 qua
1310 3380 1363 3400 su-

291 3422 391 3452 mitur
406 3421 540 3457 animal,
557 3424 764 3460 comparetur
779 3418 819 3448 ad
835 3417 1072 3452 intellectivam,
1097 3426 1115 3445 a
1139 3425 1203 3455 qua
1226 3415 1364 3445 sumitur

291 3467 399 3502 homo,
423 3467 508 3496 sicut
529 3466 675 3506 potentia
698 3463 738 3494 ad
762 3468 880 3498 actum,
905 3467 936 3492 et
964 3462 1047 3491 sicut
1072 3459 1300 3500 imperfectum
1323 3459 1363 3489 ad

291 3510 483 3551 perfectum,
511 3519 588 3540 cum
615 3509 704 3550 prior
733 3507 939 3548 generatione
968 3506 1007 3536 sit
1031 3505 1132 3545 (prius
1156 3504 1243 3534 enim
1266 3513 1363 3544 gene-

291 3561 378 3586 ratur
394 3554 512 3585 animal
529 3563 628 3594 quarn
643 3553 776 3593 homo);
800 3551 874 3582 ideo
899 3550 1023 3581 animal
1038 3549 1078 3580 ad
1100 3548 1261 3579 hominem
1281 3548 1363 3578 sicut

292 3600 455 3630 materiale
478 3599 518 3629 ad
548 3598 682 3629 formale
714 3602 929 3637 comparatur,
952 3604 1021 3625 non
1052 3594 1134 3624 sicut
1162 3592 1297 3623 formale
1323 3591 1362 3622 ad

291 3644 465 3675 materiale.
482 3643 523 3674 Et
539 3642 630 3683 quod
645 3642 719 3673 dico
737 3642 776 3672 de
795 3641 932 3671 animali
947 3644 1093 3679 respectu
1110 3637 1258 3672 hominis,
1275 3636 1362 3667 idem

2407 290 2480 326 411

1417 352 1457 383 de
1480 353 1570 383 omni
1594 354 1751 393 superiori
1768 359 1814 384 est
1838 353 2022 391 dicendum,
2047 355 2072 384 si
2096 356 2242 396 superius
2266 362 2298 387 et
2319 356 2452 388 inferius
2468 367 2485 388 a

1417 397 1547 427 diversis
1578 398 1623 428 rei
1647 397 1759 428 formis
1783 405 1963 429 sumantur:
1995 409 2070 429 nam
2097 409 2224 440 semper
2250 400 2354 431 forma
2381 411 2400 431 a
2422 411 2486 442 qua

1416 447 1560 471 sumatur
1583 443 1739 481 superius,
1764 449 1970 482 comparatur
1996 444 2036 474 ad
2059 443 2196 475 formam
2220 455 2237 475 a
2263 455 2327 485 qua
2350 447 2486 477 sumitur

1415 485 1559 522 inferius,
1575 486 1658 516 sicut
1673 486 1900 526 imperfectum
1916 487 1955 518 ad
1975 487 2165 528 perfectum,
2183 495 2213 520 et
2236 491 2318 520 sicut
2341 492 2486 531 potentia

1417 529 1457 560 ad
1480 536 1599 560 actum.
2047 539 2049 541 ’

1473 573 1507 604 Si
1530 580 1638 604 autem
1654 580 1794 614 ponatur
1816 585 1915 605 unam
1932 582 1962 606 et
1979 576 2114 607 eandem
2138 578 2278 608 animam
2301 580 2335 609 in
2358 589 2392 609 re
2416 588 2485 610 esse

1417 627 1434 647 a
1459 627 1523 658 qua
1546 619 1683 648 sumitur
1699 624 1811 649 natura
1827 620 1951 658 generis
1968 627 1999 650 et
2022 622 2150 660 speciei,
2167 623 2257 652 aliter
2273 623 2312 653 de
2331 624 2408 664 ipsis
2423 630 2485 654 ter-

1415 663 1513 693 minis
1537 668 1583 692 est
1607 662 1792 694 dicendum.
1818 663 1996 703 Dupliciter
2013 666 2099 695 enim
2115 667 2218 706 accipi
2241 673 2391 707 possunt:
2416 677 2484 699 uno

1416 706 1529 743 modo,
1546 713 1705 746 quantum
1721 707 1761 738 ad
1777 708 1879 747 ipsam
1892 714 2039 739 naturam
2051 710 2277 749 significatam;
2294 712 2356 742 alio
2372 712 2484 749 modo,

1417 757 1576 791 quantum
1592 751 1632 782 ad
1655 751 1688 782 id
1704 762 1722 782 a
1738 761 1805 792 quo
1823 753 1960 782 sumitur
1976 754 2056 783 ratio
2072 754 2142 784 talis
2157 761 2299 786 naturae.
2317 756 2485 794 Quantum

1417 795 1457 825 ad
1480 796 1583 836 ipsam
1598 802 1746 826 naturam
1769 796 1990 836 significatam,
2006 798 2084 827 item
2101 798 2270 838 dupliciter
2293 801 2486 831 considerari

1416 846 1563 879 possunt,
1588 850 1626 870 ex
1649 840 1794 871 doctrina
1818 841 1926 872 Sancti
1949 841 2097 880 Thomae
2114 843 2147 872 in
2171 843 2322 874 Tractatu
2341 845 2379 875 de
2401 845 2486 876 Ente

1417 889 1448 914 et
1469 884 1621 915 Essentia
1633 886 1664 915 *t
1690 895 1758 916 uno
1773 885 1886 922 modo,
1903 886 2083 916 secundum
2100 887 2191 927 quod
2206 888 2358 919 animalis
2374 895 2486 920 natura

1417 929 1637 960 consideratur
1668 939 1744 960 cum
1774 930 1974 970 praecisione
2007 931 2136 962 alterius
2166 931 2390 972 perfectionis;
2422 934 2485 964 alio

1415 973 1528 1010 modo,
1553 973 1733 1004 secundum
1757 974 1847 1014 quod
1863 974 2084 1006 consideratur
2107 976 2176 1006 sine
2199 976 2254 1006 tali
2277 978 2486 1017 praecisione,

1417 1017 1473 1048 sed
1485 1023 1520 1048 ut
1531 1018 1687 1058 implicite
1699 1018 1868 1049 includens
1880 1019 2095 1059 perfectiones
2107 1019 2283 1061 specificas.
2294 1038 2318 1044 —
2329 1021 2362 1052 Si
2378 1022 2487 1062 itaque

1417 1062 1637 1093 consideretur
1660 1063 1805 1093 animalis
1828 1069 1940 1094 natura
1957 1070 1992 1094 ut
2010 1064 2166 1104 implicite
2190 1066 2360 1096 continens
2383 1066 2487 1106 perfe-

1417 1106 1540 1137 ctiones
1556 1106 1732 1147 specificas,
1748 1108 1794 1138 sic
1809 1108 1934 1138 animal
1949 1115 2155 1148 comparatur
2170 1109 2210 1140 ad
2226 1110 2388 1141 hominem
2404 1111 2487 1141 sicut

1415 1160 1528 1190 genus,
1553 1157 1584 1182 et
1606 1152 1689 1182 sicut
1705 1162 1800 1182 causa
1823 1151 1982 1183 formalis:
2009 1154 2084 1193 quia
2107 1154 2152 1185 sic
2175 1153 2252 1184 dicit
2274 1155 2415 1185 hominis
2439 1159 2487 1185 es'-

1416 1196 1563 1232 sentiam,
1580 1205 1663 1236 quae
1687 1202 1734 1227 est
1750 1197 1818 1227 eius
1834 1195 1947 1227 forma.
1963 1215 1986 1219 -—
2001 1197 2035 1228 Si
2051 1203 2159 1228 autem
2175 1198 2395 1230 consideretur
2411 1209 2486 1230 cum

1416 1241 1616 1280 praecisione
1631 1241 1760 1271 alterius
1775 1240 1993 1281 perfectionis,
2009 1242 2054 1272 sic
2070 1252 2138 1273 non
2155 1248 2202 1273 est
2216 1252 2318 1283 genus
2334 1244 2485 1280 hominis,

1417 1283 1473 1314 sed
1497 1285 1566 1315 eius
1589 1294 1675 1325 pars:
1700 1291 1748 1316 est
1767 1286 1854 1316 enim
1877 1286 1979 1316 horno
2003 1287 2203 1327 compositus
2227 1297 2265 1318 ex
2288 1288 2439 1318 sensitivo
2456 1293 2488 1318 et

1417 1328 1624 1360 intellectivo.
1648 1329 1723 1360 Non
1748 1335 1795 1360 est
1818 1336 1926 1361 autem
1950 1340 2021 1370 pars
2045 1330 2197 1367 formalis,
2222 1331 2279 1362 sed
2301 1332 2486 1363 materialis:

1418 1373 1494 1412 quia
1517 1374 1751 1404 intellectivum
1774 1380 1821 1404 est
1848 1375 2004 1405 actualius
2028 1381 2059 1405 et
2082 1375 2255 1416 perfectius
2278 1377 2440 1407 sensitivo.
2464 1394 2487 1399 —

1417 1417 1578 1454 Similiter,
1602 1419 1628 1448 si
1652 1418 1896 1449 considerentur
1919 1425 2078 1459 quantum
2097 1420 2137 1450 ad
2160 1420 2193 1451 id
2217 1430 2235 1451 a
2258 1430 2326 1460 quo
2350 1421 2487 1451 sumitur

1417 1462 1498 1492 ratio
1514 1463 1693 1503 utriusque,
1710 1463 1755 1493 sic
1771 1463 1888 1493 iterum
1912 1464 2036 1493 animal
2050 1474 2118 1494 non
2134 1465 2229 1495 habet
2244 1465 2403 1495 rationem
2421 1464 2487 1495 for-

1416 1506 1509 1536 malis
1531 1506 1588 1537 sed
1610 1508 1791 1544 materialis,
1814 1507 1848 1537 in
1878 1508 2121 1548 comparatione
2144 1509 2184 1539 ad
2206 1509 2385 1540 hominem:
2412 1510 2488 1550 quia

1417 1551 1616 1588 sensitivum,
1633 1561 1651 1582 a
1674 1561 1741 1591 quo
1765 1552 1902 1582 sumitur
1916 1553 1997 1582 ratio
2013 1553 2175 1589 animalis,
2192 1559 2239 1583 est
2261 1554 2423 1584 materiale
2439 1563 2487 1584 re-

1418 1600 1531 1634 spectu
1554 1595 1750 1632 intellectivi,
1775 1606 1792 1625 a
1816 1605 1883 1636 quo
1908 1597 2044 1627 sumitur
2067 1598 2148 1627 ratio
2171 1598 2320 1628 hominis.

1473 1639 1717 1670 Advertendum
1740 1646 1848 1670 tamen
1865 1640 1955 1680 quod
1978 1650 2046 1671 non
2070 1650 2169 1671 omne
2185 1642 2306 1672 habens
2329 1642 2488 1672 rationem

1418 1681 1542 1713 formae
1558 1683 1686 1714 alterius
1703 1690 1907 1724 comparatur
1922 1684 1962 1715 ad
1985 1685 2092 1725 ipsum
2108 1686 2191 1715 sicut
2214 1685 2349 1716 formale
2366 1685 2405 1716 ad
2420 1695 2488 1716 ma-

1418 1727 1542 1758 teriale:
1567 1727 1623 1758 sed
1638 1733 1765 1758 tantum
1782 1728 1914 1768 quando
1931 1735 2135 1769 comparatur
2150 1729 2190 1760 ad
2205 1730 2312 1770 ipsum
2328 1730 2410 1760 sicut
2424 1740 2489 1760 una

1418 1781 1490 1812 pars
1507 1771 1547 1802 ad
1563 1772 1658 1802 aliam
1681 1778 1816 1813 partem.
1834 1773 1979 1803 Dicimus
1995 1774 2082 1804 enirn
2099 1774 2239 1804 animam
2262 1774 2489 1805 intellectivam

1419 1825 1488 1847 esse
1504 1816 1642 1847 formam
1665 1818 1816 1854 hominis,
1832 1818 2026 1858 inquantum
2043 1817 2095 1848 dat
2111 1819 2140 1848 ei
2160 1828 2228 1849 esse
2253 1818 2441 1858 specificum
2458 1824 2488 1849 et

1418 1861 1559 1892 hominis
1575 1862 1746 1892 essentiam
1762 1862 1921 1902 complet:
1941 1872 2009 1893 non
2021 1868 2136 1893 tamen
2161 1864 2261 1893 homo
2286 1868 2490 1903 comparatur

1419 1905 1459 1935 ad
1475 1906 1616 1936 animam
1632 1906 1859 1937 intellectivam
1876 1907 1958 1937 sicut
1973 1907 2104 1937 materia
2120 1907 2160 1938 ad
2175 1907 2323 1944 formam,
2336 1907 2390 1938 sed
2406 1908 2489 1938 sicut

1418 1955 1524 1980 totum
1548 1949 1589 1980 ad
1611 1956 1735 1990 partem
1759 1950 1938 1981 formalem.

1474 1993 1526 2025 Sic
1551 2004 1627 2034 ergo
1647 1994 1822 2025 dicendum
1845 2000 1892 2025 est
1909 1994 1999 2034 quod
2021 1995 2155 2031 animal,
2172 2001 2203 2025 et
2220 2005 2318 2026 omne
2341 1996 2487 2036 superius

1418 2043 1454 2068 ut
1476 2038 1632 2078 implicite
1662 2039 1807 2070 continet
1836 2038 2002 2078 specificas
2031 2039 2256 2079 perfectiones,
2281 2046 2488 2080 comparatur

1417 2082 1457 2113 ad
1473 2092 1570 2113 suum
1584 2082 1717 2114 inferius
1733 2084 1815 2114 sicut
1830 2082 1944 2120 forma,
1960 2084 2154 2124 inquantum
2170 2083 2326 2124 significat
2340 2090 2486 2115 naturam

1419 2133 1450 2157 et
1473 2128 1643 2158 essentiam
1666 2127 1835 2164 inferioris,
1867 2137 1950 2168 quae
1974 2138 2032 2169 per
2062 2127 2199 2159 formam
2230 2129 2421 2169 completur.
2446 2128 2487 2159 Et

1417 2177 1550 2212 propter
1575 2173 1639 2203 hoc
1669 2182 1687 2202 a
1715 2173 1916 2212 Philosopho
1948 2178 1979 2202 et
2011 2172 2129 2203 Sancto
2161 2173 2190 2203 T
2192 2173 2290 2203 homa
2320 2176 2487 2213 ponuntur

1417 2222 1522 2256 partes
1546 2216 1752 2254 definitionis,
1781 2226 1864 2257 quae
1887 2217 2009 2248 scilicet
2031 2218 2065 2248 in
2088 2222 2176 2248 recto
2201 2217 2424 2257 praedicantur
2447 2217 2487 2248 de

1418 2260 1563 2298 definito,
1582 2262 1616 2291 in
1639 2271 1757 2301 genere
1781 2271 1896 2292 causae
1926 2260 2079 2292 formalis.
2099 2280 2123 2284 —
2145 2261 2188 2292 Ut
2212 2267 2320 2292 autem
2348 2262 2488 2292 excludit

1418 2305 1494 2335 alias
1516 2305 1743 2345 perfectiones,
1768 2311 1800 2336 et
1822 2311 1981 2346 quantum
1997 2305 2036 2336 ad
2059 2305 2092 2336 id
2116 2316 2134 2336 a
2157 2315 2224 2346 quo
2248 2306 2384 2336 sumitur
2407 2307 2487 2336 ratio

1417 2350 1570 2386 nominis,
1585 2360 1654 2380 non
1670 2355 1874 2390 comparatur
1890 2350 1930 2380 ad
1945 2349 2078 2380 inferius
2093 2355 2129 2380 ut
2149 2349 2264 2387 forma,
2287 2350 2343 2380 sed
2361 2356 2396 2381 ut
2416 2360 2488 2390 pars

1417 2394 1587 2425 materialis
1610 2395 1679 2425 eius
1701 2400 1850 2435 respectu
1873 2395 2001 2425 alterius
2024 2395 2131 2435 partis.

1436 2446 1457 2476 q
1473 2439 1526 2469 1V.
1551 2439 1646 2470 Unde
1662 2438 1702 2470 ad
1725 2438 1861 2470 dubium
1873 2440 1890 2456 ᾖ
1906 2439 2021 2470 dicitur
2037 2438 2128 2479 quod
2142 2438 2175 2469 id
2191 2438 2280 2479 quod
2298 2439 2350 2469 hic
2373 2437 2488 2469 dicitur

1418 2493 1436 2514 a
1459 2483 1578 2514 Sancto
1597 2483 1737 2520 Thoma,
1753 2493 1821 2514 non
1838 2483 2028 2514 contradicit
2043 2484 2080 2513 iis
2102 2492 2186 2523 quae
2209 2483 2283 2513 alibi
2307 2483 2345 2513 ab
2368 2483 2440 2522 ipso
2457 2489 2488 2513 et

1419 2538 1437 2558 a
1459 2527 1660 2568 Philosopho
1685 2527 1846 2558 dIcuntur.
1870 2527 1954 2558 Nam
1977 2528 2030 2557 hic
2057 2527 2202 2567 loquitur
2225 2526 2266 2557 de
2292 2527 2430 2557 animali
2452 2533 2487 2557 ut

1419 2571 1638 2602 consideratur
1654 2578 1813 2611 quantum
1829 2571 1869 2601 ad
1883 2571 1915 2601 id
1939 2581 1957 2601 a
1981 2580 2048 2611 quo
2065 2571 2200 2610 sumitur
2223 2571 2304 2601 ratio
2324 2571 2485 2601 animalis.

1419 2616 1471 2647 Sic
1487 2616 1584 2652 enirn,
1609 2625 1685 2646 cum
1700 2616 1735 2646 in
1750 2615 1894 2646 secundo
1910 2614 2011 2646 modo
2026 2624 2084 2654 per
2099 2625 2143 2651 se,
2160 2614 2199 2645 de
2220 2624 2286 2655 quo
2303 2624 2486 2645 sermonem

1418 2659 1503 2696 facit,
1527 2666 1676 2700 oporteat
1699 2665 1735 2690 ut
1758 2659 1862 2690 forma
1877 2670 1895 2690 a
1911 2669 1975 2699 qua
1992 2660 2128 2689 sumitur
2150 2658 2379 2698 praedicatum,
2397 2668 2487 2689 com-

1418 2710 1547 2744 paretur
1570 2704 1610 2735 ad
1632 2704 1770 2734 formam
1793 2714 1811 2734 a
1835 2713 1899 2744 qua
1922 2704 2059 2734 sumitur
2083 2704 2274 2739 subiectum,
2291 2703 2373 2733 sicut
2396 2708 2486 2733 actus

1419 2748 1459 2779 ad
1476 2749 1656 2788 potentiam
1673 2754 1704 2779 et
1719 2749 1802 2779 sicut
1818 2748 1953 2779 formale
1969 2747 2010 2778 ad
2024 2747 2201 2783 materiale3
2218 2747 2303 2783 ideo,
2320 2748 2345 2777 si
2361 2747 2486 2777 animal

1419 2792 1458 2823 de
1474 2793 1603 2823 homine
1625 2792 1861 2833 praedicaretur
1883 2793 1917 2822 in
1933 2791 2076 2822 secundo
2099 2791 2200 2822 modo
2218 2801 2282 2832 per
2295 2801 2338 2828 se,
2355 2801 2486 2822 necesse

1419 2843 1502 2868 esset
1524 2842 1560 2868 ut
1588 2837 1621 2867 id
1643 2847 1662 2867 a
1692 2846 1759 2877 quo
1787 2837 1924 2867 sumitur
1953 2836 2086 2872 animal,
2116 2842 2320 2875 comparetur
2350 2835 2389 2866 ad
2411 2835 2444 2865 id
2468 2845 2486 2865 a

1419 2891 1486 2922 quo
1510 2882 1647 2912 sumitur
1669 2882 1777 2917 homo,
1801 2882 1884 2911 sicut
1899 2880 2033 2911 formale
2049 2880 2089 2911 ad
2104 2881 2276 2911 materiale.
2294 2879 2393 2918 Quod
2409 2889 2485 2910 cum

1419 2925 1535 2956 falsum
1558 2926 1607 2962 sit,
1631 2925 1705 2956 ideo
1729 2927 1773 2956 ibi
1796 2935 1864 2956 non
1889 2931 1935 2956 est
1962 2925 2123 2955 secundus
2150 2924 2268 2955 modus
2298 2924 2484 2964 perseitatis.

1418 2970 1494 3001 Hoc
1516 2976 1625 3001 autem
1648 2980 1716 3000 non
1740 2970 1823 3000 tollit
1847 2970 1936 3010 quin,
1953 2974 2111 3010 quantum
2134 2969 2173 2999 ad
2196 2974 2342 2999 naturam
2366 2966 2485 3007 signifi-

1419 3020 1522 3045 catam
1538 3021 1574 3045 ut
1589 3015 1744 3055 implicite
1760 3013 1974 3055 perfectiones
1998 3014 2178 3054 specierum
2194 3013 2347 3049 continet,
2371 3012 2411 3042 ad
2425 3012 2485 3042 ho-

1417 3059 1540 3090 minem
1564 3064 1779 3099 comparetur,
1794 3068 1863 3089 non
1876 3058 2008 3098 quidem
2023 3059 2105 3088 sicut
2120 3057 2224 3088 forma
2246 3057 2286 3087 ad
2308 3057 2484 3093 materiam,

1418 3103 1474 3134 sed
1498 3104 1580 3134 sicut
1603 3103 1706 3134 forma
1722 3104 1821 3134 totius
1838 3102 1877 3133 ad
1899 3103 1932 3133 id
1949 3102 2038 3143 quod
2062 3112 2118 3142 per
2133 3102 2229 3132 talem
2253 3101 2389 3131 formam
2407 3110 2484 3131 con-

1417 3148 1568 3179 stituitur.

1473 3193 1512 3223 V.
1538 3191 1600 3223 Sed
1617 3191 1657 3222 ad
1679 3192 1762 3222 hanc
1777 3192 1936 3222 rationem
1952 3190 2059 3221 Sancti
2076 3190 2223 3220 Thomae
2246 3188 2484 3230 respondendo,

1418 3236 1545 3273 Scotus,
1569 3237 1602 3266 in
1632 3236 1768 3274 Quarto,
1794 3236 1824 3266 d.
1841 3246 1882 3272 xr,
1904 3245 1935 3275 q.
1952 3245 1986 3265 111
2002 3236 2028 3271 ὥ,
2060 3234 2137 3265 dicit
2165 3234 2242 3265 duo.
2270 3234 2412 3264 Primum
2438 3238 2485 3263 est

1419 3281 1518 3320 quod,
1537 3281 1648 3321 prima
1662 3281 1766 3322 facie,
1785 3290 1849 3310 non
1867 3280 1993 3310 videtur
2008 3279 2118 3309 haberi
2139 3288 2176 3308 ex
2200 3279 2259 3308 hac
2282 3278 2406 3308 ratione
2422 3277 2485 3307 nisi

1418 3325 1505 3366 quod
1520 3325 1748 3365 praedicatum
1764 3329 1926 3364 acceptum
1943 3334 1963 3353 a
1970 3324 2090 3365 forma
2100 3323 2286 3363 posteriore
2310 3331 2374 3352 non
2385 3331 2485 3361 prae-

1418 3369 1548 3400 dicatur
1564 3379 1628 3410 per
1649 3379 1684 3400 se
1710 3369 1749 3399 de
1779 3379 1816 3399 eo
1840 3368 1927 3409 quod
1953 3368 2093 3398 sumitur
2115 3377 2135 3397 a
2150 3367 2269 3408 forma
2292 3366 2418 3406 priore.
2441 3366 2486 3396 Et

1417 3415 1464 3445 sic
1488 3424 1552 3444 non
1576 3414 1712 3444 habetur
1736 3413 1798 3443 nisi
1820 3413 1907 3453 quod
1933 3412 2012 3442 haec
2036 3421 2100 3442 non
2129 3416 2176 3441 est
2197 3420 2260 3451 per
2285 3420 2329 3446 se,
2353 3410 2486 3440 Animal

1418 3464 1465 3489 est
1486 3459 1594 3489 homo.
1618 3457 1718 3496 Quod
1742 3456 1939 3487 conceditur.
1955 3474 1978 3478 -
1993 3455 2179 3486 Secundum
2196 3461 2252 3492 est,
2269 3455 2295 3485 si
2319 3455 2415 3485 etiam
2438 3454 2485 3484 di-

1418 3508 1508 3534 catur
1530 3512 1588 3543 per
1611 3503 1693 3533 hanc
1717 3502 1875 3531 rationem
1899 3500 2050 3531 concludi
2080 3509 2141 3530 nec
2165 3500 2261 3529 etiam
2285 3508 2302 3529 e
2327 3507 2484 3529 converso

1418 3557 1486 3578 esse
1514 3547 1773 3587 propositionem
1803 3555 1860 3585 per
1889 3554 1922 3575 se
1952 3543 2106 3580 dicendo,
2136 3543 2247 3574 Homo
2276 3547 2323 3573 est
2350 3543 2484 3579 animal,

1418 3591 1507 3632 quod
1532 3591 1565 3621 id
1587 3591 1674 3632 quod
1697 3590 1846 3630 praecise
1869 3589 2027 3628 accipitur
2056 3598 2076 3618 a
2094 3588 2214 3629 forma
2238 3588 2430 3628 postert'ore,
2455 3592 2487 3617 et

1417 3636 1504 3676 quod
1520 3636 1670 3676 praecise
1691 3634 1830 3664 sumitur
1845 3643 1864 3663 a
1880 3634 1998 3674 forma
2015 3633 2141 3673 priore,
2158 3633 2204 3663 sic
2219 3641 2254 3662 se
2268 3632 2385 3662 habent
2399 3631 2486 3672 quod

2513 898 2522 906 '
2537 897 2593 924 Cap.
2610 903 2645 919 ιιι.

2516 2443 2523 2452 ”
2539 2441 2609 2464 Num.
2625 2448 2650 2464 ιι.

2512 3237 2520 3244 ·
2529 3235 2614 3256 Versus
2623 3235 2673 3262 fin„
2681 3235 2722 3257 sol.

2511 3268 2538 3289 50
2555 3261 2620 3289 (Ven.
2631 3264 2703 3290 1497).
