2768 4134
0 0 21 72 ξ,

43 1680 131 1703 :aa
158 1687 171 1690 >=

43 1816 117 1846 <cf-
133 1816 270 1848 εοωωμιι.

120 1848 208 1873 pune..
219 1842 270 1866 mit·

39 1987 151 2038 :lgm-
162 1993 216 2010 ιιιι.

43 2041 65 2069 s·
74 2019 162 2069 vid-⁸2
170 2020 270 2074 :vlint

886 271 1074 308 SUMMA
1104 272 1325 311 CONTRA
1354 274 1629 320 GENTILES,
1661 276 1772 314 CAP.
1794 278 1912 314 XXV.
2443 291 2492 327 77

298 349 446 388 ratione
473 349 635 399 generis.
665 349 774 388 Nihil
801 357 932 387 autem
951 359 1076 400 potest
1095 364 1177 389 esse
1197 353 1306 402 quod
1326 352 1371 389 sit
1481 354 1558 391 Sed
1586 354 1635 391 ad
1664 355 1740 391 hoc
1768 355 1979 393 dicendum
2016 364 2072 393 est
2102 368 2148 394 ex
2181 356 2289 394 dictis
2318 357 2427 407 quod
2455 357 2495 394 in

297 410 450 453 praeter
468 403 509 441 id
527 403 636 453 quod
660 402 879 451 intelligitur
903 415 974 453 per
992 416 1072 450 enS,
1094 405 1124 442 si
1152 418 1220 443 ens
1249 406 1294 443 sit
1321 406 1370 443 de
1426 406 1652 443 definitione
1671 408 1903 445 substantiae
1923 421 2003 446 non
2023 417 2078 446 est
2097 422 2162 447 ens
2175 422 2248 459 per
2265 423 2315 447 se.
2341 411 2400 448 Ex
2419 411 2495 448 hoc

297 456 491 494 intellectu
519 469 660 494 eorum
687 456 736 494 de
769 456 912 506 quibus
949 458 1203 507 praedicatur.
1242 460 1291 496 Et
1319 458 1373 496 sic
1427 459 1534 496 enirn
1562 459 1671 508 quod
1699 459 1837 496 dicitur
1864 473 1939 506 ens,
1970 474 2050 498 non
2078 471 2207 511 posset
2235 475 2317 501 esse
2351 472 2492 512 genus:

297 521 368 559 per
395 511 544 547 nullam
579 508 839 547 differentiam
870 510 1046 548 contrahi
1074 519 1209 560 potest.
1243 511 1372 549 Relin-
1428 511 1520 560 quia
1548 511 1626 548 iam
1654 512 1863 561 probatum
1892 521 1947 550 est
1975 515 2084 563 quod
2111 527 2178 552 ens
2201 528 2282 553 non
2302 517 2418 554 habet
2436 530 2494 554 ra-

298 562 431 612 quitur
458 562 572 612 igitur
598 563 708 612 quod
735 574 805 599 ens
833 575 915 600 non
943 563 989 601 sit
1015 575 1149 612 genus.
1179 565 1292 603 Unde
1326 573 1374 601 ex
1395 577 1404 597 5
1427 563 1576 601 tionem
1603 564 1764 612 generis.
1784 587 1809 591 -
1830 565 2012 603 Similiter
2038 579 2110 604 nec
2138 580 2184 605 ex
2210 570 2285 606 hoc
2311 570 2418 619 quod
2438 570 2494 607 di-

298 617 375 654 hoc
403 615 453 653 de
481 615 706 653 necessitate
742 616 987 654 concluditur
1014 618 1122 667 quod
1155 618 1264 655 Deus
1292 628 1374 654 non
1428 617 1527 654 citur
1540 629 1613 665 per
1629 629 1678 653 se.
1709 617 1814 664 Quia
1833 619 1908 655 hoc
1927 631 2008 656 non
2026 619 2179 657 videtur
2197 621 2403 671 importare
2422 623 2495 660 nisi

298 668 345 706 sit
372 668 413 706 in
440 680 593 717 genere.

351 721 412 760 E'x
438 733 522 772 quo
550 721 665 759 etiam
695 729 799 771 patet
827 723 935 772 quod
963 724 1071 761 Deus
1106 722 1260 760 definiri
1292 734 1374 760 non

298 782 438 835 potest:
459 774 552 825 quia
570 774 700 812 omnis
719 775 893 814 definitio
913 784 970 813 est
988 789 1035 813 ex
1054 787 1194 824 genere
1213 783 1251 812 et
1264 774 1373 812 diffe-

297 835 440 866 rentns.
1034 861 1038 865 .

351 881 460 918 Patet
487 880 604 919 etiam
633 882 741 931 quod
770 894 851 919 non
878 888 1005 932 potest
1023 879 1304 918 demonstratio
1324 880 1373 917 de

297 933 383 985 ipso
402 933 499 980 fieri,
520 934 594 972 nisi
612 947 684 985 per
701 935 900 973 effectum:
931 933 1024 983 quia
1051 932 1289 983 principium
1308 933 1373 970 de-

1428 669 1674 717 negationem
1702 677 1868 709 tantum:
1899 671 2038 709 dicitur
2065 672 2170 710 enirn
2199 686 2266 711 ens
2293 687 2363 724 per
2388 688 2427 712 se
2448 689 2494 713 ex

1428 722 1506 759 hoc
1533 722 1642 771 quod
1661 735 1742 762 non
1762 731 1818 760 est
1837 723 1876 761 in
1895 724 1988 770 alio;
2013 726 2121 774 quod
2140 734 2196 762 est
2215 727 2364 775 negatio
2383 740 2493 777 pura.

1429 775 1543 822 Quae
1572 787 1643 812 nec
1678 784 1803 825 potest
1840 777 2029 815 rationem
2062 778 2212 826 generis
2246 780 2493 818 constituere:

1389 845 1415 860 ιο
1429 827 1522 877 quia
1541 827 1594 865 sic
1611 840 1733 877 genus
1761 842 1842 867 non
1870 830 2012 868 diceret
2036 831 2130 880 quid
2150 839 2205 868 est
2224 844 2296 878 res,
2316 833 2383 870 sed
2403 834 2497 882 quid

1428 893 1510 918 non
1538 889 1604 918 est.
1627 904 1651 908 -
1672 883 1836 932 Oportet
1863 883 1977 932 igitur
2003 885 2112 933 quod
2141 884 2235 922 ratio
2264 885 2496 924 substantiae

1428 933 1656 982 intelligatur
1683 936 1760 973 hoc
1778 936 1912 982 modo,
1933 937 2042 986 quod
2062 937 2273 975 substantia
2292 937 2338 975 sit
2361 951 2420 976 res
2438 941 2500 976 cui

297 987 588 1026 monstrationis
626 996 682 1026 est
716 986 891 1025 definitio
926 986 1011 1023 eius
1045 986 1095 1023 de
1128 998 1209 1035 quo
1237 985 1281 1023 fit
1308 986 1374 1024 de·
1429 989 1625 1024 conveniat
1653 1001 1729 1026 esse
1757 1002 1831 1027 non
1862 991 1899 1026 in
1927 992 2105 1034 subiecto‚·
2128 1002 2275 1028 nomen
2294 999 2425 1029 autem
2445 994 2501 1028 rei

297 1041 538 1079 monstratio.
1429 1052 1452 1077 a
1467 1039 1677 1089 quidditate
1697 1042 1921 1091 imponitur,
1941 1043 2039 1080 sicut
2056 1055 2203 1081 nornen
2222 1046 2313 1081 entis
2327 1044 2375 1082 ab
2398 1056 2498 1091 esse;

351 1095 483 1132 Potest
507 1101 640 1132 autem
665 1092 780 1131 alicui
804 1091 926 1130 videri
954 1092 1077 1142 quod,
1097 1092 1279 1141 quamvis
1303 1104 1374 1130 no—
1390 1111 1412 1132 ις
1429 1100 1466 1130 et
1484 1093 1538 1130 sic
1557 1093 1597 1130 in
1616 1094 1763 1132 ratione
1792 1095 2025 1134 substantiae
2054 1096 2281 1145 intelligatur
2299 1098 2407 1147 quod
2430 1098 2498 1135 ha-

297 1159 391 1185 men
403 1149 630 1185 substantiae
642 1147 729 1184 Deo
743 1145 902 1196 proprie
916 1144 1126 1183 convenire
1141 1157 1223 1183 non
1241 1145 1373 1195 possit,
1428 1145 1517 1183 beat
1545 1146 1799 1196 quidditatem
1828 1149 1891 1186 cui
1919 1149 2124 1187 conveniat
2144 1162 2226 1186 esse
2247 1162 2326 1187 non
2346 1150 2385 1187 in
2409 1150 2495 1187 alio.

297 1200 390 1250 quia
417 1201 526 1238 Deus
554 1211 637 1238 non
663 1201 804 1237 substat
830 1198 1112 1244 accidentibus;
1149 1211 1210 1236 res
1242 1206 1375 1236 tamen
1429 1199 1518 1236 Hoc
1545 1207 1676 1237 autem
1704 1201 1790 1238 Deo
1819 1214 1900 1239 non
1927 1202 2124 1240 convenit:
2154 1215 2247 1240 nam
2275 1215 2356 1241 non
2382 1203 2498 1241 habet

296 1252 510 1302 significata
536 1264 609 1303 per
635 1264 784 1290 nomen
813 1252 848 1290 ei
877 1251 1096 1299 conveniat,
1126 1259 1163 1289 et
1191 1251 1241 1290 ita
1269 1252 1316 1290 sit
1335 1252 1375 1290 in
1429 1252 1686 1302 quidditatem
1718 1254 1790 1291 nisi
1823 1267 1938 1292 suum
1968 1268 2050 1293 esse
2069 1256 2100 1293 ³¹².
2130 1256 2242 1294 Unde
2272 1256 2499 1306 relinquitur

295 1318 446 1356 genere
456 1305 704 1352 substantiae.
721 1306 828 1344 Nam
842 1305 1055 1343 substantia
1074 1313 1131 1342 est
1149 1318 1213 1343 ens
1228 1318 1301 1355 per
1317 1318 1376 1343 se:
1418 1306 1539 1355 'quod
1553 1307 1661 1344 nullo
1681 1307 1802 1344 modo
1822 1316 1877 1345 est
1896 1308 1936 1346 in
1954 1321 2092 1357 genere
2113 1309 2356 1347 substantiae.
2378 1311 2427 1347 Et
2445 1310 2498 1347 sic

296 1413 387 1451 est*
414 1413 545 1464 ipsum
573 1425 655 1451 non
683 1425 767 1450 esse
795 1412 986 1450 accidens.

350 1527 368 1554 8
385 1527 424 1554 Ex
441 1526 505 1562 quo]
525 1527 565 1553 Ex
581 1526 632 1553 hoc
651 1526 699 1552 Pd.

349 1561 368 1588 6
387 1562 436 1590 hoc
455 1570 498 1589 οηι
518 1563 581 1589 αΕσ.

251 1375 261 1377 ’
291 1353 521 1410 quod-Deo
549 1367 699 1398 constat
726 1358 949 1404 convenire,
979 1371 1026 1396 ex
1054 1371 1136 1408 quo
1164 1359 1375 1408 probatum
1389 1379 1416 1394 ιο
1430 1359 1562 1396 necin
1590 1359 1721 1409 aliquo
1749 1373 1903 1409 genere:
1929 1373 2021 1399 cum
2050 1369 2249 1399 ostensum
2269 1363 2346 1400 sit*
2369 1362 2498 1412 ipsum

1430 1424 1513 1449 non
1541 1424 1624 1450 esse
1654 1413 1693 1450 in
1720 1425 1859 1462 genere
1887 1414 2104 1452 accidentis.

810 1526 842 1552 13
863 1527 920 1552 eius
939 1527 973 1552 de
991 1525 1054 1561 quo]
1075 1527 1194 1552 eiusdem
1213 1534 1268 1560 quo
1287 1527 1342 1558 EG,
1362 1527 1482 1552 eiusdem
1501 1527 1534 1552 de
1553 1534 1607 1560 quo
1627 1527 1670 1552 Pc.

691 1570 708 1597 9
727 1561 865 1597 rationem]
886 1567 1006 1588 naturam
1025 1562 1137 1596 YpGW,
1157 1567 1276 1588 naturam
1295 1563 1337 1588 vel
1356 1562 1486 1588 rationem
1504 1562 1552 1588 ΡΑ.

1064 1660 1403 1694 commentaria
1432 1659 1744 1693 Fer-ramensis

339 1777 478 1809 ncunno,
513 1766 694 1799 ostenditur
729 1768 764 1798 in
795 1767 869 1798 Deo
900 1777 969 1798 non
1000 1776 1070 1799 esse
1100 1768 1375 1809 compositionem

298 1778 501 1844 Saetualem
520 1812 647 1853 generis
663 1817 696 1843 et
711 1811 910 1843 differentiae
925 1813 952 1843 “.
978 1811 1020 1843 Et
1034 1812 1169 1853 ponitur
1193 1812 1273 1843 haec
1297 1821 1376 1843 con-

297 1857 417 1889 clusio:
440 1857 532 1888 Deus
555 1857 588 1888 in
613 1857 706 1887 nullo
729 1861 779 1887 est
798 1865 931 1898 genere.

353 1901 451 1934 Circa
472 1911 572 1942 quam
595 1900 844 1932 conclusionem
867 1901 926 1932 tria
948 1900 1024 1932 facit
1054 1900 1191 1932 Sanctus
1214 1901 1375 1932 Thomas:

297 1947 406 1988 primo
422 1946 511 1978 enim
525 1947 631 1987 ipsam
654 1945 784 1986 probat3
808 1945 965 1983 secundo,
990 1945 1151 1986 quaedam
1174 1955 1214 1976 ex
1235 1946 1305 1986 ipsa
1321 1955 1377 1976 co-

297 1991 427 2023 rollaria
448 1989 580 2022 deducit
595 1990 627 2026 *3
651 1990 758 2026 tertio,
782 1989 948 2030 quandam
969 1990 1067 2021 solvit
1088 1991 1274 2021 instantiam
1285 1991 1331 2021 ⁴⁸.

355 2035 379 2066 Ι.
395 2035 567 2074 Quantum
581 2033 623 2066 ad
637 2035 791 2075 primum,
807 2034 924 2076 arguit
932 2035 1044 2075 primo
1059 2034 1142 2066 εἰς’.
1157 2034 1192 2065 ln
1209 2035 1280 2066 Deo
1296 2034 1377 2065 nihil

298 2086 347 2113 est
370 2089 428 2121 per
451 2078 544 2120 quod
566 2078 753 2120 designetur
774 2084 889 2110 natura
907 2078 948 2110 ad
963 2080 1117 2120 speciem.
1140 2079 1228 2120 Ergo
1243 2087 1313 2110 non
1328 2084 1377 2110 est

297 2126 333 2157 in
354 2133 484 2166 genere.
499 2142 524 2147 —
537 2123 744 2155 Antecedens
767 2129 856 2164 patet
885 2133 925 2154 ex
953 2123 1161 2164 praecedenti
1183 2124 1338 2164 capitulo.
1354 2141 1378 2146 -

297 2169 545 2210 Consequentia
558 2177 637 2199 vero
653 2168 818 2209 probatur.
841 2167 929 2206 Quia
943 2168 1025 2199 nihil
1041 2174 1088 2199 est
1102 2169 1137 2199 in
1152 2178 1270 2209 genere
1286 2167 1378 2209 quod

297 2223 367 2246 non
390 2214 431 2244 sit
453 2214 488 2244 in
511 2213 620 2254 aliqua
643 2213 713 2244 eius
736 2213 854 2253 specie.
879 2212 980 2251 Quod
1002 2212 1250 2253 intelligendum
1273 2219 1321 2244 est
1336 2212 1377 2244 de

296 2259 336 2290 iis
359 2267 444 2299 quae
467 2263 543 2288 sunt
566 2257 731 2298 completa
753 2258 786 2288 in
809 2262 933 2294 natura,
958 2262 990 2288 et
1012 2256 1146 2288 directe:
1170 2267 1240 2288 non
1267 2263 1377 2288 autem

295 2312 383 2344 ,quae
405 2302 515 2334 solum
537 2311 596 2342 per
616 2301 843 2333 reductionem
866 2302 926 2332 sub
949 2311 1067 2342 genere
1091 2303 1309 2334 continentur.

353 2346 418 2379 Sed
440 2346 568 2378 videtur
590 2346 786 2378 antecedens
815 2347 912 2378 huius
942 2347 1077 2378 rationis
1106 2357 1175 2378 non
1204 2347 1317 2378 haberi
1338 2356 1377 2378 ex

297 2391 503 2434 praecedenti
532 2391 687 2431 capitulo.
718 2391 765 2422 lbi
796 2391 884 2422 enim
914 2396 1083 2422 ostensum
1112 2397 1160 2422 est
1190 2391 1281 2432 quod
1308 2401 1377 2423 esse

295 2436 446 2468 divinum
468 2445 539 2467 non
560 2441 670 2476 potest
692 2435 852 2476 designari
874 2436 1083 2467 essentialiter
1105 2446 1164 2477 per
1186 2435 1308 2477 aliquid
1323 2446 1377 2467 su-

298 2480 513 2522 peradditum.
538 2480 588 2511 Ex
610 2480 676 2511 hoc
699 2486 809 2511 autern
824 2490 894 2511 non
909 2480 1046 2512 habetur
1061 2481 1151 2521 quod
1170 2481 1204 2512 in
1220 2481 1292 2512 Deo
1308 2491 1377 2512 non

298 2526 339 2557 sit
361 2524 484 2566 aliquid
507 2524 751 2556 determinabile
774 2530 807 2556 et
829 2525 952 2565 aliquid
975 2524 1206 2556 determinans:
1231 2526 1315 2557 sicut
1338 2535 1377 2556 ex

297 2571 363 2602 hoc
385 2569 478 2611 quod
506 2570 690 2600 humanitas
719 2579 789 2601 non
812 2575 860 2600 est
882 2579 941 2610 per
963 2569 1059 2601 aliam
1085 2569 1256 2601 formalem
1286 2569 1377 2601 diffe-

298 2615 435 2646 rentiam
451 2614 662 2645 essentialiter
676 2614 852 2645 limitabilis
867 2619 900 2645 et
915 2615 1144 2651 contrahibilis,
1157 2624 1226 2646 non
1242 2615 1378 2646 habetur

298 2658 391 2700 quod
412 2659 447 2690 in
470 2659 671 2690 humanitate
693 2667 763 2689 non
786 2659 827 2689 sit
848 2664 963 2690 natura
985 2659 1167 2690 secundum
1191 2669 1225 2690 se
1249 2665 1376 2690 contra-

294 2703 406 2735 hibilis
421 2708 454 2734 et
468 2708 582 2734 natura
598 2703 802 2739 contrahens,
826 2704 853 2734 si
876 2703 1054 2735 formaliter
1076 2703 1331 2735 considerentur.

353 2747 584 2789 Respondemr
606 2747 698 2788 quod
721 2757 760 2778 ex
790 2747 914 2779 eisdem
943 2749 1122 2779 rationibus
1152 2749 1271 2789 quibus
1301 2758 1377 2790 pro-

299 2793 412 2824 batum
435 2797 483 2824 est
505 2792 585 2823 nihil
608 2801 706 2832 posse
729 2791 803 2823 addi
826 2792 868 2823 ad
891 2792 1038 2824 divinum
1062 2802 1131 2824 esse
1155 2793 1246 2833 quod
1267 2794 1377 2834 ipsum

299 2837 510 2868 essentialiter
532 2835 688 2876 designet,
713 2842 840 2867 constat
862 2837 993 2868 inDeo
1017 2837 1098 2868 nihil
1121 2847 1190 2868 esse
1214 2837 1306 2878 quod
1321 2838 1377 2869 ha-

299 2882 373 2912 beat
387 2882 548 2912 rationem
563 2880 761 2912 differentiae
777 2880 972 2922 designantis
995 2882 1212 2913 essentialiter.
1238 2882 1272 2913 Id
1289 2883 1377 2913 enim

299 2925 392 2966 quod
413 2925 634 2966 designaretur
662 2934 722 2965 per
750 2926 865 2966 ipsam,
889 2935 958 2957 non
989 2931 1072 2957 esset
1100 2935 1159 2966 per
1188 2936 1222 2957 se
1244 2936 1377 2958 necesse

300 2979 384 3001 esse:
409 2970 486 3010 quia
509 2969 551 3001 ad
573 2970 638 3000 hoc
661 2974 698 3000 ut
720 2975 795 3000 actu
819 2976 912 3007 esset,
935 2970 1093 3011 indigeret
1114 2971 1168 3001 illa
1187 2970 1376 3008 differentia,

299 3020 336 3046 ut
358 3015 393 3045 in
415 3014 520 3055 prima
542 3014 668 3045 ratione
683 3014 938 3055 procedebatur.
959 3033 983 3037 —
1003 3015 1046 3045 Et
1068 3020 1152 3046 esset
1173 3016 1208 3046 in
1231 3016 1378 3056 potentia

299 3064 451 3099 respectu
469 3058 570 3089 illius:
586 3063 624 3090 ut
646 3059 681 3089 in
704 3058 848 3090 secunda
870 3059 1093 3090 assumebatur
1115 3060 1251 3091 ratione.
1268 3078 1291 3082 —
1306 3060 1378 3101 Ipsa

299 3104 399 3135 etiam
421 3102 602 3134 differentia
625 3108 708 3134 esset
730 3112 804 3144 pars
827 3104 984 3134 essentiae
1007 3102 1185 3135 formaliter
1213 3110 1376 3145 sumptae:

299 3153 337 3179 ut
351 3148 444 3179 tertia
460 3147 676 3178 concludebat
691 3148 784 3178 ratio.
799 3166 823 3170 -
838 3147 992 3179 Similiter
1006 3148 1168 3189 quidquid
1190 3154 1239 3180 est
1253 3154 1328 3180 actu
1343 3150 1378 3180 in

299 3193 384 3229 Deo,
408 3197 456 3223 est
478 3191 567 3223 idem
589 3191 766 3223 formaliter
789 3201 866 3223 cum
889 3193 981 3223 omni
1003 3198 1117 3224 natura
1140 3203 1225 3234 quae
1247 3194 1282 3224 in
1305 3194 1378 3224 Deo

299 3242 358 3274 est,
381 3237 409 3268 si
431 3236 614 3268 seeundum
636 3246 671 3267 se
695 3235 940 3268 considerentur
962 3247 1000 3268 ea
1023 3246 1107 3278 quae
1130 3243 1207 3269 sunt
1232 3238 1267 3268 in
1290 3238 1378 3269 Deo:

300 3291 378 3313 cum
394 3282 506 3312 omnia
520 3282 584 3312 sint
599 3282 709 3322 ipsum
732 3291 852 3322 purum
869 3291 949 3312 esse.
974 3281 1052 3312 Ideo
1074 3291 1144 3313 non
1159 3287 1268 3323 potest
1283 3282 1379 3314 alicui

301 3327 449 3358 existenti
472 3326 507 3357 in
526 3326 599 3357 Deo
615 3325 691 3357 addi
706 3326 828 3366 aliquid
844 3325 936 3366 quod
951 3327 991 3357 sit
1006 3331 1094 3357 extra
1115 3327 1184 3357 eius
1204 3327 1377 3358 rationem:

300 3376 337 3402 ut
360 3375 474 3411 quarta
496 3371 578 3402 ratio
601 3370 808 3411 procedebat.
820 3388 845 3393 -
856 3370 1014 3411 implicite
1030 3380 1119 3411 ergo,
1136 3377 1267 3402 ostenso
1289 3371 1380 3412 quod

301 3424 370 3446 esse
393 3414 541 3446 divinum
564 3424 634 3446 non
656 3415 771 3456 recipit
794 3415 1003 3446 essentialiter
1025 3415 1261 3451 limitationem,
1282 3417 1380 3446 etiam

301 3464 470 3491 ostensum
494 3464 542 3490 est
564 3459 645 3490 nihil
661 3469 731 3491 esse
746 3460 780 3491 in
796 3460 869 3490 Deo
886 3459 977 3500 quod
999 3460 1159 3490 rationem
1182 3459 1380 3491 differentiae

301 3503 511 3535 essentialiter
533 3504 700 3535 limitantis
722 3505 848 3535 habeat.

298 3576 301 3579 .
345 3548 396 3580 .11.
420 3548 582 3580 Secundo.
607 3548 697 3579 Deus
719 3558 789 3580 non
813 3554 860 3579 est
882 3549 915 3579 in
939 3558 1057 3589 genere
1085 3547 1274 3579 accidentis:
1303 3549 1380 3589 quia

301 3592 451 3624 accidens
474 3602 544 3624 non
566 3598 675 3633 potest
698 3603 767 3624 esse
790 3594 932 3633 primum
949 3602 1005 3624 ens
1022 3598 1053 3624 et
1068 3593 1171 3633 prima
1188 3602 1294 3623 causa.
1310 3593 1380 3624 Nec

301 3637 334 3667 in
358 3646 477 3677 genere
500 3637 710 3668 substantiae:
735 3638 811 3678 quia
827 3638 1003 3669 substantia
1020 3647 1104 3678 quae
1120 3643 1167 3668 est
1181 3646 1294 3678 genus,
1311 3647 1379 3668 non

1430 1773 1479 1798 est
1501 1777 1599 1798 suum
1623 1777 1702 1803 esse,
1727 1767 1872 1808 alioquin
1897 1768 2003 1798 omnis
2023 1768 2198 1798 substantia
2214 1773 2296 1798 esset
2311 1777 2407 1799 suum
2424 1779 2501 1806 esse,

1431 1821 1508 1843 cum
1531 1813 1612 1843 ratio
1635 1813 1761 1852 generis
1791 1811 1930 1842 salvetur
1952 1813 1987 1843 in
2010 1812 2162 1842 omnibus
2186 1821 2268 1852 quae
2295 1813 2354 1843 sub
2386 1823 2502 1854 genere

1431 1857 1639 1887 continentur
1650 1857 1678 1893 *‚
1700 1862 1732 1887 et
1754 1857 1800 1887 sic
1816 1857 1991 1887 substantia
2014 1865 2082 1887 non
2106 1861 2188 1887 esset
2211 1862 2338 1887 causata
2361 1858 2400 1888 ab
2424 1858 2502 1895 alio;

1431 1901 1520 1932 Deus
1543 1907 1654 1932 autem
1677 1906 1725 1932 est
1747 1911 1844 1932 suum
1867 1910 1946 1932 esse.
1971 1901 2058 1940 Ergo
2076 1901 2164 1931 Deus
2179 1910 2248 1931 non
2265 1902 2359 1932 estin
2374 1911 2501 1942 genere.

1487 1945 1539 1976 Ad
1563 1944 1758 1976 evidentiam
1780 1946 1877 1976 huius
1899 1945 2041 1981 rationis,
2067 1944 2335 1976 considerandum
2351 1952 2397 1977 est
2413 1947 2502 1987 quod

1428 1999 1470 2020 vex
1493 1990 1559 2021 hoc
1581 1989 1704 2031 aliquid
1726 1990 1823 2021 habet
1845 1991 2004 2021 rationem
2031 1990 2151 2020 causati
2181 1990 2219 2020 ab
2250 1990 2322 2026 alio,
2350 1991 2439 2031 quod
2462 1993 2500 2022 ab

1430 2034 1503 2075 ipso
1526 2035 1641 2076 recipit
1671 2044 1754 2066 esse:
1786 2044 1917 2066 causare
1948 2035 2046 2070 enim,
2070 2040 2107 2065 ut
2135 2033 2257 2065 dictum
2287 2040 2334 2065 est
2363 2045 2459 2076 supra
2473 2038 2500 2072 *‚

1431 2084 1479 2110 est
1502 2078 1607 2110 facere
1631 2078 1754 2120 aliquid
1777 2088 1846 2110 esse
1869 2079 1904 2110 in
1927 2084 2011 2110 actu.
2042 2079 2106 2110 Ubi
2137 2088 2212 2119 ergo
2242 2085 2382 2119 ponatur
2411 2081 2500 2121 quod

1431 2133 1500 2155 esse
1523 2124 1569 2154 rei
1592 2133 1661 2155 non
1685 2124 1857 2154 conveniat
1879 2124 1940 2154 sibi
1963 2123 2002 2154 ab
2029 2123 2104 2159 alio,
2127 2124 2272 2164 sequitur
2300 2125 2403 2164 ipsam
2432 2135 2500 2156 rem

1431 2174 1595 2199 causatam
1617 2178 1685 2199 non
1710 2177 1789 2199 esse.
1813 2168 1862 2199 Ex
1885 2168 1949 2199 hoc
1972 2173 2081 2199 autem
2097 2168 2187 2208 quod
2201 2169 2333 2208 ponitur
2355 2169 2500 2200 substan-

1430 2213 1508 2243 tiam
1524 2213 1570 2244 rei
1586 2213 1625 2243 ab
1650 2222 1718 2244 esse
1742 2222 1811 2243 non
1834 2212 1997 2253 distingui,
2016 2217 2145 2253 oportet
2160 2213 2240 2253 poni
2256 2222 2323 2244 esse
2338 2222 2406 2244 non
2423 2223 2500 2244 con-

1431 2258 1541 2288 venire
1556 2258 1602 2288 rei
1617 2267 1675 2298 per
1691 2257 1787 2288 aliam
1799 2267 1937 2288 causam
1960 2256 2167 2288 efficientem:
2193 2257 2268 2297 quia
2283 2258 2351 2298 ipsa
2367 2259 2501 2289 essentia

1431 2303 1478 2333 rei
1500 2302 1562 2333 sibi
1585 2303 1738 2333 convenit
1753 2311 1811 2343 per
1830 2311 1875 2338 se,
1892 2307 1924 2332 et
1944 2311 2013 2332 non
2036 2311 2094 2342 per
2116 2311 2245 2332 causam
2267 2301 2499 2342 productivam.

1430 2346 1528 2377 Nulla
1551 2347 1639 2378 enirn
1663 2356 1759 2378 causa
1778 2352 1825 2377 est
1844 2355 1928 2387 quae
1945 2346 2040 2377 faciat
2055 2346 2223 2376 hominem
2239 2355 2306 2377 esse
2322 2347 2498 2383 hominem,

1431 2396 1488 2422 aut
1516 2391 1646 2428 animal,
1676 2397 1733 2422 aut
1761 2391 1985 2422 substantiam:
2011 2400 2087 2421 cum
2117 2391 2236 2421 similes
2263 2392 2500 2431 propositiones

1430 2436 1527 2477 primi
1549 2435 1641 2467 modi
1663 2436 1727 2466 sint
1750 2436 1964 2476 sempiternae
1987 2435 2137 2471 veritatis,
2153 2436 2219 2466 sive
2241 2435 2438 2475 producatur
2451 2445 2500 2466 res

1430 2481 1465 2511 in
1489 2490 1558 2511 esse
1587 2481 1654 2511 sive
1683 2490 1753 2511 non
1783 2479 1991 2521 producatur.
2019 2480 2060 2511 Et
2090 2481 2116 2510 si
2145 2480 2325 2510 inveniatur
2348 2480 2500 2511 Sanctum

1431 2525 1597 2556 Thomam
1620 2524 1796 2565 aliquando
1820 2524 1936 2561 dicere,
1960 2530 1997 2555 ut
2019 2524 2059 2555 de
2080 2524 2161 2561 Ver„
2179 2533 2210 2564 q.
2227 2534 2289 2560 xxr,
2314 2534 2341 2555 a.
2360 2526 2389 2561 5,
2413 2525 2452 2556 ad
2470 2526 2498 2560 5,

1431 2569 1523 2610 quod
1538 2575 1692 2600 creatura
1709 2574 1758 2600 est
1771 2579 1792 2600 a
1808 2569 1879 2600 Deo
1903 2569 2078 2600 secundum
2103 2569 2270 2599 essentiam
2289 2579 2391 2603 suam,
2408 2569 2500 2599 intel-

1430 2613 1598 2655 ligendum
1622 2619 1670 2644 est
1692 2613 1783 2655 quod
1805 2614 1909 2655 ipsam
1933 2614 2102 2644 essentiam
2126 2619 2286 2644 creaturae
2302 2613 2452 2653 producit
2467 2614 2499 2643 in

1431 2668 1511 2695 esse,
1535 2668 1604 2689 non
1628 2658 1719 2699 quod
1742 2657 1837 2689 faciat
1859 2658 2029 2689 essentiam
2053 2663 2213 2688 creaturae
2237 2658 2408 2688 convenire
2429 2658 2497 2693 sibi,

1431 2703 1524 2744 quasi
1550 2702 1646 2734 faciat
1675 2703 1844 2734 hominem
1877 2712 1944 2734 esse
1974 2703 2150 2733 hominem.
2181 2701 2332 2741 Sequitur
2362 2711 2449 2742 ergo,
2473 2702 2499 2731 si

1430 2748 1607 2779 substantia
1622 2748 1662 2778 sit
1677 2757 1774 2778 suum
1790 2757 1869 2784 esse,
1887 2746 1977 2788 quod
1996 2748 2065 2787 ipsa
2088 2747 2260 2777 substantia
2285 2752 2410 2776 causata
2430 2755 2497 2776 non

1431 2793 1503 2823 erit:
1522 2801 1562 2823 eo
1579 2791 1671 2832 quod
1686 2792 1725 2823 ab
1742 2792 1805 2822 alio
1821 2801 1890 2822 non
1906 2792 2040 2832 accipiet
2056 2800 2133 2826 esse,
2147 2792 2228 2821 sicut
2243 2800 2303 2820 nec
2319 2791 2497 2820 essentiam.

1487 2837 1540 2867 111.
1561 2837 1681 2867 Tertio.
1701 2836 1803 2875 Quod
1825 2842 1873 2867 est
1895 2837 1929 2866 in
1952 2845 2078 2876 genere,
2103 2834 2207 2866 differt
2229 2834 2406 2865 secundum
2430 2844 2497 2864 esse

1432 2882 1471 2912 ab
1491 2882 1645 2912 omnibus
1660 2881 1730 2912 aliis
1746 2890 1829 2921 quae
1846 2886 1920 2911 sunt
1935 2881 1969 2910 in
1984 2880 2041 2910 illo
2063 2889 2189 2920 genere.
2215 2878 2376 2909 Convenit
2391 2884 2498 2909 autem

1431 2936 1508 2957 cum
1531 2926 1593 2957 illis
1615 2926 1650 2956 in
1673 2926 1798 2966 generis
1822 2924 2009 2966 quidditate.
2034 2925 2119 2965 Ergo
2135 2925 2168 2954 in
2185 2924 2275 2954 omni
2298 2924 2448 2953 existente
2465 2923 2498 2952 in

1430 2979 1550 3011 genere
1573 2980 1643 3001 esse
1667 2976 1714 3001 est
1736 2975 1862 3010 praeter
1890 2969 2015 3010 generis
2031 2968 2264 3009 'quidditatem.
2295 2968 2380 3007 Ergo
2411 2967 2498 2997 Deus

1431 3025 1500 3046 non
1524 3020 1572 3046 est
1594 3016 1628 3046 in
1651 3024 1779 3055 genere.
1801 3032 1825 3036 -
1846 3014 2050 3044 Antecedens
2074 3012 2183 3053 quoad
2212 3012 2347 3052 primam
2376 3017 2498 3052 partem

1431 3060 1596 3101 probatur,
1621 3069 1661 3090 eo
1687 3058 1777 3099 quod
1799 3068 1901 3098 genus
1926 3058 1965 3088 de
1992 3058 2137 3098 pluribus
2157 3056 2368 3097 praedicetur3
2393 3055 2498 3095 aliqua

1432 3110 1542 3136 autem
1557 3105 1592 3135 in
1608 3113 1673 3134 una
1687 3104 1855 3134 communi
1879 3102 2054 3143 quidditate
2078 3101 2299 3132 convenientia
2317 3099 2391 3130 ideo
2407 3100 2498 3140 plura

1432 3154 1508 3180 sunt
1539 3149 1615 3189 quia
1644 3148 1763 3178 habent
1793 3147 1940 3178 distincta
1969 3156 2046 3176 esse.
2077 3145 2195 3184 Quoad
2225 3143 2397 3174 secundam
2420 3153 2496 3174 vero

1432 3194 1597 3234 probatur,
1623 3193 1699 3233 quia
1721 3201 1823 3232 genus
1847 3190 2046 3232 praedicatur
2062 3190 2094 3220 in
2109 3189 2186 3230 quid
2201 3188 2240 3218 de
2257 3189 2406 3218 omnibus
2426 3197 2497 3228 spe-

1433 3238 1554 3269 ciebus.
1566 3256 1590 3260 -
1600 3237 1707 3268 Prima
1722 3236 1953 3276 consequentia
1964 3239 2059 3275 patet.
2073 3234 2158 3271 Quia
2172 3232 2258 3263 idem
2273 3242 2339 3262 non
2353 3237 2400 3262 est
2410 3232 2497 3272 prin-

1433 3283 1557 3323 cipium
1581 3282 1825 3312 convenientiae
1850 3286 1881 3310 et
1902 3279 2111 3310 distinctionis
2138 3282 2284 3317 respectu
2305 3276 2458 3307 eiusdem.
2474 3294 2498 3298 -

1433 3326 1582 3358 Secunda
1613 3327 1709 3356 etiam
1740 3330 1836 3365 patet.
1861 3324 1945 3362 Quia
1968 3325 2001 3353 in
2025 3323 2095 3353 Deo
2121 3331 2187 3352 esse
2210 3331 2277 3351 non
2302 3326 2348 3351 est
2374 3326 2498 3361 praeter

1433 3372 1502 3402 eius
1526 3370 1748 3411 quidditatem.

1491 3415 1586 3446 Circa
1600 3415 1693 3445 istam
1709 3414 1867 3444 rationem
1884 3418 1930 3442 est
1946 3410 2174 3441 advertendum
2191 3408 2281 3449 quod
2297 3418 2334 3439 ex
2350 3418 2390 3439 eo
2407 3409 2498 3450 quod

1433 3460 1557 3500 species
1581 3459 1779 3490 conveniunt
1801 3458 1834 3487 in
1858 3455 2032 3496 quidditate
2055 3454 2189 3494 generis,
2214 3453 2363 3484 differunt
2389 3459 2498 3484 autem

1433 3505 1467 3535 in
1483 3513 1552 3535 esse
1569 3509 1600 3534 et
1616 3502 1827 3544 quidditativo
1850 3507 1882 3531 et
1902 3500 2031 3530 actualis
2055 3499 2248 3534 existentiae,
2265 3507 2332 3528 non
2354 3499 2499 3538 sequitur

1433 3548 1610 3579 formaliter
1625 3548 1678 3578 illa
1694 3555 1776 3586 quae
1793 3550 1867 3575 sunt
1889 3545 1922 3574 in
1944 3552 2060 3583 genere
2083 3543 2199 3572 habere
2223 3551 2291 3572 esse
2312 3542 2436 3573 realiter
2452 3541 2498 3572 di-

1434 3594 1587 3623 stinctum
1603 3602 1620 3621 a
1637 3590 1822 3631 quidditate,
1843 3588 1899 3619 sed
1921 3593 2046 3617 tantum
2069 3586 2257 3617 formaliter:
2282 3587 2365 3616 sicut
2381 3596 2419 3617 ex
2435 3586 2499 3617 hoc

1434 3636 1525 3677 quod
1552 3636 1750 3666 conveniunt
1773 3634 1894 3673 species
1918 3631 2061 3662 animalis
2084 3632 2118 3661 in
2143 3630 2319 3671 quidditate
2343 3631 2498 3666 animalis,

2524 1257 2535 1267 '¹
2547 1256 2604 1284 Cap.
2614 1262 2671 1280 xxn.

2526 1360 2535 1369 ·
2550 1359 2608 1387 Cap.
2623 1365 2690 1381 xxm.

2530 1852 2540 1862 ·
2554 1851 2589 1873 cf.
2605 1854 2659 1873 text.

2528 2032 2537 2041 '¹
2547 2031 2605 2062 Cap.
2617 2030 2740 2057 xxm,Am-

2523 2057 2598 2086 phur.
2615 2057 2695 2079 Omne.
