2768 4134
0 431 21 542 vde-w:
8 393 18 403 ‘-
12 371 14 373 ν
17 319 19 324 «
18 292 19 295 Α

11 525 146 557 wne-p-
157 530 235 553 pnec-

12 672 21 681 .2
9 646 14 657 —
1 558 19 635 ‚ku-vv

27 700 40 713 ⁸
62 699 100 722 Cf.
120 698 242 725 Matthaei,

4 733 6 736 ’
28 725 61 776 :12
103 724 242 778 affixit

3 3472 5 3475 ’
36 3472 44 3494 .“’
69 3469 105 3494 Cf.
122 3470 256 3493 Commeat.

249 3514 256 3524 ’
284 3511 404 3543 fuerint
416 3510 590 3551 opiniones
603 3509 720 3544 variae,
735 3512 844 3538 tamen
860 3510 971 3535 contra
990 3513 1046 3534 eos
1062 3502 1291 3532 communibus
1306 3510 1355 3531 ra-

692 283 879 320 SUMMA
909 283 1130 321 CONTRA
1158 283 1432 329 GENTILES,
1459 284 1554 320 LIB.
1574 284 1616 330 II,
1647 284 1757 321 CAP.
1777 284 1909 329 LXIV,
1928 283 2046 321 LXV.

1030 396 1364 430 Commentario·

321 484 414 506 ismm
436 474 615 505 rationibus
638 474 840 515 improbatur
864 475 977 515 opinio
1001 474 1179 505 dicentium
1203 474 1344 504 animam

274 486 317 549 E
337 528 405 550 esse
420 518 637 555 harmoniam,
655 519 774 559 quibus
790 524 821 549 et
843 518 1039 559 praecedens
1051 520 1082 548 *z
1107 527 1183 549 cum
1206 528 1275 549 non
1294 519 1343 549 in-

269 564 450 604 telligerent
472 564 615 594 animam
636 573 705 594 esse
728 563 931 593 harmoniam
949 572 1118 598 sonorum,
1137 562 1194 593 sed
1213 567 1343 593 contra-

271 609 408 638 riorum.
434 607 528 646 Quae
551 607 684 648 quidem
708 607 822 648 opinio
845 608 879 638 in
909 607 992 637 libro
1016 607 1055 637 de
1077 607 1195 637 Anima
1218 606 1345 637 videtur

270 651 464 693 Empedocli
487 651 629 682 attribui:
647 661 666 681 a
681 651 839 692 Gregorio
863 657 972 682 autem
994 651 1143 692 Nysseno
1162 651 1344 682 attribuitur

270 696 470 727 Dicaearcho
486 697 514 726 *.
545 695 610 727 Sed
632 701 740 726 tamen
765 701 796 726 et
819 696 957 736 propriis
981 701 1093 726 contra
1115 696 1219 736 ipsam
1246 695 1343 726 ratio-

269 741 366 772 nibus
389 741 542 781 arguitur.

326 784 417 815 Sicut
439 783 636 825 praecedens
660 784 793 824 quidem
808 784 1025 824 improbatur:
1046 783 1122 824 quia
1144 792 1213 814 non
1235 787 1343 823 potest

269 829 439 860 harmonia
468 837 601 859 movere
634 837 770 868 corpus;
794 834 849 859 aut
879 837 989 869 regere
1019 828 1144 869 ipsum;
1168 832 1224 858 aut
1246 837 1342 868 repu—

270 882 368 914 gnare
391 873 612 913 passionibus;
637 873 720 903 sicut
743 882 804 903 nec
828 871 1025 913 complexio.

325 917 467 958 Propriis
480 923 589 948 autem
604 917 783 948 rationibus
799 917 943 957 arguitur
959 921 1071 947 contra
1085 916 1200 956 ipsam.
1217 915 1340 945 Primo.

270 961 365 992 Ratio
400 962 589 992 harmoniae
629 962 732 1002 magis
767 962 920 992 convenit
955 960 1162 1001 qualitatibus
1197 960 1343 1000 corporis

271 1015 371 1047 quam
387 1006 527 1037 animae:
549 1011 586 1036 ut
604 1011 692 1046 patet
715 1015 753 1036 ex
774 1004 1017 1036 conditionibus
1041 1004 1196 1044 corporis,
1220 1003 1342 1034 scilicet

2383 283 2459 331 435

1395 396 1705 429 Fax-ramensis

1397 474 1541 510 sanitate,
1565 473 1763 510 fortitudine,
1779 473 2014 514 pulcritudine;
2032 479 2063 504 et
2086 483 2123 504 ex
2140 474 2380 507 conditionibus
2396 476 2464 507 ani-

1396 527 1479 554 mae,
1496 527 1580 558 quae
1596 523 1671 547 sunt
1686 527 1797 548 sensus
1821 523 1852 548 et
1874 518 2066 555 intellectus,
2083 524 2114 549 et
2138 524 2242 549 cetera
2264 519 2304 550 ad
2322 520 2463 552 animam

1396 562 1597 603 pertinentia.
1613 561 1749 592 Videtur
1765 563 1851 592 enim
1871 563 2015 602 qualium
2038 563 2091 594 illa
2114 563 2177 594 sint
2196 564 2372 601 harmonia,
2395 574 2463 595 non

1396 611 1506 636 autem
1529 606 1675 646 qualium
1699 606 1767 636 ista.
1791 606 1878 646 Ergo
1903 612 1963 637 etc.

1452 649 1613 680 Secundo.
1636 650 1703 680 Aut
1726 651 1833 680 anima
1857 651 1915 680 erit
1937 651 2106 682 harmonia
2128 660 2212 691 quae
2236 651 2351 682 dicitur
2377 661 2463 683 com-

1391 694 1535 734 positio:
1551 699 1606 724 aut
1622 703 1705 734 quae
1722 700 1769 724 est
1785 694 1871 724 ratio
1888 699 1919 724 et
1927 695 2102 735 proportio
2119 696 2370 735 compositionis.
2386 696 2464 727 Non

1395 738 1555 778 primum:
1581 738 1657 778 quia
1677 743 1755 769 tunc
1771 747 1986 779 unaquaeque
2002 748 2074 779 pars
2090 740 2215 770 animae
2231 745 2313 770 esset
2327 749 2464 780 compo-

1395 783 1468 812 sitio
1493 782 1674 822 aliquarum
1697 783 1837 822 partium
1853 783 2014 823 corporis3
2040 781 2129 823 quod
2145 792 2213 814 non
2232 789 2279 814 est
2295 784 2463 824 assignare,

1395 831 1432 857 ut
1455 831 1542 866 patet
1565 825 1605 857 de
1628 826 1793 857 intellectu
1809 832 1841 857 et
1855 827 2032 857 voluntate.
2048 827 2125 857 Non
2148 827 2244 857 etiam
2266 827 2462 858 secundum:

1396 871 1471 911 quia
1494 876 1573 901 tunc
1596 870 1739 911 singulae
1763 876 1868 910 partes
1885 871 2030 911 corporis
2059 871 2213 901 haberent
2235 871 2374 911 singulas
2397 872 2464 902 ani-

1395 924 1475 951 mas,
1499 924 1574 945 cum
1598 916 1631 945 in
1656 914 1787 946 diversis
1806 916 1950 956 partibus
1971 915 2116 956 corporis
2139 916 2202 946 sint
2225 915 2367 946 diversae
2389 925 2465 955 pro-

1395 959 1561 1000 portiones
1593 960 1840 1000 compositionis
1848 970 1856 996 3
1880 960 1944 990 hoc
1976 965 2085 991 autem
2117 964 2205 1000 patet
2237 969 2306 990 esse
2337 958 2463 990 falsum.

1395 1004 1482 1043 Ergo
1507 1009 1567 1034 etc.

1318 1107 1332 1132 Ε
1343 1099 1396 1132 ,m
1407 1106 1422 1132 Ξ

596 1249 1085 1305 CAPITULUM
1122 1248 1730 1304 SEXAGESIMUM
1767 1248 1963 1324 QUIN
1966 1248 2144 1304 TUM

883 1376 1059 1429 QUOD
1093 1376 1293 1416 ANIMA
1326 1375 1456 1416 NON
1491 1375 1585 1416 SIT
1620 1375 1860 1416 CORPUS

446 1518 457 1537 2
485 1502 630 1528 UERUNT
648 1497 780 1527 autem
800 1497 836 1526 et
855 1488 917 1526 alii
938 1488 1060 1536 magis
1079 1495 1260 1533 errantes,
1275 1499 1344 1537 po-

498 1550 634 1580 nentes
662 1542 836 1579 animam
865 1553 948 1578 esse
976 1553 1130 1590 corpus.
1161 1536 1346 1587 Quorum

292 1594 313 1614 ‘²'
409 1587 479 1649 fif
499 1595 705 1645 opiniones
732 1595 817 1631 licet
845 1594 985 1631 fuerint
1012 1593 1188 1630 diversae
1216 1600 1253 1629 et
1280 1605 1347 1630 va-

282 1644 321 1689 f)
348 1643 376 1685 ’.ἑ
395 1638 466 1687 iss?-
499 1648 589 1694 riae,
619 1646 760 1685 sufficit
794 1658 859 1684 eas
894 1646 957 1682 hic
993 1645 1255 1683 communiter
1290 1657 1347 1681 re-

272 1703 450 1754 probare.

325 1754 507 1794 Viventia
538 1753 656 1799 enim,
684 1764 777 1790 cum
811 1751 886 1789 sint
922 1751 1117 1801 quaedam
1150 1762 1211 1788 res
1235 1757 1349 1788 'natu-

273 1809 383 1855 rates,
403 1815 493 1846 sunt
520 1805 738 1856 composita
756 1817 803 1842 ex
822 1804 984 1842 materia
1009 1812 1045 1841 et
1071 1804 1209 1841 forma.
1231 1803 1350 1841 Com-

273 1869 476 1912 ponuntur
503 1867 636 1897 autem
655 1871 702 1896 ex
721 1870 886 1908 corpore
913 1866 951 1895 et
969 1857 1111 1903 anima,
1133 1868 1235 1906 quae
1263 1856 1350 1894 facit

273 1914 446 1953 viventia
473 1921 573 1950 actu.
593 1913 697 1960 Ergo
717 1918 869 1960 oportet
887 1911 1052 1947 alterum
1074 1909 1237 1946 istorum
1266 1921 1350 1946 esse

274 1968 455 2013 formam,
471 1974 507 2004 et
521 1967 686 2003 alterum
705 1963 920 2001 materiam.
943 1963 1097 2011 Corpus
1116 1969 1249 1999 autem
1268 1973 1349 1999 non

274 2027 401 2072 potest
428 2031 512 2057 esse
540 2019 681 2055 forma:
701 2016 795 2066 quia
813 2018 956 2066 corpus
983 2027 1064 2052 non
1089 2023 1145 2052 est
1164 2014 1203 2052 in
1231 2016 1350 2051 altero

276 2074 375 2112 sicut
407 2072 448 2110 in
482 2070 643 2109 materia
680 2078 716 2107 et
752 2068 937 2107 subiecto.
974 2067 1116 2105 Anima
1150 2067 1263 2116 igitur
1295 2075 1351 2104 est

275 2127 414 2165 forma.
435 2126 539 2174 Ergo
558 2136 640 2162 non
659 2131 715 2160 est
734 2134 895 2172 corpus:
915 2133 1009 2159 cum
1027 2122 1180 2158 nullum
1208 2132 1351 2170 corpus

277 2179 326 2217 sit
351 2179 489 2217 forma.

331 2232 485 2269 Adhuc.
505 2228 747 2280 Impossibile
767 2235 823 2265 est
841 2228 922 2265 duo
941 2238 1107 2277 corpora
1125 2238 1208 2263 esse
1223 2225 1349 2262 simul.
1368 2243 1375 2257 ι

278 2285 422 2323 Anima
449 2291 582 2322 autem
610 2294 692 2319 non
720 2289 776 2318 est
804 2293 982 2318 seorsum
1010 2293 1034 2317 a
1061 2291 1225 2329 corpore
1253 2279 1351 2316 dum

277 2337 385 2376 vivit.
415 2337 510 2375 Non
538 2344 594 2373 est
621 2335 734 2384 igitur
761 2333 892 2372 anima
920 2345 1074 2382 corpus.

332 2390 523 2440 Amplius.
554 2389 686 2426 Omne
718 2399 882 2437 corpus·
893 2386 1082 2424 divisibile
1117 2394 1183 2422 est.
1219 2385 1351 2422 Omne

278 2452 411 2482 autem
457 2441 646 2479 divisibile
692 2440 835 2488 indiget
880 2439 1012 2489 aliquo
1054 2438 1273 2476 continente
1315 2445 1352 2475 et

278 2496 438 2535 uniente
466 2502 594 2545 partes
621 2493 716 2531 eius.
752 2493 793 2531 Si
820 2492 934 2541 igitur
964 2492 1095 2530 anima
1123 2491 1170 2529 sit
1197 2503 1350 2541 corpuS,

280 2549 438 2587 habebit
466 2547 612 2597 aliquid
644 2547 749 2584 aliud
783 2545 997 2592 continens,
1031 2553 1068 2582 et
1100 2544 1194 2582 illud
1230 2543 1351 2592 magis

280 2602 350 2640 erit
368 2601 514 2639 anima:
544 2600 726 2638 videmus
745 2598 861 2645 enim,
881 2598 1014 2636 anima
1033 2597 1247 2643 recedente,
1268 2609 1351 2634 cor-

279 2668 355 2706 pus
377 2654 548 2692 dissolvi.
578 2654 628 2690 Et
645 2652 676 2690 si
695 2654 773 2690 hoc
791 2652 932 2690 iterum
951 2652 998 2689 sit
1016 2650 1216 2696 divisibile,
1237 2661 1351 2699 opor-

279 2708 373 2746 tebit
398 2709 462 2745 vel
489 2705 673 2745 devenire
701 2706 751 2743 ad
786 2705 944 2754 aliquod
972 2703 1203 2742 indivisibile
1231 2710 1268 2739 et
1295 2702 1351 2739 in-

280 2772 528 2812 corporeum,
556 2759 664 2809 quod
693 2758 763 2796 erit
790 2758 938 2795 anima:
958 2758 1022 2794 vel
1045 2756 1114 2794 erit
1140 2755 1352 2806 procedere
1366 2772 1378 2786 2

280 2816 321 2853 in
349 2813 557 2859 infinitum,
577 2812 686 2862 quod
705 2819 762 2849 est
780 2810 1029 2860 impossibile.
1050 2810 1143 2847 Non
1163 2817 1218 2847 est
1241 2808 1353 2857 igitur

281 2867 413 2907 anima
440 2878 594 2916 corpus.

334 2922 441 2959 Item.
458 2919 566 2958 Sicut
579 2930 698 2968 supra
710 2917 731 2940 ’⁸‘
744 2917 955 2966 probatum
969 2923 1035 2962 est,
1050 2923 1087 2952 et
1100 2914 1141 2952 in
1154 2915 1237 2952 VIII
1251 2915 1353 2963 Phy-

169 2990 177 2997 ·
196 2999 203 3006 ·
247 2998 254 3004 ·
280 2976 446 3012 sicorum
459 2973 480 2995 ²¹⁸
507 2972 705 3022 probatur,
728 2982 846 3007 omne
869 2980 1035 3006 movens
1054 2967 1226 3017 seipsum
1245 2978 1352 3004 com-

281 3027 440 3078 ponitur
454 3038 501 3063 ex
515 3025 683 3070 duobus,
698 3034 870 3073 quorum
889 3023 1052 3059 alterum
1067 3028 1124 3058 est
1137 3032 1302 3057 movens
1317 3027 1354 3056 et
1368 3036 1394 3056 ³0

282 3092 364 3118 non
382 3087 549 3125 motum,
566 3085 603 3115 et
617 3078 780 3114 alterum
795 3083 852 3112 est
865 3083 1030 3112 motum.
1048 3074 1125 3111 Sed
1140 3073 1283 3110 animal
1298 3079 1354 3109 est

283 3145 449 3171 movens
460 3131 648 3181 seipsum:
664 3141 830 3167 movens
845 3135 976 3165 autem
991 3126 1031 3164 in
1045 3125 1130 3176 ipso
1141 3134 1197 3163 est
1210 3125 1352 3171 anima,

337 3228 369 3247 η
390 3225 430 3247 est
447 3228 490 3246 om
509 3220 542 3251 X,
560 3219 609 3244 erit
626 3217 763 3243 aDWch.

338 3264 349 3283 i
372 3261 413 3282 est
431 3262 527 3289 eorpus
547 3255 590 3280 Ita
608 3252 711 3284 GNYZ,
730 3259 825 3285 eorpus
842 3250 933 3276 ceteri.

1371 1712 1380 1732 5

1024 3256 1056 3274 12
1075 3247 1212 3281 similatur]
1232 3247 1390 3272 assimilatur

1047 3334 1384 3368 Commentaria.

333 3432 457 3454 umumr
480 3427 512 3452 et
534 3421 598 3457 alii,
620 3419 727 3460 inquit
749 3417 885 3449 Sanctus
910 3415 1065 3451 Thomas,
1089 3414 1157 3454 qui,
1183 3413 1285 3453 mag-is
1308 3422 1356 3443 er-

348 3472 464 3503 rantes»,
487 3469 669 3506 posuerunt
683 3463 824 3494 animam
843 3470 911 3492 esse
934 3468 1052 3500 corpus
1063 3459 1091 3488 ³.
1115 3457 1266 3495 Quorum
1283 3456 1357 3487 licet

284 3556 428 3587 tionibus
452 3554 607 3595 arguitur:
632 3551 749 3583 deinde
773 3559 887 3581 eorum
910 3549 1031 3579 motiva
1053 3546 1222 3577 solvuntur
1232 3546 1260 3575 ἢ

341 3600 364 3630 1.
389 3599 559 3638 Quantum
582 3596 623 3627 ad
649 3597 802 3637 primum,
819 3594 976 3635 arguitur:
997 3597 1028 3622 et
1042 3591 1153 3632 primo
1166 3591 1194 3626 *,
1217 3590 1273 3620 sic.
1296 3588 1353 3619 Vi-

285 3644 392 3675 ventia
416 3646 660 3683 componuntur
684 3649 722 3671 ex
749 3640 855 3670 anima
879 3643 910 3669 et
933 3645 1080 3677 corpore.
1108 3634 1194 3674 Ergo
1217 3634 1353 3664 alterum

1400 1494 1555 1524 motum
1583 1494 1714 1524 autem
1743 1494 1798 1523 est
1826 1498 1980 1535 corpus.
2000 1486 2142 1523 Anima
2161 1485 2273 1535 igitur
2300 1494 2355 1524 est
2382 1498 2466 1524 mo-

1401 1551 1498 1576 vens
1526 1551 1606 1576 non
1634 1547 1799 1576 motum.
1820 1540 1984 1576 Nullum
2012 1547 2143 1576 autem
2167 1551 2308 1588 corpus
2335 1548 2468 1577 movet

1402 1592 1475 1628 nisi
1507 1600 1672 1637 motum,
1711 1600 1753 1628 ut
1790 1591 1941 1640 supra*
1977 1592 2186 1640 probatum
2222 1600 2288 1629 est.
2326 1592 2469 1630 Anima

1404 1644 1516 1693 igitur
1544 1657 1624 1681 non
1652 1652 1707 1681 est
1735 1656 1888 1693 corpus.

1458 1698 1670 1734 Praeterea.
1706 1697 1866 1746 Supra*
1894 1704 2093 1733 ostensum
2121 1704 2176 1733 est
2203 1697 2310 1746 quod
2339 1697 2471 1735 intelli-

1404 1762 1492 1799 gere
1520 1762 1602 1787 non
1629 1757 1755 1799 potest
1782 1761 1865 1787 esse
1893 1749 1992 1786 actio
2021 1749 2180 1786 alicuius
2200 1750 2383 1799 corporis.
2404 1751 2472 1787 Est

1405 1811 1537 1840 autem
1560 1810 1667 1840 actus
1687 1802 1852 1839 animae.
1875 1802 2017 1840 Anima
2040 1802 2162 1851 igitur,
2187 1803 2236 1840 ad
2258 1802 2388 1840 minus
2416 1803 2472 1840 in-

1404 1856 1603 1902 tellectiva,
1631 1868 1712 1892 non
1740 1863 1796 1892 est
1823 1867 1977 1904 corpuS.

1458 1910 1517 1947 Ea
1544 1915 1675 1945 autem
1703 1908 1845 1957 quibus
1874 1908 1991 1957 aliqui
2023 1908 2150 1945 conati
2187 1915 2276 1945 sunt
2306 1908 2472 1958 probare

1366 1981 1391 1995 ,ο
1405 1961 1577 1999 animam
1597 1973 1679 1998 esse
1699 1972 1852 2010 corpus,
1872 1960 1977 1998 facile
1997 1968 2053 1997 est
2070 1962 2231 1998 solvere.
2253 1961 2473 1998 Ostendunt

1406 2014 1511 2052 enim
1539 2014 1712 2051 animam
1740 2026 1823 2051 esse
1851 2025 2004 2062 corpus,
2033 2025 2103 2063 per
2130 2014 2207 2051 hoc
2234 2014 2342 2062 quod
2369 2013 2471 2050 filius

1406 2067 1593 2104 similatur
1607 2066 1704 2116 patri
1723 2067 1838 2104 etiam
1856 2065 1896 2103 in
1915 2066 2175 2104 accidentibus
2189 2066 2358 2104 animae:
2380 2078 2472 2103 cum

1405 2128 1537 2157 tamen
1571 2119 1674 2157 filius
1710 2127 1913 2168 generetur
1940 2131 1962 2156 a
1989 2127 2096 2169 patre
2132 2131 2202 2168 per
2235 2118 2472 2156 decisionem

1406 2174 1660 2222 corporalem.
1676 2195 1702 2200 -
1713 2173 1761 2209 Et
1775 2172 1867 2221 quia
1881 2172 2012 2209 anima
2026 2171 2258 2221 compatitur
2272 2171 2435 2221 corpori.
2446 2194 2472 2199 -

1407 2227 1456 2263 Et
1483 2225 1575 2275 quia
1603 2232 1802 2275 separatur
1820 2237 1842 2262 a
1861 2237 2041 2274 corpore:
2072 2224 2239 2274 separari
2266 2232 2397 2262 autem
2417 2232 2473 2261 est

1407 2290 1619 2328 corporum
1647 2290 1687 2315 se
1716 2286 1966 2326 tangentium.

1461 2332 1539 2368 Sed
1566 2339 1700 2368 contra
1727 2332 1803 2368 hoc
1830 2330 1909 2367 iam
1937 2330 2083 2367 dictum
2111 2338 2166 2367 est
2184 2330 2205 2351 ’¹‘
2231 2330 2340 2378 quod
2367 2341 2474 2367 com-

1406 2384 1534 2434 plexio
1562 2383 1736 2433 corporis
1754 2392 1811 2420 est
1838 2382 2050 2432 aliqualiter
2067 2395 2185 2420 causa
2212 2382 2364 2420 animae
2388 2394 2474 2432 pas-

1407 2437 1563 2475 sionum
1591 2449 1662 2486 per
1689 2437 1855 2474 modum
1874 2436 2123 2486 disponentis.
2143 2458 2170 2463 -
2189 2435 2332 2472 Anima
2359 2435 2474 2472 etiam

1366 2508 1392 2522 ιο
1406 2502 1488 2528 non
1516 2489 1749 2540 compatitur
1771 2501 1925 2538 corpori
1953 2488 2024 2526 nisi
2052 2500 2123 2538 per
2141 2487 2342 2541 accidens:
2371 2487 2472 2536 quia,

1406 2555 1499 2581 cum
1528 2543 1573 2580 sit
1600 2543 1725 2581 forma
1757 2541 1941 2591 corporis,
1979 2549 2160 2578 movetur
2192 2552 2263 2590 per
2297 2540 2474 2578 accidens

1406 2603 1515 2633 moto
1544 2607 1718 2645 corpore.
1746 2617 1772 2622 —
1801 2595 2009 2643 Separatur
2035 2593 2151 2630 etiam
2179 2593 2308 2630 anima
2336 2605 2358 2630 a
2389 2604 2473 2629 cor-

1406 2660 1513 2698 pore,
1541 2660 1623 2685 non
1651 2647 1748 2684 sicut
1774 2655 1934 2695 tangens
1961 2658 1984 2683 a
2008 2653 2119 2692 tacto,
2139 2646 2207 2682 sed
2234 2645 2331 2682 sicut
2348 2645 2473 2682 forma

1407 2714 1430 2739 a
1457 2700 1628 2738 materia.
1663 2700 1855 2747 Quamvis
1882 2707 1919 2736 et
1952 2698 2089 2748 aliquis
2120 2706 2242 2735 tactus
2276 2698 2323 2734 sit
2349 2698 2473 2735 incor-

1406 2753 1516 2804 porei
1545 2754 1594 2791 ad
1622 2765 1775 2803 corpus,
1803 2760 1847 2790 ut
1874 2751 2025 2802 supra*
2053 2759 2251 2789 ostensum
2280 2758 2346 2788 est.

1459 2806 1586 2844 Movit
1613 2806 1729 2844 etiam
1756 2806 1806 2843 ad
1833 2806 1935 2842 hanc
1953 2804 2188 2855 positionem
2210 2805 2353 2840 multos
2381 2803 2473 2853 quia

1407 2859 1653 2897 crediderunt
1680 2859 1787 2908 quod
1807 2870 1888 2895 non
1907 2865 1963 2895 est
1982 2869 2134 2907 corpus,
2155 2869 2236 2894 non
2264 2868 2358 2902 esse,
2378 2856 2472 2894 ima-

1406 2913 1643 2961 ginationem
1670 2911 1940 2949 transcendere
1967 2922 2048 2948 non
2075 2911 2255 2955 valentes,
2283 2921 2383 2958 quae
2412 2921 2472 2946 so-

1407 2967 1490 3003 lum
1509 2966 1610 3003 circa
1628 2977 1793 3014 corpora
1812 2971 1998 3001 versatur.
2019 2986 2044 2990 —
2063 2963 2176 3001 Unde
2204 2963 2299 2999 haec
2327 2961 2471 3011 opinio,

1408 3021 1494 3069 Sap.
1515 3022 1570 3064 11²,
1599 3030 1646 3055 ex
1673 3029 1841 3068 persona
1868 3015 2131 3066 insipientium
2153 3014 2393 3065 proponitur,
2417 3013 2472 3051 di—

1407 3071 1579 3108 centium
1605 3071 1653 3108 de
1682 3070 1827 3108 anima:
1851 3071 1993 3107 Fumus
2012 3075 2045 3106 et
2054 3071 2171 3119 flatus
2190 3074 2240 3105 est
2263 3069 2300 3104 in
2321 3068 2474 3104 naribus

1409 3126 1553 3171 nostris,
1582 3130 1616 3161 et
1642 3136 1766 3161 sermo
1793 3123 1972 3160 scintillae
1999 3122 2050 3159 ad
2075 3121 2298 3159 movendum
2327 3132 2404 3156 cor.

1407 3246 1501 3272 DXPc.
1593 3244 1626 3270 26
1645 3245 1715 3279 quia]
1735 3245 1779 3278 qui
1797 3244 1921 3270 EGNYZ.

1413 3333 1723 3366 Fen-ariensis

1411 3421 1526 3443 eorum
1550 3416 1598 3442 est
1620 3410 1734 3447 forma,
1758 3415 1790 3440 et
1812 3409 1947 3439 alterum
1969 3408 2113 3438 materia:
2139 3407 2214 3447 quia
2238 3406 2389 3442 viventia,
2412 3405 2472 3436 sci-

1409 3456 1485 3486 licet
1514 3455 1664 3486 inferiora
1693 3459 1724 3484 et
1753 3453 1943 3493 composita,
1975 3461 2050 3482 cum
2073 3452 2136 3481 sint
2161 3460 2211 3481 res
2237 3450 2406 3486 naturales,
2434 3459 2472 3480 ex

1409 3500 1541 3531 materia
1564 3505 1595 3529 et
1622 3498 1726 3529 forma
1749 3501 2000 3537 componuntur.
2033 3495 2096 3526 Sed
2128 3504 2246 3535 corpus
2274 3503 2343 3525 non
2365 3499 2473 3534 potest

1409 3553 1478 3574 esse
1501 3543 1620 3574 forma:
1646 3551 1721 3573 curn
1743 3551 1811 3572 non
1834 3542 1874 3571 sit
1896 3541 1929 3570 in
1953 3540 2051 3570 altero
2074 3544 2111 3569 ut
2133 3540 2166 3569 in
2189 3539 2320 3569 materia
2343 3543 2375 3568 et
2397 3537 2473 3568 sub-

1407 3589 1503 3618 iecto.
1516 3587 1602 3627 Ergo
1615 3587 1721 3617 anima
1738 3586 1796 3616 erit
1810 3584 1922 3615 forma.
1939 3584 2025 3624 Ergo
2042 3584 2147 3614 anima
2161 3592 2230 3613 non
2246 3588 2294 3613 est
2309 3591 2437 3622 corpus.
2449 3600 2473 3604 —

1406 3631 1496 3662 Patet
1519 3631 1632 3661 ultima
1655 3629 1896 3669 consequentia.
1920 3628 2005 3666 Quia
2028 3636 2146 3667 corpus
2161 3636 2230 3657 non
2246 3632 2293 3657 est
2312 3625 2426 3657 forma.

2496 1608 2505 1617 ·
2519 1606 2571 1628 Lib.
2581 1605 2598 1633 1,
2607 1612 2658 1634 cap.
2667 1612 2706 1627 xx.

2497 1707 2506 1716 ·
2522 1705 2578 1733 Cap.
2588 1711 2644 1727 un.

2501 2342 2511 2350 '
2525 2340 2581 2368 Cap.
2593 2346 2659 2362 uui.

2499 2762 2508 2771 ‘¹
2524 2760 2581 2788 cap.
2596 2766 2641 2782 ινι.
