2742 4152
857 275 1046 312 SUMMA
1075 275 1297 314 CONTRA
1325 277 1601 328 GENTILES,
1632 279 1743 317 CAP.
1764 281 1878 317 XVlI.
2413 294 2463 330 47

325 354 370 391 In
387 354 464 391 hoc
491 361 625 392 autem
650 353 800 391 insania
826 353 955 391 David
973 354 1022 391 de
1042 354 1224 393 Dinando
1252 369 1344 394 con·
1399 357 1530 407 aliquo
1562 358 1819 397 conveniunt:
1855 367 2006 408 oportet
2033 360 2137 398 enim
2170 360 2314 411 aliquid
2343 361 2385 399 in
2411 361 2468 399 eis

271 406 456 453 fiinditur,
486 407 554 456 qui
582 419 703 444 ausus
729 414 786 444 est
812 407 939 445 dicere
968 408 1100 445 Deum
1128 421 1211 446 esse
1239 409 1344 447 idem
1399 411 1581 458 assignari
1613 412 1830 449 secundum
1863 413 1971 462 quod
2007 413 2202 459 differant;
2237 414 2335 452 sicut
2365 414 2466 451 duae

271 460 384 509 quod·
407 459 535 509 prima
562 459 733 507 materia,
763 472 811 497 ex
839 461 916 498 hoc
943 461 1063 510 quod,
1084 461 1114 498 si
1138 474 1218 499 non
1247 470 1346 500 esset
1399 463 1547 512 species
1565 464 1804 501 conveniunt
1831 464 1871 501 in
1893 476 2043 514 genere,
2064 467 2168 510 unde
2188 474 2340 517 oportet
2357 468 2469 517 quod

270 512 388 560 idem,
405 521 599 563 oporteret
617 513 767 551 differre
786 525 832 551 ea
851 514 1044 564 aliquibus
1058 515 1293 563 differentiis,
1309 524 1346 552 et
1399 515 1622 553 differentiis
1655 516 1944 564 distinguantur.
1974 519 2017 555 In
2049 519 2108 556 his
2140 527 2270 558 autem
2298 532 2398 570 quae
2426 520 2466 558 in

271 566 325 603 sic
343 578 425 604 non
445 574 572 604 essent
590 565 797 616 simplicia;
822 579 914 605 nam
934 568 974 605 in
994 580 1041 606 eo
1061 569 1170 618 quod
1187 581 1259 618 per
1277 568 1346 606 dif-
1368 579 1377 598 ⁵
1400 570 1507 606 nullo
1527 569 1777 615 conveniunt,
1795 582 1878 607 non
1896 578 1951 607 est
1970 573 2238 620 quaerendum
2258 586 2337 622 quo
2357 573 2464 611 diffe-

270 619 472 658 ferentiam
492 619 542 657 ab
561 619 637 658 alio
655 619 794 667 differt,
814 619 898 670 ipsa
917 621 1132 660 differentia
1151 621 1346 671 composi-
1400 629 1495 668 rant,
1516 622 1585 660 sed
1603 621 1737 671 seipsis
1765 622 1916 660 diversa
1935 632 2034 661 sunt.
2066 625 2128 662 Sic
2147 625 2252 663 enim
2280 634 2316 663 et
2344 639 2466 676 oppo-

270 672 419 710 tionem
436 672 535 710 facit.
556 695 582 700 -
602 673 689 710 Hoc
708 681 840 711 autem
858 675 1044 724 processit
1062 687 1110 712 ex
1132 674 1347 723 ignorantia
1400 674 1493 711 sitae
1521 674 1759 712 differentiae
1787 676 1836 712 ab
1864 676 2031 714 invicem
2054 677 2356 726 distinguuntur:
2386 692 2466 718 non

271 736 350 775 qua
382 725 543 764 nescivit
574 726 670 776 quid
704 726 802 764 inter
833 727 1091 766 differentiam
1119 735 1157 765 et
1188 727 1346 765 diversi·
1400 726 1506 764 enim
1529 727 1758 778 participant
1775 740 1896 777 genus
1924 729 2035 778 quasi
2053 738 2202 780 partem
2229 743 2322 769 suae
2341 744 2466 770 essen-

270 786 389 817 tatem
410 778 566 817 intersit.
596 779 787 829 Differ-ens
814 780 932 827 enim,
952 789 996 819 ut
1014 781 1054 818 in
1077 782 1114 818 X
1136 781 1306 830 Metaph.
1326 780 1347 802 '¹‘
1400 780 1491 826 tiae,
1512 788 1548 817 et
1567 780 1655 818 ideo
1670 794 1749 818 non
1768 789 1824 819 est
1838 783 2107 831 quaerendum
2122 783 2263 833 quibus
2278 784 2465 832 differant,

271 831 560 881 determinatur,
581 833 720 872 dicitur
747 834 797 872 ad
821 834 978 885 aliquid,
1008 846 1102 871 nam
1130 845 1249 871 omne
1277 832 1346 870 dif-
1361 852 1388 866 ιο
1401 832 1536 882 seipsis
1554 834 1659 872 enim
1688 834 1842 872 diversa
1859 843 1959 872 sunt.
1991 835 2054 873 Sic
2072 836 2188 874 etiam
2207 837 2314 874 Deus
2333 845 2370 874 et
2387 851 2467 875 rna-

270 886 396 924 ferens
431 885 562 936 aliquo
591 894 648 924 est
675 887 874 926 differens:
904 888 1092 925 diversum
1119 894 1253 924 autem
1280 886 1346 924 ali·
1400 886 1495 924 teria
1513 887 1639 936 prima
1657 887 1955 937 distinguuntur,
1975 901 2147 938 quorum
2166 902 2269 928 unus
2288 898 2344 927 est
2362 899 2468 928 actus

271 939 367 989 quid
385 939 562 978 absolute
583 940 734 988 dicitur,
754 953 802 978 ex
821 941 898 978 hoc
925 940 1034 990 quod
1054 951 1136 977 non
1154 947 1211 977 est
1228 939 1345 977 idem.
1401 952 1536 989 puruS,
1551 940 1655 978 aliud
1670 941 1841 990 potentia
1855 954 1966 991 pura⁷
1982 942 2022 979 in
2037 944 2144 980 nullo
2158 942 2469 982 convenientiam

0 803 2 805 .
29 787 43 800 ⁸·
50 784 180 811 s.n.1.4;
189 783 242 806 Did.

29 811 71 840 11,
81 817 117 838 ιιι,
127 811 149 833 ⁶.

0 3430 10 3451 ἐ,

0 3448 14 3518 ι

0 3519 6 3557 ἦ

271 992 497 1031 Differentia
528 993 642 1043 igitur
671 994 712 1031 in
741 993 801 1031 his
833 993 1057 1044 quaerenda
1089 999 1145 1030 est
1177 1005 1279 1043 quae
1307 992 1347 1030 in

325 1112 338 1131 ι
360 1105 488 1140 Diaando]
508 1106 627 1132 durando
645 1106 674 1137 Z,
692 1106 788 1139 dignm

270 1141 438 1167 eonfixnditur
455 1142 486 1168 Ε.
577 1141 594 1167 8
613 1141 675 1176 qua]
694 1141 757 1176 quia
774 1141 853 1166 DNZ.

327 1183 358 1203 ιι
379 1177 459 1211 unus]
480 1177 523 1203 Ita
541 1177 706 1208 BFGNWZ;
724 1184 809 1203 unum
827 1176 948 1202 sFGNW
966 1181 994 1203 et
1011 1177 1102 1203 ceter-1¹.

321 1393 343 1415 x
352 1381 559 1423 pnecedenti
567 1382 712 1422 capitulo
723 1381 855 1415 deducit
864 1382 1001 1414 Sanctus
1007 1383 1152 1414 Thomas
1166 1384 1250 1415 hanc
1267 1393 1348 1415 con-

228 1445 244 1457 ι,
321 1427 520 1461 elusionem:
543 1427 635 1459 Deus
651 1436 717 1458 non
741 1432 789 1458 est
806 1427 946 1458 materia
957 1428 985 1458 ’ἱ
1007 1427 1103 1459 Circa
1130 1428 1214 1460 hanc
1238 1434 1348 1460 autem

271 1471 340 1506 duo
370 1471 461 1504 facit:
493 1472 600 1513 primo
632 1472 721 1502 enim
752 1471 1000 1503 conclusionem
1030 1473 1160 1513 probat;
1191 1472 1347 1510 secundo,

272 1526 415 1549 errorem
438 1515 603 1558 quendam
627 1525 667 1546 ex
690 1515 909 1548 determinatis
933 1516 1074 1548 excludit
1089 1518 1116 1548 *.

327 1561 351 1593 1.
374 1561 487 1593 Prim
511 1561 598 1591 ratio
622 1560 666 1591 ad
688 1561 931 1592 conclusionem
953 1566 1010 1592 est.
1035 1561 1070 1592 In
1094 1561 1167 1592 Deo
1189 1561 1279 1593 nulla
1301 1567 1349 1592 est

271 1605 423 1647 potentia-
433 1604 475 1637 ad
490 1614 560 1636 esse
576 1605 794 1637 substantiale.
810 1605 898 1646 Ergo
914 1605 1004 1637 Deus
1019 1615 1089 1637 non
1105 1612 1152 1637 est
1167 1606 1310 1638 materia.
1324 1624 1350 1629 -

271 1651 430 1686 Probatus
453 1650 699 1691 consequentia.
731 1649 818 1689 Quia
847 1651 981 1682 materia
1003 1651 1107 1691 prima
1129 1656 1178 1682 est
1200 1650 1234 1682 id
1257 1650 1348 1692 quod

273 1700 326 1733 Qt.
343 1695 379 1729 in
399 1695 557 1736 potentia.

327 1737 470 1772 Adverte
493 1738 585 1780 quod
608 1739 699 1771 aliter
720 1739 855 1770 materia
877 1745 925 1770 est
954 1740 989 1770 in
1016 1741 1163 1780 potentia
1193 1749 1293 1780 quam
1314 1739 1349 1770 id

273 1783 365 1826 quod
388 1793 428 1815 ex
450 1784 584 1815 materia
606 1783 652 1815 fit.
685 1783 771 1814 Nam
801 1784 934 1814 materia
963 1793 1033 1815 non
1062 1783 1108 1815 sic
1131 1789 1179 1816 est
1202 1785 1348 1825 potentia

273 1829 367 1871 quasi
380 1827 520 1870 produci
535 1828 639 1870 possit
654 1833 686 1858 et
700 1829 736 1860 in
751 1833 826 1859 actu
845 1829 1027 1866 subsistere,
1044 1829 1127 1860 sicut
1149 1829 1246 1869 ignis:
1271 1838 1348 1860 curn

274 1874 315 1905 sit
336 1873 562 1914 ingenerabilis
585 1877 618 1904 et
639 1872 904 1913 incorruptibilis,
920 1878 956 1904 ut
971 1873 1088 1904 dicitur
1104 1873 1116 1903 1
1131 1873 1231 1914 Pnys.
1243 1874 1260 1891 ⁴*
1284 1873 1348 1905 Sed

274 1923 323 1950 est
344 1918 494 1959 potantia
522 1916 748 1949 essentialiter:
780 1917 856 1958 quia
887 1923 935 1948 est
963 1918 1034 1958 ipsa
1062 1918 1218 1958 potentia,
1242 1923 1275 1948 et
1301 1923 1348 1948 est

273 1962 457 1994 subiectum
479 1962 682 2002 receptivum
704 1967 805 1993 actus.
828 1961 904 1993 Hoc
927 1967 1037 1993 autem
1055 1961 1176 1993 modus
1190 1962 1348 2003 loquendi

274 2007 385 2039 Sancti
407 2006 557 2038 Thomae
580 2006 696 2042 innuit,
721 2015 798 2037 cum
821 2006 938 2047 inquit,
962 2006 1107 2037 Materia
1131 2006 1165 2037 id
1186 2006 1275 2047 quod
1289 2012 1346 2042 est,

275 2052 308 2083 in
318 2050 469 2093 potentia
486 2055 552 2082 est:
574 2049 666 2087 idest,
684 2050 865 2082 secundum
883 2056 986 2082 totam
1001 2060 1094 2082 suam
1114 2052 1285 2083 essentiam
1301 2056 1348 2082 est

274 2096 422 2138 potentia
444 2101 535 2127 actus
557 2095 734 2136 receptiva;
759 2096 803 2126 ita
826 2094 918 2136 quod
947 2095 1155 2126 essentialitas
1183 2097 1348 2136 potentiae

274 2139 472 2181 significatur
488 2149 564 2171 cum
580 2138 706 2176 dicitur,
728 2139 762 2170 id
784 2139 872 2180 quod
894 2144 958 2177 est;
981 2139 1063 2170 ordo
1079 2139 1120 2171 ad
1135 2145 1255 2177 actum,
1271 2149 1348 2171 cum

275 2185 402 2222 dicitur,
426 2185 460 2215 in
478 2184 628 2225 potentia
652 2189 708 2215 est.
731 2202 755 2206 —
778 2184 814 2215 ld
843 2189 953 2216 autem
983 2184 1074 2225 quod
1103 2183 1150 2221 fit,
1173 2190 1348 2225 antequam

275 2230 325 2267 sit,
349 2234 398 2261 est
419 2229 454 2261 in
477 2229 623 2270 potentia
647 2229 724 2269 quia
746 2234 854 2269 potest
876 2229 910 2260 in
926 2234 1001 2261 actu
1017 2238 1087 2260 esse
1109 2238 1166 2269 per
1186 2230 1348 2260 actionem

275 2275 409 2315 agentis,
422 2279 454 2305 et
466 2279 513 2305 est
524 2273 633 2314 aliqua
644 2274 791 2314 potentia
802 2274 835 2304 in
849 2274 981 2304 materia
993 2273 1033 2304 de
1046 2283 1111 2314 qua
1123 2273 1218 2304 educi
1230 2279 1347 2314 potest.

330 2318 490 2350 Secunda.
515 2318 604 2349 Deus
629 2323 676 2349 est
699 2318 803 2358 prima
826 2327 923 2349 causa
937 2317 1089 2349 efficiens.
1114 2318 1201 2359 Ergo
1217 2328 1286 2349 non
1302 2324 1350 2350 est

275 2364 419 2396 materia.
441 2382 465 2386 —
487 2363 594 2394 Tenet
617 2363 864 2403 consequentia:
891 2363 968 2403 quia
990 2372 1088 2403 agens
1112 2368 1143 2394 et
1166 2364 1298 2394 materia
1315 2364 1349 2394 in

275 2407 364 2440 idem
395 2412 475 2439 non¹
497 2406 698 2444 coincidunt,
722 2406 811 2448 apud
837 2407 1090 2448 Philosophum,
1115 2407 1142 2438 11
1162 2408 1260 2449 Phys.
1278 2409 1294 2425 ⁴*
1318 2413 1350 2439 et

276 2453 306 2484 V
323 2448 507 2493 Metaphys.
524 2453 541 2470 ⁹

336 2498 457 2529 Tertia.
482 2497 516 2528 Si
539 2502 622 2528 esset
644 2497 787 2533 materia,
812 2497 924 2528 omnia
947 2502 1053 2527 essent
1075 2507 1094 2527 a
1117 2506 1203 2528 casu.

335 2542 474 2580 Quarta.
499 2542 587 2573 Deus
611 2547 660 2573 est
681 2542 869 2573 immobilis.
897 2541 983 2581 Ergo
1007 2551 1076 2572 non
1099 2547 1147 2572 est
1169 2541 1312 2572 materia.
1327 2558 1351 2563 —-

276 2587 368 2619 Patet
390 2587 633 2628 consequentia.
659 2586 746 2625 Quia
768 2586 901 2617 materia
916 2595 984 2616 non
1000 2585 1037 2616 fit
1053 2595 1150 2617 causa
1165 2586 1300 2617 alicuius
1316 2586 1350 2616 in

277 2637 352 2664 actu
373 2632 436 2663 nisi
459 2630 640 2663 secundum
664 2631 756 2672 quod
778 2631 928 2662 alteratur
952 2636 984 2661 et
1006 2636 1158 2662 mutatur.

331 2675 522 2708 Notandum
545 2681 594 2707 est
617 2675 708 2716 quod
738 2675 826 2706 aliud
857 2681 904 2706 est
934 2676 1101 2706 materiam
1131 2684 1200 2706 esse
1226 2680 1350 2715 partem

277 2721 429 2752 alicuius:
455 2726 487 2752 et
509 2720 597 2752 aliud
619 2721 787 2752 materiam
810 2719 880 2751 fieri
903 2729 1034 2750 causam
1057 2719 1193 2750 alicuius
1216 2720 1248 2750 in
1265 2724 1349 2749 actu.

277 2765 384 2807 Ipsam
407 2765 495 2797 enim
518 2775 588 2796 esse
610 2770 735 2806 partem
758 2765 895 2796 alicuius
918 2769 966 2795 est
988 2765 1092 2804 ipsam
1116 2764 1287 2794 essentiam
1304 2763 1350 2794 rei

277 2811 480 2851 compositae
496 2810 692 2841 constituere
707 2809 891 2850 partialiter.
908 2808 1009 2847 Quod
1025 2818 1095 2839 esse
1105 2813 1214 2848 potest
1229 2808 1351 2848 absque

277 2855 466 2887 alteratione
481 2859 514 2886 et
527 2855 709 2885 mutatione
731 2854 899 2885 materiae:
924 2853 1007 2883 sicut
1022 2853 1056 2883 in
1072 2853 1263 2893 corporibus
1279 2861 1352 2882 cae-

276 2899 410 2931 lestibus
432 2898 591 2930 videmus.
616 2898 680 2929 Sed
703 2899 806 2938 ipsam
829 2897 899 2928 fieri
922 2906 1053 2928 causam
1075 2898 1110 2928 in
1126 2902 1200 2927 actu
1216 2896 1352 2927 alicuius

277 2949 326 2974 est
347 2944 452 2984 ipsam
474 2943 564 2984 prius
587 2943 776 2973 existentem
792 2951 860 2972 non
877 2951 1007 2972 causare
1030 2941 1120 2977 illud,
1139 2940 1352 2981 postmodum

277 2997 355 3019 vero
379 2987 545 3019 actualiter
567 2986 647 3018 illud
669 2987 703 3017 in
726 2996 788 3017 suo
817 2995 936 3026 genere
964 2995 1105 3016 causare.
1136 2986 1211 3015 Hoc
1242 2990 1352 3016 autem

278 3042 348 3064 esse
362 3042 432 3063 non
447 3037 555 3072 potest
570 3031 632 3062 nisi
654 3040 713 3072 per
736 3030 958 3061 alterationem
983 3039 1020 3060 ac
1043 3030 1269 3065 mutationem,
1287 3039 1352 3070 qua

278 3083 312 3108 et
333 3077 494 3118 praesenti
516 3075 622 3107 forma
652 3075 810 3116 spoliatur
837 3080 870 3105 et
899 3074 994 3104 aliam
1017 3073 1139 3105 induit:
1163 3083 1232 3104 non
1264 3074 1352 3104 enim

278 3122 412 3152 materia
435 3129 521 3162 quae
544 3125 592 3151 est
613 3120 674 3151 sub
698 3119 803 3150 forma
825 3119 917 3155 aeris,
940 3123 1049 3159 potest
1071 3117 1141 3149 fieri
1159 3123 1233 3149 actu
1255 3128 1352 3149 causa

278 3165 404 3198 formae
426 3166 521 3206 ignis,
543 3165 606 3196 nisi
628 3173 686 3205 per
708 3163 932 3195 alterationem
962 3162 1086 3194 formae
1108 3172 1127 3194 a
1149 3172 1214 3203 qua
1237 3172 1352 3203 exspo-

278 3210 384 3242 lietur.
409 3209 496 3241 Cum
520 3218 597 3250 ergo
620 3218 783 3249 ponamus
805 3208 915 3239 Deum
930 3207 1068 3247 primam
1089 3217 1229 3243 causam,
1246 3212 1279 3237 et
1296 3207 1353 3238 ali-

279 3254 364 3296 quid
383 3255 423 3286 ab
446 3255 519 3295 ipso
542 3254 670 3285 noviter
693 3253 825 3289 causari,
850 3257 1024 3292 oporteret,
1048 3252 1075 3282 si
1098 3256 1181 3282 esset
1209 3252 1353 3287 materia,

279 3298 373 3340 quod
394 3308 453 3340 per
475 3298 617 3339 aliquam
633 3298 849 3329 mutationem
864 3296 955 3327 fieret
969 3301 1044 3327 actu
1059 3305 1156 3326 causa
1171 3296 1241 3326 eius
1260 3296 1354 3326 cuius

281 3349 348 3375 erat
369 3349 496 3375 tantum
519 3352 616 3374 causa
637 3343 672 3373 in
694 3342 850 3384 potentia.

321 3405 323 3407 >
336 3387 375 3419 11.
397 3387 568 3426 Quantum
583 3386 624 3418 ad
639 3386 821 3418 secundum
836 3386 863 3422 *‚
887 3384 1003 3415 refellit
1018 3384 1217 3425 positionem
1231 3382 1353 3415 fatuam

280 3431 393 3464 David
407 3431 450 3464 de
471 3431 635 3468 Dinando,
660 3431 717 3472 qui
741 3430 932 3462 existimavit
954 3429 1061 3460 Deum
1092 3437 1161 3459 esse
1187 3428 1354 3463 materiam

280 3476 430 3517 primam,
453 3477 514 3507 hac
537 3475 693 3516 deceptus
722 3476 857 3511 ratione,
882 3474 968 3514 quia,
992 3474 1019 3504 si
1042 3473 1131 3503 Deus
1159 3477 1191 3503 et
1221 3473 1355 3503 materia

280 3530 350 3552 non
365 3526 472 3552 essent
486 3520 583 3556 idem,
600 3519 763 3551 differrent
778 3519 940 3560 aliquibus
956 3517 1155 3554 differentiis;
1177 3522 1209 3547 et
1224 3517 1269 3547 sic
1284 3527 1353 3547 non

281 3571 388 3596 essent
409 3565 578 3605 simplicia,
603 3565 680 3605 quia
704 3564 881 3595 differentia
911 3563 1052 3602 aliquam
1081 3562 1353 3601 compositionem

281 3609 358 3640 facit
379 3610 414 3640 in
437 3619 477 3640 eo
502 3608 594 3649 quod
615 3608 730 3639 differt.
762 3608 826 3639 Sed
849 3607 1024 3648 respondet
1050 3606 1185 3637 Sanctus
1209 3605 1354 3636 Thomas

281 3653 373 3694 quod
402 3654 454 3684 hic
486 3654 646 3693 ignoravit
675 3652 755 3693 quid
783 3653 866 3683 inter
888 3652 1042 3692 differens
1065 3656 1096 3681 et
1119 3650 1280 3680 diversum
1303 3650 1352 3680 in-

1402 993 1599 1030 habentes.

790 1106 824 1131 do
842 1105 875 1137 Y,
895 1103 999 1140 donico
1016 1113 1101 1139 supra
1119 1106 1187 1139 ras.)
1207 1105 1239 1137 N,
1258 1105 1362 1140 dynado
1381 1107 1407 1137 d,
1427 1106 1541 1132 divinato
1559 1106 1600 1131 ed.
1626 1105 1703 1138 1501,
1722 1106 1867 1132 Divinando
1886 1107 1920 1138 P;
1939 1106 2038 1133 insanis
2056 1115 2124 1141 quae
2141 1109 2241 1142 synado
2259 1108 2340 1141 (Idesr
2358 1108 2470 1143 synodo)

1037 1274 1376 1318 Commentaria
1405 1276 1714 1309 Fert-ariensis

1402 1384 1501 1415 tersit.
1524 1384 1610 1416 Nam
1631 1384 1786 1425 differens
1809 1382 1942 1424 quidem
1965 1382 2006 1414 ad
2028 1383 2150 1423 aliquid
2173 1383 2298 1421 dicitur,
2315 1394 2355 1415 eo
2379 1384 2473 1425 quod

1403 1428 1513 1469 aliquo
1543 1429 1583 1459 sit
1613 1428 1772 1465 differens,
1796 1434 1832 1459 ut
1854 1433 1943 1469 patet
1968 1428 1998 1458 X
2022 1428 2217 1469 Metaphys„
2237 1434 2312 1460 text.
2342 1437 2396 1459 12:
2420 1429 2469 1459 di-

1403 1483 1532 1504 versum
1554 1478 1664 1504 autem
1687 1473 1833 1504 absolute
1857 1472 1983 1508 dicitur,
2007 1481 2046 1502 ex
2062 1480 2102 1502 eo
2119 1472 2210 1512 quod
2224 1482 2292 1504 non
2308 1478 2356 1504 est
2370 1472 2467 1504 idem.

1403 1517 1487 1548 Nam
1511 1517 1697 1558 differentia
1727 1519 1810 1549 inter
1839 1527 1876 1549 ea
1907 1517 2091 1558 quaerenda
2121 1522 2168 1548 est
2198 1526 2281 1558 quae
2303 1518 2336 1548 in
2360 1517 2470 1558 aliquo

1404 1562 1620 1593 conveniunt:
1645 1562 1720 1593 ideo
1744 1567 1874 1603 oportet
1896 1567 1933 1592 ut
1956 1560 2141 1594 differentiis
2163 1561 2309 1592 differant
2330 1562 2390 1592 sub
2412 1562 2469 1592 illo

1404 1607 1583 1638 communi.
1617 1607 1658 1638 Iis
1680 1612 1790 1638 autem
1813 1616 1897 1647 quae
1919 1611 1995 1637 sunt
2017 1606 2146 1638 diversa
2169 1615 2238 1637 non
2261 1611 2308 1637 est
2338 1605 2471 1646 aliquod

1404 1660 1581 1683 commune
1603 1651 1638 1682 in
1661 1661 1728 1691 quo
1752 1651 1963 1682 conveniant:
1987 1650 2062 1682 ideo
2085 1661 2154 1682 non
2173 1656 2304 1691 oportet
2319 1660 2471 1691 quaerere

1404 1705 1472 1737 quo
1488 1695 1645 1732 differant,
1661 1695 1718 1726 sed
1733 1696 1845 1736 seipsis
1861 1705 1930 1726 esse
1944 1701 2082 1736 possunt
2105 1695 2238 1727 diversa.
2262 1695 2315 1726 Sic
2330 1704 2471 1735 namque

1404 1741 1575 1781 oppositae
1597 1740 1793 1772 differentiae
1816 1739 2071 1780 distinguuntur:
2095 1745 2171 1772 sunt
2193 1740 2279 1771 enim
2302 1740 2423 1781 seipsis,
2441 1745 2472 1770 et

1403 1795 1472 1816 non
1495 1785 1563 1816 aliis
1586 1783 1772 1816 differentiis
1795 1784 1950 1821 diversae;
1975 1794 2051 1816 cum
2074 1794 2143 1816 non
2162 1785 2354 1825 participent
2368 1793 2472 1824 genus

1403 1835 1558 1870 tanquam
1581 1834 1705 1870 partem
1727 1839 1805 1860 suae
1821 1829 1986 1860 essentiae.
2011 1829 2063 1860 Sic
2079 1829 2175 1860 etiam
2190 1829 2278 1860 Deus
2295 1834 2327 1859 et
2340 1829 2472 1860 materia

1402 1874 1507 1915 prima
1529 1874 1642 1914 seipsis
1664 1879 1740 1905 sunt
1762 1873 1894 1910 diversa,
1911 1879 2065 1914 tanquam
2079 1874 2114 1905 in
2128 1873 2220 1905 nullo
2236 1873 2470 1904 convenientia.

1458 1918 1511 1950 111.
1535 1918 1598 1949 Pro
1622 1918 1837 1949 declaratione
1861 1927 1976 1949 eorum
2000 1927 2084 1959 quae
2107 1918 2160 1949 hic
2188 1917 2356 1952 dicuntur.
2375 1918 2471 1949 remi-

1402 1963 1483 1993 nisci
1497 1968 1627 2003 oportet
1643 1963 1712 1994 eius
1727 1962 1819 2003 quod
1834 1972 1873 1993 ex
1888 1963 1917 1993 V
1932 1968 1964 1993 et
1979 1963 2009 1993 X
2020 1963 2162 2003 Metaph.
2176 1963 2192 1978 ὓ
2209 1962 2352 1998 habetur,
2369 1961 2470 2003 quod,
2498 1965 2506 1972 '

1402 2008 1547 2047 inquam,
1563 2007 1727 2038 diversum
1742 2006 1900 2038 identitau'
1915 2008 2102 2047 opponitur,
2119 2012 2151 2037 et
2166 2007 2384 2038 universaliter
2404 2016 2470 2037 non

1403 2051 1601 2083 identitatem
1625 2052 1787 2092 importat.
1818 2050 1912 2083 Unde
1936 2051 2250 2091 quomodocumque
2273 2051 2380 2091 aliqua
2401 2061 2470 2082 non

1403 2097 1465 2127 sint
1488 2096 1586 2133 idem,
1609 2095 1739 2127 diversa
1762 2095 1825 2126 dici
1847 2101 1994 2136 possunt.
2017 2096 2183 2138 Differens
2198 2101 2317 2131 autem,
2333 2096 2360 2126 si
2375 2105 2470 2126 voca-

1402 2141 1482 2172 bulo
1505 2141 1635 2181 proprie
1658 2141 1706 2171 uti
1728 2140 1937 2177 voluerimus,
1961 2140 2077 2171 dicitur
2092 2140 2132 2171 de
2149 2149 2189 2170 eo
2206 2139 2296 2180 quod
2311 2141 2345 2171 in
2360 2140 2469 2180 aliquo

1404 2186 1557 2216 convenit
1580 2194 1656 2216 cum
1679 2185 1790 2221 altero,
1813 2185 1871 2216 sed
1893 2185 2054 2225 aliquibus
2076 2184 2261 2216 differentiis
2280 2184 2364 2215 illius
2380 2194 2470 2216 com-

1403 2230 1511 2260 munis
1535 2230 1574 2260 ab
1597 2229 1654 2260 illo
1678 2229 1898 2269 distinguitur:
1922 2230 2005 2260 sicut
2027 2229 2140 2265 homo,
2164 2229 2221 2269 qui
2243 2238 2319 2260 cum
2335 2238 2421 2269 equo
2437 2229 2476 2259 in>

1403 2284 1521 2314 genere
1544 2274 1690 2304 animalis
1713 2274 1876 2310 convenit,
1893 2274 1932 2304 ab
1949 2283 1989 2305 eo
2005 2282 2063 2314 per
2078 2273 2232 2304 rationale
2248 2272 2361 2304 differt.
2378 2272 2472 2304 Unde

1405 2328 1504 2350 omne
1527 2317 1676 2349 differens
1700 2323 1747 2349 est
1770 2317 1942 2354 diversum,
1967 2319 2043 2359 quia
2065 2324 2112 2349 est
2141 2318 2250 2358 aliquo
2279 2317 2380 2348 modo
2404 2327 2472 2348 non

1404 2362 1508 2394 idem:
1533 2373 1601 2393 non
1625 2369 1733 2393 autem
1755 2372 1853 2393 omne
1869 2362 2031 2393 diversum
2047 2368 2094 2393 est
2110 2362 2268 2398 differens,
2286 2362 2361 2402 quia
2377 2362 2472 2392 etiam

1405 2417 1489 2448 quae
1505 2408 1538 2438 in
1554 2407 1646 2439 nullo
1671 2408 1870 2438 conveniunt
1892 2407 2015 2438 diversa
2035 2407 2098 2438 dici
2114 2412 2260 2448 possunt,
2276 2416 2345 2437 non
2365 2412 2472 2437 autem

1406 2451 1592 2483 differentia.
1614 2451 1678 2483 Sed
1693 2458 1802 2483 tamen
1818 2451 2016 2492 quandoque
2032 2462 2099 2483 uno
2116 2451 2276 2482 vocabulo
2291 2450 2473 2482 indistincte

1405 2507 1465 2538 pro
1489 2497 1590 2527 altero
1613 2497 1744 2528 utimur.
1769 2496 1846 2535 Quo
1863 2496 1899 2528 fit
1914 2503 1950 2528 ut
1966 2506 2050 2537 quae
2065 2505 2202 2537 quoquo
2225 2495 2326 2527 modo
2351 2495 2473 2526 diversa

1406 2547 1490 2578 sunt,
1515 2551 1552 2572 ea
1575 2540 1700 2572 differre
1723 2541 1869 2572 dicamus
1891 2542 1967 2582 quia
1982 2551 2051 2571 non
2065 2547 2140 2571 sunt
2156 2540 2259 2571 idem:
2281 2550 2348 2571 non
2365 2546 2473 2571 autem

1406 2586 1483 2627 quia
1513 2586 1572 2616 sub
1604 2585 1715 2626 aliquo
1747 2587 1915 2617 communi
1951 2586 2111 2625 aliquibus
2147 2585 2332 2616 differentiis
2362 2584 2472 2615 distin-

1451 2635 1554 2661 antur.
2473 2644 2474 2647 =

1405 2640 1449 2671 gu
1462 2673 1743 2705 Considerandum
1766 2674 1872 2710 etiam,
1897 2683 1957 2714 pro
1974 2683 2014 2704 eo
2031 2673 2121 2713 quod
2144 2673 2250 2713 inquit
2271 2672 2474 2713 differentias

1406 2729 1471 2749 non
1490 2718 1694 2759 participare
1715 2727 1821 2759 genus
1843 2718 1936 2759 quasi
1953 2722 2083 2758 partem
2098 2727 2177 2748 suae
2193 2717 2357 2752 essentiae,
2381 2717 2472 2757 quod

1405 2773 1508 2803 genus
1531 2762 1702 2803 dupliciter
1729 2761 1924 2794 considerari
1952 2767 2074 2802 potest:
2099 2771 2167 2793 uno
2191 2761 2302 2797 modo,
2325 2762 2472 2792 materia-

1395 2808 1496 2844 ‘liter;
1521 2807 1584 2838 alio
1608 2806 1720 2843 modo,
1746 2806 1930 2838 formaliter.
1961 2806 1995 2838 Si
2017 2806 2220 2837 materialiter
2243 2805 2471 2841 consideretur,

1406 2857 1565 2893 quantum
1588 2851 1738 2882 videlicet
1760 2850 1800 2882 ad
1823 2852 1988 2883 entitatem
2011 2860 2102 2882 suam
2125 2856 2260 2886 tantum,
2277 2851 2322 2881 sic
2337 2860 2405 2881 non
2425 2856 2473 2881 est

1405 2906 1478 2937 pars
1501 2905 1609 2936 neque
1632 2896 1752 2936 speciei
1766 2905 1874 2936 neque
1891 2895 2096 2931 differentiae,
2113 2894 2169 2926 sed
2184 2894 2260 2926 dicit
2275 2900 2376 2926 totam
2391 2896 2472 2926 enti-

1405 2946 1505 2972 tatem
1519 2946 1586 2971 tam
1606 2941 1725 2980 speciei
1741 2949 1840 2980 quam
1855 2939 2060 2971 differentiae.
2085 2939 2148 2971 Sed
2163 2940 2190 2970 si
2204 2938 2379 2970 formaliter
2394 2949 2472 2970 con-

1406 2985 1571 3021 sideretur,
1595 2984 1775 3015 secundum
1797 2985 1920 3016 scilicet
1942 2984 2032 3025 quod
2055 2990 2210 3024 tanquam
2225 2982 2472 3015 fundamentum

1407 3030 1583 3070 conceptui
1595 3028 1827 3069 correspondet
1842 3029 1994 3060 omnibus
2019 3030 2087 3060 eius
2110 3028 2278 3068 speciebu·
2294 3029 2471 3064 communi,

1407 3075 1453 3105 sic
1475 3073 1552 3104 dicit
1574 3079 1699 3114 partem
1722 3074 1877 3104 essentiae
1900 3074 2030 3113 speciei,
2046 3083 2114 3104 non
2135 3078 2253 3103 autem·
2266 3072 2471 3108 differentiae,

1407 3119 1434 3149 si
1455 3119 1503 3149 rei
1526 3118 1696 3149 essentiam
1719 3117 1894 3149 formaliter
1917 3118 2121 3159 accipiamus,
2144 3116 2324 3148 secundum
2352 3117 2475 3148 scilicet

1408 3161 1500 3203 quod
1530 3168 1644 3193 natura
1675 3163 1849 3202 conceptui
1882 3162 2063 3193 intellectus
2092 3160 2257 3193 definitivo
2288 3160 2470 3200 respondet.

1407 3207 1492 3238 Nam
1514 3207 1548 3237 in
1571 3205 1760 3237 definitione
1784 3206 1943 3237 essentiali
1965 3207 2083 3246 speciei
2098 3204 2272 3236 includitur
2286 3214 2388 3244 genus
2402 3210 2472 3236 tan-

1408 3260 1507 3292 quam
1530 3250 1726 3282 definitionis
1749 3260 1837 3291 pars:
1860 3250 1935 3282 ideo
1951 3260 2023 3290 pars
2039 3250 2192 3282 essentiae
2208 3250 2327 3289 speciei
2346 3248 2470 3280 dicitur.

1408 3295 1484 3326 Non
1508 3300 1617 3326 autem
1640 3295 1674 3325 in
1697 3294 1886 3326 definitione
1909 3294 2104 3326 differentiae
2127 3294 2259 3334 ponitur
2280 3299 2472 3333 genus-mn·

1409 3349 1508 3380 quam
1531 3340 1599 3370 eius
1623 3348 1705 3379 parS,
1729 3348 1837 3379 neque
1853 3339 1900 3370 'de
1922 3339 1991 3379 ipsa
2012 3348 2114 3378 genus
2144 3337 2319 3368 formaliter
2348 3337 2473 3378 praedi—

1409 3390 1508 3420 catur,
1525 3389 1562 3414 ut
1577 3383 1693 3415 dicitur
1708 3383 1750 3415 111
1766 3383 1949 3424 Metaplyaes.
1966 3384 1997 3413 *ε
2021 3383 2166 3422 alioquin
2181 3382 2215 3412 in
2231 3381 2472 3413 definitionibus

1409 3434 1491 3459 esset
1513 3429 1657 3468 nugario.
1692 3427 1814 3459 ldcirco
1837 3437 1941 3467 genus
1969 3436 2037 3458 non
2067 3426 2157 3457 dicit*
2170 3431 2294 3466 partem
2317 3426 2472 3458 essentiae

1409 3472 1615 3509 differentiae,
1631 3472 1797 3503 licet·cum
1812 3473 1881 3512 ipsa
1895 3472 1936 3503 sit
1950 3471 2153 3502 materialiter
2167 3470 2263 3501 idem=
2283 3470 2327 3501 Et
2341 3476 2475 3511 pne-pter

1407 3517 1471 3547 hoc
1495 3516 1645 3547 dicuntur
1662 3516 1772 3556 primo
1797 3516 1934 3551 diversa,
1959 3516 2035 3555 quia
2049 3515 2082 3545 in
2098 3514 2189 3545 nullo
2210 3515 2379 3545 communi
2394 3524 2473 3545 con-

1408 3566 1505 3601 ceptu
1529 3560 1710 3591 obiectivali
1733 3561 1941 3590 conveniunt.

1464 3605 1516 3636 IV.
1542 3604 1605 3636 Sed
1628 3610 1802 3635 occurrunt
1824 3605 1882 3634 tria
1905 3603 2012 3634 dubia.
2039 3603 2184 3633 Primum
2213 3608 2268 3633 est.
2299 3602 2382 3633 Nam
2405 3612 2474 3634 non

1408 3649 1523 3680 dicitur
1546 3649 1667 3690 aliquid
1689 3649 1856 3679 relativum
1873 3648 1947 3688 quia
1963 3648 2074 3688 aliquo
2091 3648 2130 3678 sit
2153 3646 2230 3677 tale:
2256 3646 2312 3677 sed
2335 3647 2411 3688 quia
2434 3647 2475 3677 ad

2557 1962 2578 1984 ..ι

2579 1963 2602 1984 h.
2614 1962 2665 1988 v,1.
2676 1968 2706 1987 ι2;

2582 1996 2588 2014 ς
2605 1989 2655 2010 Did.
2667 1988 2707 2015 IV,

2508 2023 2529 2039 x.
2557 2023 2562 2041 ;
2578 2015 2661 2041 1Χ.ιιι,
2672 2015 2693 2037 6.

2565 1996 2580 2015 ,ιι

2539 2022 2554 2042 4.

2499 3385 2508 3393 ·
2519 3383 2594 3405 S.Th.
2606 3383 2648 3409 1,8;
2658 3382 2712 3404 Did.

2499 3410 2528 3435 11,
2538 3416 2573 3436 ιιι,
2582 3410 2604 3431 8.
