2768 4134
1 1073 14 1086 ⁸
26 1072 64 1096 Cf.
83 1079 106 1096 n.
121 1079 152 1096 iv.

0 2811 6 2823 '
19 2809 72 2833 1⁷01.
83 2816 123 2859 n?
141 2809 209 2859 gen.

0 2837 76 2887 mil?
95 2843 108 2859 ⁰
120 2843 211 2891 :mat

0 2894 20 2913 ι.
29 2896 62 2918 rx,
75 2890 96 2912 A
128 2892 187 2912 erte.

765 285 954 324 SUMMA
982 287 1204 326 CONTRA
1232 289 1506 336 GENTILES,
1535 292 1629 329 LIB.
1650 293 1692 338 ll,
1722 292 1833 330 CAP.
1853 295 1936 331 LX.

249 365 326 405 ipsis
348 364 558 395 inveniuntur
581 364 707 404 aliquae
732 364 936 396 conditiones
955 375 1039 406 quae
1062 367 1122 397 sub
1145 376 1243 398 sensu
1265 377 1319 398 ex-

248 408 357 441 teriori
380 417 448 439 non
473 407 607 439 cadunt:
625 409 708 440 sicut
729 415 804 440 sunt
827 411 976 447 amicitia,
993 411 1170 448 inimicitia,
1193 412 1271 443 utile
1288 418 1320 443 et

248 453 414 489 nocivum,
431 457 463 483 et
478 453 604 484 similia.
628 453 719 484 Haec
735 455 823 484 enim
837 463 896 494 per
911 455 1143 486 aestimativam
1157 457 1192 487 in
1208 457 1319 493 brutis,

249 502 281 528 et
303 506 362 538 per
384 498 591 537 cogitativam
617 498 651 528 in
674 498 808 528 homine
840 505 1093 539 cognoscuntur.
1119 499 1196 531 Ovis
1221 501 1318 537 enim,

248 542 420 573 aestimans
443 541 559 582 lupum
582 542 761 578 inimicum,
786 542 882 582 fugit;
904 553 972 574 non
995 549 1104 575 autem
1127 543 1209 584 fugit
1224 545 1319 576 aliam

248 595 356 623 ovem,
381 586 458 626 quia
480 587 618 617 amicam
641 592 785 627 reputat;
804 593 835 617 et
858 589 903 618 sic
925 589 1008 619 inter
1027 597 1124 619 ovem
1148 595 1180 619 et
1202 589 1319 629 lupum

248 630 491 663 distinctionem
514 629 590 661 facit
613 635 646 661 et
668 633 956 671 comparationem.
982 632 1135 663 Similiter
1161 634 1227 664 avis
1251 634 1318 664 col-

248 675 318 716 ligit
329 674 466 716 paleam,
483 675 560 715 quia
577 684 649 706 eam
664 675 778 706 utilem
793 675 915 707 iudicat
929 676 970 707 ad
985 676 1232 708 nidificandum:
1249 687 1318 708 non

247 725 357 751 autem
373 718 497 759 colligit
515 725 724 756 sarmentum,
745 721 822 761 quia
836 720 918 752 illud
939 722 1054 752 inutile
1069 721 1200 752 iudicat.
1217 721 1318 760 Quod

247 763 371 795 faciunt
392 764 486 794 bruta
509 773 568 804 per
591 765 834 801 aestimativam,
857 765 891 796 id
917 766 1067 797 homines
1089 775 1148 806 per
1171 767 1318 806 cogitati-

246 817 321 840 vam
343 807 481 838 faciunt:
506 813 538 838 et
561 808 658 849 longe
686 809 869 849 perfectius,
893 819 970 841 cum
1001 811 1098 841 etiam
1126 819 1183 851 per
1213 811 1317 851 ipsam

245 852 453 893 particulares
485 854 728 893 propositiones
758 860 974 894 componant;
1005 854 1096 894 quod
1125 855 1218 885 bruta
1247 864 1316 886 non

245 896 378 933 faciunt,
394 896 452 928 sed
473 902 601 928 tantum
623 898 657 928 in
680 907 714 928 re
738 898 986 939 apprehendunt
1004 899 1178 930 amicitiam
1202 904 1234 930 et
1255 900 1316 930 ini-

244 941 401 973 micitiam
425 946 457 972 et
479 942 605 973 similia.

301 985 339 1016 11.
364 985 488 1017 Contra
515 986 598 1017 hanc
628 992 738 1018 autem
768 987 1016 1027 responsionem
1043 989 1148 1027 arguit
1179 986 1315 1018 Sanctus

244 1029 390 1061 Thomas
413 1031 643 1071 multipliciter.
813 1048 816 1052 ·

299 1075 410 1105 Primo
427 1076 454 1105 ἢ
478 1075 591 1106 Homo
614 1076 712 1107 habet
737 1075 878 1115 aliquam
901 1076 1127 1115 operationem
1150 1077 1315 1116 propriam

244 1127 342 1159 supra
363 1119 424 1150 alia
453 1120 613 1156 animalia,
642 1120 764 1150 scilicet
791 1119 970 1160 intelligere
997 1126 1029 1151 et
1054 1121 1248 1156 ratiocinari,
1276 1130 1315 1151 ex

244 1163 257 1194 I
271 1163 475 1194 Ethicorum.
495 1164 582 1204 Ergo
599 1165 631 1195 in
648 1165 782 1195 homine
798 1169 928 1204 oportet
943 1174 1066 1204 ponere
1085 1165 1227 1205 aliquam
1243 1174 1315 1205 par-

243 1212 310 1239 tem
333 1208 471 1245 animae,
495 1217 580 1248 quae
604 1210 734 1250 proprie
763 1208 817 1238 det
843 1209 988 1248 speciem
1010 1209 1146 1245 homini,
1171 1219 1254 1250 quae
1280 1219 1314 1240 se

243 1252 359 1284 habeat
370 1252 411 1283 ad
425 1253 604 1294 intelligere
620 1254 703 1284 sicut
717 1258 807 1284 actus
823 1254 947 1292 primus
963 1253 1002 1283 ad
1018 1253 1209 1284 secundum.
1227 1254 1314 1294 Ergo

242 1305 301 1338 per
314 1297 517 1331 intellectum
531 1298 696 1339 passivum
711 1307 780 1328 non
795 1303 903 1337 potest
918 1298 1020 1328 homo
1037 1299 1179 1338 speciem
1198 1299 1313 1334 sortiri,

242 1342 470 1382 per-quam‘ab
484 1342 556 1373 aliis
567 1342 759 1373 animalibus
775 1340 889 1373 differt.
905 1359 928 1364 —
943 1342 1102 1373 Probatur
1116 1343 1219 1383 prima
1235 1352 1315 1374 con-

241 1387 420 1428 sequentia.
444 1386 531 1425 Quia
553 1387 760 1427 operationes
774 1387 858 1418 vitae
874 1392 1103 1427 comparantur
1117 1386 1158 1418 ad
1173 1388 1314 1418 animam

242 1435 280 1462 ut
301 1436 392 1463 actus
415 1430 550 1462 secundi
565 1431 606 1462 ad
621 1432 775 1472 primum,
792 1437 828 1462 ut
850 1436 939 1471 patet
962 1431 989 1461 11
1005 1430 1045 1462 de
1060 1432 1188 1462 Anima.
1212 1432 1314 1462 Actus

242 1480 352 1507 autem
374 1476 499 1516 primus
514 1475 549 1506 in
572 1475 690 1507 eodem
713 1476 877 1516 praecedit
898 1481 1046 1515 tempore
1066 1481 1175 1506 actum
1198 1485 1314 1506 secun-

242 1518 339 1552 dum:
355 1520 440 1551 sicut
454 1521 587 1551 scientia
599 1525 647 1551 est
662 1525 736 1550 ante
753 1519 965 1551 considerare.
979 1536 1003 1541 —
1017 1519 1167 1550 Secunda
1179 1529 1313 1560 quoque

241 1565 476 1606 consequentia
499 1565 664 1604 probatur.
681 1564 768 1602 Quia
783 1564 982 1605 principium
1001 1563 1228 1594 intellectionis
1244 1573 1313 1594 non

240 1613 350 1648 potest
372 1617 441 1639 esse
465 1608 647 1639 intellectus
670 1609 831 1649 passivus:
850 1617 926 1638 cum
942 1613 1092 1647 oporteat
1116 1609 1314 1648 principium

239 1651 311 1686 talis
333 1652 532 1693 operationis
554 1662 624 1684 esse
647 1652 842 1693 impassibile
862 1657 891 1683 et
915 1651 1097 1682 immixtum
1119 1653 1261 1692 corpori,
1278 1658 1314 1682 ut

239 1696 459 1737 Philosophus
489 1697 622 1737 proban
651 1697 743 1728 cuius
769 1696 968 1727 contrarium
995 1702 1127 1736 apparet
1154 1695 1194 1726 de
1220 1696 1314 1727 intel-

239 1741 328 1774 lectu
353 1742 494 1782 passivo,
521 1742 576 1773 cui
598 1742 720 1773 scilicet
744 1742 923 1782 assignatur
945 1749 1005 1781 pro
1029 1739 1105 1771 sede
1128 1740 1234 1772 media
1261 1750 1314 1771 ca-

240 1786 315 1827 pitis
338 1785 464 1817 cellula.

295 1826 327 1861 ά.
352 1829 447 1861 Circa
468 1831 562 1861 istam
584 1831 854 1871 propositionem,
877 1830 976 1861 Actus
993 1829 1122 1870 primus
1145 1829 1179 1860 in
1202 1828 1314 1860 eodem

234 1874 405 1916 praecedit
427 1879 572 1916 tempore
589 1879 698 1907 actum
711 1874 898 1909 secundum,
915 1873 1089 1905 dubitatur.
1106 1873 1192 1911 Quia
1207 1882 1312 1914 grave,

240 1919 348 1951 statim
371 1928 448 1951 cum
471 1920 618 1960 genitum
642 1925 699 1956 est,
723 1919 838 1959 incipit
859 1919 995 1954 moveri,
1018 1918 1080 1949 nisi
1103 1918 1184 1949 adsit
1209 1919 1313 1958 impe-

241 1963 433 1997 dimentum.
458 1963 500 1994 Et
521 1972 643 2004 corpus
665 1963 868 1994 luminosum
891 1963 998 1994 statim
1026 1962 1197 1998 illuminat,
1220 1971 1312 2002 prae-

238 2013 331 2040 sente
353 2007 516 2049 diaphano
539 2017 608 2039 non
632 2007 798 2048 impedito.

292 2052 524 2093 Respondetur
546 2051 637 2093 quod
660 2052 740 2083 haee
759 2052 941 2092 propositio
964 2051 1061 2082 habet
1076 2051 1240 2081 veritatem
1257 2050 1313 2080 ubi

239 2102 330 2129 actus
351 2096 514 2129 secundus
536 2096 673 2128 naturali
688 2096 877 2127 necessitate
891 2105 961 2127 non
975 2095 1122 2136 sequitur
1141 2094 1182 2125 ad
1203 2100 1313 2126 actum

240 2141 400 2182 primum:
425 2142 509 2173 sicut
524 2147 572 2172 est
594 2142 627 2172 in
646 2142 827 2182 proposito,
843 2140 901 2171 ubi
915 2146 1006 2171 actus
1028 2139 1228 2179 intelligendi
1243 2148 1311 2170 non

238 2186 419 2217 necessario
436 2186 591 2226 sequitur,
607 2186 715 2226 posito
731 2185 892 2226 principio
907 2184 1104 2216 intellectivo
1120 2185 1153 2215 in
1168 2184 1311 2214 materia.

295 2230 406 2261 Potest
427 2230 573 2261 secundo
590 2229 779 2270 responderi
795 2229 886 2270 quod
901 2229 1047 2269 loquitur
1069 2228 1205 2260 Sanctus
1222 2227 1312 2258 Tho-

239 2283 309 2307 ms
331 2274 372 2307 de
392 2275 559 2315 possibili:
581 2274 704 2306 scilicet
727 2273 818 2314 quod
840 2279 948 2314 potest
971 2278 1060 2304 actus
1084 2273 1207 2313 primus
1229 2277 1311 2302 tem-

238 2327 320 2360 pore
350 2319 542 2360 praecedere
576 2324 685 2350 actum
715 2317 906 2350 secundum.
937 2317 979 2349 Et
1011 2318 1075 2348 hoc
1102 2316 1312 2348 conformiter

239 2362 356 2396 dieitur
371 2363 412 2395 ad
426 2363 460 2395 id
483 2363 574 2404 quod
597 2364 732 2394 habetur
755 2363 782 2393 1²
798 2362 862 2398 11⁸⁶,
882 2372 914 2403 q.
930 2372 975 2398 m,
991 2371 1020 2393 a.
1038 2370 1068 2397 2,
1092 2361 1148 2392 ubi
1171 2362 1215 2392 ait
1233 2360 1312 2392 San-

239 2413 311 2440 ctus
325 2407 471 2439 Thomas
487 2407 578 2449 quod
593 2408 713 2439 habens
723 2408 875 2449 formam
893 2411 1002 2447 potest
1019 2415 1088 2437 esse
1109 2406 1143 2436 in
1161 2406 1312 2446 potentia

239 2461 390 2494 operans,
413 2453 497 2484 sicut
517 2453 622 2483 sciens
644 2457 693 2483 est
714 2452 748 2482 in
766 2451 916 2492 potentia
937 2451 1160 2482 considerans.
1184 2450 1226 2481 Et
1247 2450 1312 2481 hoc

238 2496 280 2529 ad
308 2497 514 2538 propositum
537 2497 646 2527 Sancti
668 2496 818 2527 Thomae
841 2495 967 2527 sufficit.
991 2495 1070 2526 Vult
1091 2495 1179 2526 enim
1194 2495 1311 2526 habere

239 2550 279 2573 ex
300 2541 364 2573 hoc
380 2540 472 2581 quod
490 2546 620 2582 oportet
634 2541 668 2572 in
685 2540 803 2572 eodem
826 2549 895 2571 esse
917 2545 1027 2572 actum
1050 2540 1192 2580 primum
1215 2544 1247 2570 et
1261 2548 1311 2569 se-

239 2585 395 2617 cundum.
412 2585 514 2624 Quod
528 2584 698 2616 manifeste
721 2586 867 2621 habetur,
882 2585 910 2616 si
932 2585 967 2616 in
983 2583 1101 2615 eodem
1119 2593 1187 2616 non
1203 2583 1311 2614 solum

238 2635 362 2666 namra,
377 2629 435 2661 sed
458 2631 556 2661 etiam
578 2635 727 2670 tempore
743 2634 834 2661 actus
849 2630 974 2670 primus
997 2634 1106 2660 actum
1129 2627 1311 2659 secundum

239 2673 438 2714 quandoque
461 2674 641 2716 praecedat.

295 2718 348 2749 111.
371 2717 436 2749 Sed
458 2718 500 2750 ad
513 2719 596 2750 hanc
614 2719 775 2750 rationem
797 2723 908 2758 posset
923 2717 1094 2758 dupliciter
1111 2715 1308 2757 responderi.

238 2763 359 2799 Primo,
375 2763 466 2803 quod
489 2762 670 2794 secundum
685 2763 843 2803 principia
858 2761 967 2793 Sancti
983 2761 1132 2792 Thomae
1147 2770 1216 2792 non
1231 2770 1310 2791 con-

239 2807 356 2839 cludit:
380 2813 417 2838 ut
440 2806 566 2838 videtur
588 2806 695 2838 dicere
718 2807 845 2842 Scotus,
870 2806 913 2836 IV
929 2806 1027 2841 Sent„
1044 2805 1075 2836 d.
1092 2815 1176 2841 xnm,
1199 2814 1230 2845 q.
1247 2815 1270 2835 11
1281 2806 1308 2835 ἥ.

238 2851 338 2892 Apud
361 2851 517 2883 Sanctum
531 2851 696 2883 Thomam
713 2852 801 2882 enim
824 2850 1005 2881 intellectus
1029 2855 1061 2880 et
1083 2850 1260 2889 intelligere
1275 2858 1309 2879 se

237 2896 359 2927 habent
380 2897 515 2937 passive,
539 2901 572 2927 et
593 2905 663 2927 non
685 2896 799 2926 active.
815 2894 857 2925 Et
879 2893 955 2925 ideo
978 2895 1018 2924 ab
1041 2895 1148 2924 anima
1170 2903 1238 2924 non
1262 2899 1310 2924 est

239 2941 385 2981 operatio
409 2940 619 2981 intelligendi,
635 2939 693 2971 sed
715 2940 754 2970 ab
771 2939 900 2970 obiecto
916 2938 1107 2978 intelligibili
1130 2943 1186 2968 aut
1208 2938 1310 2978 phan-

238 2990 382 3016 tar-mate.

294 3028 457 3065 Secundo,
475 3028 566 3070 quod
581 3028 758 3068 intelligere
782 3033 829 3058 est
852 3027 982 3067 propria
1005 3026 1138 3067 quidem
1161 3027 1308 3066 operatio

239 3074 391 3110 hominis,
415 3073 472 3104 sed
501 3083 570 3104 non
599 3073 781 3104 intrinseca.
806 3071 973 3109 Quoniam
1000 3071 1153 3102 convenit
1176 3070 1308 3110 quidem

239 3118 331 3149 omni
354 3118 482 3149 homini
505 3123 537 3149 et
559 3117 620 3148 soli
643 3126 702 3157 per
729 3115 1010 3147 continuationem
1037 3124 1113 3146 cum
1142 3115 1308 3145 intellectu

239 3162 394 3203 possibili,
418 3172 486 3193 non
506 3167 615 3193 autem
630 3171 688 3202 per
703 3160 842 3191 formam
858 3170 877 3190 a
892 3169 956 3200 qua
971 3159 1087 3190 ultimo
1104 3159 1308 3190 constituitur

238 3208 273 3238 in
297 3216 382 3239 esse:
407 3207 564 3247 quoniam
587 3207 688 3237 homo
713 3205 918 3236 constituitur
940 3204 973 3234 in
998 3213 1065 3234 esse
1089 3213 1147 3243 per
1162 3204 1308 3243 cogitati-

238 3260 322 3282 vam.
347 3252 390 3283 Et
410 3251 486 3282 ideo
502 3261 570 3282 non
594 3255 724 3291 oportet
746 3255 783 3279 ut
804 3250 838 3280 in
861 3248 994 3279 homine
1010 3249 1050 3278 sit
1072 3253 1162 3278 actus
1184 3247 1307 3287 primus

238 3296 315 3327 huic
338 3296 519 3337 operationi
543 3293 798 3335 correspondens
812 3299 967 3333 tanquam
984 3291 1062 3323 dans
1085 3293 1145 3322 sibi
1167 3301 1246 3322 esse.
1266 3292 1308 3322 Et

238 3339 292 3371 illa
315 3341 508 3381 propositio,
538 3340 578 3370 In
606 3347 806 3380 quocumque
831 3336 995 3368 invenitur
1020 3336 1132 3377 aliqua
1159 3336 1306 3376 operatio

240 3384 334 3420 vitae,
351 3389 479 3425 oportet
494 3385 527 3415 in
544 3385 601 3415 illo
619 3393 746 3424 ponere
765 3383 907 3423 aliquam
922 3386 1051 3420 partem
1075 3381 1205 3411 animae
1224 3390 1308 3420 quae

238 3428 284 3460 ad
306 3428 397 3460 illam
425 3433 633 3470 comparetur
655 3433 692 3458 ut
715 3432 806 3458 actus
829 3427 955 3467 primus
978 3426 1021 3456 ad
1050 3424 1235 3460 secundum,
1260 3430 1307 3455 est

239 3482 314 3504 vera
341 3473 507 3505 dumtaxat
534 3474 591 3504 ubi
619 3473 752 3513 ponitur
779 3472 924 3511 operatio
955 3471 989 3500 in
1015 3469 1125 3509 aliquo
1152 3475 1306 3509 tanquam

239 3518 299 3548 sibi
313 3518 494 3554 intrinseca,
510 3523 625 3558 utpote
641 3517 680 3547 ab
697 3517 765 3547 eius
789 3516 894 3546 forma
908 3514 1101 3554 completiva
1116 3513 1305 3553 procedens.

296 3571 326 3593 2.
339 3563 392 3593 Ad
407 3563 546 3602 primam
561 3562 676 3592 harum
690 3561 940 3601 responsionum
956 3559 1071 3590 dicitur
1087 3557 1203 3597 primo,
1216 3556 1306 3597 quod

239 3614 307 3637 non
330 3612 378 3637 est
393 3606 539 3637 doctrina
554 3606 662 3637 Sancti
686 3605 834 3636 Thomae
857 3604 1055 3635 intellectum
1078 3611 1166 3632 mere
1182 3602 1306 3641 passive

238 3650 280 3681 ad
301 3651 555 3682 intellectionem
580 3659 782 3685 concurrere,
806 3650 880 3680 licet
896 3648 1076 3679 intellectus
1099 3647 1138 3676 sit
1160 3646 1305 3686 potentia

2365 297 2443 345 423

1374 370 1508 409 passiva.
1532 371 1600 401 Etsi
1625 372 1712 403 enim
1735 373 1870 412 accipiat
1893 374 2035 413 speciem
2051 384 2116 415 qua
2138 375 2285 416 intelligit
2308 377 2347 407 ab
2371 378 2443 418 ipso

1374 413 1514 451 obiecto,
1531 416 1655 446 ratione
1671 416 1764 446 cuius
1779 416 1895 447 dicitur
1910 418 1986 457 pati,
2003 423 2035 449 et
2049 419 2230 451 secundum
2249 430 2347 461 quam
2364 431 2443 453 con-

1374 457 1600 490 siderationem
1618 465 1666 490 est
1680 462 1825 499 potentia
1840 462 1981 501 passiva3
2001 462 2192 494 informatus
2211 470 2320 496 tamen
2335 467 2442 506 specie

1373 501 1575 542 intelligibili,
1591 504 1695 542 ipsam
1711 505 1964 536 intellectionem
1978 506 2129 546 producit
2144 508 2291 546 elicitive,
2304 515 2340 540 ut
2355 516 2443 550 patet

1374 554 1413 576 ex
1434 546 1542 582 Verit„
1559 556 1591 587 q.
1604 557 1624 583 1,
1641 557 1672 587 9.
1690 547 1783 578 Unde
1799 548 1880 580 falso
1896 550 1990 580 nobis
2007 561 2025 581 a
2041 551 2139 582 Scoto
2156 553 2335 593 imponitur
2351 554 2442 594 quod

1372 590 1554 621 intellectus
1578 597 1610 622 et
1632 591 1807 632 intelligere
1823 603 1856 623 se
1880 593 2018 625 habeant
2035 605 2123 626 mere
2146 598 2270 636 passive
2294 603 2326 628 et
2348 598 2440 630 nullo

1373 633 1474 664 modo
1498 636 1611 666 active.

1428 678 1554 710 Dicitur
1575 679 1721 710 secundo
1740 680 1840 720 quod,
1857 680 1996 712 admisso
2021 684 2117 713 etiam
2140 684 2230 724 quod
2260 686 2440 718 intellectus

1372 731 1460 753 mere
1484 724 1609 763 passive
1640 723 1680 754 ad
1710 725 1964 756 intellectionem
1991 734 2205 764 concurreret,
2229 729 2335 760 adhuc
2358 732 2438 762 ratio

1372 765 1480 797 Sancti
1497 767 1645 799 Thomae
1669 768 1780 799 efficax
1797 774 1853 799 est.
1871 769 1957 807 Quia
1979 771 2006 800 si
2029 771 2204 803 intellectio
2229 779 2276 803 est
2298 774 2439 806 hominis

1372 812 1517 850 operatio
1541 813 1681 853 propria,
1698 813 1764 843 sive
1781 813 1883 844 active
1906 814 1972 844 sive
1987 815 2122 854 passive,
2139 834 2160 838 -
2174 817 2238 847 hoc
2263 818 2349 848 enim
2372 828 2440 850 ma-

1370 854 1524 887 nifestum
1554 863 1611 893 est,
1635 856 1726 897 quod
1749 857 1924 888 intellectio
1947 858 2032 889 inest
2053 860 2179 895 homini
2201 860 2384 898 formaliter,
2409 868 2440 894 et

1371 908 1428 939 per
1450 900 1554 940 ipsam
1571 901 1695 932 excedit
1713 901 1774 932 alia
1790 903 1940 933 animalia
1954 920 1977 925 -
1993 909 2122 943 oportet
2138 904 2244 935 dicere
2260 906 2350 945 quod
2365 916 2440 946 pro-

1370 944 1478 983 prium
1502 945 1570 976 eius
1601 946 1801 986 receptivum
1833 947 1873 977 sit
1903 946 2078 978 formaliter
2104 948 2138 979 in
2169 949 2318 980 homine:
2350 956 2439 981 actus

1370 988 1458 1019 enim
1482 994 1514 1019 et
1536 991 1682 1030 potentia
1697 990 1782 1021 illius
1796 992 1958 1031 receptiva
1973 991 2013 1022 ad
2035 991 2123 1023 idem
2145 994 2352 1033 suppositum
2368 1004 2447 1034 per-.

1369 1033 1482 1063 tinent.
1507 1034 1549 1064 Et
1571 1035 1616 1065 sic
1641 1035 1872 1066 convenienter
1891 1036 2043 1075 arguitur,
2060 1046 2099 1067 ex
2121 1037 2186 1068 hoc
2209 1037 2301 1078 quod
2323 1038 2439 1069 intelli-

1369 1086 1444 1117 gere
1468 1083 1515 1108 est
1537 1080 1668 1119 propria
1690 1079 1832 1110 hominis
1854 1080 2011 1119 operatio,
2035 1081 2102 1112 sive
2124 1082 2164 1111 ab
2187 1082 2259 1122 ipso
2282 1082 2440 1122 producta

1369 1122 1436 1152 sive
1451 1122 1485 1152 in
1507 1123 1580 1163 ipso
1595 1129 1735 1163 recepta,
1752 1129 1903 1163 oportere
1918 1125 2115 1165 principium
2130 1125 2215 1156 illius
2231 1128 2438 1167 operationis,

1369 1166 1435 1197 sive
1459 1166 1689 1206 productivum
1712 1168 1779 1198 sive
1801 1169 2011 1208 receptivum,
2036 1179 2104 1200 esse
2123 1170 2264 1201 hominis
2287 1170 2436 1202 formam.

1369 1210 1410 1240 Et
1433 1220 1510 1242 cum
1532 1212 1596 1242 hoc
1619 1222 1687 1242 non
1710 1213 1812 1252 possit
1828 1221 1897 1243 esse
1919 1213 1981 1243 nisi
1997 1214 2103 1244 anima
2118 1214 2320 1251 intellectiva,
2342 1215 2438 1246 relin-

1369 1255 1479 1295 quitur
1501 1256 1604 1296 ipsam
1627 1257 1768 1287 animam
1791 1257 2019 1288 intellectivam
2034 1258 2175 1289 hominis
2198 1257 2337 1290 formam
2357 1269 2435 1291 esse.

1426 1299 1455 1330 3.
1481 1299 1604 1331 Contra
1631 1300 1808 1332 secundam
1835 1302 2081 1341 responsionem
2106 1303 2258 1343 arguitur,
2282 1304 2358 1343 quia
2380 1314 2437 1334 na-

1368 1348 1439 1374 tura
1466 1345 1722 1385 uniuscuiusque
1746 1355 1784 1376 ex
1807 1346 1937 1385 propria
1959 1347 2078 1386 speciei
2101 1348 2290 1386 operatione
2313 1357 2437 1387 cogno·

1368 1387 1482 1418 scitur:
1508 1394 1540 1419 et
1567 1398 1606 1419 ex
1635 1390 1699 1420 hoc
1727 1389 1818 1430 quod
1845 1391 1991 1429 operatio
2023 1391 2129 1431 aliqua
2160 1392 2312 1422 convenit
2341 1392 2437 1423 alicui

1367 1437 1499 1463 naturae
1521 1434 1715 1473 inquantum
1738 1434 1819 1470 talis,
1838 1435 1928 1474 argui
1950 1439 2058 1474 potest
2080 1434 2171 1475 quod
2192 1435 2273 1467 illud
2295 1437 2437 1476 speciem

1368 1477 1517 1508 sortiatur
1539 1486 1597 1517 per
1622 1478 1656 1508 id
1685 1478 1776 1518 quod
1806 1483 1854 1508 est
1882 1478 1967 1509 illius
1998 1480 2195 1519 operationis
2222 1480 2434 1521 principium;

1368 1520 1512 1560 alioquin
1536 1521 1624 1552 nulla
1647 1528 1731 1553 esset
1745 1523 1796 1553 via
1812 1532 1850 1552 ex
1874 1523 2115 1562 operationibus
2137 1524 2357 1564 cognoscendi
2379 1535 2436 1556 na-

1367 1569 1454 1594 turas
1477 1575 1594 1596 rerum.
1619 1566 1654 1597 Si
1677 1575 1754 1606 ergo
1778 1566 1955 1607 intelligere
1978 1572 2025 1597 est
2047 1568 2178 1607 propria
2199 1568 2341 1599 hominis
2357 1578 2436 1610 ope-

1368 1609 1460 1644 ratio,
1484 1611 1682 1641 conveniens
1704 1611 1831 1641 homini
1845 1611 2040 1650 inquantum
2055 1612 2156 1642 homo
2181 1617 2243 1648 est;
2268 1617 2300 1643 et
2322 1614 2356 1643 in
2371 1622 2436 1653 qua

1368 1652 1510 1683 hominis
1526 1654 1691 1685 beatitudo
1708 1655 1869 1691 consistit;
1891 1664 1928 1685 ac
1945 1656 2041 1685 etiarn
2056 1664 2114 1695 per
2137 1664 2235 1695 quam
2251 1658 2361 1687 omnia
2376 1657 2436 1688 alia

1367 1697 1576 1734 transcendit;
1601 1707 1731 1729 necesse
1747 1704 1795 1729 est
1817 1704 1853 1729 ut
1877 1699 1945 1729 eius
1962 1700 2158 1739 operationis
2180 1700 2377 1740 principium
2396 1702 2436 1732 sit

1369 1740 1473 1772 forma
1495 1742 1637 1773 hominis
1661 1742 1740 1774 dans
1762 1743 1808 1773 illi
1831 1743 1984 1783 speciem.
2009 1743 2175 1783 Propriam
2199 1744 2287 1774 enim
2310 1750 2342 1775 et
2364 1754 2436 1785 spe-

1368 1784 1495 1816 cificam
1519 1788 1743 1827 operationem
1766 1792 1896 1827 oportet
1912 1797 1930 1817 a
1953 1789 2083 1828 propria
2106 1793 2138 1818 et
2160 1787 2311 1828 specifica
2333 1788 2437 1820 forma

1368 1830 1553 1870 procedere.
1642 1861 1647 1868 ,

1424 1874 1477 1906 1V.
1501 1875 1649 1906 Secundo
1666 1877 1693 1906 “.
1717 1875 1886 1906 Phantasia
1909 1881 1941 1906 et
1963 1877 2128 1916 potentiae
2155 1885 2239 1916 quac
2269 1875 2308 1907 ad
2332 1878 2436 1917 ipsam

1368 1925 1623 1959 consequuntur,
1640 1925 1676 1951 ut
1690 1921 1901 1951 memorativa
1917 1926 1948 1950 et
1964 1921 2157 1956 consimiles,
2174 1926 2249 1950 sunt
2270 1922 2436 1961 passiones

1367 1964 1464 2003 partis
1487 1964 1667 2000 sensitivae,
1691 1970 1727 1995 ut
1751 1963 1867 1995 dicitur
1889 1965 1923 1994 in
1951 1965 2032 1995 libro
2063 1964 2103 1995 de
2132 1965 2295 1995 Memoria
2319 1970 2350 1996 et
2370 1966 2433 1996 Re-

1367 2007 1580 2039 miniscentia.
1596 2009 1683 2049 Ergo
1696 2018 1754 2048 per
1764 2009 1858 2048 ipsas,
1875 2014 1930 2039 aut
1941 2009 2082 2049 aliquam
2094 2008 2230 2044 illarum,
2243 2018 2312 2040 non
2327 2015 2435 2050 potest

1366 2051 1500 2092 aliquod
1523 2053 1641 2083 animal
1656 2053 1735 2093 poni
1750 2053 1784 2083 in
1801 2053 1906 2083 altiori
1921 2062 2038 2092 genere
2053 2053 2136 2083 vitae
2152 2062 2250 2093 quam
2273 2054 2313 2083 sit
2328 2054 2434 2084 anima

1367 2101 1399 2126 et
1421 2097 1484 2127 vita
1507 2098 1667 2128 sensitiva.
1691 2097 1778 2137 Ergo
1794 2098 1895 2127 homo
1911 2106 1977 2128 non
2003 2102 2050 2128 est
2072 2097 2182 2128 vivens
2197 2098 2261 2128 vita
2283 2098 2344 2128 sibi
2358 2107 2434 2138 pro-

1366 2141 1436 2181 pria
1458 2150 1516 2182 per
1537 2142 1688 2173 virtutem
1719 2142 1934 2182 cogitativam.
1956 2159 1980 2164 —
2001 2142 2158 2172 Probatur
2186 2142 2290 2182 prima
2319 2151 2434 2173 conse-

1367 2186 1508 2225 quentia.
1533 2186 1619 2224 Quia
1642 2186 1749 2226 passio
1772 2186 1870 2226 partis
1892 2186 2060 2216 sensitivae
2087 2195 2156 2216 non
2178 2191 2285 2226 potest
2310 2195 2434 2226 ponere

1365 2230 1399 2260 in
1423 2229 1528 2260 altiori
1551 2240 1668 2270 genere
1691 2231 1774 2261 vitae
1798 2239 1896 2270 quam
1919 2231 1959 2261 sit
1987 2231 2051 2260 vita
2073 2230 2238 2261 sensitiva:
2263 2231 2346 2261 sicut
2372 2240 2434 2261 nec

1366 2274 1516 2305 nutritiva
1539 2275 1573 2306 in
1596 2275 1701 2306 altiori
1723 2284 1841 2314 genere
1857 2275 1940 2305 vitae
1962 2275 2056 2314 ponit
2071 2283 2170 2314 quam
2185 2274 2225 2305 sit
2246 2275 2311 2305 vita
2333 2276 2433 2305 nutri-

1365 2319 1439 2349 tiva.
1459 2336 1483 2342 -
1505 2318 1654 2350 Secunda
1676 2328 1753 2350 vero
1776 2318 2006 2355 manifestatur,
2030 2319 2106 2358 quia
2128 2319 2228 2349 homo
2258 2324 2307 2349 est
2332 2319 2366 2349 in
2389 2319 2434 2350 al-

1365 2363 1440 2393 tiori
1457 2363 1541 2394 vitae
1556 2373 1674 2404 genere
1690 2373 1788 2404 quam
1805 2363 1845 2394 sit
1859 2364 1923 2393 vita
1937 2363 2105 2394 sensitiva:
2122 2368 2159 2393 ut
2174 2368 2261 2403 patet
2283 2372 2341 2403 per
2360 2363 2434 2394 Phi-

1366 2407 1552 2447 losophum,
1577 2408 1605 2438 11
1628 2408 1668 2439 de
1687 2408 1815 2443 Anima,
1839 2407 1895 2438 ubi
1918 2407 2160 2443 intellectivum,
2189 2406 2280 2447 quod
2308 2407 2434 2438 homini

1365 2452 1485 2488 tribuit,
1509 2452 1694 2492 superaddit
1715 2453 1879 2488 sensitivo,
1896 2451 1987 2492 quod
2003 2451 2093 2482 omni
2116 2451 2226 2482 tribuit
2249 2451 2387 2482 animali.

1423 2505 1452 2527 2.
1477 2496 1611 2528 Dicetur
1632 2496 1716 2528 forte
1739 2495 1839 2536 quod,
1861 2496 1938 2527 licet
1953 2496 2123 2536 cogitativa
2141 2495 2287 2526 absolute
2302 2501 2434 2536 accepta

1364 2550 1432 2571 non
1456 2546 1557 2581 ponat
1579 2540 1701 2581 aliquid
1723 2541 1758 2571 in
1780 2541 1939 2580 superiori
1952 2549 2070 2580 genere
2092 2540 2175 2570 vitae
2199 2549 2298 2580 quam
2313 2540 2353 2569 sit
2369 2541 2432 2570 vita

1365 2585 1524 2621 sensitiva,
1548 2590 1656 2625 potest
1677 2590 1786 2615 tamen
1809 2593 1932 2624 ponere
1949 2584 1983 2614 in
2007 2583 2164 2623 superiori
2185 2593 2302 2623 genere
2325 2589 2362 2614 ut
2385 2589 2432 2614 est

1364 2629 1542 2660 intellectui
1565 2630 1754 2660 coniuncta:
1779 2629 1856 2668 quia
1874 2637 1913 2659 ex
1927 2628 1982 2659 tali
2005 2628 2236 2658 coniunctione
2258 2627 2354 2658 habet
2375 2627 2431 2658 ali-

1365 2673 1444 2713 quid
1465 2673 1640 2704 nobilitatis
1663 2672 1754 2713 quod
1777 2672 1923 2703 absolute
1946 2671 2145 2703 considerata
2166 2681 2234 2702 non
2258 2671 2363 2702 habet.

1420 2717 1484 2748 Sed
1507 2723 1620 2748 contra
1646 2718 1710 2748 hoc
1738 2717 1889 2757 arguitur.
1919 2716 2038 2747 Primo.
2068 2716 2135 2746 Aut
2162 2715 2349 2755 intelligitur
2370 2715 2430 2746 ista

1364 2762 1553 2792 coniunctio
1576 2763 1701 2793 ratione
1723 2761 1968 2802 phantasmatis:
1992 2765 2047 2790 aut
2069 2759 2249 2791 secundum
2271 2760 2429 2790 rationem

1363 2807 1499 2837 motoris
1518 2811 1550 2837 et
1564 2807 1656 2837 moti.
1672 2806 1748 2837 Non
1763 2806 1923 2846 primum:
1948 2805 2024 2844 quia
2039 2813 2120 2844 puer
2137 2805 2171 2835 in
2194 2809 2303 2834 ventre
2319 2804 2428 2834 matris

1364 2855 1412 2881 est
1434 2850 1642 2881 essentialiter
1664 2851 1777 2886 homo,
1793 2855 1824 2881 et
1839 2855 1947 2880 tamen
1963 2858 2031 2879 non
2053 2849 2150 2879 habet
2167 2849 2236 2879 eius
2259 2848 2428 2888 cogitativa

1363 2895 1521 2926 unionem
1544 2904 1620 2926 curn
1649 2895 1827 2930 intellectu,
1858 2902 1941 2934 quae
1964 2898 2011 2924 est
2036 2893 2160 2923 ratione
2189 2892 2427 2933 phantasmatis,

1362 2939 1438 2970 Non
1462 2938 1658 2970 secundum:
1676 2940 1752 2979 quia
1775 2948 1813 2970 ex
1836 2938 1899 2969 hoc
1915 2937 2006 2977 quod
2021 2946 2125 2968 unum
2143 2937 2183 2967 sit
2205 2936 2332 2967 alterius
2355 2945 2427 2966 mo-

1362 2983 1475 3019 tivum,
1499 2993 1568 3014 non
1593 2983 1690 3014 habet
1711 2982 1945 3023 perfectionem
1975 2991 2040 3022 qua
2071 2981 2277 3012 essentialiter
2306 2979 2427 3020 aliquid

1363 3028 1557 3058 constituere
1580 3028 1695 3068 possit;
1721 3028 1801 3058 unio
1825 3027 1912 3057 enim
1940 3026 2075 3056 motoris
2105 3025 2145 3056 ad
2171 3024 2292 3055 mobile
2319 3025 2427 3064 ipsum

1362 3071 1484 3102 mobile
1506 3073 1749 3112 praesupponit.
1773 3071 1859 3111 Ergo
1882 3070 1971 3101 nulla
1994 3075 2042 3100 est
2063 3069 2242 3109 responsio.

1417 3115 1580 3147 Secundo.
1612 3115 1924 3155 Quantumcumque
1961 3123 2019 3154 per
2049 3114 2206 3144 unionem
2236 3112 2426 3152 cogitativae

1362 3169 1438 3191 cum
1460 3160 1625 3191 intellectu
1640 3161 1710 3200 ipsa
1733 3160 1903 3200 cogitativa
1919 3157 2040 3198 aliquid
2058 3157 2263 3197 perfectionis
2285 3157 2425 3192 haberet,

1361 3213 1531 3244 nunquam
1553 3210 1661 3235 tamen
1677 3210 1800 3235 tantum
1819 3203 1960 3234 elevatur
1976 3208 2012 3233 ut
2034 3202 2074 3232 sit
2097 3211 2192 3241 supra
2214 3206 2337 3240 partem
2354 3209 2426 3230 sen-

1362 3249 1497 3280 sitivam.
1521 3249 1608 3289 Ergo
1632 3259 1671 3279 ex
1697 3249 1820 3279 unione
1849 3248 1898 3277 sui
1922 3256 1998 3277 cum
2027 3246 2192 3276 intellectu
2221 3254 2287 3275 non
2320 3250 2427 3284 potest

1362 3293 1490 3333 aliquid«
1499 3302 1621 3333 ponere
1637 3294 1669 3323 in
1687 3293 1790 3323 altiori
1805 3291 1906 3332 gradu
1921 3291 2004 3320 vitae
2020 3299 2118 3330 quam
2133 3290 2172 3320 sit
2188 3290 2250 3319 vita
2266 3289 2424 3319 sensitiva.

1417 3337 1456 3368 V.
1486 3338 1594 3368 Tertio
1622 3337 1859 3377 principaliter.
1890 3335 2002 3365 Homo
2032 3339 2080 3364 est
2106 3342 2241 3364 movens
2271 3333 2424 3372 seipsum,

1361 3381 1443 3412 sicut
1465 3387 1498 3412 et
1520 3382 1580 3412 alia
1596 3381 1754 3411 animalia.
1770 3381 1856 3420 Ergo
1871 3388 2006 3409 movens
2030 3383 2061 3408 et
2075 3383 2203 3408 motum
2226 3382 2301 3407 sunt
2321 3382 2425 3416 partes

1361 3425 1442 3459 eius.
1466 3426 1552 3465 Ergo
1576 3425 1765 3456 intellectus.
1785 3442 1808 3446 -
1828 3423 1984 3453 Probatur
2006 3423 2109 3461 prima
2132 3421 2364 3460 consequentia
2386 3430 2425 3452 ex

1360 3469 1432 3500 VIII
1448 3470 1672 3510 Physicorum.
1689 3487 1712 3491 —
1727 3467 1875 3500 Secunda
1897 3476 1974 3497 vero
1997 3466 2161 3506 probatur,
2181 3466 2257 3506 quia
2280 3465 2422 3505 primum

1360 3523 1497 3544 movens
1520 3515 1553 3544 in
1581 3514 1713 3544 homine
1741 3518 1788 3544 est
1817 3511 2012 3542 intellectus:
2037 3519 2113 3541 curn
2143 3519 2203 3540 suo
2233 3508 2424 3549 intelligibili

1360 3563 1490 3588 moveat
1512 3557 1722 3589 voluntatem.

1416 3601 1449 3632 Si
1473 3601 1595 3632 dicatur
1618 3601 1707 3641 quod
1730 3599 1846 3631 sufficit
1869 3598 1908 3630 ad
1931 3598 2131 3630 movendum
2149 3598 2329 3628 intellectus
2352 3607 2424 3638 pas-

1360 3646 1462 3676 sivus:
1488 3652 1598 3676 contra
1614 3645 1764 3685 arguitur.
1789 3644 1875 3682 Quia
1893 3643 2073 3674 intellectus
2089 3643 2232 3683 passivus
2254 3647 2301 3673 est
2317 3642 2425 3673 solum

2463 1885 2473 1894 '
2487 1883 2524 1906 Cf.
2539 1889 2562 1906 n.
2573 1889 2601 1907 ιι.
