2768 4134
33 3252 42 3260 ·
58 3250 94 3271 Ct.
112 3251 245 3282 Comment.

33 3283 83 3304 cap.
98 3283 137 3304 ιιι,
152 3282 201 3300 init.

802 309 991 347 SUMMA
1020 308 1242 345 CONTRA
1271 307 1546 352 GENTILES,
1576 307 1670 343 LIB.
1692 308 1733 352 II⁷
1765 307 1876 344 CAP.
1896 309 1993 344 LIV.

529 467 1015 523 CAPITULUM
1053 466 1250 544 QUIN
1254 466 1810 542 QUAGESIMUM
1848 465 2255 544 QUARTUM

1263 594 1293 623 A
1323 603 1397 632 42v
1433 592 1516 631 a43.

474 693 648 745 QUOD
683 692 813 733 NON
848 693 964 734 EST
997 694 1150 733 IDEM
1186 693 1459 733 COMPONI
1495 693 1575 733 EX
1610 691 2001 733 SUBSTANTIA
2036 691 2115 732 ET
2149 691 2314 739 ESSE,

1012 756 1091 796 ET
1125 756 1407 796 MATERIA
1443 755 1521 795 ET
1556 754 1773 795 FORMA

384 918 392 928 Ι
494 891 543 917 οΝ
574 886 629 916 est
657 886 789 916 autem
819 877 995 915 eiusdem
1022 877 1180 915 rationis
1200 890 1361 928 compo-

349 972 374 981 .‚
406 929 447 978 sp]
464 949 484 981 ε4
507 932 593 970 sitio
623 945 669 969 ex
697 931 858 969 materia
894 939 930 968 et
965 931 1101 977 forma,
1131 939 1167 968 et
1196 944 1242 969 ex
1272 932 1361 969 sub-

308 978 313 985 ’
463 979 482 1024 .’
507 986 643 1023 stantia
663 994 699 1022 et
719 997 818 1022 esse:
849 984 1032 1034 quamvis
1060 993 1226 1035 utraque
1251 986 1296 1023 sit
1316 998 1361 1023 ex

377 1040 446 1076 ,⁴¹
471 1038 477 1052 ²
506 1038 678 1089 potentia
706 1047 743 1075 et
770 1046 870 1075 actu.

342 1093 473 1130 Primo
503 1092 675 1142 quidem,
695 1091 788 1141 quia
807 1090 968 1128 materia
987 1103 1069 1128 non
1089 1099 1145 1128 est
1164 1091 1247 1141 ipsa
1271 1092 1361 1129 sub·
1384 1113 1393 1134 ς

288 1146 423 1184 stantia
451 1146 516 1192 rei,
546 1157 638 1183 nam
673 1153 901 1205 sequeretur
932 1156 1070 1182 omnes
1105 1145 1250 1182 formas
1279 1157 1361 1183 esse

287 1199 516 1259 accidentiaz
540 1199 637 1236 sicut
666 1198 861 1248 antiqui
846 1199 1052 1236 Naturales
1081 1198 1359 1248 opinabantur.

287 1254 354 1290 sed
383 1252 544 1290 materia
572 1260 627 1289 est
655 1264 744 1302 pars
773 1252 1020 1290 substantiae.

341 1306 524 1344 Secundo
553 1313 683 1343 autem
705 1306 797 1355 quia
816 1305 947 1354 ipsum
972 1318 1055 1343 esse
1084 1317 1166 1342 non
1190 1314 1246 1342 est
1272 1317 1360 1355 pro-

285 1359 393 1409 prius
421 1367 528 1397 actus
555 1359 750 1405 materiae,
771 1360 839 1396 sed
858 1359 1093 1397 substantiae
1113 1359 1242 1396 totius.
1266 1359 1361 1396 Eius
1377 1376 1402 1390 ιο

286 1414 391 1451 enim
411 1421 517 1451 actus
533 1420 588 1450 est
607 1425 690 1450 esse
705 1413 753 1450 de
774 1425 854 1462 quo
874 1425 1086 1463 possumus
1105 1412 1232 1450 dicere
1252 1413 1361 1463 quod

284 1469 339 1504 sit.
370 1468 465 1504 Esse
494 1474 626 1504 autem
659 1479 739 1504 non
769 1466 908 1504 dicitur
935 1467 984 1504 de
1012 1466 1185 1513 materia,
1215 1467 1283 1504 sed
1311 1467 1360 1504 de

285 1529 378 1558 toto,
409 1521 522 1558 Unde
551 1519 712 1558 materia
730 1532 811 1558 non
830 1528 957 1570 potest
981 1520 1056 1558 dici
1082 1521 1190 1570 quod
1210 1526 1271 1567 est,
1293 1520 1360 1557 sed

285 1574 369 1624 ipsa
397 1573 610 1611 substantia
638 1582 694 1611 est
721 1574 760 1611 id
789 1574 898 1623 quod
927 1582 994 1612 est.

338 1628 484 1674 Tertio,
505 1627 596 1677 quia
616 1639 689 1664 nec
706 1627 832 1665 forma
860 1635 916 1665 est
943 1627 1074 1677 ipsum
1098 1639 1192 1673 esse,
1223 1628 1290 1664 sed
1319 1640 1360 1665 se
1376 1642 1399 1662 ις

285 1682 430 1718 habent
467 1681 685 1718 secundum
726 1681 924 1718 ordinem:
963 1689 1213 1730 comparatur
1254 1680 1360 1718 enim

285 1734 411 1772 forma
443 1735 492 1771 ad
525 1734 656 1784 ipsum
691 1747 775 1772 esse
813 1734 910 1772 sicut
943 1735 1012 1772 lux
1044 1734 1093 1772 ad
1126 1735 1269 1781 lucere,
1298 1736 1360 1771 vel

285 1788 417 1825 albedo
445 1788 495 1825 ad
523 1789 650 1826 album
679 1800 766 1825 esse.

339 1841 490 1878 Deinde
517 1841 609 1891 quia
631 1841 679 1878 ad
708 1841 834 1891 ipsam
860 1841 976 1878 etiam
1006 1841 1172 1878 formam
1201 1853 1360 1890 compa-

286 1902 391 1931 ratur
410 1894 540 1944 ipsum
559 1907 643 1931 esse
663 1902 705 1931 ut
724 1902 843 1932 actus.
865 1896 940 1931 Per
958 1895 1035 1931 hoc
1054 1894 1160 1931 enim
1184 1894 1224 1931 in
1252 1906 1359 1931 com—

283 1947 417 1997 positis
454 1960 500 1984 ex
533 1947 694 1985 materia
727 1956 764 1985 et
796 1948 921 1984 forma
957 1947 1096 1984 dicitur
1122 1947 1247 1984 forma
1276 1959 1359 1985 esse

283 2000 519 2050 principium
540 2000 710 2047 essendi,
730 2000 822 2050 quia
837 2009 893 2038 est
913 2002 1247 2050 complementum
1269 2001 1359 2038 sub-

284 2054 453 2101 stantiae,
479 2054 590 2092 cuius
609 2062 716 2092 actus
737 2062 792 2092 est
810 2054 942 2104 ipsum
961 2066 1060 2091 esse:
1082 2054 1180 2091 sicut
1198 2053 1358 2104 diapha-

283 2120 381 2145 num
402 2116 458 2145 est
480 2108 558 2146 aeri
587 2107 823 2157 principium
851 2107 1006 2145 lucendi
1030 2108 1123 2157 quia
1149 2107 1236 2145 facit
1264 2120 1358 2145 eum

283 2161 487 2211 proprium
516 2162 736 2199 subiectum
764 2161 934 2199 luminis.

336 2215 449 2252 Unde
478 2215 518 2252 in
547 2214 773 2265 compositis
801 2227 848 2252 ex
876 2215 1037 2252 materia
1064 2222 1101 2252 et
1131 2214 1258 2252 forma
1286 2227 1358 2252 nec

282 2267 443 2307 materia
471 2281 543 2306 nec
570 2269 695 2306 forma
723 2276 849 2318 potest
881 2268 956 2306 dici
991 2268 1123 2318 ipsum
1151 2269 1260 2318 quod
1289 2277 1356 2315 est,

282 2334 354 2358 nec
383 2321 499 2359 etiam
527 2322 658 2371 ipsum
686 2335 781 2359 esse.
811 2323 957 2360 Forma
983 2330 1115 2359 tamen
1137 2330 1262 2371 potest
1281 2321 1356 2359 dici

283 2388 355 2424 quo
375 2381 437 2421 est,
459 2376 678 2413 secundum
698 2376 806 2425 quod
835 2383 892 2412 est
920 2375 1072 2412 essendi
1101 2374 1354 2424 principium;

281 2428 365 2478 ipsa
393 2436 524 2465 autem
552 2437 631 2467 tota
666 2429 878 2466 substantia
913 2437 969 2466 est
1003 2428 1133 2478 ipsum
1163 2429 1263 2478 quod
1289 2435 1356 2473 est,·
1372 2446 1397 2465 κο

281 2489 317 2518 et
336 2481 466 2532 ipsum
482 2494 564 2519 esse
580 2490 635 2520 est
651 2495 731 2532 quo
751 2482 963 2520 substantia
982 2481 1260 2519 denominatur
1277 2495 1353 2519 ens.

334 2602 366 2620 ιο
386 2595 474 2620 totius.
492 2595 564 2629 Eius]
585 2595 675 2620 Potius
694 2595 771 2621 BHZ.

272 2634 338 2663 post
356 2630 448 2657 forma.

278 2674 331 2699 quo
350 2672 390 2691 est
408 2667 437 2696 F,
458 2667 490 2691 de
509 2674 562 2700 quo
581 2672 622 2691 est
640 2666 672 2697 G,
691 2667 763 2700 quod
782 2671 822 2691 est
841 2666 871 2692 E.

330 2701 347 2728 8
366 2702 438 2735 quod
456 2707 498 2727 est
515 2708 542 2727 et
559 2701 628 2736 esse]
648 2703 720 2736 quod
739 2707 780 2727 est
794 2703 849 2732 ΒΗ,
862 2702 935 2735 quod
948 2707 988 2728 est
1002 2710 1062 2728 esse
1076 2702 1132 2733 effi
1147 2709 1202 2734 pro
1214 2707 1241 2728 et
1253 2709 1308 2736 quo
1323 2708 1371 2734 cst,
1385 2708 1409 2728 et
1428 2710 1488 2728 esse
1508 2707 1534 2728 et
1552 2710 1607 2736 quo
1619 2707 1660 2728 est
1672 2702 1728 2728 BH.

277 2737 346 2772 dem]
366 2738 496 2772 quaedam
515 2745 542 2769 οι,
559 2745 604 2763 om
623 2738 654 2764 E.
746 2745 779 2771 27
799 2737 874 2772 sicut]
895 2744 956 2764 sunt
974 2738 1024 2764 «D.

1038 2835 1377 2870 commentaria

351 2944 404 2965 ma
428 2934 551 2966 dictum
582 2940 629 2965 est
656 2935 689 2965 in
722 2933 929 2974 praecedenti
953 2934 1166 2965 conclusione
1191 2935 1280 2975 quod
1304 2940 1351 2966 est

351 2980 384 3010 in
409 2979 595 3010 substantiis
626 2979 901 3010 intellectualibus
931 2979 1130 3020 compositio
1154 2989 1192 3010 ex
1217 2980 1353 3010 essentia

275 3029 306 3054 et
330 3033 398 3054 esse
421 3029 578 3064 tanquam
602 3033 641 3054 ex
664 3024 811 3065 potentia
835 3029 868 3054 et
891 3028 976 3060 actu,
1002 3029 1113 3064 posset
1146 3024 1262 3064 aliquis
1287 3025 1352 3055 exi-

274 3068 401 3099 stimare
426 3067 517 3109 quod
539 3068 599 3098 ista
623 3069 823 3109 compositio
840 3065 927 3098 >esset
946 3067 1092 3099 eiusdem
1117 3069 1250 3099 rationis
1274 3078 1350 3100 cum

274 3113 514 3153 compositione
539 3122 576 3143 ex
600 3114 733 3143 materia
750 3118 782 3143 et
797 3111 912 3149 forma,
939 3122 978 3143 eo
1004 3112 1095 3153 quod
1119 3113 1173 3143 illa
1197 3114 1293 3144 etiam
1311 3114 1350 3144 sit

274 3166 312 3187 ex
336 3158 483 3198 potentia
507 3162 539 3188 et
562 3163 647 3188 actu.
674 3157 762 3194 Ideo,
790 3157 905 3188 volens
925 3158 990 3188 hoc
1011 3157 1147 3188 dubium
1171 3167 1350 3195 removere,

274 3201 409 3233 Sanctus
422 3202 568 3232 Thomas
584 3203 679 3242 ponit
694 3202 777 3233 inter
789 3207 963 3243 utramque
976 3202 1252 3242 compositionem
1265 3203 1349 3234 mul-

274 3246 417 3286 tiplicem
436 3246 649 3277 differentiam
666 3247 693 3277 “.

329 3290 351 3321 Ι.
376 3290 525 3329 Quarum
548 3291 653 3331 prima
677 3297 734 3328 est,
759 3292 836 3332 quia
856 3291 990 3322 materia
1010 3300 1078 3322 non
1103 3296 1150 3321 est
1174 3291 1349 3322 substantia

274 3340 305 3365 et
328 3336 465 3366 essentia
489 3335 544 3372 rei,
569 3335 625 3366 sed
648 3345 722 3376 pars
746 3336 914 3366 essentiae.

329 3379 487 3417 Secunda,
513 3380 589 3420 quia
613 3389 682 3411 esse
713 3390 781 3411 non
806 3385 854 3411 est
877 3385 968 3411 actus
996 3380 1159 3415 materiae,
1184 3386 1220 3410 ut
1246 3381 1349 3421 possit

274 3422 335 3454 dici
359 3424 447 3464 quod
469 3429 524 3461 est,
542 3424 598 3455 sed
622 3425 818 3455 substantiae
837 3425 948 3455 totius.
971 3424 1041 3464 Ipsa
1061 3425 1149 3454 enim
1173 3425 1350 3455 substantia

274 3473 320 3497 est
343 3468 375 3498 id
400 3469 490 3509 quod
514 3474 575 3499 est:
600 3469 782 3500 secundum
810 3469 933 3500 scilicet
956 3468 1047 3509 quod
1070 3469 1103 3499 in
1129 3475 1283 3500 concreto
1307 3470 1348 3500 si-

273 3511 451 3550 gnificatur.

328 3556 447 3593 Tertia,
472 3558 548 3597 quia
572 3567 641 3588 esse
664 3567 733 3588 non
757 3564 805 3588 est
828 3558 898 3598 ipsa
921 3556 1037 3594 forma,
1062 3557 1118 3588 sed
1142 3563 1348 3598 comparatur

274 3598 377 3630 forma
390 3600 429 3631 ad
442 3602 549 3641 ipsum
566 3611 635 3632 esse
651 3603 735 3633 sicut
751 3602 805 3632 lux
823 3602 862 3633 ad
878 3602 988 3633 lucere
1000 3607 1032 3632 et
1047 3601 1164 3633 albedo
1181 3602 1221 3632 ad
1237 3603 1347 3633 album

274 3652 358 3674 esse:
384 3645 465 3675 sicut
490 3646 611 3676 scilicet
635 3656 731 3677 causa
756 3646 900 3677 formalis
922 3646 961 3677 ad
985 3655 1081 3677 suum
1107 3646 1258 3677 effectum
1283 3646 1347 3677 for-

273 3687 401 3718 malem.
416 3707 437 3711 -
452 3688 668 3729 Comparatur
685 3692 781 3721 etiam
798 3701 867 3721 esse
883 3691 923 3721 ad
940 3691 1079 3722 sormam
1096 3697 1132 3722 ut
1149 3697 1252 3722 actus:
1271 3692 1346 3732 quia

1373 2177 1396 2197 25

864 2602 895 2628 ¹7
916 2595 949 2620 ad
967 2596 1054 2621 lucere
1072 2595 1185 2626 WXsG;
1209 2595 1242 2620 ad
1260 2595 1377 2621 lucidum
1401 2595 1433 2626 D,
1452 2595 1484 2620 ad
1508 2595 1595 2620 lucem
1613 2595 1704 2621 ceteri.

541 2638 574 2664 29
594 2639 648 2664 quo
667 2630 716 2664 est]
737 2631 823 2663 ipsum
844 2631 916 2663 quod
935 2636 976 2656 est
994 2638 1043 2656 nec
1061 2631 1140 2656 etiam
1158 2631 1246 2664 ipsum
1266 2639 1320 2665 quo
1339 2636 1382 2656 est
1398 2630 1538 2664 (repetitio
1555 2631 1728 2657 homoteIeuti
1746 2631 1880 2664 incoepta)
1893 2631 1972 2663 BHY,
1986 2631 2073 2664 ipsum
2087 2631 2158 2664 quod
2174 2635 2215 2656 est
2233 2638 2288 2664 quo
2300 2636 2341 2656 est
2352 2630 2382 2663 Z,
2396 2631 2483 2665 ipsum

1471 879 1514 915 In
1543 876 1764 915 substantiis
1788 884 1921 914 autem
1941 875 2271 923 intellectualibus,
2291 889 2392 927 quae
2413 889 2494 915 non

1418 939 1508 969 sunt
1536 943 1582 968 ex
1611 930 1772 968 materia
1800 938 1837 967 et
1863 930 1989 967 forma
2018 929 2270 980 compositae,
2296 938 2340 968 ut
2367 939 2494 968 osten-

1418 998 1507 1022 sum
1527 993 1582 1022 est
1596 985 1627 1031 ⁹³⁶,
1645 985 1713 1022 sed
1730 984 1770 1022 in
1790 983 1844 1021 eis
1863 983 1947 1034 ipsa
1965 983 2091 1021 forma
2107 991 2162 1020 est
2177 983 2390 1021 substantia
2404 985 2494 1022 sub·

1418 1039 1565 1085 sistens,
1584 1039 1711 1075 forma
1739 1046 1795 1075 est
1814 1038 1915 1087 quod
1941 1044 2003 1084 est,
2027 1037 2158 1087 ipsum
2179 1044 2310 1074 autern
2330 1049 2413 1074 esse
2439 1046 2495 1075 est

1417 1100 1525 1129 actus
1554 1099 1591 1129 et
1619 1105 1691 1142 quo
1721 1097 1783 1129 est.

1472 1146 1521 1183 Et
1546 1152 1707 1195 propter
1732 1146 1808 1182 hoc
1838 1144 1877 1181 in
1902 1144 1956 1181 eis
1982 1152 2038 1181 est
2063 1143 2179 1181 unica
2206 1151 2358 1181 tantum
2387 1155 2495 1181 com-

1416 1198 1557 1248 positio
1577 1206 1685 1236 actus
1705 1206 1742 1235 et
1760 1197 1966 1248 potentiae,
1982 1210 2083 1248 quae
2103 1197 2244 1234 scilicet
2263 1205 2319 1235 est
2338 1209 2385 1234 ex
2405 1197 2495 1234 sub-

1418 1252 1554 1290 stantia
1573 1261 1609 1289 et
1629 1264 1723 1298 esse,
1744 1264 1845 1301 quae
1865 1264 1888 1289 a
1907 1251 2144 1301 quibusdam
2164 1250 2303 1288 dicitur
2331 1263 2378 1288 ex
2398 1251 2498 1301 quod

1417 1312 1469 1343 est
1497 1314 1533 1343 et
1562 1318 1657 1350 esse‚·
1684 1307 1746 1342 vel
1776 1317 1823 1342 ex
1856 1306 1957 1354 quod
1981 1311 2034 1342 est
2061 1313 2098 1342 et
2126 1317 2199 1354 quo
2232 1310 2294 1342 est.

1471 1361 1513 1396 Iu
1542 1358 1764 1396 substantiis
1792 1366 1925 1396 autem
1949 1357 2176 1419 compositis
2204 1370 2251 1395 ex
2279 1356 2441 1395 materia
2458 1365 2496 1395 et

1417 1413 1542 1450 forma
1571 1420 1627 1450 est
1654 1413 1799 1462 duplex
1819 1412 2051 1472 compositio
2080 1419 2189 1449 actus
2217 1419 2254 1449 et
2281 1410 2492 1462 potentiae:

1416 1466 1543 1516 prima
1571 1465 1733 1516 quidem
1762 1465 1884 1516 ipsius
1919 1465 2173 1512 substantiae,
2203 1477 2304 1515 quae
2333 1476 2495 1525 compo-

1416 1520 1522 1558 nitur
1540 1532 1586 1557 ex
1606 1519 1767 1558 materia
1795 1527 1832 1556 et
1858 1519 2002 1580 forma3
2033 1519 2206 1557 secunda
2223 1531 2319 1557 vero
2339 1531 2386 1556 ex
2411 1518 2496 1569 ipsa

1417 1573 1629 1611 substantia
1666 1573 1746 1611 iam
1777 1573 1996 1623 composita
2028 1581 2066 1610 et
2098 1585 2199 1618 esse3
2237 1584 2340 1623 quae
2377 1571 2495 1611 etiam

1416 1635 1541 1678 potest
1560 1627 1636 1664 dici
1655 1639 1703 1664 ex
1723 1627 1823 1676 quod
1840 1632 1891 1663 est
1919 1635 1956 1664 et
1983 1639 2078 1671 esse‚·
2105 1628 2168 1664 vel
2187 1638 2234 1663 ex
2256 1627 2358 1676 quod
2378 1631 2430 1664 est
2457 1633 2495 1664 et

1417 1693 1489 1731 quo
1517 1686 1579 1718 est.

1472 1734 1534 1772 Sic
1563 1733 1677 1783 igitur
1703 1740 1808 1783 patet
1835 1733 1944 1782 quod
1972 1732 2205 1783 compositio
2233 1740 2342 1770 actus
2361 1739 2398 1770 et
2422 1744 2493 1782 po-

1416 1787 1556 1825 tentiae
1585 1795 1641 1824 est
1669 1786 1709 1824 in
1737 1788 1826 1837 plus
1854 1799 1975 1836 quam
2010 1785 2244 1836 compositio
2278 1786 2428 1824 formae
2456 1793 2494 1823 et

1416 1840 1611 1878 materiae.
1641 1841 1754 1878 Unde
1783 1839 1944 1877 materia
1972 1848 2009 1877 et
2040 1840 2167 1878 forma
2194 1839 2374 1878 dividunt
2401 1838 2492 1878 sub-

1375 1909 1401 1923 20
1417 1894 1596 1931 stantiam
1624 1895 1859 1930 naturalem:
1889 1893 2062 1942 potentia
2089 1901 2223 1931 autem
2245 1900 2282 1930 et
2309 1900 2417 1933 actus
2434 1891 2492 1931 di-

1415 1947 1555 1984 vidunt
1582 1959 1652 1984 ens
1680 1958 1906 1984 commune.
1937 1947 1987 1984 Et
2005 1954 2165 1996 propter
2182 1947 2259 1984 hoc
2277 1957 2491 1996 quaecum—

1415 2013 1493 2051 que
1522 1999 1684 2050 quidem
1719 2007 2015 2050 consequuntur
2048 1999 2264 2050 potentiam
2296 2006 2334 2037 et
2360 2006 2493 2039 actum

1414 2054 1650 2104 inquantum
1678 2052 1918 2100 huiusmodi,
1939 2061 2029 2091 sunt
2056 2052 2286 2091 communia
2313 2052 2492 2091 substan-

1414 2107 1473 2145 tiis
1502 2107 1765 2145 materialibus
1793 2115 1830 2144 et
1858 2106 2178 2145 immaterialibus
2210 2105 2364 2145 creatis:
2394 2105 2492 2145 sicut

1415 2163 1582 2212 recipere
1596 2170 1632 2198 et
1647 2163 1774 2211 recipi,
1788 2162 1975 2210 perficere
1989 2168 2026 2198 et
2038 2162 2184 2211 perfici.
2201 2160 2490 2210 Quaecumque

1413 2227 1508 2253 vero
1528 2223 1618 2252 sunt
1644 2214 1803 2265 propria
1821 2213 2006 2252 materiae
2025 2222 2063 2252 et
2081 2214 2230 2252 formae
2255 2214 2490 2264 inquantum

1412 2268 1653 2315 huiusmodi,
1674 2268 1772 2306 sicut
1788 2269 1972 2319 generari
1994 2275 2032 2305 et
2054 2269 2251 2318 corrumpi
2267 2275 2304 2305 et
2323 2267 2397 2306 alia
2414 2267 2488 2306 hu-

1412 2322 1595 2368 iusmodi,
1615 2323 1713 2360 haec
1732 2330 1822 2359 sunt
1849 2320 2008 2372 propria
2035 2320 2339 2359 substantiarum
2366 2327 2487 2359 mate-

1412 2375 1584 2422 rialium,
1618 2384 1655 2413 et
1689 2376 1797 2413 nullo
1832 2375 1955 2413 modo
1989 2373 2230 2413 conveniunt
2267 2373 2488 2412 substantiis

1412 2428 1732 2466 immaterialibus
1759 2428 1906 2466 creatis.

1797 2603 1826 2621 21
1849 2601 1874 2621 et
1889 2596 1963 2621 deest
1976 2603 2039 2622 casu
2054 2595 2080 2620 in
2094 2596 2125 2620 Α.
2200 2595 2293 2621 dicitur
2307 2595 2351 2621 hic
2363 2595 2387 2621 A
2399 2595 2482 2626 solun

1821 2709 1855 2727 πο
1874 2702 2028 2737 naturalem]
2047 2702 2208 2728 materialem
2227 2702 2288 2728 ch.
2380 2709 2413 2728 υ
2427 2702 2486 2736 qui—

1407 2836 1721 2869 Fen-ariensis

1404 2936 1438 2966 in
1463 2936 1656 2976 compositis
1688 2945 1726 2967 ex
1754 2936 1887 2967 materia
1917 2941 1949 2967 et
1979 2935 2095 2973 forma,
2125 2935 2202 2967 ideo
2230 2934 2336 2967 forma
2366 2935 2484 2968 dieitur

1404 2981 1603 3021 principium
1627 2980 1765 3017 essendi,
1793 2981 1869 3022 quia
1893 2986 1941 3012 est
1964 2981 2246 3021 complementum
2274 2981 2482 3018 substantiae,

1405 3025 1498 3056 cuius
1522 3031 1612 3056 actus
1629 3030 1677 3056 est
1695 3025 1804 3066 ipsum
1825 3034 1903 3056 esse.
1921 3043 1943 3048 -
1959 3025 2055 3057 Unde
2071 3034 2133 3056 nec
2149 3025 2283 3056 materia
2298 3034 2360 3056 nec
2376 3024 2482 3057 forma

1405 3075 1452 3100 est
1475 3069 1508 3100 id
1533 3069 1623 3110 quod
1648 3075 1705 3106 est,
1732 3079 1792 3101 nec
1815 3070 1924 3110 ipsum
1944 3070 2042 3101 etiam
2066 3079 2149 3106 esse;
2175 3069 2232 3101 sed
2251 3068 2356 3101 forma
2376 3068 2483 3101 effu

1404 3123 1468 3155 quo
1493 3119 1559 3150 est,-
1582 3120 1614 3145 et
1637 3115 1746 3155 ipsum
1774 3123 1843 3145 esse
1874 3119 1923 3145 est
1946 3123 2014 3155 quo
2043 3114 2221 3146 substantia
2251 3114 2480 3145 denominatur

1404 3168 1460 3189 ens
1472 3159 1503 3195 ’ς
1528 3159 1598 3199 ipsa
1622 3164 1731 3190 autem
1747 3159 1925 3190 substantia
1948 3159 2131 3199 composita
2147 3164 2195 3190 est
2211 3158 2245 3189 id
2258 3157 2348 3200 quod
2365 3162 2422 3189 est.
2442 3157 2479 3189 ln

1403 3204 1589 3234 substantiis
1620 3209 1729 3234 autem
1757 3203 2031 3234 intellectualibus
2054 3202 2159 3234 forma
2183 3208 2232 3234 est
2255 3202 2290 3233 id
2311 3201 2399 3243 quod
2419 3206 2477 3238 est,

1404 3253 1436 3278 et
1460 3257 1529 3278 esse
1553 3254 1600 3278 est
1624 3253 1714 3279 actus
1739 3249 1808 3279 eius
1831 3253 1863 3279 et
1886 3257 1950 3289 quo
1975 3253 2031 3279 est.

1459 3292 1496 3323 11.
1522 3292 1569 3323 Ex
1593 3293 1632 3323 iis
1656 3293 1802 3333 sequitur
1825 3293 1944 3334 primo,
1969 3291 2060 3333 quod
2082 3293 2117 3322 in
2139 3290 2411 3322 intellectualibus
2429 3295 2478 3322 est

1402 3342 1528 3368 tantum
1553 3346 1618 3367 una
1642 3337 1841 3378 compositio
1858 3342 1948 3368 actus
1973 3342 2004 3368 et
2026 3336 2202 3378 potentiae,
2227 3334 2349 3366 scilicet
2373 3344 2411 3366 ex
2427 3344 2477 3366 es-

1402 3382 1503 3412 sentia
1528 3387 1559 3412 et
1583 3390 1662 3412 esse.
1688 3382 1722 3412 ln
1747 3382 1938 3422 compositis
1961 3386 2071 3412 autem
2094 3388 2133 3410 ex
2156 3380 2289 3410 materia
2313 3384 2344 3410 et
2371 3378 2476 3410 forma

1402 3426 1522 3466 duplex
1540 3431 1587 3457 est
1602 3427 1816 3466 compositio:
1834 3427 1937 3466 prima
1952 3425 2055 3466 ipsius
2067 3424 2273 3460 substantiae,
2287 3433 2372 3464 quae
2384 3433 2475 3455 com·

1400 3471 1534 3511 ponitur
1558 3480 1596 3501 ex
1620 3471 1754 3501 materia
1778 3476 1809 3501 et
1832 3469 1954 3506 forman
1977 3467 2120 3500 secunda
2143 3477 2182 3499 ex
2205 3469 2275 3509 ipsa
2298 3468 2475 3500 substantia

1400 3516 1464 3546 iam
1489 3515 1672 3556 composita
1697 3520 1728 3546 et
1751 3523 1831 3545 esse.

1457 3559 1610 3600 Sequitur
1633 3558 1791 3595 secundo,
1809 3557 1900 3598 quod
1915 3556 2114 3597 compositio
2139 3562 2229 3588 actus
2253 3562 2285 3588 et
2308 3557 2474 3598 potentiae

1401 3610 1447 3634 est
1471 3605 1504 3634 in
1528 3604 1602 3644 plus
1627 3613 1726 3644 quam
1751 3602 1949 3642 compositio
1977 3600 2101 3632 formae
2126 3606 2157 3632 et
2180 3601 2344 3632 materiae.
2369 3600 2473 3632 Cuius

1400 3649 1528 3688 signum
1542 3654 1589 3679 est
1601 3647 1693 3688 quod
1708 3647 1840 3678 materia
1853 3651 1885 3676 et
1901 3645 2006 3676 forma
2018 3645 2166 3676 dividunt
2178 3646 2388 3676 substantiam
2405 3655 2473 3676 ma-

1399 3693 1542 3723 terialem
1555 3694 1588 3729 ⁴·;
1606 3698 1697 3723 actus
1712 3696 1821 3722 autem
1835 3696 1866 3720 et
1882 3690 2030 3730 potentia
2047 3689 2195 3721 dividunt
2211 3700 2268 3721 ens
2284 3699 2471 3721 commune.

2522 999 2531 1007 “
2547 997 2605 1025 Cap.
2620 1003 2643 1024 1.,
2659 1003 2691 1019 u.

2506 3168 2516 3177 ·
2530 3166 2566 3190 ef.
2582 3173 2606 3191 n.
2618 3174 2652 3190 ιιι.

2501 3692 2509 3700 “
2521 3689 2557 3713 Cf.
2565 3694 2620 3713 text.
2632 3694 2654 3713 et
2666 3697 2715 3715 var.
