2768 4134
0 2285 5 2332 Β

0 2339 3 2355 l

0 2370 2 2381 ι

772 254 960 292 SUMMA
990 257 1212 296 CONTRA
1240 259 1515 307 GENTILES,
1544 263 1638 300 LIB.
1663 264 1704 309 11,
1735 263 1846 301 CAP.
1868 265 2001 302 XCVI.
2410 269 2489 317 575-

284 332 371 370 Quia
393 331 513 363 modus
537 333 735 372 operationis
763 334 913 373 propriae
942 335 1078 366 alicuius
1106 338 1151 368 rei
1174 340 1360 379 proportio-

284 377 399 408 naliter
421 376 598 417 respondet
624 376 728 408 modo
757 377 955 409 substantiae
987 385 1019 410 et
1047 386 1178 412 naturae
1210 379 1321 423 ipsius.
1338 403 1361 407 —-

285 421 437 453 Secunda
452 431 588 462 quoque
604 422 770 462 probatur.
788 421 876 460 Quia
891 424 1002 454 omnia
1026 425 1239 466 intelligibilia
1254 438 1272 458 a
1287 438 1360 459 sen-

284 467 373 497 sibus
404 472 552 507 accepta,
583 471 659 498 sunt
691 467 726 497 in
760 466 923 507 aliquibus
954 470 1147 508 corporibus
1181 471 1360 511 aliqualiter

284 509 432 542 fundata:
463 516 542 552 puta
571 511 604 541 in
635 511 922 551 phantasmatibus,
953 522 1036 552 quae
1067 521 1142 544 sunt
1165 516 1198 545 in
1232 518 1359 556 organis

284 556 460 597 corporeis.

342 610 372 631 2.
388 600 441 631 Ad
456 598 651 631 evidentiam
673 600 770 630 huius
794 600 936 636 rationis,
953 601 1226 634 considerandum
1241 605 1358 644 primo,

284 645 375 685 quod
397 654 456 685 per
480 644 700 685 intelligibilia
723 650 855 685 accepta
879 655 900 676 a
922 646 1126 677 sensibilibus
1141 649 1257 688 accipit
1281 649 1359 680 San-

283 695 355 721 ctus
381 689 528 720 Thomas
558 689 683 729 species
713 689 930 730 intelligibiles
959 696 1103 722 causatas
1133 692 1167 722 in
1193 693 1359 724 intellectu

282 734 334 764 via
355 743 530 764 sensuum:
554 733 634 764 tales
657 733 746 764 enim
769 734 904 774 species,
921 739 958 765 ut
980 741 1056 766 sunt
1072 736 1266 776 quidditates
1280 738 1360 768 tales

282 778 474 814 materiales,
497 787 566 809 non
582 783 658 809 sunt
681 778 864 810 secundum
879 788 914 809 se
934 785 1008 810 actu
1024 780 1240 820 intelligibiles
1257 791 1359 822 quan-

282 828 353 854 tum
376 821 418 854 ad
440 831 510 854 esse
533 832 631 854 suum
659 823 834 860 materiale,
863 823 919 854 sed
943 829 1019 854 sunt
1041 824 1144 855 factae
1167 831 1242 856 actu
1265 827 1358 857 intel-

281 867 420 908 ligibiles
442 867 483 898 ab
505 867 673 899 intellectu
689 877 743 898 eas
763 878 781 898 a
802 868 934 899 materia
958 869 1172 900 abstrahente.
1192 870 1284 901 Talia
1302 881 1359 902 au-

281 917 350 943 tem
378 911 591 953 intelligibilia
618 911 771 944 dicuntur
797 913 831 944 in
862 913 1085 953 phantasmate
1113 914 1251 951 fundari,
1283 917 1358 955 quia

281 957 316 988 in
338 957 412 998 ipso
432 957 533 988 latent
548 962 580 988 et
595 962 672 988 sunt
689 957 909 998 potentialiter
927 963 1082 998 tanquam
1099 959 1131 989 in
1149 969 1244 990 causa
1261 969 1278 990 a
1294 969 1359 1000 qua

281 1002 425 1043 speciem
459 1002 596 1034 habent:
629 1002 814 1034 intellectus
845 1003 935 1033 enim
965 1012 1064 1043 agens
1095 1010 1204 1034 causat
1235 1005 1358 1044 species

281 1052 442 1088 quantum
465 1046 506 1078 ad
529 1056 599 1078 esse
626 1047 839 1078 immateriale
862 1047 1021 1088 ipsarum;
1050 1047 1107 1078 sed
1135 1054 1295 1089 quantum
1319 1049 1359 1080 ad

281 1090 586 1124 determinationem
617 1091 814 1132 specificam,
846 1093 1041 1132 inquantum
1073 1093 1195 1124 scilicet
1225 1094 1284 1124 ista
1312 1100 1360 1125 est

281 1137 406 1177 species
428 1135 544 1177 lapidis
567 1141 624 1167 aut
646 1137 734 1177 equi,
763 1137 803 1168 ab
830 1137 904 1177 ipso
932 1137 1156 1177 phantasmate
1187 1144 1360 1170 causantur

280 1190 339 1222 per
361 1180 501 1212 modum
524 1179 692 1212 efficientis
715 1181 985 1219 instrumentalis3
1014 1181 1089 1212 ideo
1114 1183 1201 1213 enim
1226 1183 1284 1213 ista
1313 1189 1360 1214 est

280 1225 406 1266 species
428 1225 556 1266 lapidis,
569 1225 626 1257 illa
640 1236 719 1259 vero
736 1227 824 1267 equi,
841 1227 918 1267 quia
932 1227 992 1258 ista
1002 1232 1136 1257 vcausata
1155 1233 1203 1258 est
1224 1237 1242 1258 a
1257 1228 1359 1268 phan-

279 1270 563 1313 Qatehpidis,
586 1269 648 1302 ista
661 1280 740 1302 vero
757 1281 774 1302 a
790 1272 1013 1312 phantasmate
1030 1272 1117 1312 equi.
1135 1271 1266 1312 Species
1281 1282 1359 1304 vero

280 1313 366 1356 §uae
388 1321 464 1346 sunt
485 1316 521 1346 in
544 1315 711 1347 intellectu
727 1316 924 1347 substantiae
943 1322 1118 1357 separatae,
1134 1317 1231 1347 etiam
1251 1327 1359 1348 rerum

278 1359 505 1397 materialium,
520 1359 649 1392 nullum
665 1361 786 1391 habent
807 1360 1058 1392 fundamentum
1080 1362 1113 1392 in
1131 1371 1267 1402 corpore
1290 1368 1359 1393 tan—

280 1413 381 1446 quam
402 1405 437 1436 in
461 1414 558 1436 causa
581 1405 783 1446 productiva.

307 1460 309 1462 ’
337 1449 621 1481 Considerandum
635 1449 792 1486 secundo,
805 1450 890 1482 circa
902 1450 1132 1490 probationem
1143 1451 1267 1491 primae
1279 1461 1359 1482 con-

279 1495 478 1536 sequentiae,
502 1494 594 1535 quod
617 1494 739 1526 idcirco
763 1494 886 1526 addidit
905 1495 1041 1527 Sanctus
1058 1495 1204 1526 Thomas
1227 1496 1260 1537 ly
1277 1506 1358 1536 pro-

273 1539 520 1580 portionaliter,
545 1540 623 1580 quia
645 1549 715 1571 non
739 1545 870 1580 oportet
892 1540 1040 1572 absolute
1063 1539 1201 1571 modum
1225 1546 1357 1572 naturae

279 1589 312 1615 et
335 1584 534 1625 operationis
558 1583 700 1615 eundem
724 1594 809 1615 esse:
831 1594 907 1616 cum
931 1585 1079 1626 operatio
1095 1585 1136 1616 sit
1155 1585 1285 1616 alterius
1309 1595 1358 1616 ra-

277 1628 376 1665 tionis
392 1638 412 1661 a
425 1629 602 1660 substantia
615 1634 647 1659 et
662 1634 776 1660 natura
788 1630 963 1670 operantis.
978 1629 1057 1660 Non
1069 1631 1157 1661 enim
1173 1636 1313 1671 oportet,
1330 1632 1355 1661 si

277 1678 393 1709 natura
408 1679 456 1705 est
471 1672 578 1704 forma
601 1672 680 1704 dans
703 1683 772 1705 esse
796 1675 958 1711 materiae,
975 1673 1067 1715 quod
1090 1679 1122 1706 et
1145 1675 1293 1715 operatio
1316 1675 1357 1706 sit

277 1718 425 1751 similiter
447 1717 552 1750 forma
571 1717 650 1749 dans
674 1727 744 1750 esse
760 1719 927 1750 materiae:
952 1724 988 1750 ut
1003 1725 1091 1760 patet
1107 1719 1148 1750 de
1164 1721 1356 1760 operatione

277 1763 473 1799 intellectiva
496 1764 624 1794 animae
646 1769 786 1794 nostrae.
805 1763 946 1804 Oportet
960 1769 1069 1795 autem
1087 1769 1122 1795 ut
1136 1764 1257 1795 modus
1276 1773 1355 1805 ope-

277 1808 411 1843 rationis
427 1807 680 1849 correspondeat
693 1807 797 1839 modo
812 1813 946 1839 naturae
960 1809 1258 1849 proportionaliter.
1270 1809 1355 1839 Nam

278 1861 356 1887 curn
371 1853 530 1893 operatio,
543 1858 580 1883 ut
595 1853 651 1888 sic,
662 1853 779 1883 habeat
794 1851 943 1883 ordinem
959 1852 1000 1884 ad
1016 1853 1183 1884 obiectum
1199 1859 1235 1884 ut
1249 1854 1354 1893 ipsam

277 1897 429 1932 terminat
451 1901 483 1928 et
505 1902 543 1928 ut
563 1902 612 1927 est
632 1897 701 1928 eius
724 1897 923 1937 principium
946 1906 1004 1937 per
1027 1898 1076 1927 sui
1097 1897 1352 1934 similitudinem,

278 1941 319 1973 ab
333 1942 475 1982 ipsoque
491 1941 635 1981 speciem
654 1941 800 1981 accipiat,
817 1940 937 1972 modus
955 1941 1155 1972 conveniens
1171 1942 1354 1982 operationi

277 1986 430 2027 propriae
451 1985 589 2017 alicuius
605 1990 653 2015 est
674 1985 795 2016 modus
810 1986 860 2015 sui
876 1985 995 2016 obiecti
1010 1986 1206 2026 inquantum
1221 1991 1269 2017 est
1284 1987 1354 2017 eius

279 2031 456 2062 obiectum.
473 2030 515 2061 Et
529 2029 604 2061 ideo
620 2029 758 2061 modum
774 2030 972 2070 operationis
994 2031 1144 2071 propriae
1161 2040 1353 2071 correspon—

278 2075 356 2107 dere
377 2074 480 2106 modo
504 2080 637 2106 naturae
661 2075 826 2115 operantis
849 2075 1144 2114 proportionaliter,
1169 2081 1217 2106 est
1240 2085 1354 2115 opera-

277 2120 404 2152 tionem
427 2120 593 2151 terminari
617 2118 658 2150 ad
681 2129 750 2150 rem
774 2119 948 2150 habentem
971 2119 1111 2151 similem
1134 2119 1272 2151 modum
1304 2129 1354 2151 es-

278 2164 371 2196 sendi
394 2173 471 2195 cum
487 2163 589 2195 modo
604 2169 738 2195 naturae
755 2164 928 2204 operantis,
945 2169 1102 2205 tanquam
1123 2164 1165 2196 ad
1183 2165 1353 2205 proprium

279 2215 312 2241 et
334 2209 620 2250 proportionatum
637 2209 814 2240 obiectum.
840 2208 888 2239 Ex
903 2209 967 2239 hoc
991 2210 1116 2250 optime
1141 2210 1296 2250 sequitur,
1318 2214 1354 2239 ut

279 2255 384 2295 arguit
407 2253 544 2285 Sanctus
563 2253 719 2290 Thomas,
744 2262 820 2284 cum
836 2253 1013 2284 substantia
1035 2259 1179 2294 separata
1197 2254 1238 2284 sit
1259 2253 1353 2284 intel-

278 2299 382 2331 lectus
404 2308 475 2330 non
498 2299 532 2329 in
556 2307 694 2339 corpore
718 2298 840 2338 aliquo,
866 2297 956 2338 quod
979 2303 1012 2329 et
1034 2299 1104 2329 eius
1119 2299 1251 2339 propria
1273 2308 1354 2339 ope-

278 2344 362 2377 ratio
385 2343 609 2374 terminabitur
632 2342 672 2374 ad
695 2342 896 2383 intelligibile
921 2352 989 2374 non
1013 2343 1151 2374 existens
1178 2344 1211 2374 in
1242 2343 1353 2383 aliquo

280 2397 429 2430 corpore,
449 2393 605 2428 tanquam
628 2387 669 2418 ad
691 2389 863 2428 proprium
887 2393 918 2418 et
942 2387 1152 2419 connaturale
1176 2388 1354 2425 obiectum,

278 2433 337 2464 sed
359 2432 400 2464 ad
423 2433 590 2464 obiectum
614 2442 633 2462 a
655 2441 793 2472 corpore
816 2437 1010 2473 separatum.

334 2477 419 2508 VIII.
446 2476 580 2513 Quinto.
605 2476 809 2508 Substantiae
833 2482 997 2518 separatae
1027 2482 1103 2508 sunt
1125 2482 1200 2507 actu
1224 2477 1257 2507 in
1285 2486 1354 2508 esse

279 2521 482 2562 intelligibili.
507 2522 594 2562 Ergo
619 2527 680 2552 etc.
696 2539 720 2544 —
735 2522 893 2553 Probatur
923 2521 1127 2553 antecedens
1156 2521 1242 2559 Quia
1271 2523 1355 2552 sicut

279 2576 349 2598 esse
371 2567 406 2597 in
428 2567 575 2607 potentia
597 2571 725 2597 tantum
747 2566 788 2597 ad
812 2576 927 2598 omnes
950 2565 1071 2597 formas
1086 2566 1251 2597 sensibiles
1274 2576 1354 2597 con-

279 2612 368 2642 venit
391 2612 544 2642 materiae
567 2611 701 2651 primae,
727 2620 810 2652 quae
834 2616 882 2642 est
904 2610 1055 2642 infimum
1080 2610 1159 2651 quid
1182 2611 1215 2641 in
1239 2610 1353 2642 ordine

279 2665 389 2687 rerum
413 2656 630 2692 sensibilium
654 2656 692 2690 iis
716 2662 825 2687 autem
849 2665 933 2696 quae
956 2661 1032 2686 sunt
1055 2665 1152 2695 supra
1174 2656 1352 2692 materiam,

280 2701 434 2732 convenit
457 2701 575 2731 habere
598 2701 632 2731 in
656 2706 731 2731 actu
754 2710 846 2731 suam
870 2699 1020 2736 formam,
1036 2709 1094 2740 per
1110 2708 1209 2739 quam
1233 2701 1352 2730 consti-

279 2750 417 2777 tuuntur
438 2746 474 2776 in
497 2755 566 2776 esse
589 2745 749 2776 sensibili:
774 2746 818 2775 ita
849 2754 917 2775 esse
948 2745 981 2775 in
1005 2745 1151 2785 potentia
1179 2744 1219 2774 ad
1242 2745 1352 2775 omnia

279 2790 494 2831 intelligibilia
517 2790 671 2821 convenit
694 2788 808 2820 infimo
832 2789 866 2820 in
883 2788 997 2820 ordine
1017 2789 1278 2829 intelligibilium,
1295 2789 1353 2829 qui

280 2840 328 2866 est
350 2834 534 2866 intellectus
556 2834 732 2870 humanus;
757 2834 941 2864 substantiis
957 2839 1066 2864 autem
1089 2833 1251 2873 separatis,
1269 2842 1352 2873 quae

279 2884 356 2912 sunt
371 2873 468 2920 supra
483 2878 685 2911 intellectum
700 2878 890 2919 possibilem
905 2878 1098 2914 humanum,
1115 2878 1268 2909 convenit
1284 2887 1353 2909 esse

278 2925 314 2956 in
330 2930 404 2955 actu
422 2925 457 2955 in
473 2933 542 2955 esse
558 2923 761 2963 intelligibili.
775 2941 797 2945 -
813 2922 1059 2963 Consequentia
1075 2923 1172 2953 etiam
1187 2923 1352 2963 probatur.

280 2968 367 3007 Quia
389 2968 571 3000 intellectus
595 2968 756 3008 accipiens
780 2968 1003 3007 cognitionem
1026 2977 1044 2998 a
1067 2967 1269 2998 sensibilibus
1285 2977 1353 2998 non

280 3019 328 3045 est
350 3013 384 3044 in
409 3019 483 3045 actu
505 3014 540 3044 in
564 3022 633 3044 esse
656 3012 858 3052 intelligibili,
882 3011 938 3042 sed
962 3012 1174 3052 inpotentia.

335 3057 582 3089 Advertendum
598 3056 698 3097 quod,
724 3066 800 3087 cum
815 3057 963 3097 potentia
978 3055 1161 3087 secundum
1177 3065 1211 3087 se
1234 3065 1352 3096 aequa·
1379 3078 1381 3083 .

279 3103 352 3134 liter
374 3112 408 3134 se
431 3103 547 3134 habeat
571 3101 611 3133 ad
635 3102 746 3133 omnia
768 3111 826 3132 sua
854 3101 981 3141 obiecta
1004 3101 1065 3131 sibi
1084 3100 1306 3131 connaturalia
1322 3106 1354 3131 et

279 3148 527 3188 proportionata
550 3145 789 3187 cognoscenda,
806 3145 902 3176 debet
921 3155 955 3176 se
979 3144 1096 3176 eodem
1112 3144 1225 3176 modo
1238 3154 1353 3175 secun-

280 3192 360 3224 dum
391 3197 538 3224 naturam
570 3191 688 3222 habere
719 3190 760 3221 ad
789 3191 914 3230 species
949 3190 1097 3230 ipsorum
1131 3190 1352 3226 obiectorum,

279 3242 442 3278 quantum
458 3242 505 3268 est
529 3235 568 3267 ad
591 3236 708 3266 habere
726 3240 780 3266 aut
796 3244 863 3265 non
880 3235 998 3265 habere
1021 3234 1074 3264 illa
1097 3244 1115 3264 a
1138 3239 1266 3265 natura:
1283 3243 1351 3264 non

280 3287 329 3313 est
349 3282 438 3313 enim
460 3282 564 3312 maior
587 3281 668 3311 ratio
693 3279 784 3320 quod
807 3280 866 3310 sibi
890 3279 988 3309 unius
1011 3279 1136 3319 species
1160 3279 1236 3309 insit
1258 3289 1276 3309 a
1295 3288 1353 3309 na-

279 3331 353 3357 tura
369 3335 469 3366 quam
485 3326 625 3357 alterius.
638 3324 715 3355 Ideo
731 3325 757 3355 si
774 3335 791 3355 a
807 3330 920 3354 natura
936 3323 1033 3354 habet
1049 3322 1140 3363 quod
1155 3332 1221 3353 una
1236 3328 1351 3359 careat,

281 3376 412 3411 oportet
426 3377 463 3403 ut
479 3370 632 3403 omnibus
648 3376 767 3400 careat:
788 3368 875 3399 unde
891 3367 1039 3399 videmus
1057 3368 1239 3398 humanum
1258 3367 1352 3398 intel-

281 3415 405 3448 lectum
427 3415 549 3447 nullius
570 3414 756 3455 quidditatis
778 3413 950 3444 materialis
969 3412 1112 3452 speciem
1127 3412 1245 3443 habere
1261 3422 1280 3442 a
1294 3421 1352 3442 na-

280 3465 363 3496 tura,
376 3459 432 3490 sed
449 3459 490 3491 ad
505 3469 621 3491 omnes
637 3460 671 3490 in
687 3459 832 3500 potentia
849 3467 927 3488 esse.
941 3457 975 3488 Si
991 3462 1100 3488 autem
1115 3466 1182 3487 una
1193 3457 1254 3487 sibi
1269 3457 1352 3489 inest

282 3514 301 3534 a
319 3509 443 3541 natura,
461 3509 592 3544 oportet
607 3509 639 3536 et
655 3513 770 3534 omnes
790 3503 866 3534 alias
882 3503 996 3532 inesse.
1015 3502 1152 3541 Propter
1175 3501 1250 3537 hoc,
1268 3501 1351 3532 bene

281 3548 415 3581 deducit
426 3549 562 3580 Sanctus
574 3549 730 3585 Thomas,
744 3558 782 3578 ex
795 3557 835 3578 eo
852 3546 942 3587 quod
958 3546 1139 3577 intellectus
1154 3545 1351 3580 substantiae

281 3599 445 3635 separatae
463 3598 511 3625 est
525 3593 619 3625 altior
640 3593 806 3625 intellectu
826 3593 981 3627 humano,
999 3590 1089 3631 quod
1110 3594 1240 3630 oportet
1257 3590 1351 3620 abso-

281 3637 350 3670 lute
369 3638 463 3670 illum
479 3647 548 3669 esse
569 3638 603 3670 in
619 3643 694 3669 actu
710 3639 743 3669 in
759 3646 877 3678 genere
900 3635 1159 3676 intelligibilium,
1179 3633 1270 3670 idest,
1294 3634 1351 3664 ha-

1414 340 1488 371 bere
1504 342 1538 371 in
1554 351 1587 372 se
1606 342 1730 382 species
1753 343 1968 383 intelligibiles
1983 354 2002 375 a
2021 350 2144 382 natura,
2161 346 2279 386 quibus
2303 347 2485 381 intellectus

1413 384 1449 415 fit
1466 386 1498 415 in
1515 391 1589 416 actu
1605 387 1638 417 in
1655 396 1723 418 esse
1739 387 1946 428 intelligibili;
1962 395 1994 420 et
2009 398 2067 429 per
2083 399 2288 431 consequens
2303 391 2345 422 ad
2360 393 2484 425 nullam

1413 439 1482 460 esse
1498 430 1532 460 in
1548 431 1708 469 potentia;
1725 432 1802 472 quia
1824 431 1984 470 videlicet,
2001 434 2028 464 si
2044 444 2144 465 unam
2167 435 2273 472 habet,
2295 443 2425 477 oportet
2448 444 2483 469 ut

1413 474 1527 505 habeat
1554 484 1679 512 omnes,
1705 482 1736 507 et
1759 476 1850 507 nullo
1874 477 1976 509 modo
2000 484 2048 509 est
2074 479 2107 509 in
2131 481 2276 519 potentia
2299 480 2339 512 ad
2366 482 2483 514 intelli-

1413 518 1509 558 gibile
1534 520 1688 550 naturale.

1469 562 1520 593 IX.
1546 563 1656 595 Sexto.
1681 563 1839 595 Perfectio
1864 566 2059 597 substantiae
2086 574 2248 608 separatae
2277 571 2422 601 consistit
2448 572 2481 602 in

1411 606 1632 647 intelligendo.
1656 609 1742 649 Ergo
1767 610 1836 639 eius
1859 610 2037 651 intelligere
2061 621 2137 642 non·
2153 612 2315 654 dependet
2342 626 2361 645 a
2383 615 2481 646 rebus

1411 652 1625 688 sensibilibus,
1650 653 1695 683 sic
1719 653 1810 693 quod
1833 654 1872 684 ab
1897 655 1942 684 eis
1965 656 2187 695 cognitionem
2203 657 2348 697 accipiat.
2365 675 2388 682 —-
2402 659 2481 691 Pro-

1412 695 1504 726 batur
1528 698 1770 737 consequentia.
1795 697 1881 736 Quia
1896 698 2052 738 perfectio
2069 706 2201 732 naturae
2216 703 2390 742 superioris
2412 714 2481 735 non

1412 738 1573 780 dependet
1596 751 1614 771 a
1637 747 1751 772 natura
1773 741 1927 773 inferiori.

1469 793 1498 814 2.
1525 784 1618 816 Circa
1642 786 1870 826 probationem
1901 789 2152 828 consequentiae
2181 791 2305 821 occurit
2331 791 2478 823 dubium.

1412 827 1538 859 Eodem
1557 830 1645 860 enim
1667 830 1769 862 modo
1793 831 1983 871 probaretur
1999 831 2090 872 quod
2112 833 2295 865 intellectus
2318 835 2480 868 humanus

1411 882 1480 903 non
1503 874 1639 914 accipiat
1662 876 1885 916 cognitionem
1908 886 1927 906 a
1950 876 2168 908 sensibilibus:
2194 878 2271 918 quia
2301 880 2398 911 etiam
2424 891 2481 912 na-

1411 922 1482 948 tura
1504 918 1646 949 humana
1669 920 1863 951 intellectiva
1887 926 1934 951 est
1957 921 2098 952 nobilior
2120 927 2233 953 natura
2256 924 2397 954 sensibili
2412 935 2480 956 non

1412 962 1616 993 intellectiva.

1467 1007 1696 1047 Respondetur
1720 1008 1810 1048 quod
1825 1014 2029 1050 assumptum
2044 1009 2124 1041 illud
2146 1010 2336 1051 intelligitur
2351 1011 2391 1043 de
2406 1022 2479 1054 per-

1412 1050 1552 1082 fectione
1575 1058 1707 1083 naturae
1724 1062 1791 1083 non
1808 1053 2134 1095 quomodocumque,
2150 1054 2207 1086 sed
2222 1055 2265 1087 ad
2279 1057 2480 1097 superiorem

1412 1094 1561 1127 ordinem
1584 1106 1692 1128 rerum
1716 1098 1915 1137 pertinentis.
1940 1098 1992 1129 Sic
2017 1100 2114 1135 enim,
2138 1105 2174 1130 ut
2204 1100 2237 1130 in
2260 1101 2480 1141 superioribus

1413 1145 1460 1170 est
1483 1145 1662 1177 ostensum,
1686 1147 1798 1172 natura
1822 1141 1981 1173 inferioris
2005 1143 2126 1174 ordinis
2149 1154 2218 1175 non
2240 1150 2357 1186 potest,
2382 1147 2480 1177 etiam

1412 1184 1706 1222 instrumentaliter,
1731 1196 1922 1217 concurrere
1946 1187 1986 1218 ad
2008 1187 2243 1228 perfectionem
2271 1195 2402 1221 naturae
2426 1200 2479 1222 su-

1412 1230 1546 1269 perioris
1570 1229 1701 1261 ordinis.
1726 1231 1767 1261 Et
1790 1231 1876 1267 ideo,
1901 1241 1977 1262 cum
2000 1241 2049 1262 res
2072 1233 2229 1263 sensibilis
2253 1234 2292 1264 sit
2319 1234 2478 1266 inferioris

1412 1274 1533 1305 ordinis
1557 1285 1655 1315 quarn
1679 1275 1855 1306 substantia
1878 1281 2031 1316 separata,
2048 1286 2116 1307 non
2140 1282 2247 1318 potest
2262 1277 2303 1308 ad
2318 1279 2387 1309 eius
2407 1288 2479 1319 per-

1412 1318 1587 1350 fectionem
1611 1320 1775 1360 propriam
1799 1321 1934 1360 operari.
1950 1338 1973 1343 —
1988 1321 2065 1351 Non
2082 1327 2129 1352 est
2144 1327 2253 1352 autem
2269 1322 2383 1353 eadem
2398 1324 2478 1354 ratio

1412 1363 1452 1395 de
1476 1364 1582 1394 anima
1601 1364 1804 1405 intellectiva.
1828 1364 1915 1403 Quia
1930 1365 1984 1395 illa
2006 1375 2073 1396 non
2091 1371 2138 1396 est
2161 1367 2334 1406 superioris
2358 1367 2479 1398 ordinis

1412 1418 1511 1448 quam
1534 1409 1695 1440 sensibilia
1719 1410 1866 1445 omnino,
1890 1409 1946 1440 sed
1969 1409 2009 1440 ad
2025 1410 2172 1440 ordinem
2193 1411 2392 1442 sensibilium
2407 1421 2479 1452 per-

1411 1454 1502 1490 tinet,
1519 1458 1634 1493 utpote
1650 1454 1683 1484 in
1707 1454 1840 1484 materia
1856 1454 2009 1484 existens:
2026 1454 2102 1485 licet
2117 1455 2150 1485 in
2165 1455 2221 1485 illo
2238 1455 2351 1486 ordine
2367 1466 2478 1496 supre-

1410 1507 1503 1529 mum
1526 1497 1663 1538 gradum
1687 1503 1803 1529 teneat.
1828 1498 1869 1529 Et
1892 1498 2035 1535 ulterius,
2052 1509 2121 1530 non
2136 1505 2287 1530 movetur
2310 1510 2328 1530 a
2344 1501 2478 1535 sensibi-

1411 1542 1494 1574 libus
1505 1543 1565 1573 nisi
1578 1548 1614 1573 ut
1627 1547 1701 1573 sunt
1713 1543 1837 1573 lumine
1848 1542 2030 1574 intellectus
2042 1544 2163 1584 agentis
2175 1543 2258 1575 facta
2269 1544 2479 1585 intelligibilia

1410 1587 1443 1617 in
1467 1592 1551 1623 actu,
1576 1587 1700 1618 ratione
1724 1587 1963 1627 phantasmatis,
1980 1588 2067 1618 iuxta
2086 1587 2204 1619 modos
2227 1589 2259 1619 in
2283 1589 2479 1629 praeceden-

1409 1632 1495 1662 tibus
1520 1631 1696 1672 explicatos
1707 1633 1734 1662 ἦ
1759 1632 1832 1662 Hoc
1849 1637 1958 1662 autem
1973 1631 2075 1663 modo
2091 1638 2167 1663 sunt
2189 1632 2334 1663 eiusdem
2358 1633 2478 1665 ordinis

1410 1686 1486 1706 cum
1510 1676 1691 1707 intellectu:
1715 1675 1791 1706 licet
1810 1677 1872 1706 sint
1895 1675 2054 1707 inferioris
2077 1676 2194 1716 gradus
2217 1678 2250 1707 in
2273 1677 2330 1707 illo
2354 1677 2477 1709 ordine.

1465 1721 1503 1751 X.
1529 1720 1698 1759 Quantum
1718 1720 1759 1751 ad
1781 1719 1962 1751 secundum
1978 1721 2165 1761 principale,
2190 1720 2320 1752 deducit
2343 1722 2479 1753 Sanctus

1409 1765 1555 1796 Thomas
1578 1766 1637 1796 tria
1660 1765 1829 1796 corollaria
1853 1774 1891 1796 ex
1915 1766 2096 1805 praemissis
2113 1766 2140 1796 *.

1462 1810 1609 1840 Primum
1625 1815 1689 1841 est:
1707 1809 1746 1840 In
1762 1810 1950 1840 substantiis
1972 1810 2132 1850 separatis
2148 1819 2213 1844 non
2237 1815 2285 1840 est
2300 1810 2479 1842 intellectus

1407 1863 1511 1895 agens
1539 1859 1571 1884 et
1591 1854 1767 1894 possibilis,
1793 1854 1856 1884 nisi
1869 1854 1967 1895 forte
1990 1855 2174 1895 aequivoce.
2193 1853 2350 1885 Probatur
2373 1854 2478 1895 dupli-

1407 1898 1495 1928 citer.
1515 1898 1614 1934 Tum,
1639 1897 1798 1934 videlicet,
1823 1899 1898 1937 quia
1921 1908 1990 1928 non
2013 1899 2222 1929 inveniuntur
2245 1899 2278 1930 in
2294 1899 2401 1930 anima
2416 1900 2477 1930 nisi

1406 1947 1539 1982 propter
1555 1943 1620 1973 hoc
1636 1941 1727 1982 quod
1745 1943 1862 1982 accipit
1885 1942 2107 1982 cognitionem
2129 1953 2147 1973 a
2166 1943 2377 1974 sensibilibus.
2395 1943 2477 1974 Sub-

1406 1987 1539 2018 stantiae
1563 1992 1672 2017 autem
1695 1991 1860 2027 separatae
1890 1996 1909 2016 a
1938 1986 2141 2017 sensibilibus
2165 1987 2386 2027 cognitionem
2408 1998 2477 2019 non

1406 2031 1580 2071 accipiunt.
1595 2048 1619 2054 —
1634 2031 1723 2061 Tum
1739 2031 1824 2071 quia,
1849 2029 1889 2061 de
1912 2031 1979 2061 istis
1998 2031 2146 2071 loquens,
2163 2031 2362 2069 Aristoteles,
2380 2032 2420 2063 ΙΙΙ
2437 2033 2477 2063 de

1406 2076 1535 2111 Anima,
1559 2076 1665 2115 inquit
1688 2085 1745 2106 eos
1769 2075 1802 2105 in
1826 2075 1938 2105 anima
1962 2080 2113 2116 oportere
2136 2076 2226 2116 poni.

1462 2119 1707 2151 Attendendum
1731 2119 1831 2160 quod,
1851 2120 1982 2160 proprie
2001 2119 2180 2160 loquendo,
2197 2120 2378 2152 intellectus
2401 2131 2476 2162 pos-

1406 2164 1505 2195 sibilis
1529 2164 1644 2195 dicitur
1668 2165 1725 2205 qui
1748 2163 1929 2195 secundum
1952 2174 1986 2195 se
2009 2163 2193 2197 indifferens
2220 2170 2267 2195 est
2292 2164 2333 2196 ad
2355 2164 2476 2197 formas

1406 2209 1623 2250 intelligibiles
1639 2214 1670 2239 et
1686 2208 1726 2240 ad
1746 2209 1961 2249 privationem
1986 2208 2123 2245 illarum,
2141 2210 2198 2249 qui
2220 2208 2342 2240 scilicet
2365 2215 2413 2240 est
2436 2211 2476 2242 ad

1406 2254 1475 2284 illas
1505 2253 1687 2285 secundum
1710 2263 1744 2284 se
1767 2254 1801 2284 in
1824 2254 1971 2294 potentia
1998 2252 2272 2294 contradictionis.
2297 2253 2475 2295 Improprie

1406 2304 1515 2329 autem
1532 2303 1640 2339 potest
1656 2298 1719 2329 dici
1735 2298 1917 2328 intellectus
1933 2298 2093 2338 possibilis
2109 2298 2291 2328 intellectus
2304 2299 2361 2339 qui
2376 2298 2476 2330 infor-

1406 2348 1513 2374 matur
1535 2343 1706 2383 speciebus
1729 2342 1983 2382 intelligibilibus
2000 2347 2031 2372 et
2047 2341 2087 2373 ad
2103 2352 2156 2373 eas
2172 2348 2377 2383 comparatur
2393 2344 2477 2374 sicut

1407 2388 1553 2428 potentia
1572 2387 1613 2418 ad
1628 2393 1748 2426 actum.
1763 2405 1786 2409 -
1801 2387 1911 2417 Primo
1931 2386 2044 2423 modo,
2061 2392 2156 2427 negat
2179 2387 2315 2418 Sanctus
2331 2387 2476 2419 Thomas

1406 2432 1608 2464 intellectum
1632 2432 1821 2472 possibilem
1836 2432 1870 2462 in
1886 2431 2070 2462 substantiis
2094 2433 2260 2472 separatis:
2276 2441 2344 2462 non
2368 2438 2476 2464 autem

1407 2477 1552 2509 secundo
1576 2476 1688 2508 modo.

1463 2521 1615 2554 Similiter
1645 2521 1776 2561 proprie
1806 2520 1988 2553 intellectus
2019 2529 2116 2560 agens
2148 2519 2264 2551 dieitur
2294 2520 2476 2551 intellectus

1407 2566 1528 2597 faciens
1550 2565 1763 2605 intelligibilia
1790 2565 1824 2595 in
1855 2570 1928 2594 actu
1960 2574 1997 2595 ea
2027 2573 2111 2604 quae
2134 2570 2209 2595 sunt
2238 2564 2419 2595 secundum
2442 2575 2476 2596 se

1406 2610 1618 2650 intelligibilia
1639 2610 1673 2640 in
1690 2610 1846 2649 potentia,
1863 2618 1978 2639 eorum
1995 2609 2118 2648 species
2134 2609 2167 2639 in
2185 2609 2384 2640 intellectum
2399 2619 2475 2649 pos-

1406 2655 1532 2686 sibilem
1555 2653 1785 2694 imprimendo.
1803 2653 1982 2694 Improprie
2006 2658 2115 2684 autem
2135 2659 2242 2693 potest
2265 2653 2328 2683 dici
2351 2653 2475 2685 intelle-

1406 2705 1477 2731 ctus
1500 2709 1597 2740 agens
1620 2698 1733 2729 lumen
1748 2697 1965 2728 intellectuale
1981 2706 2049 2737 quo
2065 2697 2246 2728 intellectus
2266 2698 2476 2738 intelligibilia

1405 2745 1563 2784 intelligit.
1578 2762 1602 2767 -
1622 2743 1663 2774 Et
1685 2743 1773 2773 hunc
1796 2743 1903 2778 etiam,
1926 2742 2057 2782 proprie
2079 2747 2257 2782 sumptum,
2280 2748 2375 2782 negat
2398 2742 2476 2773 San-

1406 2795 1476 2820 ctus
1499 2789 1645 2820 Thomas
1661 2788 1700 2818 ab
1724 2787 1862 2828 angelis:
1887 2796 1956 2817 non
1976 2791 2085 2817 autem
2108 2787 2284 2827 improprie
2308 2793 2476 2827 sumptum

1406 2835 1445 2864 ab
1469 2834 1515 2864 eis
1538 2837 1644 2873 negat.

1461 2878 1597 2918 Propter
1619 2877 1694 2913 hoc,
1718 2885 1795 2906 cum
1825 2875 1954 2907 dixisset
1978 2876 2052 2906 istas
2077 2874 2269 2906 differentias
2295 2875 2475 2907 intellectus

1405 2932 1474 2953 non
1497 2922 1634 2953 inveniri
1664 2921 1696 2951 in
1727 2920 1911 2951 substantiis
1943 2919 2104 2960 separatis,
2133 2919 2264 2956 addidit,
2296 2920 2358 2950 nisi
2379 2921 2477 2962 forte

1406 2967 1591 3008 aequivoce.
1608 2966 1657 2996 Ex
1673 2975 1741 3006 quo
1757 2970 1845 3006 patet
1860 2970 2048 3005 argumenta
2064 2964 2152 2995 Scoti
2169 2965 2202 2994 in
2219 2964 2245 2994 11
2262 2963 2359 3000 Sem„
2378 2964 2409 2996 d.
2430 2975 2474 3001 nr,

1407 3022 1438 3052 q.
1463 3011 1520 3043 ult.
1538 3012 1565 3047 *,
1593 3020 1662 3042 non
1685 3019 1754 3040 esse
1778 3015 1891 3040 contra
1913 3015 2056 3040 mentem
2081 3008 2189 3039 Sancti
2216 3008 2375 3041 Thomae.
2404 3009 2475 3049 Ipse

1407 3057 1495 3088 enim
1517 3055 1633 3096 probat
1648 3055 1682 3085 in
1706 3055 1890 3085 substantiis
1905 3054 2056 3094 separatis
2073 3062 2141 3083 esse
2157 3053 2356 3084 intellectum
2372 3053 2473 3094 possi-

1406 3101 1506 3132 bilem
1521 3099 1699 3140 improprie
1713 3098 1846 3130 dictum.
1859 3098 1959 3136 Quod
1974 3107 2043 3129 non
2058 3103 2154 3138 negat
2170 3097 2306 3128 Sanctus
2317 3098 2473 3129 Thomas.

1462 3145 1516 3176 XI.
1534 3143 1722 3176 Secundum
1738 3143 1946 3174 corollarium
1962 3148 2025 3173 est:
2043 3142 2174 3172 Localis
2190 3142 2344 3173 distantia
2361 3143 2474 3184 cogni-

1407 3190 1527 3220 tionem
1542 3189 1741 3220 substantiae
1756 3192 1927 3228 separatae
1943 3186 2097 3227 impedire
2113 3195 2178 3217 non
2198 3191 2314 3227 potest.
2333 3203 2354 3208 -
2369 3187 2472 3218 Patet:

1407 3235 1484 3274 quia
1507 3234 1620 3264 localis
1643 3233 1790 3264 distantia
1813 3241 1880 3262 non
1904 3236 2111 3271 eomparatur
2126 3230 2167 3261 ad
2190 3231 2390 3262 intellectum
2413 3231 2475 3262 nisi

1406 3288 1464 3319 per
1487 3278 1645 3314 accidens,
1661 3278 1856 3317 inquantum
1871 3286 1889 3306 a
1912 3285 2010 3306 sensu
2025 3275 2156 3316 accipit;
2173 3284 2249 3306 cum
2265 3275 2475 3316 intelligibilia

1406 3324 1440 3354 in
1463 3328 1548 3359 actu,
1572 3321 1754 3353 secundum
1778 3320 1869 3361 quod
1884 3325 2018 3350 movent
2041 3319 2252 3356 intellectum,
2269 3329 2337 3350 non
2361 3321 2424 3361 sint
2440 3321 2474 3351 in

1406 3368 1491 3398 loco.
1508 3367 1691 3403 Substantia
1708 3371 1816 3396 autem
1831 3370 1976 3405 separata
1991 3374 2010 3394 a
2032 3364 2235 3395 sensibilibus
2252 3364 2474 3404 cognitionem

1405 3412 1633 3448 intellectivam
1657 3420 1726 3441 non
1750 3410 1875 3450 accipit.

1461 3455 1705 3487 Advertendum
1721 3453 1811 3494 quod
1834 3453 2004 3493 dupliciter
2020 3462 2194 3493 possumus
2217 3452 2393 3493 intelligere
2410 3453 2474 3493 hoc

1406 3501 1623 3532 corollarium.
1648 3499 1767 3535 Primo,
1787 3497 2006 3538 supponendo
2029 3497 2167 3528 localem
2190 3497 2332 3537 aliquam
2356 3496 2474 3539 distan-

1405 3546 1483 3576 tiam
1506 3546 1589 3576 inter
1612 3544 1822 3574 substantiam
1848 3547 2027 3583 separatam
2055 3547 2086 3572 et
2109 3542 2276 3572 obiectum
2303 3542 2474 3582 cognosci-

1405 3589 1479 3621 bile.
1512 3590 1553 3620 Et
1583 3595 1671 3625 tunc,
1697 3597 1773 3618 cum
1803 3587 1979 3618 substantia
2008 3591 2154 3627 separata
2178 3595 2248 3617 non
2271 3586 2311 3616 sit
2337 3586 2370 3617 in
2397 3586 2473 3618 loco

1404 3634 1465 3665 nisi
1490 3632 1663 3670 definitive,
1688 3633 1883 3672 inquantum
1906 3631 1939 3661 in
1971 3631 2046 3661 loco
2079 3630 2189 3672 aliquo
2219 3635 2382 3671 operatur,
2405 3640 2475 3662 non

2506 1644 2515 1652 ·
2524 1642 2656 1664 Comment.
2667 1648 2719 1670 cap.

2505 1674 2593 1691 Lxxvu.

2507 1776 2515 1785 ·
2530 1775 2566 1796 Cf.
2585 1775 2634 1797 inii.
2651 1775 2721 1798 Com-

2507 1806 2578 1823 ment.

2504 3018 2513 3026 -
2527 3015 2624 3044 F01.36.
