2768 4134
818 280 1008 317 SUMMA
1037 281 1259 320 CONTRA
1287 282 1564 331 GENTILES,
1594 283 1705 320 CAP.
1727 283 1824 331 LIV,
1844 284 1925 321 LV.

312 360 395 391 -VIL
420 359 610 393 Ostenditur
630 359 787 396 secundo,
805 360 974 400 quomodo
990 361 1067 392 istae
1084 363 1233 403 propriae
1249 363 1346 393 ratio·

27 406 37 416 ”
61 405 97 427 Cf·
126 411 191 427 ”⁰¹¹¹-
214 410 241 431 n,
269 415 328 437 nes
347 406 382 436 in
398 405 471 436 Deo
487 405 609 436 multae
625 410 701 436 sunt
711 406 743 436 ³¹*:
755 424 778 427 —
791 410 921 445 oportet
938 406 1025 436 enirn
1040 406 1157 437 multas
1174 416 1252 443 esse,
1270 416 1346 438 curn

27 432 78 454 init.

270 451 402 491 propria
425 450 506 481 ratio
530 451 627 481 unius
651 449 866 490 distinguatur
881 460 899 480 a
914 451 1044 491 propria
1067 452 1191 482 ratione
1207 451 1346 484 alterius.

271 495 312 526 Et
334 495 469 536 ponitur
493 495 573 525 haec
597 495 782 537 conclusio:
807 494 963 525 Rationes
990 505 1100 526 rerum
1126 496 1158 526 in
1183 496 1346 527 intellectu

270 539 382 571 divino
407 549 473 570 non
489 544 567 570 sunt
583 539 699 580 plures
715 539 766 570 vel
780 539 951 570 distinctae
967 540 1030 570 nisi
1044 540 1220 571 secundum
1231 541 1346 581 plures

272 589 434 625 respectus
458 584 703 614 imitabilitatisi.¹
719 583 907 615 Secundum
932 585 1017 615 enim
1043 585 1133 625 quod
1148 586 1237 616 Deus
1252 585 1347 616 intel-

270 630 339 670 ligit
362 629 533 670 proprium
557 634 749 669 respectum.
765 629 1005 660 assimilationis
1027 639 1125 670 quam
1148 630 1245 662 habet
1267 640 1347 660 una-

271 683 422 715 quaeque
439 679 585 704 creatura
601 672 640 704 ad
656 674 775 713 ipsum,
789 675 834 704 sic
847 680 921 704 sunt
937 675 969 704 in
986 675 1058 715 ipso
1071 675 1179 715 plures
1195 676 1346 706 rationes.

269 760 271 762 .
326 719 368 761 Et
384 719 430 749 sic
446 718 586 760 salvatur
602 717 726 749 dictum
741 719 916 759 Augustini
932 719 1031 750 Libro
1051 719 1228 760 Octoginta
1248 719 1347 750 trium

270 762 431 839 gudestt„
457 762 522 801 Qu.
535 763 622 799 XLVI,
639 763 804 804 pluraliter
819 764 852 794 in
869 770 978 794 ment'e
994 762 1101 794 divina
1119 764 1263 794 rationes
1279 774 1347 795 esse

294 808 417 839 ‘centis.

327 852 474 884 Salvatur
490 853 587 883 etiam
603 852 784 893 aliqualiter
799 854 920 893 positio
936 852 1079 883 Platonis
1095 852 1134 883 de
1153 852 1241 883 ideis.
1262 853 1348 883 Dicit

271 903 380 928 autem
396 897 603 938 aliqualiter:
623 898 700 938 quia
716 898 785 938 ipse
801 897 888 928 ideas
908 896 1041 938 quidem
1063 898 1183 938 posuit,
1200 897 1256 928 sed
1279 907 1346 928 non

270 943 304 973 in
327 948 437 973 mente
461 941 579 978 divina,
597 948 633 973 ut
648 952 709 973 nos
733 943 902 983 ponirnus;
920 943 1033 978 immo,
1050 951 1108 982 per
1123 952 1157 972 se
1174 935 1347 972 subsisten-

270 992 328 1022 tes.
353 992 389 1018 ut
412 987 472 1018 sibi
495 987 685 1018 Aristoteles
708 986 868 1017 adscribit.

2398 285 2468 332 157

1400 362 1491 403 quod
1513 363 1662 403 intelligit
1685 372 1718 393 se
1743 373 1760 393 a
1773 362 1915 398 >diversis
1939 364 2090 398 creaturis
2121 363 2337 399 diversimode
2365 365 2470 400 imita-

1399 407 1508 443 bilem,
1533 408 1590 447 qui
1604 413 1688 438 -sunt
1718 413 1882 448 respectus
1910 409 2053 445 rationis,
2078 418 2146 439 non
2177 408 2299 441 faciunt
2329 408 2470 440 divinam

1398 452 1570 483 essentiam
1585 452 1619 482 in
1635 461 1669 482 se
1685 451 1868 492 plurificari,
1878 453 1978 493 ¹quasi
1993 459 2126 493 propter
2141 452 2283 484 diversos
2306 460 2469 494 respectus

1397 496 1467 537 ipsa
1482 497 1522 537 sit
1537 496 1662 526 realiter
1685 496 1800 526 multa:
1825 496 1882 527 sed
1905 496 2056 527 dicuntur
2079 497 2183 528 facere
2206 495 2382 529 formaliter
2397 499 2470 542 plu-

1398 541 1555 572 ralitatem
1571 546 1603 571 et
1618 540 1860 571 distinctionem
1875 539 2020 572 idearum
2037 547 2068 572 et
2083 542 2287 582 propriarum
2308 535 2470 574 rationum

1399 585 1432 616 in
1449 595 1517 616 esse
1532 585 1676 626 cognito.
1702 585 1789 616 Cum
1813 586 1900 616 enim
1922 586 1975 616 hic
1998 586 2174 626 accipiatur
2189 588 2318 627 propria
2340 588 2423 618 ratio'
2439 593 2471 619 et

1397 629 1469 661 idea
1493 635 1712 660 creaturarum
1727 639 1787 670 pro
1804 630 1941 660 essentia
1954 629 2066 662 divina
2081 636 2117 662 ut
2132 631 2293 663 intellecta
2315 638 2468 673 tanquam

1397 675 1666 715 repraesentativa
1690 675 1840 705 omniurn
1862 674 2100 715 perfectionum
2115 676 2318 706 inventarum
2333 677 2367 707 in
2384 687 2470 707 crea-

1398 720 1488 755 turis,
1513 729 1581 750 non
1604 719 1793 759 intelligitur
1817 724 1852 749 ut
1875 718 2023 754 distincta
2046 720 2126 754 ratio
2145 721 2288 761 plurium
2311 722 2377 757 nisi
2395 722 2471 762 quia

1398 763 1587 804 intelligitur
1610 773 1687 794 cum
1710 763 1842 794 diversis
1865 764 2065 804 respectibus
2094 763 2135 795 ad
2157 771 2325 799 creaturas.
2350 765 2469 802 Etsic,

1399 818 1465 839 una
1487 809 1631 844 existens
1648 809 1681 838 in
1698 818 1742 844 se,
1759 808 1947 849 intelligitur
1969 814 2124 849 tanquam
2147 809 2342 850 multiplices
2364 820 2471 850 respe-

1400 858 1470 884 ctus
1494 858 1712 884 creaturarum
1736 852 1775 883 ad
1799 862 1832 884 se
1856 853 2042 890 terminans,
2059 859 2091 884 et
2107 863 2145 884 ex
2160 854 2225 884 hoc
2247 854 2368 884 habens
2388 855 2471 885 mul-

1398 898 1600 938 tiplicitatem
1625 903 1657 934 et
1680 897 1923 928 distinctionem
1945 898 1979 928 in
2003 907 2073 929 esse
2096 898 2260 929 intellecto
2282 904 2314 929 et
2329 900 2470 939 cognito.

1400 942 1448 972 Ex
1465 952 1532 982 quo
1548 942 1646 973 nulla*
1660 942 1880 983 multiplicitas
1897 943 2030 983 ponitur
2046 943 2080 973 in
2096 952 2144 973 re:
2169 942 2225 974 sed
2241 948 2366 974 tantum
2382 943 2472 984 quod

1398 987 1620 1027 multipliciter
1642 987 1831 1027 intelligitur
1855 997 1892 1018 ex
1916 993 2005 1028 parte
2029 988 2074 1018 rei
2099 988 2258 1027 cognitae,
2275 993 2408 1028 propter
2423 998 2471 1019 re-

326 1031 467 1063 Adverte
491 1031 582 1072 quod
605 1032 657 1062 isti
681 1037 846 1072 respectus
869 1030 1024 1061 intellecti
1040 1040 1058 1060 a
1074 1031 1146 1061 Deo
1167 1030 1347 1061 secundum
1372 1068 1374 1070 η
1399 1037 1576 1072 spectuum-
1596 1031 1877 1072 multiplicitatem.

1109 1137 1643 1180 ——wblss'cezvb—
1679 1138 1681 1140 '

537 1262 1022 1367 cAP1TULUM
1062 1297 1812 1375 QUINQUAGESIMUM
1850 1262 2224 1375 QmNTUM

1135 1425 1165 1454 A
1205 1424 1270 1454 16r
1309 1424 1383 1463 a34
1421 1425 1489 1455 sine
1513 1425 1618 1455 titulo.

772 1523 947 1577 QUOD
983 1523 1147 1565 DEUS
1183 1523 1381 1564 OMNIA
1415 1524 1600 1565 SIMUL
1635 1524 1980 1580 INTELLIGIT

489 1676 511 1702 x
527 1664 587 1701 his
607 1667 740 1701 antem
760 1663 920 1701 ulterius
939 1671 1099 1713 apparet
1119 1663 1227 1713 quod
1247 1663 1354 1700 Deus

504 1717 639 1756 omnia
655 1716 783 1763 ‚simul
813 1716 993 1766 intelligit.

534 1772 775 1809 'Intellectus
799 1770 905 1808 enim
929 1778 1061 1808 noster
1088 1769 1205 1808 simul
1232 1771 1355 1808 multa

505 1833 594 1864 actu
622 1825 831 1874 intelligere
860 1836 942 1862 non
970 1832 1107 1874 potest,
1133 1824 1237 1873 quia,
1262 1836 1354 1861 curn

29 1877 102 1933 {vffi
109 1876 246 1932 ftffm
272 1880 479 1918 intellectus
498 1881 535 1916 in
556 1885 642 1917 actu
661 1881 706 1916 sit
725 1879 948 1916 intellectum
973 1880 1010 1915 in
1036 1884 1120 1915 actu
1135 1877 1166 1922 ²¹⁸,
1190 1877 1222 1915 si
1243 1879 1355 1928 plura

42 3170 54 3181 ¹¹
68 3170 125 3198 Cap.
140 3176 202 3192 nvi.

273 1934 406 1973 simul*
422 1941 510 1972 actu
544 1932 779 1982 intelligeret,
809 1940 1038 1981 sequeretur
1069 1931 1178 1981 quod
1211 1931 1354 1968 intelle-

276 1995 361 2026 ctus
389 1987 507 2025 simul
535 1993 634 2024 esset
666 1987 779 2036 plura
815 1985 1035 2023 seeundum
1063 1997 1191 2022 unum
1219 1996 1352 2033 genus,

273 2041 387 2092 ,quod
407 2048 463 2078 est
477 2039 728 2090 impossibile.
749 2038 848 2077 Dico
868 2047 1000 2076 autem
1014 2038 1217 2076 secundum
1237 2051 1354 2075 unum

276 2106 416 2146 genus:
441 2093 535 2144 quia
554 2093 650 2132 nihil
669 2092 851 2143 prohibet
869 2092 975 2130 idem
995 2092 1215 2130 subiectum
1238 2091 1354 2129 infor-

278 2148 377 2187 mari
404 2147 567 2186 diversis
594 2147 729 2185 formis
757 2146 1006 2184 diversorum
1031 2157 1232 2194 generum,
1258 2145 1355 2183 sicut

278 2202 384 2240 idem
404 2213 548 2252 corpus
571 2209 627 2238 est
650 2200 862 2250 figuratum
886 2207 923 2237 et
946 2201 1175 2237 coloratum.
1198 2198 1355 2248 Species

279 2263 411 2294 autem
431 2254 695 2304 intelligibiles,
717 2253 861 2304 quibus
876 2253 1088 2292 intellectus
1102 2253 1292 2290 formatur
1306 2252 1356 2290 ad

278 2310 357 2348 ho'c
384 2309 494 2359 quod
513 2308 560 2346 sit
587 2308 670 2358 ipsa
693 2308 882 2346 intellecta
907 2307 947 2344 in
974 2314 1074 2354 actu,
1098 2318 1238 2344 omnes
1266 2313 1356 2343 sunt

278 2363 397 2402 unius
431 2362 600 2412 generis:
629 2361 774 2400 habent
794 2361 901 2398 enim
929 2373 1052 2398 unam
1081 2359 1272 2398 rationem
1298 2372 1355 2396 es-

275 2416 389 2455 sendi
410 2416 629 2454 secundum
650 2428 732 2453 esse
753 2414 995 2463 intelligibile,
1012 2414 1097 2452 licet
1111 2425 1171 2451 res
1186 2425 1356 2462 quarum

279 2477 370 2509 sunt
398 2469 545 2519 species
574 2470 614 2507 in
637 2482 718 2507 una
746 2468 899 2506 essendi
927 2480 1008 2506 non
1037 2467 1273 2506 conveniant
1298 2479 1356 2504 ra-

280 2524 404 2569 tione;
438 2523 544 2560 unde
578 2535 650 2561 nec
685 2522 900 2560 contrariae
933 2529 1023 2559 sunt
1051 2533 1122 2571 per
1150 2519 1356 2558 contrarie-

280 2585 400 2615 tatem
429 2589 562 2614 rerum
590 2589 691 2626 quae
720 2584 810 2614 sunt
839 2583 944 2613 extra
973 2575 1158 2613 animam.
1190 2574 1238 2611 Et
1266 2573 1356 2610 inde

281 2639 338 2669 est
361 2630 484 2680 quod,
504 2630 665 2679 quando
689 2629 820 2679 aliqua
843 2631 967 2667 multa
991 2628 1232 2678 accipiuntur
1259 2639 1356 2676 quo-

281 2696 454 2734 cumque
483 2684 616 2721 modo.
634 2683 753 2730 unita,
784 2683 899 2720 simul
933 2682 1210 2730 intelliguntur:
1241 2680 1357 2717 simul

282 2738 389 2776 enim
409 2737 580 2786 intelligit
597 2744 725 2774 totum
744 2737 988 2780 continuum,
1005 2748 1086 2772 non
1101 2742 1250 2784 partem
1269 2741 1358 2783 post

282 2800 449 2843 partem;
471 2798 508 2828 et
527 2787 699 2828 similiter
718 2789 834 2827 simul
853 2789 1023 2837 intelligit
1037 2786 1356 2838 propositionem,

282 2859 363 2884 non
382 2845 490 2896 prius
509 2844 728 2882 subiectum
748 2851 784 2880 et
803 2851 938 2893 postea
960 2841 1244 2892 praedicatum,
1266 2839 1358 2889 quia

280 2899 504 2943 >secundum
539 2910 661 2936 unam
695 2896 812 2934 totius
848 2896 1019 2945 speciem
1057 2907 1195 2932 omnes
1231 2901 1358 2943 partes

284 2952 492 3002 cognoscit.
742 2977 745 2980 ,

338 3007 398 3044 Ex
426 3005 486 3042 his
515 3005 628 3054 igitur
655 3003 829 3053 accipere
864 3014 1076 3053 possumus
1104 3001 1213 3050 quod
1241 3011 1359 3050 quae-

285 3071 456 3109 cumque
485 3060 598 3108 plura
634 3064 714 3095 una
751 3056 878 3106 specie
912 3062 1212 3104 cognoscuntur,
1243 3053 1360 3091 simul

284 3121 449 3164 possunt
463 3110 799 3161 intelligi.,Omnia
818 3117 950 3148 autem
970 3121 1070 3158 quae
1090 3109 1198 3145 Deus
1217 3119 1360 3156 cogno-

285 3168 367 3215 scit,
388 3179 468 3204 una
487 3166 614 3216 specie
634 3163 843 3213 cognoscit,
864 3175 965 3213 quae
989 3170 1046 3199 est
1064 3174 1135 3199 sua
1154 3160 1319 3199 essentia
1327 3159 1358 3196 ²¹².

287 3221 434 3260 Omnia
461 3220 575 3269 igitur
602 3219 718 3256 simul
746 3217 952 3266 intelligere
981 3223 1117 3265 potest.

341 3277 448 3312 Item.
477 3273 546 3311 Vis
579 3271 839 3321 cognoscitiva
871 3282 953 3307 non
991 3267 1188 3317 cognoscit
1215 3266 1361 3317 aliquid

287 3337 376 3367 actu
405 3327 478 3365 nisi
506 3327 605 3365 adsit
634 3325 809 3364 intentio:
839 3324 944 3361 unde
969 3330 1006 3360 et
1028 3323 1299 3372 phantasmata
1322 3319 1361 3356 in

287 3394 435 3431 organo
463 3388 692 3419 conservata
725 3378 921 3416 interdum
950 3388 1031 3414 non
1060 3383 1148 3413 actu
1176 3374 1360 3423 imagina-

1409 1675 1510 1709 mur,
1541 1661 1633 1712 quia
1662 1662 1820 1699 intentio
1854 1674 1934 1699 non
1963 1662 2080 1699 fertur
2115 1662 2164 1699 ad
2192 1673 2255 1707 ea;
2286 1662 2475 1711 appetitus

1410 1716 1516 1754 enirn
1536 1715 1628 1754 alias
1647 1715 1837 1766 potentias
1856 1715 1896 1752 in
1916 1722 2046 1753 actum
2066 1722 2199 1752 movet
2218 1714 2257 1752 in
2277 1713 2476 1764 agentibus

1409 1782 1479 1820 per
1506 1771 1758 1807 voluntatem.
1788 1769 1912 1806 Multa
1934 1767 2046 1817 igitur
2073 1769 2122 1806 ad
2150 1781 2250 1818 quae
2279 1768 2394 1805 simul
2422 1768 2477 1805 in-

1409 1823 1528 1861 tentio
1566 1835 1647 1860 non
1685 1823 1814 1868 fertur,
1852 1834 1933 1860 non
1971 1821 2086 1859 simul
2122 1821 2331 1860 intuemur.
2365 1822 2477 1869 Quae

1378 1893 1386 1913 s
1410 1885 1541 1915 autern
1562 1884 1714 1927 oportet
1733 1876 1806 1913 sub
1825 1888 1904 1913 una
1923 1875 2134 1913 intentione
2158 1875 2305 1923 cadere,
2329 1883 2478 1925 oportet

1410 1931 1526 1968 simul
1554 1942 1637 1968 esse
1667 1930 1868 1966 intellecta:
1908 1929 1975 1979 qui
2011 1929 2116 1966 enim
2145 1929 2477 1979 comparationem

1409 1984 1582 2022 duorum
1601 1983 1829 2030 considerat,
1850 1982 2104 2020 intentionem
2123 1982 2172 2019 ad
2192 1990 2401 2031 utrumque
2422 1982 2477 2019 di-

1409 2037 1493 2086 rigit
1521 2045 1557 2075 et
1585 2036 1699 2074 simul
1729 2036 1899 2073 intuetur
1926 2043 2148 2085 utrumque.

1465 2089 1611 2129 Omnia
1629 2097 1761 2128 autem
1780 2100 1881 2138 quae
1901 2097 1990 2127 sunt
2008 2089 2048 2126 in
2071 2088 2204 2126 divina
2226 2087 2380 2126 scientia
2403 2088 2475 2125 sub

1370 2157 1489 2182 muna
1517 2143 1728 2181 intentione
1757 2155 1912 2180 necesse
1934 2150 1990 2180 est
2013 2142 2162 2180 cadere.
2187 2141 2350 2179 Intendit
2371 2141 2476 2178 enirn

1409 2199 1517 2235 Deus
1545 2209 1658 2234 suam
1687 2196 1891 2234 essentiam
1920 2196 2084 2246 perfecte
2107 2195 2251 2232 videre.
2282 2195 2402 2242 Quod
2422 2202 2477 2231 est

1409 2251 1541 2289 videre
1570 2250 1695 2300 ipsam
1730 2249 1947 2287 secundum
1984 2257 2104 2286 totam
2139 2248 2320 2286 virtutem
2353 2260 2476 2295 suam,

1410 2305 1484 2342 sub
1513 2317 1592 2354 qua
1629 2303 1763 2340 omnia
1790 2303 2087 2340 concluduntur.
2126 2303 2234 2340 Deus
2271 2301 2393 2351 igitur,
2422 2300 2477 2338 vi-

1411 2358 1541 2396 dendo
1570 2356 1776 2395 essentiam
1804 2368 1928 2403 suam,
1959 2356 2075 2393 simul
2093 2355 2225 2393 omnia
2244 2355 2423 2392 intuetur.

1372 2429 1394 2449 ις
1465 2411 1655 2461 Amplius.
1686 2411 1899 2447 Intellectus
1922 2409 2138 2447 successive
2161 2410 2283 2446 multa
2306 2408 2478 2445 conside-

1412 2465 1528 2504 rantis
1557 2463 1793 2514 impossibile
1823 2471 1881 2503 est,
1906 2476 1988 2500 esse
2017 2475 2138 2500 unam
2166 2470 2316 2499 tantum
2345 2474 2479 2511 opera-

1410 2519 1574 2557 tionem:
1594 2530 1686 2555 cum
1706 2517 1811 2555 enim
1831 2516 2074 2567 operationes
2094 2516 2311 2553 secundum
2331 2515 2479 2553 obiecta

1412 2573 1600 2618 differant,
1634 2570 1827 2620 oportebit
1861 2570 2055 2607 diversam
2093 2581 2175 2607 esse
2214 2568 2478 2618 operationem

1411 2626 1623 2664 intellectus
1657 2636 1735 2673 qua
1772 2622 2078 2660 considerabitur
2110 2622 2294 2671 primum,
2329 2629 2365 2659 et
2402 2633 2479 2670 qua

1372 2695 1398 2709 20
1411 2677 1719 2716 considerabitur
1732 2676 1965 2713 secundum.·
1982 2676 2195 2712 Intellectus
2209 2682 2340 2712 autem
2359 2673 2478 2711 divini

1412 2740 1467 2770 est
1494 2744 1574 2768 una
1602 2729 1787 2780 operatio,
1812 2741 1913 2779 quae
1937 2737 1992 2766 est
2019 2741 2090 2765 sua
2118 2728 2292 2773 essentia,
2322 2735 2363 2764 ut
2390 2739 2478 2776 pro-

1411 2786 1547 2823 batum
1583 2792 1638 2821 est
1666 2795 1783 2833 supra
1806 2783 1837 2820 ³⁸.
1874 2783 1967 2819 Non
2002 2781 2114 2830 igitur
2150 2778 2381 2827 successive,
2411 2779 2478 2816 sed

1412 2839 1529 2876 simul
1557 2837 1691 2876 omnia
1719 2850 1790 2874 sua
1817 2836 1968 2885 cognita
1996 2835 2222 2873 considerat.
2472 2863 2474 2865 .

1465 2891 1618 2929 Adhuc.
1650 2890 1851 2928 Successio
1887 2889 1968 2926 sine
2003 2896 2178 2938 tempore
2208 2886 2364 2935 ‚intelligi
2398 2893 2479 2923 non

1373 2967 1396 2987 ,ς
1412 2953 1548 2996 potest,
1578 2957 1650 2982 nec
1678 2952 1833 2993 tempus
1862 2943 1943 2980 sine
1971 2950 2102 2979 motu:
2134 2954 2223 2979 curn
2252 2949 2406 2992 tempus
2434 2939 2479 2976 sit

1414 3011 1592 3037 numerus
1620 3004 1740 3035 motus
1767 2997 1970 3047 secundum
1993 2998 2101 3046 prius
2129 2991 2170 3032 et*
2184 2995 2367 3045 posterius
2380 2993 2410 3029 ²⁸.
2437 2994 2478 3029 In

1413 3054 1499 3090 Deo
1528 3060 1660 3089 autem
1679 3049 1916 3100 impossibile
1935 3057 1991 3086 est
2014 3061 2096 3086 esse
2121 3056 2274 3085 motum
2298 3047 2477 3095 aliquem,

1414 3114 1457 3144 ut
1480 3119 1527 3143 ex
1547 3117 1664 3155 supra
1678 3105 1698 3127 ’¹‘
1722 3103 1830 3142 dictis
1850 3103 1983 3141 haberi
2002 3110 2137 3152 potest.
2159 3102 2275 3138 Nulla
2294 3100 2406 3149 igitur
2425 3107 2480 3136 est

1414 3160 1454 3197 in
1482 3157 1790 3197 consideratione
1810 3157 1942 3194 divina
1963 3155 2165 3193 successio.
2193 3155 2240 3191 Et
2268 3153 2321 3190 sic
2347 3152 2479 3190 omnia

1376 3233 1401 3252 ιο
1414 3225 1516 3263 quae
1545 3211 1742 3260 cognoscit
1770 3210 1886 3247 simul
1913 3209 2140 3247 considerat.

1468 3268 1575 3303 Item.
1606 3264 1814 3313 Intelligere
1840 3263 1913 3301 Dei
1942 3271 1997 3301 est
2017 3262 2146 3312 ipsum
2174 3271 2291 3297 suum
2319 3271 2413 3305 esse,
2439 3266 2480 3295 ut

1416 3333 1462 3358 ex
1483 3331 1600 3369 supra
1613 3319 1634 3341 '¹‘
1661 3318 1769 3356 dictis
1788 3325 1901 3367 patet.
1927 3318 1968 3353 In
1993 3327 2075 3352 esse
2094 3321 2224 3352 autem
2244 3311 2375 3350 divino
2398 3323 2481 3363 non

1416 3381 1472 3411 est
1498 3373 1605 3423 prius
1639 3380 1675 3409 et
1706 3370 1908 3421 posterius,
1938 3369 2004 3406 sed
2038 3376 2093 3405 est
2124 3375 2248 3404 totum
2284 3365 2409 3412 simul,
2439 3372 2481 3402 ut

343 3499 356 3524 3
377 3498 447 3524 enim
466 3505 509 3523 om
529 3498 553 3522 A
570 3504 644 3522 casu.
741 3495 821 3520 multa
836 3497 900 3526 post
919 3498 976 3518 actu
995 3492 1078 3521 aEPc,
1097 3494 1161 3515 ante
1179 3490 1258 3515 simul
1277 3490 1309 3515 D.

287 3543 372 3568 genus
391 3535 496 3559 αΕΖΡε.

290 3569 322 3596 25
343 3571 478 3603 cognoscit
496 3569 531 3598 N:
552 3567 749 3601 comprehendit
766 3567 822 3593 sive
841 3565 974 3598 cognoscit
992 3564 1015 3594 b,
1034 3562 1231 3595 comprehendit
1248 3561 1338 3586 ceteri.

344 3611 358 3631 ι’
377 3605 466 3639 fertur]
487 3605 598 3630 refertur
615 3603 776 3633 GNWYPd;
796 3602 857 3627 item
878 3608 945 3626 mox
963 3600 995 3624 Y.

290 3642 460 3671 NWYZch;
480 3648 532 3666 om.

291 3684 324 3702 20
344 3677 431 3709 divini]
452 3677 554 3701 divinus
574 3676 621 3701 αΕ.
714 3682 746 3698 2²
767 3681 845 3706 supra
864 3680 906 3698 om
927 3671 1017 3701 GNW,
1034 3674 1097 3702 post
1116 3676 1143 3694 ut
1163 3669 1204 3694 Pe.

546 3540 548 3542 ·
590 3532 621 3557 13
641 3532 682 3557 sit·
692 3531 757 3564 ipsa]
778 3531 835 3563 ipsa
847 3530 881 3554 sit
893 3529 985 3559 GWY,
1000 3528 1056 3561 ipse
1068 3527 1101 3551 sit
1116 3527 1146 3556 N,
1159 3531 1220 3551 sunt
1232 3526 1288 3558 ipsa
1301 3526 1329 3559 Z,
1343 3525 1395 3550 sint
1407 3526 1464 3558 ipsa
1478 3525 1501 3555 b,
1515 3525 1571 3557 ipsa
1584 3525 1635 3549 sint
1647 3524 1690 3548 Pc.

1088 3598 1100 3623 5
1122 3605 1173 3622 una
1191 3596 1342 3629 intentione]
1363 3597 1454 3621 eadem
1473 3595 1613 3621 intentione
1631 3602 1683 3619 una
1700 3594 1731 3623 D,
1751 3601 1803 3617 una
1826 3597 1850 3616 et
1874 3591 1964 3616 eadem
1992 3590 2132 3614 intentione
2152 3589 2195 3614 Pc.
2286 3618 2289 3619 .

625 3646 658 3673 19
677 3638 883 3664 considerabitur
902 3640 1014 3668 utroque
1027 3636 1084 3660 loco
1097 3634 1131 3660 D:
1151 3627 1396 3662 considerabf'BW,
1416 3630 1595 3657 consideratur
1614 3630 1643 3660 F,
1663 3629 1882 3654 consideratur...
1901 3625 2111 3666 considerabatur
2122 3624 2150 3655 Ζ,
2164 3623 2374 3665 considerabatur
2391 3623 2482 3648 ceteri.

1265 3687 1267 3689 -
1298 3667 1330 3692 28
1349 3673 1390 3692 est
1408 3668 1453 3692 hic.
1469 3667 1524 3695 NZ;
1544 3674 1586 3691 om
1608 3666 1654 3695 αΕ,
1670 3668 1733 3697 post
1751 3663 1883 3688 successio
1902 3661 2035 3692 DGWYb,
2054 3661 2097 3685 ubi
2116 3660 2184 3685 cadit
2202 3659 2244 3685 Pc.

1408 3489 1429 3515 5.
1442 3490 1467 3514 in
1486 3495 1543 3514 actu
1562 3489 1610 3513 alt.
1629 3488 1687 3513 loco
1706 3487 1804 3517 DENb;
1823 3491 1880 3510 actu
1899 3485 1961 3515 aPc,
1980 3489 2066 3508 autem
2091 3482 2182 3507 GWY.

1782 3521 1814 3547 16
1834 3522 1859 3545 in
1878 3528 1976 3545 una...
1995 3517 2102 3551 ratione]
2122 3518 2148 3542 in
2160 3525 2279 3543 unam...

1430 3568 1463 3594 29
1483 3560 1595 3585 essentia
1614 3558 1796 3591 ENWYpGZ;
1815 3562 1843 3581 ut
1861 3564 1891 3581 ex
1910 3555 1982 3580 dictis
2002 3559 2072 3587 patet
2090 3553 2205 3578 addunt.

2279 3489 2297 3514 7
2314 3489 2395 3506 unum
2418 3484 2482 3513 post

2299 3516 2424 3542 rationem
2438 3517 2481 3542 Pe.

2287 3595 2297 3613 ι
2305 3595 2318 3612 2
2339 3587 2481 3619 secundum

2506 2784 2514 2792 '¹
2530 2782 2587 2809 Cap.
2598 2788 2649 2803 ιιι-ν.

2506 2996 2515 3005 ·
2526 2994 2558 3016 1v
2569 2994 2602 3015 Ph
2620 3000 2648 3019 5„
2660 3000 2718 3021 x1,5;

2506 3029 2523 3043 s.
2535 3021 2580 3043 Th.
2605 3036 2611 3042 .
2623 3027 2655 3048 ¹7-

2507 3103 2515 3111 ·
2531 3100 2588 3128 Cap.
2600 3106 2650 3121 xm.

2508 3313 2516 3322 ·
2532 3312 2589 3339 Cap.
2599 3318 2651 3333 xiv.
