2768 4134
37 626 47 634 '
62 623 118 651 cap.
129 629 188 647 xmv,
197 628 248 643 ην.

33 1316 43 1326 ·
58 1315 108 1337 Lib.
118 1315 146 1341 11,
156 1320 176 1336 c.
185 1321 244 1336 xxiv.

34 2369 43 2377 '
58 2367 94 2389 Cf.
114 2367 246 2398 Comment.

35 2400 86 2422 cap.
98 2400 159 2420 ιιιν,
170 2397 219 2415 mn.

37 3172 46 3181 ·
62 3171 96 3203 (Ji.
111 3172 167 3193 infra
179 3172 248 3193 Circa

34 3204 136 3226 primam
172 3205 249 3220 conre-

38 3225 163 3252 quentiam.

284 284 360 310 210

282 353 367 388 Hoc
386 350 498 398 igitur
515 348 644 397 primo
665 346 753 392 enti,
775 346 884 395 quod
903 343 1012 383 Deus
1032 352 1098 391 est,
1119 344 1254 381 deesse
1273 357 1355 382 non

278 410 413 454 potest.
444 402 547 438 Cum
575 399 688 448 igitur
715 399 796 448 ipse
826 398 872 435 sit
904 398 1127 446 intelligens,
1157 397 1255 435 inest
1283 397 1354 435 sibi

278 457 467 501 voluntas,
484 465 563 503 qua
577 454 701 502 placet
716 451 787 489 sibi
802 463 920 489 suum
941 463 1024 488 esse
1043 459 1080 488 et
1099 464 1170 489 sua
1188 451 1352 489 bonitas.

330 510 436 546 Item.
473 506 694 555 Intelligere,
725 513 872 555 quanto
910 504 1115 555 perfectius
1150 513 1217 551 est,
1247 513 1353 542 tanto

278 559 538 600 delectabilius
566 567 622 597 est
649 559 881 608 intelligenti.
922 558 1000 596 Sed
1028 558 1137 595 Deus
1171 558 1353 607 intelligit,

277 623 313 653 et
333 627 450 652 suum
469 612 676 662 intelligere
704 620 760 650 est
787 611 1123 662 perfectissimum,
1145 620 1188 649 ut
1206 612 1354 662 supra*

277 676 479 706 ostensum
512 675 580 704 est.
615 667 717 715 Ergo
751 665 958 714 intelligere
991 672 1048 702 est
1081 665 1116 702 ei
1149 665 1353 703 delectabi-

276 721 480 759 lissimum.
515 720 725 758 Delectatio
759 726 891 756 autem
924 717 1166 767 intelligibilis
1200 726 1256 756 est
1282 731 1354 769 per

275 776 532 813 voluntatem:
573 774 670 811 sicut
712 772 911 810 delectatio
954 771 1143 809 sensibilis
1186 780 1242 809 est
1283 784 1354 822 per

275 827 614 888 concupiscentiae
638 826 863 876 appetitum.
891 827 959 863 Est
985 825 1098 874 igitur
1117 824 1157 862 in
1177 826 1264 863 Deo
1282 838 1352 863 vo·
1369 840 1393 853 ¹⁰

275 884 413 920 luntas.

329 937 541 973 Praeterea.
571 935 716 972 Forma
744 945 814 983 per
841 932 1077 970 intellectum
1111 933 1353 971 considerata

275 1002 356 1027 non
385 997 517 1026 movet
546 1000 618 1026 nec
645 987 790 1037 aliquid
820 994 951 1023 causat
975 986 1048 1023 nisi
1068 986 1264 1024 mediante
1282 999 1352 1024 vo-

275 1045 431 1088 luntate,
453 1042 564 1080 cuius
584 1041 781 1079 obiectum
802 1048 858 1077 est
876 1039 966 1077 finis
985 1048 1022 1077 et
1041 1040 1207 1087 bonum,
1228 1053 1252 1078 a
1271 1052 1351 1090 quo

274 1104 457 1134 movetur
491 1094 628 1145 aliquis
660 1095 710 1132 ad
747 1094 956 1143 agendum.
997 1094 1110 1132 Unde
1139 1093 1353 1132 intellectus

275 1149 534 1199 speculativus
563 1161 644 1186 non
672 1156 822 1192 movet3
852 1159 982 1197 neque
1011 1147 1233 1197 imaginatio
1253 1160 1353 1198 pura

274 1204 422 1253 absque
442 1202 719 1240 aestimatione.
752 1202 830 1239 Sed
849 1202 974 1239 forma
994 1201 1206 1239 intellectus
1231 1201 1352 1239 divini

275 1265 330 1295 est
349 1269 467 1294 causa
485 1264 616 1293 motus
636 1264 673 1292 et
692 1267 775 1292 esse
794 1255 835 1292 in
854 1254 951 1292 aliis:
978 1255 1053 1305 agit
1077 1255 1183 1293 enim
1204 1268 1264 1292 res
1282 1267 1353 1305 per

274 1310 521 1357 intellectum,
545 1317 587 1347 ut
615 1309 713 1347 infra
730 1309 751 1331 ’¹‘
779 1309 1015 1346 ostendetur.
1047 1310 1212 1359 Oportet
1240 1308 1354 1358 igitur

274 1364 382 1415 quod
412 1364 493 1414 ipse
523 1363 568 1401 sit
597 1364 746 1400 volens.

328 1419 434 1455 Item.
465 1418 507 1454 In
535 1416 740 1454 virtutibus
769 1416 939 1463 motivis,
969 1416 1009 1454 in
1038 1416 1273 1455 habentibus
1296 1416 1352 1454 in-

274 1473 480 1518 tellectum,
496 1470 622 1521 prima
637 1470 834 1508 invenitur
847 1472 1043 1508 voluntas:
1065 1482 1158 1508 nam
1172 1472 1353 1508 voluntas

276 1535 437 1563 omnem
465 1524 679 1575 potentiam
709 1523 874 1575 applicat
902 1524 951 1562 ad
981 1537 1099 1562 suum
1119 1532 1266 1571 actum;
1297 1524 1353 1562 in-

274 1578 478 1628 telligimus
516 1578 622 1616 enim
660 1578 752 1628 quia
788 1579 986 1623 volumus,
1021 1586 1058 1615 et
1095 1578 1355 1627 imaginamur

276 1632 368 1682 quia
386 1633 583 1677 volumus⁷
604 1639 641 1669 et
669 1631 722 1669 sic
747 1631 796 1669 de
823 1631 915 1669 aliis.
947 1633 995 1669 Et
1019 1633 1096 1669 hoc
1120 1632 1236 1669 habet
1262 1632 1355 1682 quia

276 1686 473 1724 obiectum
511 1685 594 1723 eius
632 1693 687 1722 est
724 1685 828 1722 finis:
859 1708 883 1712 —
913 1685 1095 1735 quamvis
1129 1685 1353 1732 intellectus,

276 1752 357 1777 non
386 1739 604 1777 secundum
633 1739 801 1776 modurn
829 1751 970 1776 causae
994 1738 1195 1776 efficientis
1214 1747 1250 1776 et
1270 1752 1354 1776 mo-

276 1793 411 1839 ventis,
433 1794 501 1830 sed
521 1793 740 1830 secundum
760 1793 927 1830 modum
946 1805 1086 1830 causae
1111 1791 1248 1837 finalis,
1269 1805 1354 1830 mo-

276 1855 364 1884 veat
378 1848 630 1893 voluntatem,
646 1847 907 1896 proponendo
923 1846 994 1883 sibi
1009 1859 1127 1883 suum
1143 1846 1353 1893 obiectum,

332 1961 364 1987 16
383 1961 456 1995 pura]
477 1962 524 1986 sed
542 1961 579 1987 ira
598 1961 674 1994 pov,
694 1969 781 1995 neque
799 1960 836 1986 ira
854 1961 898 1992 W,
917 1968 960 1986 om
980 1961 1008 1986 Z.

275 1999 338 2031 ipse,
358 2003 384 2023 et
401 1998 491 2023 ceteri.
586 2005 616 2022 22
638 1997 722 2030 prima
741 1998 763 2022 Α
782 1998 867 2028 solus;
887 1997 982 2030 primo.
1075 2004 1108 2028 ²4
1127 2001 1153 2022 et
1171 2003 1213 2021 om
1235 1996 1295 2022 αΡε.

327 2041 345 2066 4
364 2041 410 2066 per
428 2033 466 2066 seJ
487 2034 507 2058 Z
527 2033 588 2058 vide
606 2034 655 2066 pA.
752 2040 769 2066 9
788 2031 918 2066 convenit]
938 2031 970 2066 9n
988 2033 1019 2062 A,
1039 2032 1164 2065 competit
1182 2039 1282 2058 omnes.

274 2069 340 2095 infra
358 2069 457 2094 dicetur
476 2069 503 2094 Z.
597 2076 631 2100 24
650 2077 710 2094 cum
729 2077 771 2094 om
792 2068 882 2093 EGW.

1103 1968 1134 1994 ¹7
1155 1961 1335 1986 aestimatione
1354 1960 1473 1990 GWYZ3
1493 1960 1555 1985 boni
1575 1961 1615 1985 vel
1635 1961 1696 1986 mali
1715 1961 1832 1986 addunt.

976 2067 1010 2093 26
1029 2068 1177 2102 Scripturae
1192 2071 1258 2101 post
1275 2068 1370 2093 Sacrae
1389 2068 1451 2093 arc.

850 267 1040 304 SUMMA
1069 266 1292 303 CONTRA
1322 266 1599 312 GENTILES,
1631 267 1742 305 CAP.
1764 268 1915 305 LXXII.

1410 346 1519 394 quod
1539 354 1595 382 est
1613 345 1714 383 finis.
1735 346 1867 384 Primo
1887 346 2001 395 igitur
2018 347 2194 384 moventi
2208 347 2390 385 convenit
2405 360 2487 386 ma-

1410 398 1512 435 xime
1542 399 1686 436 habere
1714 400 1967 438 voluntatem.

1463 453 1677 489 Praeterea.
1707 453 1885 490 Liberum
1913 460 1964 491 est
1990 454 2091 504 quod
2106 455 2166 491 sui
2182 465 2298 491 causa
2317 460 2369 492 est
2382 454 2419 492 *z
2450 462 2487 493 et

1409 505 1463 543 sic
1482 504 1649 543 liberum
1677 505 1794 543 habet
1818 507 2009 545 rationem
2028 507 2112 545 eius
2131 506 2241 557 quod
2269 514 2325 544 est
2342 519 2414 557 per
2431 520 2484 546 se.

1376 572 1384 591 ς
1408 560 1598 597 Voluntas
1613 566 1746 596 autem
1760 559 1890 609 primo
1905 560 2022 598 habet
2035 560 2250 598 libertatem
2265 560 2305 598 in
2320 561 2498 609 agendo-s

1408 612 1642 662 inquantum
1671 612 1777 650 enim
1805 614 2023 652 voluntarie
2051 614 2126 663 agit
2153 614 2253 664 quis,
2278 613 2418 652 dicitur
2445 614 2488 652 li-

1408 666 1500 703 bere
1529 677 1641 714 agere
1670 678 1966 717 quamcumque
1985 667 2191 706 actionem.
2221 667 2354 705 Primo
2374 667 2490 717 igitur

1408 719 1534 768 agenti
1572 718 1743 757 maxime
1781 720 1966 770 competit
1993 732 2064 770 per
2090 723 2333 760 voluntatem
2361 733 2486 770 agere,

1407 785 1470 811 cui
1499 785 1670 810 mamme
1698 781 1882 810 convenit
1909 785 1980 823 per
2007 787 2047 812 se
2076 787 2200 823 agere.

1461 826 1653 876 Amplius.
1670 825 1778 864 Finis
1797 834 1834 863 et
1852 838 1970 875 agens
1985 827 2034 864 ad
2053 827 2176 866 finem
2195 841 2351 879 semper
2369 828 2488 866 unius

1407 880 1553 918 ordinis
1577 879 1831 917 inveniuntur
1848 879 1887 917 in
1906 880 2039 918 rebus:
2069 881 2176 918 unde
2195 889 2232 920 et
2249 882 2340 920 finis
2358 882 2487 932 proxi-

1407 947 1509 980 mus,
1525 934 1593 984 qui
1614 942 1670 971 est
1688 933 2007 984 proportionatus
2026 934 2164 983 agenti,
2180 934 2312 973 incidit
2326 935 2366 973 in
2381 936 2487 974 idem

1407 987 1535 1038 specie
1550 999 1644 1025 cum
1659 995 1807 1037 agente,
1823 995 1903 1025 tam
1923 987 1963 1025 in
1983 987 2223 1026 naturalibus
2237 1001 2359 1038 quam
2373 989 2413 1028 in
2428 1003 2487 1028 ar-

1406 1040 1641 1088 tificialibus;
1662 1054 1757 1079 nam
1775 1041 1902 1079 forma
1920 1041 2009 1079 artis
2029 1053 2099 1091 per
2113 1053 2234 1091 quam
2253 1041 2386 1080 artifex
2401 1043 2486 1092 agit,

1368 1110 1390 1129 ις
1407 1103 1464 1132 est
1491 1094 1639 1145 species
1662 1095 1812 1133 formae
1832 1107 1934 1145 quae
1962 1103 2019 1133 est
2047 1095 2088 1133 in
2116 1095 2289 1144 materia,
2309 1108 2413 1146 quae
2430 1104 2489 1134 est

1407 1148 1497 1186 finis
1523 1148 1694 1195 artificis;
1725 1156 1761 1186 et
1789 1149 1915 1186 forma
1939 1148 2036 1198 ignis
2059 1149 2277 1198 generantis
2296 1161 2376 1200 qua
2399 1149 2486 1199 agit,

1407 1210 1464 1239 est
1491 1201 1668 1240 eiusdem
1697 1201 1839 1252 speciei
1862 1214 1955 1240 cum
1974 1203 2100 1240 forma
2120 1202 2217 1252 ignis
2235 1203 2364 1253 geniti,
2385 1215 2487 1253 quae

1407 1263 1464 1293 est
1492 1255 1582 1293 finis
1609 1255 1868 1305 generationis
1886 1255 1918 1293 *.
1948 1256 2034 1294 Deo
2063 1264 2196 1294 autem
2220 1256 2316 1294 nihil
2335 1256 2487 1295 coordi-

1408 1317 1522 1347 natur
1541 1308 1652 1359 quasi
1672 1308 1850 1347 eiusdem
1869 1308 2017 1347 ordinis
2036 1309 2109 1348 nisi
2129 1309 2228 1360 ipse:
2248 1310 2340 1348 alias
2360 1319 2488 1349 essent

1367 1379 1394 1394 20
1408 1364 1520 1414 plura
1546 1362 1685 1414 prima,
1712 1363 1825 1401 cuius
1849 1363 2089 1401 contrarium
2113 1364 2266 1414 supra*
2284 1372 2488 1404 ostensum

1409 1424 1475 1454 est.
1503 1418 1588 1467 lpse
1610 1425 1667 1454 est
1695 1416 1809 1466 igitur
1828 1416 2003 1466 primum
2031 1429 2150 1466 agens
2178 1426 2338 1468 propter
2365 1418 2488 1457 finem

1409 1470 1477 1521 qui
1507 1478 1564 1508 est
1586 1470 1761 1520 ipsemet.
1792 1471 1876 1521 lpse
1905 1470 2019 1520 igitur
2046 1483 2127 1510 non
2156 1473 2286 1510 solum
2315 1480 2371 1509 est
2397 1471 2488 1510 finis

1409 1523 1637 1575 appetibilis,
1663 1524 1732 1562 sed
1761 1532 1959 1575 appetens,
1985 1532 2028 1562 ut
2054 1524 2105 1563 ita
2130 1525 2270 1573 dicam,
2291 1538 2332 1563 se
2351 1525 2487 1564 finem.

1410 1579 1458 1616 Et
1486 1577 1659 1628 appetitu
1686 1577 1942 1625 intellectuali,
1966 1590 2060 1617 cum
2089 1577 2136 1616 sit
2161 1578 2390 1629 intelligens:
2419 1579 2490 1630 qui

1370 1650 1391 1670 ις
1409 1640 1466 1669 est
1493 1633 1686 1670 voluntas.
1718 1632 1785 1669 Est
1812 1631 1926 1681 igitur
1953 1631 1993 1669 in
2021 1633 2108 1670 Deo
2137 1634 2329 1671 voluntas.

1464 1686 1576 1723 Hanc
1614 1693 1746 1723 autem
1779 1685 1852 1723 Dei
1885 1687 2126 1724 voluntatem
2166 1685 2386 1737 Scripturae
2420 1687 2488 1725 Sa-

1409 1751 1496 1777 crae
1515 1738 1736 1777 testimonia
1756 1739 2002 1777 confitentur.
2031 1739 2181 1778 Dicitur
2200 1740 2305 1778 enim
2325 1740 2365 1778 in
2384 1741 2489 1778 Psal-

1410 1805 1478 1831 mo
1492 1792 1527 1830 *z
1563 1793 1700 1830 Omnia
1729 1805 1985 1843 quaecumque
2017 1794 2142 1839 voluit,
2171 1795 2359 1831 Dominus
2387 1795 2487 1841 fecit.

1411 1847 1459 1884 Et
1483 1848 1596 1884 Rom.
1620 1851 1709 1883 1x¹⁹:
1740 1847 1926 1884 Voluntati
1953 1848 2031 1884 eius
2059 1849 2140 1896 quis
2168 1847 2327 1885 resistit?

1923 1967 1953 1985 ει
1977 1961 2002 1985 in
2021 1961 2070 1986 alt.
2089 1960 2156 1994 loco]
2176 1962 2254 1987 etiam
2274 1961 2313 1987 Xb
2332 1965 2359 1987 et
2370 1962 2449 1996 sorte
2467 1963 2490 1987 Α

1389 2003 1422 2030 ²9
1441 2003 1519 2022 suum
1539 2003 1582 2021 om
1603 2003 1642 2021 ας.

1382 2039 1411 2057 21
1434 2038 1475 2057 est
1493 2032 1571 2065 igitur
1589 2032 1678 2062 DWb;
1698 2032 1775 2065 igitur
1793 2032 1822 2063 Ζ,
1842 2032 1919 2065 igitur
1937 2037 1978 2057 est
2000 2033 2090 2058 ceteri.

2195 2032 2228 2058 23
2247 2038 2277 2058 ut
2295 2033 2329 2058 ita
2348 2032 2442 2068 dicam]
2461 2038 2492 2059 ut

1539 2067 1572 2093 28
1592 2067 1722 2093 Dominus
1739 2071 1803 2100 post
1820 2068 1880 2094 fecit
1899 2068 1985 2094 eDPc.

1046 2165 1384 2199 Commentaria.
1406 2164 1720 2198 Fen-ariensis

331 2284 478 2305 osrouAM
503 2274 727 2305 determinavit
751 2274 888 2306 Sanctus
907 2274 1054 2305 Thomas
1086 2273 1126 2304 de
1155 2273 1356 2314 perfectione

280 2286 439 2350 pdivina
463 2325 623 2360 quantum
650 2319 690 2350 ad
714 2319 927 2355 intellectum,
951 2328 1039 2350 nunc
1059 2319 1173 2360 incipit
1205 2318 1355 2350 determi-

275 2374 351 2395 nare
376 2363 415 2395 de
439 2364 508 2404 ipsa
533 2370 692 2405 quantum
716 2363 756 2394 ad
781 2363 983 2394 voluntatem
999 2364 1026 2394 “.

333 2408 427 2440 Circa
451 2409 514 2439 hoc
539 2414 648 2439 autem
673 2408 739 2439 duo
772 2408 861 2439 facit:
890 2408 1010 2450 primo,
1035 2408 1099 2449 agit
1123 2407 1162 2438 de
1187 2407 1354 2439 voluntate

276 2455 470 2494 inquantum
486 2453 636 2484 voluntas
662 2459 723 2490 est;
749 2452 905 2489 secundm
923 2453 1118 2494 inquantum
1143 2453 1238 2483 habet
1258 2452 1354 2483 ratio-

276 2508 353 2530 nem
368 2498 459 2529 liberi
476 2498 606 2534 arbitrii,
624 2507 694 2539 cap.
706 2508 853 2529 Lxxxvm.
870 2514 893 2520 -
910 2497 1005 2529 Circa
1021 2498 1162 2539 primum
1179 2497 1246 2528 duo
1263 2497 1353 2528 facit:

275 2544 393 2584 primo,
410 2543 475 2583 agit
494 2542 534 2573 de
558 2543 627 2583 ipsa
650 2542 833 2579 voluntate;
858 2542 1015 2578 secundo,
1033 2542 1073 2574 de
1090 2541 1281 2573 conditione
1297 2551 1355 2573 vo-

275 2588 373 2624 lendi,
399 2597 469 2628 cap.
486 2597 577 2618 Lxxx.

331 2632 426 2664 Circa
441 2633 584 2673 primurn
600 2633 659 2663 tria
676 2631 767 2663 facit:
785 2633 904 2673 primo,
922 2631 1114 2663 determinat
1131 2631 1170 2663 de
1187 2631 1355 2663 voluntate

275 2676 382 2708 divina
395 2682 554 2718 quantum
571 2676 611 2708 ad
626 2686 709 2714 esse;
731 2676 887 2713 secundo,
901 2682 1061 2718 quantum
1077 2676 1117 2708 ad
1130 2675 1355 2718 quidditatern,

275 2731 344 2763 cap.
362 2731 445 2763 seq.;
470 2723 575 2758 tertio,
593 2727 753 2763 quantum
777 2721 818 2753 ad
842 2722 1019 2758 obiectum,
1036 2731 1106 2763 cap.
1124 2731 1226 2752 Lxxrv.

331 2767 354 2798 Ι.
378 2767 548 2805 Quantum
568 2766 608 2798 ad
632 2767 785 2808 primum,
803 2767 937 2808 ponitur
959 2766 1130 2798 conclusio
1146 2767 1242 2797 haec:
1265 2765 1356 2796 Deus

275 2817 322 2843 est
345 2812 468 2843 volens.

330 2856 375 2887 Et
391 2856 557 2898 probatur
574 2857 696 2898 primo.
722 2857 769 2887 Ex
786 2855 967 2896 praedictis,
988 2856 1077 2887 Deus
1101 2861 1149 2887 est
1172 2855 1356 2896 intelligens

275 2902 412 2933 bonum.
429 2901 516 2942 Ergo
534 2906 581 2932 est
598 2901 720 2932 volens.
737 2919 759 2923 -
775 2901 866 2931 Patet
881 2900 1087 2932 antecedens.
1104 2900 1201 2939 Quia,
1218 2910 1294 2932 cum
1316 2901 1356 2931 sit

274 2945 417 2987 perfecte
434 2945 627 2986 intelligens,
644 2945 793 2986 intelligit
809 2955 866 2976 ens
883 2945 979 2976 simul
997 2955 1072 2976 cum
1089 2946 1214 2976 ratione
1230 2945 1320 2976 boni.
1334 2963 1355 2967 -

277 2990 522 3032 Consequentia
545 2999 622 3021 vero
646 2990 812 3032 probatur.
838 2990 971 3021 Bonum
990 2990 1191 3021 intellectum
1212 2995 1260 3021 est
1279 2998 1355 3031 pro-

275 3037 383 3077 prium
408 3036 575 3066 obiectum
599 3035 784 3066 voluntatis.
807 3035 895 3075 Ergo
919 3036 1046 3066 bonum
1070 3034 1282 3072 intellectum,
1307 3035 1356 3066 in-

277 3088 437 3121 quantum
452 3080 652 3117 huiusmodi,
670 3086 718 3112 est
734 3079 882 3111 volitum.
900 3080 987 3120 Ergo
1011 3080 1194 3120 intelligens
1218 3081 1355 3116 bonum,

276 3126 471 3167 inquantum
486 3124 687 3162 huiusmodi,
704 3130 752 3156 est
768 3124 891 3155 volens.
908 3124 1016 3155 Prima
1032 3125 1266 3165 consequentia
1287 3134 1355 3155 non

276 3171 468 3211 probatur*.
486 3169 636 3202 Secunda
649 3179 726 3201 vero
739 3169 910 3210 probatur:
929 3170 1006 3210 quia
1021 3169 1222 3200 intellectum
1240 3169 1357 3200 dicitur

277 3214 317 3246 ad
340 3215 586 3256 intelligentem.

333 3259 427 3291 Circa
451 3258 645 3291 antecedens
670 3264 702 3290 et
725 3259 795 3290 eius
818 3258 1058 3299 probationem,
1083 3257 1355 3290 considerandum

279 3304 368 3346 quod
391 3305 517 3335 bonum
541 3304 714 3345 dupliciter
744 3308 852 3344 potest
883 3302 1081 3344 apprehendi
1111 3303 1150 3333 ab
1174 3303 1354 3334 intellectu:

278 3349 482 3380 materialiter
506 3349 638 3385 scilicet,
663 3354 695 3379 et
719 3347 906 3379 formaliter.
941 3347 1146 3378 Materialiter
1176 3348 1356 3388 apprehen-

277 3393 363 3425 ditur
387 3393 519 3434 quando
539 3393 762 3424 consideratur
785 3402 834 3424 res
851 3402 935 3433 quae
959 3392 1140 3423 secundum
1165 3402 1198 3422 se
1223 3392 1356 3433 quidem

281 3444 328 3469 est
351 3439 446 3474 bona,
471 3438 527 3469 sed
551 3444 660 3469 tamen
691 3447 759 3469 non
789 3436 1011 3468 consideratur
1041 3437 1075 3468 in
1098 3437 1167 3478 ipsa
1191 3437 1272 3468 ratio
1297 3437 1355 3468 bo-

281 3483 397 3518 nitatis,
414 3482 470 3514 sed
493 3483 573 3513 ratio
598 3482 739 3513 veritatis
763 3488 818 3513 aut
842 3482 949 3522 aliqua
966 3481 1026 3512 alia
1049 3482 1140 3512 ratio.
1166 3481 1357 3512 Formaliter

281 3532 389 3557 autern
413 3527 665 3567 apprehenditur
696 3526 829 3568 quando
854 3525 1077 3557 consideratur
1107 3526 1140 3556 in
1170 3526 1243 3566 ipso
1275 3527 1356 3557 ratio

283 3571 449 3601 bonitatis:
478 3573 520 3602 ita
544 3572 692 3602 videlicet
717 3571 807 3612 quod
830 3571 1012 3602 intellectus
1041 3570 1160 3602 iudicat
1183 3570 1263 3602 illud
1288 3580 1356 3601 esse

283 3615 408 3646 bonum
439 3621 469 3646 et
500 3617 697 3647 conveniens
728 3615 928 3656 intelligenti.
960 3614 1092 3646 Bonum
1124 3615 1230 3655 primo
1254 3615 1356 3646 modo

283 3659 520 3699 apprehensum
545 3670 611 3690 non
636 3660 731 3691 habet
756 3661 915 3691 rationem
941 3660 1060 3691 obiecti
1085 3660 1217 3690 actualis
1240 3659 1356 3690 volun-

1379 2272 1383 2311 1
1409 2274 1492 2309 tatis,
1516 2282 1578 2304 nec
1599 2274 1695 2304 habet
1718 2282 1851 2304 movere
1875 2273 2092 2304 voluntatem:
2117 2272 2174 2304 sed
2197 2278 2324 2305 tantum
2342 2273 2489 2307 secundo

1409 2318 1521 2349 modo.
1552 2318 1689 2359 Propter
1725 2318 1799 2354 hoc,
1831 2317 1944 2349 volens
1975 2317 2148 2350 ostendere
2178 2317 2316 2350 Sanctus
2342 2317 2490 2352 Thomas

1409 2362 1500 2403 quod
1525 2363 1613 2394 Deus
1637 2362 1786 2404 intelligit
1809 2363 1936 2394 bonum
1960 2362 2142 2394 secundum
2158 2362 2250 2404 quod
2273 2362 2370 2394 habet
2391 2364 2490 2395 ratio-'

1409 2417 1486 2438 nem
1510 2408 1642 2438 actualis
1666 2407 1785 2438 obiecti
1813 2407 1999 2444 voluntatis,
2028 2406 2195 2439 concludit
2222 2406 2314 2448 quod
2339 2407 2490 2450 intelligit

1409 2461 1466 2483 ens
1489 2452 1588 2483 simul
1611 2461 1683 2483 cum
1709 2452 1839 2483 ratione
1861 2452 1949 2488 boni,
1967 2458 2101 2493 propter
2124 2451 2360 2493 perfectionem
2376 2453 2489 2495 cogni-

1408 2497 1506 2528 tionis
1522 2506 1609 2533 suae,
1621 2506 1686 2538 qua
1698 2506 1832 2528 ornnem
1845 2497 1891 2528 rei
1903 2497 2063 2528 rationem
2075 2496 2303 2538 apprehendit:
2320 2498 2491 2538 cognoscit

1409 2542 1497 2573 enim
1524 2551 1582 2573 ens
1610 2542 1727 2572 habere
1759 2542 1919 2573 rationem
1943 2542 2033 2578 boni,
2057 2547 2090 2573 et
2112 2551 2171 2583 per
2197 2550 2404 2583 consequens
2433 2542 2490 2574 he-

1409 2587 1484 2618 bere
1508 2587 1668 2618 rationem
1692 2586 1874 2628 appetibilis
1898 2592 1931 2618 et
1954 2586 2056 2618 voliti.

1465 2631 1559 2663 Circa
1575 2632 1713 2672 primam
1730 2632 2011 2672 consequentiam,
2027 2631 2157 2662 adverte
2181 2630 2283 2672 quod,
2307 2631 2391 2663 sicut
2408 2630 2491 2663 nihil

1409 2675 1497 2707 aliud
1521 2682 1568 2707 est
1592 2675 1708 2712 dicere.
1740 2675 1817 2707 Hoc
1840 2681 1887 2707 est
1909 2676 2085 2717 proprium
2114 2675 2272 2707 obiectum
2296 2675 2488 2712 intellectus,

1409 2730 1519 2762 quam,
1543 2720 1621 2752 Hoc
1644 2726 1692 2751 est
1722 2720 1929 2757 intellectum,
1954 2721 2021 2752 sive
2050 2719 2266 2763 intelligibile,
2291 2721 2369 2762 quia
2395 2720 2489 2752 intel-

1409 2766 1484 2797 lecti
1499 2766 1566 2796 sive
1583 2765 1800 2808 intelligibilis
1815 2765 1951 2797 nomine
1968 2765 2035 2806 (hic
2051 2765 2139 2797 enim
2151 2774 2212 2806 pro
2228 2763 2347 2797 eodem
2363 2770 2489 2797 utrum-

1409 2820 1474 2852 que
1498 2810 1691 2851 accipimus)
1716 2811 1910 2852 importatur
1937 2809 2083 2842 formalis
2109 2810 2192 2841 ratio
2217 2810 2337 2841 obiecti
2362 2809 2490 2842 intelle-

1410 2862 1481 2887 ctus
1497 2856 1694 2896 inquantum
1709 2860 1758 2886 cst
1773 2855 1951 2892 obiectum,
1975 2855 2059 2886 sicut
2075 2864 2133 2896 per
2148 2854 2274 2886 visibile
2295 2855 2490 2896 importatur

1409 2901 1490 2932 ratio
1515 2900 1660 2932 formalis
1684 2900 1804 2932 obiecti
1827 2901 1914 2931 visus
1942 2900 2139 2941 inquantum
2161 2904 2210 2931 est
2237 2899 2422 2937 obiectum
2444 2899 2490 2931 ita

1408 2945 1490 2976 nihil
1513 2944 1601 2976 aliud
1633 2950 1680 2976 est
1713 2944 1831 2981 dicere,
1855 2944 1986 2976 Bonum
2019 2944 2217 2976 intellectum
2240 2949 2289 2976 est
2312 2943 2488 2986 proprium

1410 2990 1568 3021 obiectum
1582 2990 1772 3026 voluntatis,
1790 2998 1900 3030 quam,
1920 2988 2051 3020 Bonum
2069 2989 2276 3026 intellectum,
2295 2989 2488 3031 inquantum

1408 3034 1605 3070 huiusmodi,
1623 3039 1672 3066 est
1683 3034 1829 3065 volitum.
1843 3033 2050 3075 significatur
2065 3034 2154 3065 enim
2170 3032 2261 3075 quod
2271 3033 2353 3065 ratio
2369 3033 2491 3066 obiecti

1409 3079 1596 3116 voluntatis,
1621 3080 1816 3121 inquantum
1840 3079 2008 3110 obiectum
2031 3084 2089 3116 est,
2107 3087 2192 3119 quae
2215 3078 2410 3120 importatur
2431 3086 2491 3120 per

1409 3125 1474 3156 hoc
1498 3123 1590 3166 quod
1613 3124 1687 3156 dico
1705 3124 1840 3155 volitum
1856 3124 1924 3155 sive
1940 3123 2080 3160 voliln'le,
2105 3122 2260 3155 fundatur
2282 3131 2380 3164 super
2397 3122 2489 3155 bono

1409 3169 1614 3210 apprehenso
1639 3168 1816 3200 formaliter
1835 3169 2030 3210 inquantum
2054 3173 2103 3200 est
2122 3168 2363 3209 apprehensum
2385 3172 2419 3198 et
2440 3167 2490 3199 in-

1408 3213 1586 3251 tellectum,
1599 3213 1643 3244 ita
1659 3213 1750 3255 quod
1767 3223 1835 3245 non
1855 3213 1988 3245 haberet
2003 3213 2130 3245 bonum
2145 3213 2305 3244 rationem
2321 3211 2412 3243 voliti
2427 3211 2491 3243 nisi

1410 3265 1493 3290 esset
1517 3257 1695 3290 formaliter
1718 3257 1934 3289 inteUectum:
1953 3258 2035 3289 sicut
2051 3258 2078 3288 si
2097 3256 2278 3288 diceremus
2302 3255 2394 3297 quod
2415 3265 2489 3287 cor-

1405 3313 1479 3345 pus,
1505 3304 1698 3345 inquantum
1723 3303 1920 3339 coloratum,
1936 3302 2031 3333 habet
2047 3301 2208 3333 rationem
2233 3299 2377 3332 visibitis.
2403 3299 2490 3339 Quia

1410 3357 1488 3389 ergo
1511 3348 1598 3379 idem
1627 3347 1746 3379 dicitur
1769 3357 1826 3389 per
1856 3346 2052 3378 antecedent
2078 3350 2111 3377 et
2134 3354 2341 3386 consequens
2365 3345 2490 3386 primae

1410 3393 1675 3434 consequentiae,
1700 3392 1757 3424 sed
1785 3393 1819 3424 in
1848 3396 2070 3432 consequente
2101 3390 2291 3431 exprimitur
2318 3390 2490 3431 proprium

1410 3447 1532 3469 nornen
1549 3437 1670 3468 obiecti
1685 3437 1872 3473 voluntatis,
1888 3434 1979 3478 quod
2002 3436 2036 3466 in
2055 3434 2267 3466 antecedente
2292 3443 2361 3465 non
2384 3435 2490 3476 expri-

1410 3483 1522 3519 mitur;
1547 3481 1622 3513 ideo
1646 3481 1734 3513 illam
1759 3480 2039 3521 consequentiam,
2056 3485 2211 3520 tanquam
2233 3489 2271 3510 ex
2296 3488 2329 3510 se
2353 3478 2489 3510 manife-

1410 3533 1502 3563 stam,
1527 3527 1663 3558 Sanctus
1687 3526 1834 3557 Thomas
1857 3534 1925 3556 non
1949 3525 2075 3565 probat.

1466 3571 1562 3603 Circa
1585 3570 1764 3602 secundam
1788 3569 2058 3610 consequentiam
2089 3574 2121 3599 et
2151 3569 2220 3600 eius
2249 3567 2488 3609 probationem,

1411 3615 1540 3647 adverte
1565 3614 1665 3657 quod,
1690 3623 1766 3646 cum
1791 3613 1873 3645 ordo
1890 3613 2110 3654 potentiarum
2134 3613 2175 3644 sit
2197 3611 2379 3644 secundum
2403 3611 2490 3643 ordi-

1413 3670 1488 3691 nem
1514 3661 1730 3695 obiectorum,
1754 3668 1886 3690 necesse
1911 3664 1968 3693 est.
1993 3658 2018 3688 si
2050 3658 2216 3689 obiectum
2244 3657 2430 3692 voluntatis,
2454 3662 2491 3688 ut

2515 455 2524 464 ·
2545 453 2553 475 1
2569 452 2685 481 Metaptt„
2703 458 2730 480 ιι,

2515 486 2542 508 9:
2557 486 2576 502 s.
2587 479 2632 502 Th.
2649 480 2665 502 Ι.
2674 486 2694 509 3.

2515 1261 2525 1270 '
2530 1258 2567 1282 Cf.
2575 1259 2596 1283 11
2603 1258 2683 1288 Hya„
2689 1263 2732 1286 vn,

2514 1292 2537 1316 33
2555 1292 2575 1309 s.
2584 1284 2630 1308 'm
2645 1285 2662 1309 1.
2673 1292 2706 1309 ιι.

2515 1365 2670 1394 ‘Commu

2517 1796 2526 1806 ·
2541 1795 2578 1817 Pa.
2590 1800 2686 1822 cxxxiv,
2695 1794 2718 1817 6.

2760 2846 2768 3116 —-.--.-.-...--.
2764 2799 2768 2822 ,..
2765 2737 2768 2772 ,μ-
