2716 4302
5 273 50 289 zar
64 272 78 288 a
87 266 144 295 50⁴²
155 267 178 289 8.

7 573 41 596 lb.
59 579 72 595 ι
84 579 194 601 u-a5o.

21 2990 56 3014 lb.
70 2989 86 3012 b
101 2989 167 3018 8-41.

18 3194 31 3206 ·
43 3192 100 3216 vid.
114 3193 144 3216 ad
159 3194 206 3215 loc.

1222 176 1488 213 APPENDIX

248 252 388 296 volens)
404 255 420 271 ³·
431 254 455 294 ’ξ
471 257 564 283 Adhuc
586 254 775 296 (Amplius.)
795 254 877 285 Illud
894 253 984 295 quod
1001 254 1211 294 consequitur
1227 262 1326 283 omne

250 314 318 342 εηε,
335 305 488 335 convenit
510 306 575 335 enti
592 306 787 345 inquantum
805 311 852 335 est
868 314 935 341 ens,
959 308 1026 333 sicut
1043 312 1069 332 et
1087 308 1113 332 in
1131 307 1255 332 omnibus
1272 307 1328 331 aliis

249 363 365 390 apparet.
389 354 490 392 Quod
513 361 622 385 autem
647 360 694 389 est
717 354 928 385 huiusmodi.
942 377 950 384 .
965 377 973 384 .
986 354 1130 394 primum
1154 363 1221 383 enS.
1248 352 1328 383 Cui-

249 405 327 435 libet
344 412 453 436 autem
478 406 544 436 enti
567 409 714 435 secundum
732 416 810 434 suum
830 417 874 435 mo
893 406 1050 445 competit
1067 411 1219 445 appetere
1236 413 1328 434 suam

249 455 488 496 perfectionem
506 462 537 486 et
554 457 836 486 conservationem
852 457 902 486 sui
925 465 1004 494 esse,
1023 455 1201 494 unicuique
1218 460 1327 484 tamen

250 506 432 537 secundum
457 516 553 538 suum
573 507 721 537 modum.
748 507 1021 537 intellectualibus
1038 529 1045 536 .
1061 529 1068 536 .
1084 529 1091 535 .
1109 515 1166 536 sua
1190 506 1327 536 bonitas.

250 557 267 572 ἦ
279 558 297 595 §
315 556 406 587 Item.
424 557 605 597 Intelligere
621 565 743 586 nostrum
761 563 884 597 quanto
901 557 1076 597 perfectius
1093 563 1150 592 est,
1167 562 1257 586 tanto
1274 556 1329 586 de-

250 607 431 638 lectabilius
448 613 496 637 est
511 607 712 647 intelligenti.
731 612 786 636 Sed
805 612 955 644 intelligere
974 611 1026 636 Dei
1044 616 1084 636 est
1102 610 1329 644 perfectissimum

251 658 316 690 Sed
331 659 421 689 Deus
436 659 596 699 intelligit,
614 665 646 688 et
669 668 766 689 suum
782 659 959 699 intelligere
977 665 1023 689 est
1043 657 1327 699 perfectissimum,

252 714 336 747 Ergo,
357 715 394 740 ut
417 719 514 750 supra
538 716 706 740 ostensum
730 717 787 740 est.
805 711 891 750 Ergo
915 711 1094 750 intelligere
1118 717 1166 740 est
1189 712 1218 739 ei
1242 710 1330 739 dele-

253 762 508 792 ctabilissimum.
534 762 715 791 Delectatio
734 784 741 791 .
757 785 763 791 .
783 785 790 791 .
809 763 969 792 voluntas.
993 767 1008 798 ς’
1026 766 1157 797 Amplius.
1181 765 1330 798 Appetibile

253 822 293 842 est
312 817 415 849 duplex,
436 817 639 850 concupiscibile
663 822 689 841 et
706 817 814 842 actuale
834 817 1016 841 intellectuale.
1030 819 1104 847 Quae
1124 817 1176 841 duo
1198 817 1227 840 in
1252 816 1330 840 nobis

253 874 361 901 apparet
379 876 440 893 esse
463 869 565 893 diversa
584 874 609 892 et
634 869 765 893 interdum
789 869 924 899 contraria,
944 876 1003 892 cum
1025 876 1071 903 per
1094 868 1329 901 concupiscentiam

251 919 379 944 trahimur
398 920 430 944 ad
451 920 609 944 contrarium
629 920 684 944 eius
704 920 775 951 quod
794 921 826 944 ad
845 920 917 952 quod
935 926 1075 943 movemur
1093 926 1139 951 per
1162 919 1332 943 intellectum.

253 972 356 997 Horum
369 977 458 996 autem
472 972 584 996 duorum
598 971 749 996 naturaliter
767 971 839 1003 prius
858 976 898 995 est
910 971 1048 1004 appetibile
1060 970 1235 994 intellectuale
1251 977 1331 1002 quam

254 1023 463 1056 concupiscibile.
485 1023 552 1047 Cum
572 1023 642 1047 enim
662 1023 801 1055 appetibile
826 1024 859 1047 sit
877 1023 977 1046 bonum
997 1022 1151 1054 inquantum
1171 1021 1333 1050 huiusmodi,

253 1076 318 1101 illud
337 1076 385 1100 erit
404 1076 476 1108 prius
496 1076 521 1099 in
547 1075 638 1099 ordine
662 1075 839 1107 appetibilium
864 1075 935 1106 quod
955 1081 1001 1106 per
1014 1073 1086 1106 prius
1108 1073 1186 1097 habet
1204 1073 1332 1097 rationem

254 1127 324 1152 boni.
345 1126 420 1157 Quae
439 1127 548 1159 quidem
568 1133 615 1158 per
632 1126 704 1158 prius
723 1126 852 1150 invenitur
870 1126 896 1149 in
916 1124 1047 1157 appetibili
1066 1123 1233 1148 intellectuali
1252 1131 1331 1156 quam

254 1177 458 1211 concupiscibili,
471 1177 542 1209 quod
562 1167 669 1209 quidem
682 1179 722 1201 est
735 1177 833 1200 bonum
847 1175 946 1200 bonum
960 1175 1051 1199 dicitur
1063 1175 1217 1207 inquantum
1231 1173 1333 1198 videtur

255 1229 363 1258 bonum,
373 1228 547 1252 intellectuale
558 1233 646 1252 autern
659 1227 796 1259 appetibile
810 1227 901 1250 dicitur
911 1226 1010 1250 bonurn
1023 1226 1084 1257 quia
1097 1230 1137 1249 est
1146 1224 1290 1249 secundum
1304 1231 1334 1247 se

254 1280 363 1310 bonum,
381 1279 432 1304 hoc
447 1285 535 1303 autem
549 1278 718 1303 manifestum
732 1283 772 1302 est
784 1278 935 1302 naturaliter
945 1277 1018 1309 prius
1038 1276 1064 1308 ip
1084 1283 1152 1304 esse,
1172 1275 1239 1299 sicut
1258 1275 1331 1307 quod

250 1335 297 1370 ἔξ
304 1337 365 1363 Ρὲῐ.
380 1337 410 1355 se
429 1336 462 1353 00
481 1329 554 1362 quod
574 1333 615 1353 est
634 1336 682 1361 per
700 1328 828 1352 accidens.
841 1328 953 1359 Oportet
971 1327 1048 1359 igitur
1058 1325 1172 1358 primum
1191 1324 1333 1357 appetibile

223 1371 242 1373 d
255 1387 316 1405 esse
335 1381 518 1406 intellectuale.
540 1379 598 1404 Non
618 1385 705 1403 autem
725 1378 795 1403 aliud
814 1385 894 1410 quam
914 1377 1029 1409 primum
1047 1375 1234 1400 intellectuale:
1253 1381 1332 1399 omne

256 1432 326 1456 enim
345 1432 518 1456 intellectuale
532 1436 572 1455 est
591 1438 639 1455 ens
652 1435 719 1459 actu.
733 1435 758 1454 et
776 1436 823 1461 per
835 1435 1001 1460 consequens
1014 1427 1160 1460 perfectum
1180 1431 1206 1450 et
1225 1426 1334 1456 bonum,

256 1487 282 1506 et
300 1482 338 1506 sic
356 1482 444 1506 omnis
463 1488 516 1505 non
535 1485 623 1514 potest
642 1487 701 1504 esse
720 1479 827 1511 aliquod
845 1477 1019 1503 intellectuale
1038 1484 1090 1501 non
1116 1476 1257 1509 appetibile
1275 1480 1334 1500 ante

251 1534 374 1567 primum
387 1534 561 1558 intellectuale
574 1533 647 1565 quod
659 1537 699 1556 est
712 1531 986 1564 appetibile'primum.
998 1529 1162 1561 Relinquitur
1174 1528 1251 1560 igitur
1263 1527 1335 1559 quod

256 1585 327 1610 idem
346 1591 386 1610 est
396 1585 511 1618 primum
525 1583 699 1608 intellectuale
712 1587 738 1607 et
747 1582 862 1614 primum
875 1579 1024 1613 appetibile.
1037 1579 1109 1603 Sicut
1121 1578 1208 1611 igitur
1223 1578 1334 1610 (autem)

257 1644 287 1662 se
305 1637 385 1662 babet
403 1637 519 1669 primum
537 1635 710 1659 intellectuale
729 1634 761 1658 ad
775 1633 889 1665 primum
909 1631 1079 1660 intellectum,
1092 1630 1127 1654 ita
1146 1636 1175 1652 se
1193 1628 1271 1653 habet
1285 1628 1335 1663 pri-

255 1695 330 1713 mum
350 1686 490 1720 appetibile
509 1686 542 1710 ad
560 1686 676 1717 primum
695 1684 841 1717 appetitum
859 1681 1056 1714 intelligibilem,
1075 1681 1119 1712 qui
1145 1686 1186 1704 est
1203 1680 1334 1703 voluntas.

257 1738 376 1764 Primum
395 1743 484 1763 autem
507 1736 683 1761 intellectuale
707 1740 747 1759 est
770 1735 826 1767 ipse
849 1734 951 1766 primus
974 1732 1129 1762 intellectus,
1153 1731 1241 1754 nullus
1265 1730 1335 1754 enim

257 1790 389 1824 posterior
407 1788 556 1812 intellectus
575 1787 599 1811 ei
617 1786 788 1818 adaequatur.
801 1785 872 1817 Ergo
885 1790 910 1808 et
929 1784 1043 1816 primum
1062 1782 1201 1815 appetibile
1221 1786 1261 1806 est
1280 1782 1337 1814 ipsa

257 1840 381 1866 voluntas
400 1839 492 1872 prima,
507 1845 554 1862 nec
567 1838 662 1870 aliquis
675 1837 806 1869 appetitus
818 1835 949 1868 posterior
963 1835 1050 1867 ipsum
1065 1834 1200 1866 adaequat.
1214 1833 1240 1857 Si
1260 1833 1335 1865 igitur

258 1893 330 1918 idem
348 1898 390 1917 est
408 1892 523 1924 primum
541 1890 717 1915 intellectuale
737 1894 762 1913 et
781 1889 895 1921 primum
914 1887 1062 1920 appetibile,
1082 1886 1151 1909 idem
1171 1885 1218 1909 erit
1236 1885 1338 1917 primus

258 1945 408 1971 intellectus
427 1949 453 1968 et
471 1942 556 1975 prima
574 1942 705 1972 voluntas,
724 1945 750 1964 et
768 1941 869 1972 primus
893 1939 1041 1971 intelligens
1060 1943 1086 1962 et
1105 1944 1219 1970 primum
1237 1937 1339 1962 volens.

259 1996 378 2022 Primum
404 2001 492 2020 autem
521 1994 669 2026 intelligens
687 1992 761 2016 Deus
786 1997 834 2015 est.
854 1990 926 2015 Deus
950 1990 1027 2022 igitur
1046 1994 1086 2013 est
1104 1989 1196 2012 volens
1214 1988 1339 2020 primum.

259 2047 278 2085 ξ
293 2045 471 2075 Praeterea.
489 2041 608 2072 Forma
623 2050 682 2081 per
696 2039 899 2070 intellectum
915 2037 1117 2067 considerata
1136 2046 1204 2067 non
1227 2041 1340 2066 movet

258 2106 321 2128 nec
337 2094 461 2135 aliquid
477 2098 588 2124 causat
610 2093 673 2123 nisi
695 2095 732 2120 ad
752 2094 917 2119 voluntatem
937 2099 967 2117 re
981 2088 1145 2119 mediante
1162 2088 1339 2123 voluntate,

260 2159 322 2177 cum
341 2152 410 2176 enim
429 2150 547 2182 operatio
561 2155 592 2173 ex
605 2146 657 2172 line
676 2147 829 2179 dependeat,
842 2146 887 2178 qui
897 2150 986 2170 movet
1005 2143 1168 2174 efficientem,
1181 2142 1239 2168 finis
1253 2150 1340 2168 autem

261 2202 356 2228 babeat
373 2202 502 2227 rationein
523 2199 592 2229 boni,
605 2191 717 2231 'oportet
734 2198 847 2222 formam
871 2197 1028 2221 intellectam
1047 2196 1176 2220 rationem
1195 2195 1256 2220 boni
1276 2195 1340 2219 acci-

260 2262 324 2288 pere
342 2255 375 2279 ad
393 2253 444 2278 boc
463 2253 536 2286 quod
555 2252 588 2276 sit
605 2251 764 2283 operationis
783 2248 948 2282 principium.
961 2248 1028 2272 sicut
1041 2252 1067 2272 et
1083 2247 1140 2272 alia
1159 2247 1223 2271 aliae
1241 2246 1341 2271 formae

261 2308 359 2333 activae
378 2311 440 2331 sunt
452 2305 611 2338 operationis
631 2303 784 2336 principium
797 2303 954 2334 inquantum
967 2305 1030 2325 sunt
1047 2305 1120 2324 actus
1140 2299 1247 2332 quidam
1260 2307 1340 2332 agen-

260 2358 326 2382 tium
337 2357 513 2390 perfectorum
528 2363 573 2388 per
587 2362 631 2379 eas
651 2353 693 2385 <et
706 2361 737 2378 ex
755 2352 822 2383 hoc>
838 2351 994 2386 tsecundum
1007 2351 1090 2384 quod)
1103 2350 1200 2375 habent
1213 2351 1340 2374 rationem

262 2409 332 2435 boni.
352 2409 450 2433 Forma
467 2412 555 2431 autem
573 2406 721 2430 intellectus
746 2405 838 2438 accipit
856 2405 983 2428 rationem
1008 2403 1069 2428 boni
1089 2410 1120 2427 ex
1138 2402 1188 2427 hoc
1206 2402 1279 2434 quod
1297 2409 1338 2426 or-

263 2463 322 2488 dine
341 2461 374 2486 ad
392 2461 563 2487 voluntatem,
582 2458 656 2483 cuius
674 2457 808 2481 obiectum
822 2461 863 2486 est
875 2456 986 2480 bonum.
999 2455 1112 2488 Oportet
1130 2454 1207 2488 igitur
1225 2454 1337 2479 sormam

262 2514 422 2539 intellectam
441 2512 472 2536 ad
492 2511 654 2535 voluntatem
667 2508 756 2533 referri
768 2508 818 2532 sub
839 2507 1004 2539 (voluntate)
1024 2507 1147 2540 (ratione)
1161 2506 1230 2536 boni.
1244 2506 1275 2530 ad
1290 2506 1341 2531 hoe

263 2567 336 2599 quod
357 2565 391 2590 sit
410 2564 518 2589 alicuius
542 2569 620 2587 causa
645 2558 752 2598 (cuius
776 2557 944 2587 obiectum
974 2561 1021 2586 est
1045 2554 1118 2584 finis
1147 2560 1179 2584 et
1203 2554 1340 2590 bonum,

263 2624 281 2644 a
305 2623 374 2654 quo
397 2617 550 2642 movetur
565 2610 682 2650 aliquis
698 2608 739 2639 ad
761 2607 950 2648 agendum.)
976 2606 1071 2638 Unde
1095 2610 1163 2643 apud
1181 2617 1230 2634 nos
1246 2606 1340 2636 intel-

262 2667 366 2696 lectus
397 2663 615 2705 speculativus
644 2670 714 2691 non
740 2666 863 2696 movet,
890 2668 999 2699 neque
1026 2658 1224 2699 ymaginatio
1249 2666 1340 2697 pura,

263 2718 386 2758 absque
403 2714 638 2746 exstimatione.
656 2711 720 2742 Sed
736 2712 841 2742 forma
857 2711 1039 2741 intellectus
1056 2709 1156 2739 divini
1180 2715 1227 2738 est
1243 2717 1340 2738 causa

264 2778 291 2797 et
309 2774 419 2798 motus
443 2772 475 2796 et
499 2774 568 2796 esse
591 2765 625 2794 in
649 2764 718 2794 aliis
742 2768 806 2791 haec
825 2766 896 2790 enim
914 2765 998 2789 forma
1017 2770 1057 2789 est
1079 2765 1191 2796 ipsemet
1210 2765 1240 2787 ut
1257 2769 1342 2794 supra

264 2825 308 2857 qui
327 2830 375 2856 per
393 2829 422 2846 se
441 2826 482 2846 est
500 2827 610 2845 necesse
629 2826 697 2848 esse,
711 2826 726 2842 a
744 2826 798 2851 quo
811 2818 941 2850 dependet
959 2824 1039 2842 omne
1057 2817 1131 2849 quod
1149 2816 1219 2841 aliud
1231 2815 1263 2840 ab
1282 2815 1341 2847 ipso

265 2872 343 2913 (agit
359 2870 447 2900 enim
460 2878 510 2899 res
521 2877 580 2908 per
596 2867 809 2904 intellectum,
821 2872 858 2896 ut
876 2864 959 2895 infra
975 2863 1188 2904 ostendetur.)
1203 2863 1342 2903 Oportet

263 2923 361 2963 igitur
385 2921 476 2961 quod
499 2923 626 2948 referatur
644 2922 677 2946 ad
699 2923 870 2952 voluntatem,
893 2925 920 2944 et
947 2920 984 2944 sic
1007 2923 1112 2951 oportet
1135 2918 1206 2951 quod
1231 2918 1258 2942 in
1283 2918 1341 2950 ipso

263 2976 333 3015 ipse
358 2974 397 3003 sit
421 2972 544 3002 volens.
569 2971 586 2987 ι’
602 2971 620 3009 §
637 2969 728 3000 Item.
753 2973 782 2997 In
799 2973 872 2997 omni
890 2978 980 2996 rerum
1001 2970 1195 2995 coordinatione
1219 2969 1244 2994 id
1269 2969 1342 3001 quod

264 3035 305 3054 est
327 3029 400 3061 prius
423 3027 508 3060 magis
527 3025 651 3058 competit
674 3025 761 3057 primo
783 3023 934 3055 simplicitet·
957 3030 1037 3055 quam
1057 3022 1082 3046 id
1102 3021 1174 3054 quod
1193 3026 1233 3046 est
1251 3025 1341 3054 poste-

264 3082 331 3106 rius:
350 3080 420 3104 unde
439 3079 554 3112 primum
573 3077 724 3110 simpliciter
742 3081 782 3100 est
801 3075 946 3100 substantia
968 3079 994 3098 et
1018 3074 1130 3106 simplex
1154 3077 1179 3098 et
1202 3080 1249 3098 ens
1274 3077 1341 3104 actu,

265 3133 328 3158 baec
348 3131 462 3157 enimin
486 3130 540 3155 suis
560 3127 798 3154 coordinationibus
822 3131 883 3151 sunt
905 3126 960 3150 aliis
984 3125 1079 3157 priora.
1108 3124 1159 3149 Sed
1183 3121 1219 3150 In
1243 3121 1342 3150 virtu-

263 3183 350 3212 tibus
373 3179 504 3210 motivis
522 3178 568 3218 (in
585 3178 600 3194 ³*
620 3176 814 3206 habentibus
828 3174 1043 3214 intellectum)
1061 3173 1164 3213 prima
1180 3172 1342 3202 invenitur

263 3232 426 3270 voluntas,
439 3234 510 3267 prior
522 3232 601 3258 etiam
613 3231 744 3255 intellectu
758 3230 783 3254 in
796 3229 936 3259 movendo,
949 3233 1026 3254 nam
1042 3223 1191 3254 voluntas
1208 3231 1342 3252 omnem

2385 175 2455 212 31*

1386 265 1479 295 agere
1503 263 1746 295 quamcumque
1770 255 1942 285 actionem.
1959 255 2068 286 Primo
2085 256 2181 296 igitur
2197 257 2303 296 agenti
2318 257 2457 287 maxime

1384 308 1541 348 competit
1557 317 1615 348 per
1630 307 1831 338 voluntatem
1849 317 1941 348 agere
1961 307 2026 350 (cui
2042 309 2181 338 maxime
2199 308 2350 338 convenit
2361 309 2378 324 ἢ*
2401 317 2458 348 per

1385 369 1418 389 se
1435 357 1553 399 agere).
1571 360 1589 397 ἓ
1607 359 1767 399 Amplius.
1785 362 1901 387 Primum
1922 371 2030 388 movens
2051 364 2123 389 nullo
2142 364 2222 388 modo
2241 369 2342 389 motum
2361 369 2402 389 est
2414 371 2457 397 ap—

1384 413 1500 446 petibile.
1520 413 1592 438 Deus
1612 413 1698 438 au'tem
1715 419 1755 438 est
1767 413 1916 439 huiusmodi
1935 422 2054 439 movens.
2067 415 2137 448 Ergo
2151 420 2191 440 est
2209 415 2354 447 appetibile,
2373 420 2400 440 et
2411 423 2458 448 per

1352 477 1360 497 ς
1386 473 1550 498 consequens
1569 465 1635 490 finis.
1661 462 1748 492 Finis
1768 470 1855 489 autem
1875 467 1906 492 et
1930 471 2027 502 agens
2044 462 2083 492 ad
2099 462 2197 492 finem
2218 472 2345 502 semper
2361 464 2457 493 unius

1386 513 1506 543 ordinis
1522 513 1731 543 inveniuntur
1746 513 1779 542 in
1796 513 1901 543 rebus.
1915 513 2009 544 Unde
2023 537 2030 543 .
2043 537 2050 543 .
2064 537 2070 543 .
2085 514 2115 543 in
2134 513 2360 544 artificialibus.
2374 513 2458 544 Nam

1386 564 1490 594 forma
1515 565 1588 594 artis
1608 571 1648 593 est
1666 575 1711 600 spe
1730 573 1787 604 per
1812 574 1910 604 quam
1935 564 2045 594 artifex
2070 566 2133 604 agit
2157 570 2205 594 est
2221 570 2316 603 forma
2334 566 2458 605 species

1386 615 1509 645 formae
1523 625 1605 655 quae
1619 621 1665 645 est
1682 617 1714 645 in
1731 616 1873 651 materia,
1891 625 1975 655 quae
1992 622 2038 645 est
2054 615 2127 646 finis
2143 615 2280 646 artificis.
2299 616 2340 646 Et
2350 616 2459 646 ‘forma

1385 668 1467 707 ignis
1479 691 1486 697 .
1497 691 1504 697 .
1517 690 1524 696 .
1541 667 1717 707 ignitionis.
1736 667 1807 696 Deo
1825 672 1932 696 autern
1949 667 2027 696 nihil
2045 667 2252 697 coordinatur
2268 668 2359 707 quasi
2375 668 2459 697 eius-

1347 734 1372 748 ιο
1387 719 1460 749 dem
1478 718 1599 748 ordinis
1615 719 1676 748 nisi
1699 719 1768 758 ipse
1788 727 1816 747 ut
1828 730 1906 754 supra
1925 723 2062 755 probatum
2076 729 2127 748 est:
2147 719 2222 749 alias
2244 724 2350 749 essent
2368 718 2460 758 plura

1386 771 1500 810 prima,
1518 771 1610 800 cuius
1627 770 1823 800 contrarium
1845 779 1940 809 supra
1957 775 2123 800 ostensum
2141 777 2197 801 est.
2215 771 2285 810 Ipse
2303 775 2349 800 est
2364 770 2460 810 igitur

1387 822 1529 861 primum
1560 830 1657 861 agens
1682 826 1815 861 propter
1838 820 1936 851 finem
1967 826 2039 857 quod
2059 823 2115 862 qui
2143 828 2189 852 est
2213 822 2360 862 ipsemet.
2389 821 2460 860 lpse

1387 873 1484 912 igitur
1501 895 1507 901 .
1524 895 1530 901 .
1546 895 1553 902 .
1571 873 1603 902 in
1629 872 1700 902 Deo
1725 872 1884 911 voluntas.
1910 874 1927 911 ξ
1944 873 2037 902 Hanc
2054 878 2162 902 autem
2183 873 2241 902 Dei
2259 872 2460 902 voluntatem

1388 926 1524 951 innumera
1552 923 1726 962 scripturae
1757 933 1862 953 sacrae
1893 924 2077 953 testimonia
2105 922 2310 952 confitentur.
2336 921 2461 952 Dicitur

1349 992 1370 1011 ,ς
1389 974 1476 1003 enim
1505 974 1537 1004 in
1566 983 1625 1014 ps,
1651 973 1769 1004 Omnia
1793 983 2021 1014 quaecumque
2050 974 2152 1004 voluit
2180 973 2340 1003 Dominus
2369 971 2461 1008 fecit;

1389 1031 1420 1055 et
1444 1034 1490 1055 ro.
1516 1035 1556 1061 lx,
1588 1025 1755 1055 Voluntati
1780 1025 1848 1055 eius
1879 1026 1951 1065 quis
1975 1025 2100 1061 resistit,
2125 1033 2151 1053 et
2173 1028 2222 1053 alia
2241 1032 2301 1052 sunt
2319 1028 2462 1057 innumera,

1389 1087 1458 1112 quae
1476 1080 1584 1112 longum
1604 1081 1736 1112 prosequi,
1756 1085 1781 1105 et
1797 1081 1855 1104 ideo
1875 1080 2040 1105 demittantur
2060 1081 2092 1105 ad
2111 1087 2245 1113 praesens.

1429 1180 1511 1221 Cap.
1536 1182 1676 1212 LXXIII.
1703 1182 1799 1220 Quon
1824 1192 1986 1212 VOLUNTAS
2010 1183 2071 1212 Dm
2095 1192 2149 1212 EST
2173 1192 2240 1212 atus
2264 1163 2419 1212 assaumis.

1349 1240 1375 1254 20

1434 1277 1452 1314 §
1476 1276 1523 1306 Ex
1557 1277 1620 1306 hoc
1652 1283 1759 1306 autem
1794 1282 1926 1316 apparet
1954 1276 2044 1316 quod
2073 1287 2129 1306 sua
2154 1276 2302 1307 voluntas
2326 1285 2393 1306 non
2419 1281 2466 1306 est

1390 1326 1476 1357 allud
1502 1337 1599 1367 quarn
1619 1337 1675 1357 sua
1692 1329 1839 1358 essentia.
1865 1332 1977 1365 Oportet
1996 1332 2064 1356 enim
2084 1331 2245 1356 voluntatem
2262 1331 2319 1362 Dei,
2338 1338 2407 1364 quae
2425 1335 2466 1355 est

1391 1383 1504 1415 primum
1524 1390 1636 1415 operans
1655 1388 1761 1416 propter
1779 1382 1868 1415 finem,
1887 1391 1946 1409 esse
1967 1384 2146 1408 coci-dinatum
2170 1383 2226 1407 eius
2249 1381 2293 1407 fini
2321 1382 2464 1406 secundum

1391 1433 1576 1465 aequalitatem
1595 1433 1618 1458 ei
1631 1433 1808 1466 respondens.
1822 1434 1958 1458 Essentiae
1977 1438 2065 1458 autem
2085 1433 2194 1462 divinae,
2208 1439 2276 1465 quae
2295 1436 2335 1456 est
2352 1432 2465 1464 primum

1351 1497 1374 1517 ²5
1392 1485 1531 1518 appetibile
1551 1490 1576 1510 et
1595 1485 1709 1518 primum
1730 1490 1755 1510 et
1773 1485 1917 1518 pei-fectum
1936 1485 2044 1515 bonum,
2058 1485 2119 1510 nihil
2133 1490 2173 1510 est
2192 1484 2300 1517 aequale
2319 1484 2391 1516 quod
2414 1490 2466 1508 non

1391 1537 1424 1561 sit
1442 1537 1507 1569 ipsa.
1533 1532 1617 1573 (Deo
1635 1533 1723 1563 enim
1749 1534 1902 1563 convenit
1927 1542 1995 1563 esse
2019 1532 2184 1563 volentem
2208 1533 2403 1571 inquantum
2420 1535 2467 1560 est

1391 1585 1584 1624 intelligens,
1605 1591 1645 1613 est
1663 1590 1752 1612 autem
1773 1587 1836 1618 inte,
1856 1590 1892 1614 ut
1908 1590 2074 1614 ostensum
2096 1590 2152 1614 est.
2170 1584 2227 1613 Est
2243 1588 2351 1613 autem
2374 1582 2467 1612 intel-

1393 1636 1494 1676 ligens
1520 1645 1577 1675 per
1602 1636 1773 1666 essentiam
1798 1645 1900 1674 suam,
1924 1641 1960 1665 ut
1984 1645 2079 1675 supra
2103 1635 2276 1674 probatum
2300 1639 2356 1664 est.
2381 1634 2467 1673 Ergo

1394 1694 1425 1718 et
1448 1686 1586 1728 volens.)
1611 1687 1667 1717 Est
1691 1688 1787 1726 igitur
1812 1687 1961 1717 voluntas
1986 1687 2046 1716 Dei
2072 1687 2140 1716 eius
2169 1687 2314 1716 essentia.
2339 1688 2468 1722 §Adime

1355 1748 1380 1767 3⁰
1394 1743 1523 1768 Voluntas
1548 1743 1604 1767 Deo
1629 1743 1752 1775 competit
1775 1743 1930 1775 inquantum
1954 1748 1995 1767 est
2018 1743 2172 1775 intelligens.
2197 1743 2248 1767 Sed
2273 1742 2287 1757 ⁸
2301 1743 2326 1766 in
2345 1749 2377 1766 eo
2401 1741 2468 1765 idem

1394 1799 1436 1819 est
1454 1795 1597 1827 intelligere
1616 1799 1641 1819 et
1661 1802 1729 1824 esse,
1749 1799 1776 1818 ut
1796 1801 1875 1826 supra
1893 1799 2029 1818 ostensum
2050 1798 2098 1819 est.
2117 1793 2187 1825 Ergo
2207 1793 2282 1817 etiam
2302 1793 2371 1816 velle
2389 1792 2470 1824 ipsius

1394 1853 1447 1870 non
1466 1850 1506 1870 est
1527 1845 1596 1870 aliud
1615 1852 1695 1878 quam
1715 1852 1792 1869 suum
1812 1852 1880 1869 esse.
1900 1844 1916 1877 ἕ
1931 1844 2061 1876 Amplius.
2081 1843 2196 1868 Primum
2217 1851 2263 1868 ens
2286 1848 2390 1876 oportet
2412 1850 2471 1867 esse

1394 1896 1623 1930 perfectissimum,
1647 1901 1675 1920 ut
1694 1903 1774 1927 supra
1797 1900 1936 1920 ostensum
1959 1900 2008 1920 est.
2032 1894 2099 1920 Nihil
2124 1895 2199 1927 igitur
2218 1899 2304 1927 potest
2327 1894 2470 1927 comparari

1394 1948 1426 1972 ad
1445 1948 1532 1980 ipsum
1552 1948 1619 1972 sicut
1637 1947 1760 1980 perfectio
1779 1947 1860 1979 ipsius
1889 1947 1960 1979 quod
1987 1947 2019 1971 sit
2038 1946 2106 1971 aliud
2131 1946 2163 1971 ab
2183 1953 2224 1971 eo.
2247 1945 2317 1971 Velle
2335 1949 2425 1970 autem
2444 1948 2471 1970 et

1355 2006 1377 2026 ις
1395 1999 1545 2033 intelligere
1556 2001 1619 2024 sunt
1635 1998 1823 2032 perfectiones,
1838 1999 1892 2024 Sed
1905 1999 1986 2023 Actus
1999 2003 2086 2023 autem
2105 1998 2148 2030 qui
2168 2002 2207 2022 est
2226 1997 2342 2030 operatio
2361 2002 2401 2021 est
2412 2004 2470 2029 per-

1394 2049 1471 2074 fectio
1489 2050 1629 2082 operantis,
1650 2054 1675 2074 et
1693 2050 1833 2082 praecipue
1851 2049 1918 2074 velle
1938 2054 1963 2073 et
1981 2049 2136 2082 intelligere:
2161 2056 2220 2073 cum
2239 2048 2308 2073 enim
2322 2056 2374 2073 non
2386 2052 2470 2072 trans-

1395 2106 1455 2126 eant
1473 2102 1498 2126 in
1517 2101 1670 2126 exteriorem
1690 2101 1824 2126 materiam
1844 2101 1891 2125 sed
1910 2105 2031 2125 maneant
2049 2101 2074 2125 in
2093 2105 2225 2133 operante,
2247 2107 2300 2124 non
2318 2104 2380 2124 sunt
2398 2104 2470 2124 actus

1395 2153 1502 2178 alicuius
1521 2153 1600 2186 passi,
1620 2153 1686 2177 sicut
1705 2157 1793 2177 motus
1806 2157 1847 2176 est
1865 2157 1938 2177 actus
1952 2151 2056 2176 mobilis
2069 2159 2083 2176 a
2096 2155 2226 2180 movente,
2239 2150 2286 2175 sed
2305 2150 2391 2181 solum
2409 2154 2471 2174 sunt

1396 2210 1469 2229 actus
1491 2204 1633 2236 operantis.
1651 2203 1818 2236 Impossibile
1841 2208 1880 2228 est
1901 2203 1977 2236 igitur
1996 2203 2067 2236 quod
2091 2202 2158 2227 velle
2183 2202 2259 2235 primi
2280 2201 2354 2231 entis,
2373 2201 2471 2225 scilicet

1356 2264 1383 2284 4ο
1396 2256 1453 2286 Dei,
1472 2256 1506 2280 sit
1525 2255 1595 2280 aliud
1610 2255 1641 2280 ab
1656 2262 1716 2280 esse
1734 2255 1800 2280 eius.
1818 2254 1834 2287 5
1848 2254 1992 2279 Praeterea.
2011 2254 2077 2279 lllud
2097 2254 2167 2287 quod
2187 2258 2228 2278 est
2245 2261 2292 2286 pet·
2306 2260 2335 2278 se
2354 2257 2425 2277 stans
2445 2253 2470 2277 in

1397 2307 1515 2341 quolibet
1532 2314 1628 2341 genere
1647 2313 1687 2332 εει
1699 2307 1771 2340 prius
1791 2314 1823 2332 eo
1836 2307 1908 2339 quod
1921 2311 1961 2330 est
1979 2307 2004 2330 in
2018 2306 2081 2330 alio:
2100 2305 2169 2330 unde
2187 2311 2247 2329 esse
2265 2303 2321 2335 Dei,
2340 2304 2411 2336 quod
2430 2307 2472 2327 est

1396 2360 1520 2393 primum.
1543 2364 1584 2384 εει
1609 2366 1668 2384 esse
1692 2366 1739 2392 per
1758 2366 1787 2383 se
1806 2364 1887 2388 stans,
1912 2365 1972 2383 esse
1991 2363 2078 2383 autem
2097 2357 2124 2382 in
2151 2356 2288 2381 cuiuslibet
2306 2356 2411 2380 alterius
2430 2359 2471 2379 est

1397 2420 1457 2437 esse
1483 2413 1507 2436 in
1527 2412 1610 2436 altero
1631 2416 1774 2444 receptum.
1799 2411 1870 2435 Sicut
1892 2415 1979 2435 autem
2003 2409 2074 2434 Deus
2099 2414 2139 2433 est
2162 2408 2275 2440 primum
2299 2415 2356 2438 ens,
2374 2407 2408 2431 ita
2431 2411 2472 2431 est

1397 2464 1497 2496 primus
1521 2463 1623 2488 volens.
1644 2462 1714 2495 Ergo
1739 2462 1816 2487 etiam
1835 2468 1891 2486 esse
1909 2469 1923 2486 s
1946 2461 2015 2485 velle
2035 2467 2113 2485 suum
2137 2467 2190 2484 non
2213 2464 2253 2484 est
2275 2459 2302 2484 in
2326 2448 2376 2483 alio
2398 2466 2470 2483 rece-

1355 2517 1380 2538 45
1396 2521 1480 2549 ptum,
1500 2515 1546 2539 sed
1566 2519 1607 2539 εει
1626 2522 1672 2547 per
1695 2522 1724 2539 se
1743 2519 1824 2539 stans.
1844 2513 1904 2546 Ipse
1926 2513 2002 2545 igitur
2021 2517 2061 2537 est
2080 2519 2157 2536 suum
2176 2511 2254 2536 velle.
2273 2510 2289 2543 ἓ
2303 2510 2377 2535 Item.
2399 2509 2470 2534 Deus

1397 2570 1438 2591 est
1456 2573 1534 2590 suum
1553 2572 1622 2591 esse.
1642 2564 1772 2597 Quicquid
1792 2565 1868 2596 igitui-
1887 2562 2007 2588 convenit
2025 2563 2076 2587 enti
2101 2563 2254 2595 inquantum
2278 2567 2319 2586 est
2342 2568 2398 2590 ens,
2421 2560 2470 2585 hoc

1397 2625 1449 2642 non
1474 2622 1515 2641 est
1533 2616 1651 2642 additum
1671 2616 1771 2640 divinae
1790 2615 1957 2644 substantiae,
1977 2614 2024 2638 sed
2043 2619 2084 2638 est
2095 2614 2153 2646 ipsa
2172 2613 2227 2637 eius
2245 2612 2398 2637 substantia.
2417 2611 2469 2636 Vo-

1396 2669 1482 2693 luntas
1507 2673 1594 2693 autem
1614 2675 1668 2700 qua
1690 2667 1747 2691 vult
1768 2674 1798 2691 se
1817 2673 1876 2691 esse
1900 2665 2021 2690 convenit
2040 2665 2096 2690 Deo
2121 2665 2275 2697 inquantum
2300 2667 2340 2687 est
2363 2670 2418 2691 ens,
2441 2667 2470 2687 ut

1395 2727 1476 2752 supra
1499 2725 1638 2744 ostensum
1658 2724 1706 2743 est.
1725 2718 1805 2751 Igitur
1823 2717 1910 2742 divina
1927 2717 2047 2741 voluntas
2067 2721 2108 2740 est
2131 2716 2187 2740 eius
2206 2714 2359 2739 substantia.
2378 2713 2394 2746 ξ
2405 2714 2469 2738 Am-

1357 2773 1383 2794 50
1396 2771 1473 2803 plius.
1493 2771 1572 2795 Primi
1591 2770 1722 2803 operantis
1742 2774 1783 2794 est
1808 2764 1879 2802 quod
1904 2776 1952 2801 per
1975 2775 2050 2793 suam
2077 2767 2216 2792 essentiam
2240 2770 2374 2798 operetur:
2398 2765 2470 2798 quod

1396 2822 1466 2846 enim
1485 2825 1610 2854 operatur
1628 2828 1675 2853 per
1692 2820 1815 2844 virtutem
1839 2826 1907 2852 quae
1930 2826 1983 2843 non
2007 2823 2046 2843 est
2072 2826 2119 2842 sua
2142 2818 2264 2848 essentia,
2282 2822 2405 2849 operatur
2423 2823 2470 2849 per

1396 2873 1494 2905 aliquid
1509 2872 1688 2904 participatum
1701 2878 1731 2896 ex
1749 2871 1844 2895 virtute
1863 2871 1977 2899 alterius,
1989 2870 2053 2894 alias
2073 2870 2141 2894 enim
2161 2876 2209 2893 sua
2227 2869 2340 2893 essentia
2358 2872 2429 2892 esset
2447 2867 2470 2891 ei

1397 2922 1528 2948 sufficiens
1551 2923 1584 2947 ad
1606 2923 1794 2956 operationem,
1814 2922 1886 2947 cuius
1906 2921 2060 2954 principium
2079 2923 2186 2952 oportet
2208 2927 2264 2945 esse
2283 2918 2378 2944 sufficit
2396 2919 2418 2943 si
2437 2919 2471 2943 sit

1397 2983 1443 3000 ens
1463 2979 1521 3000 actu
1541 2975 1687 3000 secundum
1706 2981 1790 3006 genus
1809 2973 1881 2998 illud.
1907 2972 2024 2997 Primum
2043 2977 2129 2996 autem
2147 2978 2259 3003 operans
2278 2978 2331 2994 non
2348 2974 2471 3002 operatur

1357 3030 1380 3050 55
1396 3028 1422 3052 in
1440 3028 1534 3052 virtute
1553 3026 1669 3057 alterius,
1689 3026 1736 3050 sed
1755 3025 1838 3057 magis
1858 3024 1907 3049 alia
1926 3031 1993 3056 quae
2012 3028 2072 3047 sunt
2091 3027 2151 3054 post
2174 3022 2262 3055 ipsum
2285 3026 2426 3054 operantur
2444 3021 2470 3045 in

1396 3080 1490 3104 virtute
1509 3079 1599 3111 ipsius,
1619 3083 1648 3103 ut
1666 3077 1790 3111 probatur
1809 3077 1835 3101 in
1854 3076 1922 3101 libro
1941 3075 1973 3100 de
1992 3075 2086 3099 causis.
2109 3074 2184 3099 Velle
2203 3078 2290 3098 autem
2308 3072 2355 3098 Dei
2375 3072 2470 3097 intelli-

1397 3131 1464 3163 gitur
1477 3135 1505 3155 ut
1517 3129 1646 3162 quaedam
1666 3128 1783 3161 operatio
1798 3126 1885 3158 primi
1896 3134 1912 3151 ο
1931 3126 1986 3151 eius
2000 3126 2044 3158 qui
2064 3130 2104 3149 est
2122 3125 2235 3157 primum
2253 3131 2374 3156 operans.
2393 3123 2471 3155 Igitur

1397 3189 1448 3206 non
1463 3185 1503 3206 est
1516 3187 1563 3213 per
1582 3181 1704 3204 virtutem
1723 3179 1837 3211 aliquam
1852 3177 1964 3202 additam
1984 3176 2111 3201 essentiae
2131 3176 2194 3200 eius.
2210 3175 2299 3199 Virtus
2318 3179 2406 3199 autem
2424 3181 2472 3206 per

1397 3239 1477 3264 quam
1496 3232 1628 3262 volumm,
1649 3235 1689 3255 est
1707 3230 1764 3262 ipsa
1786 3229 1916 3253 voluntas.
1935 3228 1983 3252 Dei
2007 3228 2083 3259 igitur
2105 3227 2226 3251 voluntas
2244 3233 2297 3250 non
2316 3230 2356 3250 est
2374 3225 2471 3257 aliquid

263 3283 446 3326 POtentiam
462 3280 603 3321 applicat
619 3278 659 3309 ad
676 3287 773 3308 suum
795 3283 914 3315 aetum,
930 3275 1140 3315 intelligi-mus
1161 3275 1249 3305 enin]
1265 3274 1342 3314 qnia
1355 3285 1383 3304 6⁰
1397 3283 1514 3308 additum
1533 3282 1634 3307 divinae
1658 3281 1827 3306 substantiae.
1846 3280 1862 3313 ξ
1875 3279 1976 3304 Adhuc.
2002 3279 2130 3304 Divinum
2158 3284 2215 3303 esse
2236 3281 2276 3303 est
2301 3277 2392 3302 Divina
2409 3276 2471 3301 sub-

264 3335 430 3371 volumus,
455 3339 482 3362 et
508 3341 602 3361 sensus
630 3334 712 3359 sentit
745 3337 771 3357 et
801 3331 930 3356 sentimus
955 3333 986 3357 et
1013 3325 1238 3367 ymaginamur
1265 3326 1341 3365 quia

264 3387 430 3425 volumus,
454 3390 486 3416 et
509 3385 555 3414 sic
580 3382 620 3413 de
644 3382 723 3418 aliis,
740 3384 863 3417 quamvis
883 3383 1030 3408 seeundum
1054 3382 1188 3407 rationem
1206 3387 1305 3406 causae
1316 3381 1342 3413 fi

266 3445 298 3470 et
320 3439 386 3469 hoc
409 3438 506 3468 habet
529 3435 606 3476 quia
630 3434 796 3464 obiectum
820 3434 888 3462 eius
905 3438 953 3462 est
972 3430 1058 3467 finis;
1084 3430 1232 3470 quamvis
1247 3428 1342 3458 intel-

265 3491 380 3527 lectus,
407 3498 477 3520 non
500 3487 682 3520 secundum
709 3485 846 3516 modum
875 3493 989 3514 causae
1017 3482 1183 3513 efficientis
1211 3487 1242 3511 et
1269 3489 1341 3510 mo-

1397 3334 1490 3359 stantia
1504 3339 1544 3358 est
1555 3333 1735 3358 universaliter
1746 3331 1890 3364 perfectum
1903 3330 1927 3361 *,
1943 3333 1974 3355 ut
1984 3337 2068 3362 supra
2080 3332 2177 3359 ostens,
2191 3330 2216 3353 in
2229 3328 2278 3353 hoc
2291 3328 2363 3361 quod
2376 3328 2403 3352 in
2415 3328 2472 3360 ipsa

1396 3392 1490 3410 omnes
1509 3384 1681 3417 perfectiones
1695 3390 1762 3416 quae
1782 3383 1874 3407 decent
1890 3382 2004 3413 primum
2023 3381 2177 3414 principium
2195 3380 2326 3408 uniuntur,
2343 3384 2374 3404 ut
2391 3386 2471 3412 supra

1396 3441 1533 3461 ostensum
1553 3440 1602 3460 est.
1620 3435 1747 3459 Voluntas
1767 3438 1855 3459 autem
1879 3438 1920 3457 est
1942 3432 1999 3457 Deo
2020 3432 2187 3461 conveniens.
2210 3435 2239 3455 ut
2261 3435 2399 3455 ostensum
2422 3434 2471 3455 est.

1397 3488 1476 3521 Igitur
1495 3487 1551 3519 ipsa
1570 3486 1709 3511 includitur
1727 3485 1754 3509 in
1772 3484 1930 3517 perfectione
1949 3483 2050 3507 divinae
2071 3482 2239 3506 substantiae.
2261 3481 2319 3506 Non
2342 3486 2384 3506 est
2408 3487 2471 3513 ergo

265 3542 381 3581 ventis,
397 3540 455 3572 sed
469 3539 652 3571 secundum
668 3536 805 3567 modum
823 3544 936 3566 causae
952 3533 1066 3570 finalis,
1083 3538 1212 3563 moveat
1225 3531 1342 3562 volun·
1355 3543 1380 3568 ες
1397 3537 1494 3570 aliquid
1514 3537 1536 3561 ei
1556 3536 1680 3561 additum.
1705 3532 1721 3547 θ
1745 3530 1776 3572 (§
1793 3531 1920 3562 Adhuc.
1944 3530 2033 3561 Sicut
2057 3530 2233 3570 intelligere
2250 3535 2297 3559 est
2312 3528 2470 3569 perfectio

266 3599 367 3625 tatem
389 3592 610 3635 proponendo
641 3590 701 3621 sibi
728 3597 824 3619 suum
855 3588 1032 3624 obiectum,
1064 3583 1154 3625 quod
1182 3590 1229 3614 est
1256 3583 1340 3613 finis.

266 3647 377 3677 Primo
400 3645 498 3686 igitur
521 3646 640 3673 efficienti
663 3654 724 3672 curn
751 3645 885 3670 conveniat
907 3643 1061 3672 intellectus,
1084 3646 1113 3666 ut
1131 3640 1271 3673 probatum
1294 3644 1342 3668 est,

269 3696 443 3739 (moventi)
460 3695 614 3727 convenit
632 3698 657 3722 ei·
675 3694 816 3724 maxime
835 3695 883 3720 sibi
906 3687 1046 3731 (habere)
1072 3691 1193 3716 voluntas
1211 3686 1343 3726 (volun-

266 3747 392 3792 tatem).
416 3750 435 3788 §
450 3748 628 3779 Praeterea.
652 3746 807 3776 Liberum
825 3749 871 3774 est
887 3740 977 3783 quod
993 3740 1042 3771 sui
1062 3748 1158 3770 causa
1178 3744 1234 3774 est,
1251 3743 1282 3768 et
1298 3738 1343 3768 sic

1397 3584 1615 3624 intelligentis,
1639 3584 1683 3613 ita
1707 3588 1738 3613 et
1771 3582 1853 3613 velle
1883 3582 2035 3612 volentis:
2061 3593 2074 3610 s
2096 3586 2273 3620 utrumque
2305 3580 2392 3610 enim
2423 3585 2471 3610 est

1399 3636 1484 3666 actio
1507 3636 1542 3665 in
1566 3639 1681 3675 agente
1705 3643 1850 3669 manens,
1875 3642 1943 3663 non
1967 3638 2074 3663 autem
2100 3632 2256 3662 transiens
2279 3631 2312 3661 in
2337 3629 2471 3670 aliquod

1397 3695 1539 3727 passum,
1565 3686 1647 3715 sicut
1670 3683 1847 3715 calefactio.
1877 3683 1940 3714 Sed
1966 3682 2212 3722 intelligere...
2231 3682 2299 3712 eius
2323 3681 2469 3712 essentia.

1397 3739 1415 3776 §
1431 3737 1592 3777 Amplius.
1620 3735 1707 3766 Cum
1731 3744 1829 3765 omne
1848 3758 1854 3764 .
1870 3757 1878 3764 .
1893 3757 1900 3764 .
1918 3743 1974 3764 sua
1997 3731 2157 3774 essentia.)
2181 3733 2198 3749 ὕ
2214 3733 2232 3771 §
2249 3731 2339 3762 Item.
2356 3731 2390 3762 Si
2412 3740 2470 3760 vo-

267 3802 406 3832 liberum
429 3801 527 3831 habet
549 3799 708 3830 rationem
725 3798 794 3827 eius
811 3794 901 3836 quod
926 3800 972 3824 est
995 3802 1052 3833 per
1073 3801 1116 3827 se,
1142 3799 1166 3819 et
1187 3801 1233 3826 per
1251 3801 1342 3818 conse-
1357 3800 1384 3820 70
1398 3789 1503 3819 luntas
1521 3811 1528 3818 .
1544 3810 1551 3818 .
1567 3811 1574 3818 .
1592 3791 1781 3827 sequeretur
1797 3785 1887 3825 quod
1910 3785 2059 3814 voluntas
2083 3783 2247 3814 adveniret
2263 3783 2292 3813 ei
2311 3782 2402 3822 quusi
2418 3791 2469 3811 ac-

268 3865 353 3891 quens
371 3857 500 3882 rationem
518 3855 622 3888 prioris.
635 3849 795 3880 Voluntas
808 3854 916 3878 autem
933 3846 1038 3887 primo
1054 3844 1149 3874 habet
1165 3842 1343 3872 libertatem

267 3907 301 3936 in
318 3904 456 3946 agendo,
472 3915 534 3933 nam
546 3913 641 3931 omnes
653 3905 719 3930 aliae
733 3905 801 3929 vires
820 3903 917 3928 habent
936 3909 994 3926 eam
1013 3908 1028 3924 a
1045 3899 1186 3927 voluntate,
1205 3895 1343 3932 inquan-

267 3962 340 3988 tum
362 3959 414 3985 li‘be
433 3959 531 3984 scilicet
555 3953 668 3996 (enim)
694 3953 874 3984 voluntarie
901 3950 964 3991 agit
989 3950 1070 3990 quis,
1095 3948 1210 3978 dicitur
1244 3946 1342 3975 libere

342 4067 392 4092 1-3
412 4067 478 4092 Illud
489 4084 495 4090 .
507 4084 513 4090 .
525 4085 531 4091 .
545 4063 660 4098 apparet]
681 4063 717 4088 lta
735 4063 755 4088 Z
774 4063 823 4088 nisi
841 4062 913 4095 quod
933 4061 994 4094 legit
1010 4059 1131 4092 sequitur
1150 4063 1175 4082 et
1193 4063 1246 4081 om.
1265 4058 1299 4080 et.

1398 3839 1508 3870 cidens
1539 3839 1703 3874 subiect0;
1729 3842 1918 3877 sequeretur
1946 3840 2025 3865 etiam
2048 3835 2138 3876 quod
2162 3834 2268 3865 divina
2295 3832 2468 3864 substantia

1397 3895 1640 3931 compararetur
1663 3888 1703 3919 ad
1719 3889 1822 3928 ipsam
1842 3888 1933 3928 quasi
1957 3887 2102 3928 potentia
2127 3885 2166 3916 ad
2183 3891 2307 3920 actum;
2332 3888 2363 3913 et
2379 3881 2468 3922 quod

1399 3948 1481 3973 esset
1514 3941 1710 3982 compositio
1740 3941 1773 3970 in
1806 3939 1896 3976 Deo;
1923 3948 2007 3979 quae
2035 3938 2144 3968 omnia
2168 3945 2262 3976 supra
2289 3933 2468 3973 improbata

2486 315 2494 323 ·
2513 313 2556 335 Vid
2581 313 2609 334 nd
2625 314 2669 336 loc.

2492 1284 2517 1299 22
2527 1284 2537 1299 r
2553 1277 2566 1299 b
2577 1283 2618 1303 ⁴²·
2628 1282 2650 1304 p.
2659 1282 2706 1305 ²¹3·

2497 1743 2603 1759 22Vssi.

2500 3333 2508 3341 ·
2525 3331 2586 3352 Casu
2604 3336 2646 3358 pro
2660 3335 2713 3357 per-

2491 3357 2572 3385 secta.

2499 3535 2523 3550 22
2534 3535 2547 3550 v
2562 3535 2574 3550 a
2589 3534 2635 3555 mg.
2646 3534 2700 3555 sup-

2498 3731 2533 3753 Ib.
2549 3737 2561 3751 a
2575 3736 2611 3757 24.
