2768 4134
672 279 860 317 SUMMA
890 281 1112 320 CONTRA
1140 282 1415 329 GENTILES,
1443 284 1538 320 LIB.
1559 285 1599 330 11,
1631 284 1741 322 CAP.
1763 286 1926 332 XLVIII,
1947 287 2080 324 XLIX.

278 361 394 391 maior.
419 358 505 396 Quia
522 357 613 399 quod
637 359 745 399 aliqua
768 359 880 391 iudicii
904 360 1050 392 libertate
1066 367 1203 398 careant,
1221 372 1289 393 non
1306 368 1353 392 est
1410 372 1449 393 eo
1473 363 1563 404 quod
1591 374 1659 395 non
1684 370 1732 395 est
1758 365 1817 396 sibi
1846 365 2094 398 determinatum
2121 367 2279 398 iudicium
2306 378 2324 398 a
2346 363 2475 406 natura:

541 448 547 453 .
767 450 773 455 .
893 450 899 456 ι
1407 407 1483 438 licet
1498 408 1624 439 libertas
1647 409 1716 449 ipsa
1739 410 1845 449 primo
1861 409 2037 441 formaliter
2060 412 2099 442 sit
2122 412 2156 442 in
2179 413 2356 443 voluntate.
2372 408 2479 450 'Unde

278 455 392 480 natura
415 447 674 479 deternnnatum.
691 467 713 471 —
730 448 838 480 Minor
859 455 956 480 etlam
978 451 1143 490 probatur.
1169 451 1352 482 Intellectus
1407 457 1439 482 et
1455 451 1606 483 definitur
1621 453 1759 484 liberum
1775 455 1940 485 arbitrium
1957 455 2047 496 quod
2066 462 2113 487 est
2136 457 2271 487 liberum
2291 457 2330 487 de
2346 458 2476 489 ratione

277 503 347 525 non
370 492 479 523 solum
502 492 715 533 apprehendit
738 493 802 524 hoc
825 494 876 524 vel
900 495 980 525 illud
1003 495 1139 532 bonum,
1164 495 1220 526 sed
1243 496 1351 536 ipsum
1407 496 1582 527 iudicium:
1598 497 1674 537 quia
1689 498 1811 528 scilicet
1831 504 1878 529 est
1901 499 2058 530 iudicium
2074 501 2212 531 liberum
2228 511 2246 532 a
2262 502 2386 532 ratione
2399 512 2475 543 pro-

278 405 341 436 nisi
365 404 442 444 quia
464 408 520 433 aut
543 403 671 434 nullum
692 403 850 435 iudicium
874 405 1002 442 habent,
1019 412 1075 436 aut
1098 407 1216 437 habent
1239 406 1319 437 illud
1334 417 1353 437 a

278 538 405 569 bonum
421 546 609 568 commune.
634 537 720 577 Ergo
737 547 805 568 non
822 538 1051 570 determinatur
1074 540 1223 571 voluntas
1247 540 1285 570 ab
1302 541 1351 571 in-

277 582 410 613 tellectu
434 587 588 612 movente
607 582 647 612 ad
670 583 734 613 hoc
758 584 808 613 vel
833 583 911 614 illud
935 585 1071 620 bonum,
1095 585 1152 615 sed
1168 590 1294 615 tantum
1311 585 1351 616 ad

277 627 405 660 bonum
429 636 620 658 commune:
647 628 722 667 quia
750 638 886 659 movens
911 635 942 659 et
969 634 1099 660 motum
1127 635 1258 669 oportet
1281 639 1350 660 esse

277 672 534 712 proportionata.
551 671 637 712 Ergo
655 673 812 713 quicquid
829 673 961 704 offertur
973 674 1032 704 sibi
1048 674 1107 704 sub
1120 674 1243 704 ratione
1260 674 1349 710 boni,

277 716 311 747 in
334 715 415 747 illud
438 722 546 756 potest
569 717 726 747 inclinari.

334 761 387 791 IV.
413 760 591 792 Concludit
615 772 653 792 ex
676 762 714 792 iis
738 762 873 793 Sanctus
890 762 1035 793 Thomas
1056 761 1146 803 quod
1169 763 1280 792 omnia
1300 763 1348 792 in-

247 829 250 832 .
276 805 470 836 tellectualia
486 807 619 837 liberam
635 807 836 838 voluntatem
849 807 967 837 habent
979 817 1018 837 ex
1033 806 1154 837 iudicio
1168 806 1348 837 intellectus

46 3334 66 3360 -l-
91 3333 184 3355 Amor..
212 3331 260 3353 Ακ-

45 3366 111 3382 nnos.
126 3365 155 3381 ar
169 3364 207 3381 ιι.

276 851 476 881 venientem:
502 852 578 892 quia
594 850 743 882 videlicet
766 852 918 882 libertatis
934 851 1022 882 radix
1039 857 1086 882 est
1101 852 1134 881 in
1159 851 1292 887 ratione,
1309 861 1347 881 ex

1406 541 1551 570 veniens.

1461 584 1706 615 Advertendum
1730 586 1829 626 quod,
1847 587 1921 617 licet
1944 588 2070 628 aliquae
2093 590 2232 620 rationes
2256 591 2288 620 in
2313 591 2474 631 principio

1405 628 1563 660 adductae
1580 629 1777 660 concludant
1800 631 1948 671 explicite
1965 632 2055 672 quod
2079 634 2147 664 sola
2169 634 2397 666 intellectualia
2413 636 2475 666 sint

1404 673 1496 703 liberi
1511 674 1641 710 arbitrii,
1654 684 1722 705 non
1739 680 1847 705 autem
1860 675 1950 715 quod
1962 677 2087 714 omnia3
2104 678 2259 717 implicite
2272 684 2379 710 tamen
2396 689 2474 710 con-

1405 717 1541 748 cludunt
1553 718 1644 758 quod
1656 719 1767 749 omnia
1783 719 2011 751 intellectualia
2023 722 2085 752 sint
2100 723 2188 752 talia:
2206 724 2281 763 quia
2298 723 2411 754 eadem
2427 730 2475 754 est

1403 762 1484 792 ratio
1502 761 1541 792 de
1558 763 1711 793 omnibus
1736 763 2005 795 intellectualibus
2029 766 2226 803 substantiis;
2252 773 2283 797 et
2305 769 2385 798 ratio
2410 778 2475 809 qua

1404 806 1610 837 concluditur
1633 807 1755 848 aliquas
1780 817 1890 839 earum
1914 818 1982 839 esse
2006 809 2097 840 liberi
2120 811 2248 847 arbitrii,
2265 812 2298 842 in
2322 813 2473 843 omnibus

1403 850 1517 881 eadem
1541 851 1689 888 salvatur,
1706 852 1806 883 veluti
1822 853 1974 884 omnibus
1991 854 2258 886 intellectualibus
2279 858 2471 887 communis.

594 1106 1078 1163 CAPITULUM
1115 1107 1834 1183 QUADRAGESIMUM
1870 1107 2157 1163 NONUM

984 1234 1217 1274 Fragmentum
1240 1244 1279 1265 ex
1302 1235 1422 1275 Autog.
1446 1234 1597 1265 Ambros.
1629 1244 1645 1264 2
1659 1244 1674 1264 r
1709 1244 1726 1264 a
1741 1242 1766 1264 1.

414 1492 419 1501 ,
465 1483 467 1485 .
486 1456 740 1506 xpraemissis
751 1465 882 1493 autem
894 1456 1108 1493 ostenditur
1118 1455 1227 1505 quod
1243 1457 1349 1492 nulla

380 1512 403 1525 ⁴⁹
440 1554 448 1557 -
466 1509 471 1514 '
501 1509 713 1547 substantia
732 1508 995 1547 intellectualis
1015 1517 1072 1546 est
1093 1521 1246 1558 corpus.

405 1571 433 1613 J
556 1563 720 1599 Nullum
748 1562 854 1599 enim
883 1574 1026 1611 corpus
1054 1561 1250 1598 invenitur
1282 1561 1347 1598 ali-

408 1616 412 1622 '
501 1615 596 1664 quid
624 1614 823 1652 continere
852 1614 925 1651 nisi
954 1626 1024 1663 per
1055 1626 1347 1651 commensura—

274 1668 424 1707 tionem
453 1667 690 1718 quantitatis:
721 1668 826 1705 unde
852 1675 898 1713 et,
919 1667 951 1704 si
973 1679 1013 1704 se
1037 1674 1118 1704 toto
1138 1674 1265 1704 totum
1284 1666 1348 1703 ali-

275 1721 372 1773 quid
399 1721 581 1767 continet,
601 1729 638 1758 et
656 1728 807 1771 partem
830 1728 937 1770 parte
957 1720 1138 1766 continet,
1159 1720 1351 1757 maiorem

274 1775 438 1827 quidem
466 1775 626 1820 maiore,
655 1774 851 1812 minorem
879 1781 1012 1812 autem
1039 1773 1204 1811 minore.
1240 1774 1349 1810 Intel-

274 1831 396 1868 lectus
434 1836 567 1866 autem
603 1840 686 1866 non
723 1827 1020 1877 comprehendit
1057 1839 1141 1864 rem
1178 1826 1350 1876 aliquam

275 1882 507 1920 intellectam
538 1893 609 1932 per
641 1881 812 1931 aliquam
845 1879 1066 1930 quantitatis
1101 1892 1350 1917 commensu-

275 1935 486 1974 rationem:
517 1947 608 1972 cum
629 1947 669 1972 se
688 1942 770 1972 toto
790 1934 970 1983 intelligat
988 1941 1025 1971 et
1043 1933 1351 1982 comprehendat

275 1996 404 2032 totum
423 1996 460 2026 et
478 1996 640 2038 partem,
660 1987 810 2025 maiora
838 1987 878 2024 in
898 1987 1108 2037 quantitate
1129 1994 1165 2024 et
1184 1986 1347 2023 minora.

275 2043 396 2081 Nulla
423 2041 537 2091 igitur
564 2040 775 2079 substantia
803 2040 1015 2089 intelligens
1044 2047 1099 2077 est
1127 2052 1281 2090 corpus.

287 2119 290 2121 Δ
330 2095 521 2146 Amplius.
551 2094 713 2133 Nullum
748 2106 892 2144 corpus
925 2101 1051 2144 potest
1085 2092 1239 2130 alterius
1267 2104 1350 2129 cor-

276 2149 383 2201 poris
419 2149 588 2186 formam
629 2148 919 2185 substantialem
961 2146 1130 2196 recipere
1173 2146 1245 2184 nisi
1281 2157 1352 2195 per

276 2202 569 2252 corruptionem
602 2213 715 2239 suam
747 2201 915 2238 formam
943 2200 1102 2238 amittat.
1138 2201 1352 2237 Intellectus

277 2264 409 2295 autem
436 2267 518 2293 non
546 2254 819 2304 corrumpitur,
840 2254 908 2291 sed
927 2254 1048 2302 magis
1067 2252 1265 2303 perficitur
1283 2264 1353 2302 per

276 2311 354 2348 hoc
373 2309 482 2359 quod
501 2308 635 2358 recipit
653 2308 797 2346 formas
817 2307 998 2345 omnium
1017 2318 1245 2356 corporum:
1266 2318 1352 2355 per-

275 2363 404 2401 ficitur
431 2362 537 2400 enim
566 2362 606 2399 in
634 2361 900 2409 intelligendo:
930 2360 1099 2409 intelligit
1134 2368 1266 2397 autem
1295 2371 1351 2396 se-

276 2417 455 2455 cundum
474 2415 583 2465 quod
603 2415 719 2452 habet
745 2415 785 2452 in
814 2426 854 2451 se
883 2414 1027 2451 formas
1056 2414 1350 2452 intellectorum.

276 2470 396 2516 Nulla
414 2469 528 2518 igitur
546 2468 759 2506 substantia
778 2467 1040 2506 intellectualis
1064 2474 1120 2504 est
1143 2478 1297 2516 corpus.

331 2523 484 2560 Adhuc.
519 2521 761 2572 Principium
793 2520 1022 2558 diversitatis
1057 2519 1353 2558 individuorum

278 2576 456 2614 eiusdem
484 2574 626 2625 speciei
660 2583 717 2612 est
749 2574 890 2613 divisio
923 2574 1105 2612 materiae
1134 2573 1352 2611 secundum

278 2629 548 2680 quantitatem:
577 2629 703 2666 forma
730 2628 836 2665 enim
864 2628 982 2665 huius
1006 2627 1102 2676 ignis
1125 2639 1148 2664 a
1166 2627 1293 2664 forma
1312 2625 1353 2662 il-

279 2683 352 2721 lius
385 2682 482 2731 ignis
514 2693 596 2719 non
625 2681 751 2719 differt
783 2681 856 2718 nisi
883 2693 954 2731 per
981 2681 1057 2717 hoc
1085 2680 1194 2730 quod
1227 2686 1282 2716 est
1314 2678 1353 2715 in

280 2736 442 2774 diversis
464 2734 638 2785 partibus
667 2735 707 2771 in
735 2747 833 2784 quas
861 2733 1022 2771 materia
1050 2733 1251 2778 dividitur;
1281 2742 1354 2768 nec

281 2788 388 2827 aliter
415 2801 537 2838 quam
565 2787 756 2825 divisione
785 2786 1016 2837 quantitatis,
1046 2786 1128 2823 sine
1156 2798 1234 2835 qua
1263 2784 1352 2821 sub-

281 2842 418 2880 stantia
446 2849 503 2879 est
529 2840 781 2878 indivisibilis.
812 2840 933 2886 Quod
961 2847 1092 2876 autem
1115 2838 1295 2887 recipitur
1313 2837 1353 2874 in

281 2907 458 2946 corpore,
478 2893 661 2944 recipitur
679 2893 719 2930 in
739 2905 786 2931 eo
811 2892 1030 2930 secundum
1059 2891 1278 2941 quantitatis
1298 2890 1353 2927 di-

282 2948 487 2987 visionem.
518 2948 621 2996 Ergo
650 2947 775 2984 forma
803 2958 885 2983 non
914 2945 1094 2994 recipitur
1122 2945 1162 2981 in
1190 2955 1353 2993 corpore

283 3001 357 3040 nisi
375 3009 418 3039 ut
436 3000 687 3038 individuata.
719 2999 759 3037 Si
787 2999 900 3048 igitur
924 2998 1135 3036 intellectus
1155 3005 1253 3035 esset
1271 3009 1354 3034 cor-

284 3068 370 3107 pus,
389 3055 536 3092 formae
557 3065 689 3091 rerum
707 3052 957 3100 intelligibiles
985 3063 1067 3089 non
1095 3050 1357 3100 reciperentur

285 3109 325 3147 in
345 3121 393 3146 eo
415 3108 488 3146 nisi
516 3115 558 3144 ut
586 3105 860 3144 individuatae.
890 3104 1062 3153 Intelligit
1088 3112 1219 3141 autern
1248 3103 1356 3140 intel-

285 3164 406 3200 lectus
425 3173 485 3199 res
504 3173 574 3211 per
592 3160 735 3197 formas
755 3171 891 3196 earum
911 3170 1008 3208 quas
1027 3170 1147 3207 penes
1167 3170 1207 3194 se
1227 3157 1354 3194 habet.

286 3217 381 3254 Non
400 3227 491 3264 ergo
511 3214 722 3251 intellectus
743 3212 921 3260 intelliget
940 3211 1182 3257 universalia,
1203 3210 1270 3247 sed
1295 3222 1357 3248 so-

287 3271 371 3307 lum
399 3267 652 3319 particularia.
681 3267 801 3314 Quod
820 3273 923 3315 patet
943 3276 1024 3301 esse
1044 3264 1195 3301 falsum.
1216 3264 1357 3300 Nullus

288 3322 402 3372 igitur
428 3322 640 3359 intellectus
659 3318 689 3372 †
717 3327 773 3356 est
801 3331 953 3368 corpus.

341 3377 449 3413 Item.
479 3374 587 3412 Nihil
606 3373 680 3422 agit
699 3373 771 3410 nisi
800 3371 1017 3409 secundum
1037 3382 1149 3407 suam
1169 3369 1355 3419 speciem:

486 1327 662 1387 QUOD
707 1334 1096 1376 SUBSTANTIA
1142 1333 1672 1374 INTELLECTUALIS
1716 1333 1845 1374 NON
1890 1333 1984 1374 SIT
2030 1333 2268 1374 CORPUS

1404 1467 1452 1492 eo
1471 1455 1580 1504 quod
1598 1455 1724 1492 forma
1742 1462 1798 1491 est
1817 1453 2050 1504 principium
2070 1453 2207 1502 agendi
2226 1453 2266 1490 in
2292 1466 2472 1503 unoquo-

1404 1520 1493 1557 que.
1516 1508 1556 1546 Si
1582 1508 1694 1556 igitur
1722 1507 1933 1545 intellectus
1953 1507 1999 1544 sit
2017 1519 2171 1556 corpm,
2193 1506 2290 1544 aetio
2311 1507 2393 1544 eius
2413 1519 2473 1545 or-

1405 1561 1538 1598 dinem
1567 1573 1779 1610 corporum
1807 1573 1887 1598 non
1916 1560 2084 1597 excedet.
2114 1560 2208 1597 Non
2235 1559 2348 1607 igitur
2366 1559 2473 1598 intel-

1405 1614 1534 1662 ligeret
1552 1614 1625 1651 nisi
1644 1626 1820 1663 corpora.
1837 1614 1924 1650 Hoc
1944 1620 2075 1650 autem
2094 1620 2196 1662 patet
2216 1625 2297 1650 esse
2317 1613 2471 1650 falsum:

1372 1684 1380 1703 s
1406 1666 1651 1715 intelligimus
1670 1667 1775 1703 enim
1794 1667 1915 1703 multa
1943 1677 2044 1715 quae
2072 1677 2153 1702 non
2181 1673 2270 1703 sunt
2297 1678 2472 1715 corpora.

1406 1721 1620 1757 Intellectus
1648 1719 1760 1767 igitur
1788 1731 1869 1756 non
1898 1726 1954 1756 est
1981 1730 2134 1767 corpus.

1460 1773 1612 1810 Adhuc.
1641 1772 1682 1810 Si
1701 1771 1913 1810 substantia
1931 1771 2142 1819 intelligens
2162 1778 2218 1808 est
2236 1783 2388 1821 corpus,
2409 1779 2476 1809 aut

1406 1834 1462 1863 est
1493 1825 1660 1871 finitum,
1695 1833 1760 1863 aut
1793 1825 2000 1862 infinitum.
2040 1825 2193 1874 Corpus
2226 1832 2355 1862 autem
2392 1837 2474 1862 esse

1406 1879 1602 1916 infinitum
1635 1886 1722 1916 actu
1755 1886 1811 1916 est
1838 1878 2086 1928 impossibile,
2120 1885 2163 1915 ut
2194 1877 2234 1915 in
2266 1880 2435 1927 Physicis
2454 1879 2476 1901 *

1366 1955 1391 1971 ω
1405 1932 1603 1982 probatur.
1625 1933 1693 1969 Est
1706 1931 1819 1980 igitur
1832 1931 1987 1968 finitum
2006 1943 2160 1980 corpus,
2181 1930 2211 1968 si
2230 1943 2372 1980 corpus
2392 1943 2473 1969 esse

1405 1994 1584 2035 ponatur.
1615 1986 1703 2023 Hoc
1738 1993 1869 2022 autem
1907 1992 1962 2022 est
1999 1984 2248 2034 impossibile.
2287 1985 2330 2021 In
2366 1986 2473 2022 nullo

1406 2038 1512 2076 enim
1540 2050 1703 2088 corpore
1732 2037 1842 2075 finito
1870 2045 1996 2087 potest
2023 2049 2106 2075 esse
2125 2036 2296 2087 potentia
2314 2036 2472 2084 infinita,

1406 2100 1449 2129 ut
1477 2104 1595 2142 supra
1612 2092 1633 2114 *
1660 2091 1870 2141 probatum
1898 2099 1964 2128 est.
1999 2090 2174 2128 Potentia
2208 2098 2339 2128 autem
2366 2090 2474 2128 intel·

1406 2148 1526 2183 lectus
1555 2153 1610 2182 est
1638 2145 1936 2194 quodammodo
1965 2143 2113 2181 infinita
2141 2143 2181 2181 in
2209 2143 2472 2192 intelligendo:

1368 2199 1446 2240 15in
1475 2198 1673 2236 infinitum
1701 2198 1806 2236 enirn
1839 2197 2007 2246 intelligit
2040 2197 2186 2247 species
2218 2209 2475 2234 numerorum

1408 2252 1599 2301 augendo,
1628 2259 1665 2289 et
1692 2251 1864 2289 similiter
1897 2250 2044 2300 species
2075 2250 2290 2298 figurarum
2323 2258 2360 2287 et
2387 2263 2475 2300 pro-

1407 2305 1651 2356 portionum;
1680 2304 1876 2353 cognoscit
1903 2303 2019 2342 etiarn
2038 2303 2267 2349 universale,
2287 2304 2395 2353 quod
2422 2311 2478 2340 est

1407 2359 1546 2396 virtute
1566 2358 1764 2396 infinitum
1782 2358 2001 2395 secundum
2022 2369 2138 2394 suurn
2162 2356 2364 2403 ambitum,
2386 2369 2478 2394 con-

1407 2412 1501 2450 tinet
1529 2411 1635 2449 enim
1662 2411 1863 2449 individua
1882 2423 1983 2461 quae
2003 2418 2091 2448 sunt
2118 2409 2289 2460 potentia
2316 2409 2476 2447 infinita.

1368 2487 1394 2501 ,ο
1408 2467 1623 2504 Intellectus
1651 2465 1764 2514 igitur
1791 2477 1872 2502 non
1901 2472 1957 2501 est
1985 2476 2138 2513 corpus.

1462 2518 1652 2569 Amplius.
1683 2517 1923 2568 Impossibile
1952 2525 2007 2555 est
2035 2517 2115 2554 duo
2139 2529 2304 2566 corpora
2323 2529 2363 2554 se
2382 2516 2478 2554 invi-

1408 2585 1495 2610 cem
1527 2571 1742 2609 continere:
1772 2583 1865 2608 cum
1897 2570 2099 2608 continens
2131 2569 2290 2606 excedat
2322 2577 2478 2607 conten-

1407 2634 1504 2663 tum.
1525 2625 1616 2662 Duo
1635 2631 1767 2661 autem
1795 2623 2006 2660 intellectus
2025 2635 2065 2659 se
2085 2622 2252 2659 invicem
2281 2622 2479 2659 continent

1408 2686 1445 2715 et
1477 2677 1831 2726 comprehendunt,
1869 2676 1965 2713 dum
2000 2687 2103 2712 unus
2140 2675 2259 2712 aliurn
2296 2675 2475 2724 intelligit.

1367 2751 1391 2771 ,ς
1407 2732 1502 2768 Non
1531 2738 1586 2767 est
1614 2730 1726 2779 igitur
1753 2729 1963 2766 intellectus
1991 2741 2144 2778 corpus.

1461 2785 1568 2821 Item.
1599 2782 1753 2820 Nullius
1786 2782 1959 2832 corporis
1993 2781 2092 2819 actio
2127 2781 2334 2819 reflectitur
2361 2792 2478 2830 super

1409 2844 1605 2886 agentem:
1635 2844 1835 2874 ostensum
1863 2842 1920 2873 est
1947 2835 2052 2872 enim
2080 2834 2120 2872 in
2147 2836 2316 2883 Physicis
2330 2834 2350 2856 ’¹‘
2369 2833 2477 2883 quod

1409 2891 1561 2927 nullum
1589 2902 1732 2939 corpus
1761 2902 1783 2926 a
1811 2888 1937 2938 seipso
1966 2896 2148 2925 movetur
2168 2888 2240 2925 nisi
2259 2887 2476 2924 secundum

1409 2951 1571 2993 partem,
1601 2942 1652 2980 ita
1680 2941 1820 2980 scilicet
1848 2942 1956 2991 quod
1983 2953 2063 2978 una
2090 2953 2179 2991 pars
2208 2941 2289 2978 eius
2318 2940 2364 2976 sit
2391 2951 2476 2976 mo-

1371 3016 1396 3036 30
1409 3008 1506 3033 vens
1535 3003 1571 3034 et
1599 2995 1671 3033 alia
1699 3003 1816 3033 mota.
1855 2996 2068 3032 Intellectus
2106 3002 2236 3031 autem
2271 3005 2388 3042 supra
2420 3004 2477 3029 se-

1410 3050 1541 3100 ipsum
1569 3049 1720 3098 agendo
1744 3048 1964 3086 reflectitur:
1995 3047 2163 3096 intelligit
2182 3046 2286 3083 enim
2305 3046 2479 3095 seipsum

1411 3115 1492 3141 non
1512 3104 1640 3140 solum
1669 3102 1887 3139 seeundum
1915 3108 2075 3150 partem,
2098 3100 2165 3137 sed
2184 3099 2399 3137 secundum
2422 3106 2479 3135 to—

1410 3164 1507 3193 tum.
1537 3156 1631 3193 Non
1660 3163 1716 3192 est
1744 3155 1856 3203 igitur
1883 3166 2036 3203 corpus.

1465 3209 1617 3246 Adhuc.
1639 3210 1757 3245 Actus
1777 3207 1949 3257 corporis
1970 3207 2019 3244 ad
2039 3206 2230 3244 actionem
2250 3217 2330 3242 non
2351 3203 2479 3241 termi-

1372 3281 1395 3301 35
1411 3270 1535 3307 natur,
1556 3274 1627 3299 nec
1646 3269 1776 3299 motus
1804 3261 1853 3298 ad
1877 3267 2048 3297 motum:
2069 3267 2111 3296 ut
2139 3259 2178 3296 in
2196 3260 2364 3308 Physicis
2377 3257 2398 3279 '¹‘
2425 3265 2481 3294 est

1411 3315 1632 3365 probatum.
1649 3314 1758 3352 Actio
1774 3322 1905 3351 autem
1925 3312 2158 3350 substantiae
2174 3310 2412 3360 intelligentis
2430 3310 2480 3347 ad

1413 3368 1606 3406 actionem
1625 3367 1869 3404 terminatur:
1890 3366 2100 3403 intellectus
2120 3365 2235 3410 enim,
2256 3364 2352 3401 sicut
2375 3363 2482 3400 intel-

348 3490 398 3516 Ίῖτ.
418 3489 543 3520 Quod...
558 3487 590 3514 36
609 3488 756 3513 intellectus
775 3488 871 3512 lacuna
896 3486 922 3510 in
948 3487 980 3510 A.
1003 3485 1027 3510 G
1047 3484 1085 3509 bis
1108 3483 1187 3508 habet
1211 3483 1260 3508 hoc
1285 3483 1449 3515 capitulum:
1471 3483 1514 3508 hic
1529 3481 1586 3516 (Οἳ)
1611 3486 1637 3507 et
1661 3486 1724 3507 ante
1744 3489 1803 3513 cap.
1824 3484 1877 3514 47.
1900 3479 1972 3513 (G¹);
1991 3479 2083 3511 priori
2109 3479 2166 3504 Ioco
2189 3478 2293 3504 deletur
2310 3485 2362 3510 per
2384 3486 2417 3503 va
2435 3482 2484 3504 cat.

817 3522 833 3548 6
853 3527 878 3546 et
890 3526 990 3554 partem
1009 3525 1082 3552 parte
1100 3520 1215 3544 continet
1233 3519 1312 3544 13de
1318 3527 1324 3549 ;
1344 3523 1370 3544 et

809 3566 839 3591 27
860 3556 989 3590 recipitur]
1009 3555 1136 3588 reperitur
1155 3555 1204 3580 αΧ.

854 3600 882 3618 11
905 3591 1025 3626 ponatur]
1046 3591 1150 3623 ponitur
1169 3589 1315 3615 aDG¹XPc.

290 3534 309 3558 4
326 3525 384 3559 nisi]
404 3533 457 3550 non
470 3533 496 3550 α.
576 3524 589 3549 5
610 3532 639 3549 se
652 3531 694 3549 om
710 3531 736 3548 α.

290 3560 466 3595 intelligendo]
486 3560 654 3593 intelligendo
673 3560 716 3586 Pc.

348 3597 362 3622 3
381 3595 544 3629 intelligeret]
565 3595 690 3628 intelliget
708 3595 761 3620 NP.

292 3633 315 3658 Α
333 3633 417 3664 solus;
437 3632 585 3657 Intellectus
605 3636 692 3656 autem
712 3638 764 3655 non
785 3634 825 3654 est
843 3628 885 3660 (3¹,
905 3628 962 3653 Non
981 3632 1021 3652 est
1039 3626 1116 3659 igitur
1133 3626 1277 3651 intellectus
1296 3625 1386 3650 ceteri.

1084 3661 1115 3687 35
1135 3666 1176 3686 est
1190 3664 1254 3693 post
1273 3661 1410 3694 probatum
1430 3659 1612 3685 aDG¹WXPa

293 3669 376 3694 lectus
395 3668 473 3701 igitur
491 3675 544 3692 non
563 3672 611 3692 est.
703 3666 736 3691 30
755 3671 781 3690 et
799 3664 856 3698 alia]
877 3664 925 3689 alia
944 3663 991 3688 Pd.

1296 3554 1328 3579 30
1348 3559 1376 3579 ut
1393 3561 1436 3578 om
1456 3554 1543 3578 DWZ.

1389 3523 1490 3551 partem
1508 3523 1609 3551 partem
1628 3518 1741 3542 continet
1759 3516 1835 3547 NYZ,
1855 3521 1881 3541 et
1899 3520 1972 3548 parte
1990 3515 2107 3540 continet
2120 3522 2143 3545 c,
2163 3522 2205 3539 om
2224 3514 2314 3539 ceteri.
2407 3512 2439 3539 18
2458 3514 2484 3538 in

1636 3553 1667 3578 32
1688 3558 1716 3577 ut
1735 3560 1776 3576 om
1797 3552 1828 3576 D.
1915 3550 1948 3582 34
1967 3549 2101 3583 intelliget]
2121 3549 2238 3582 intelligit
2256 3549 2342 3574 EZPc.

1407 3596 1440 3621 14
1459 3589 1485 3614 in
1504 3588 1678 3622 intelligendo]
1699 3587 1865 3619 intelligendo
1884 3585 1970 3611 aG'X.
2062 3593 2094 3610 20
2113 3585 2261 3610 Intellectus
2280 3585 2356 3617 igitur
2375 3592 2427 3609 non
2446 3589 2486 3609 est

1478 3624 1509 3649 23
1530 3624 1675 3649 intellectus
1693 3631 1735 3648 om
1756 3623 1804 3647 αΧ.
1897 3621 1928 3646 25
1948 3621 2006 3646 Non
2025 3626 2065 3646 est
2083 3621 2159 3654 igitur
2177 3620 2322 3645 intellectus
2342 3619 2389 3651 G²3
2409 3620 2486 3645 Intel-

2399 288 2470 326 381

2502 1880 2513 1926 ς
2536 1878 2603 1926 sib-1

2501 2100 2510 2109 ·
2521 2098 2571 2121 Lib.
2583 2098 2601 2126 1,
2612 2104 2663 2127 cap.
2673 2104 2712 2121 xx.

2505 2837 2514 2845 ·
2536 2835 2587 2856 Lib.
2608 2834 2669 2860 vul,
2691 2839 2716 2857 v:

2505 2868 2524 2883 s.
2539 2862 2583 2883 Th.
2600 2861 2614 2882 1.
2631 2867 2666 2883 ιο.
2682 2859 2716 2882 Cf.

2504 2894 2574 2937 {para
2584 2888 2623 2909 lib.
2634 2887 2652 2914 1,
2667 2892 2718 2914 cap.

2508 3261 2516 3270 ·
2539 3259 2590 3281 Lib.
2606 3258 2635 3283 V.
2655 3264 2672 3280 ιι
2703 3263 2723 3282 u

2509 3293 2528 3307 s.
2539 3286 2584 3308 Th.
2600 3286 2615 3307 Ι.
2629 3291 2649 3314 3.
