2814 4290
29 905 43 926 6
57 911 68 926 r
82 911 94 926 a
116 911 134 926 ι-
151 915 159 919 -
177 911 199 930 1⁷-
215 903 240 930 85
269 902 286 939 §
303 900 390 930 Huic
417 904 525 929 autern
554 897 676 927 veritati
703 919 708 925 .
726 919 731 924 .

29 931 42 952 b
54 931 87 954 ¹8.

24 1633 37 1654 6
46 1639 56 1654 r
71 1639 83 1654 a
95 1632 203 1660 is.-p.86.

22 1887 56 1910 lb.
65 1893 104 1915 mg
118 1887 157 1909 inf.

19 2041 53 2063 lb.
69 2048 81 2062 a
98 2047 129 2063 22.

25 3330 116 3355 orb..

282 149 325 185 8..

276 238 360 269 quae
384 233 431 258 est
458 228 490 257 in
514 224 747 266 magnitudine,
769 233 836 254 non
853 228 961 263 potest
978 231 1110 252 movere
1130 221 1190 250 nisi
1214 229 1273 260 per
1296 228 1349 249 ne-

276 280 455 310 cessitatem
471 283 603 308 naturae
620 275 710 316 (quia
726 275 900 315 probatum
916 278 963 303 est
979 272 1069 312 quod
1086 271 1268 302 intellectus
1284 279 1351 300 non

275 336 323 362 est
338 330 437 360 virtus
462 324 643 368 corporea).
661 326 702 356 Et
717 326 763 357 sic
780 329 891 356 movet
907 323 947 354 de
963 323 1154 354 necessitate
1170 321 1352 352 secundum

274 381 522 421 proportionem
553 387 630 408 suae
657 377 853 416 quantitatis,
879 384 903 403 et
926 379 962 402 sic
986 372 1101 415 (unde)
1133 374 1280 413 sequitur
1313 371 1351 413 (si

273 432 396 472 movet)
427 432 517 472 quod
541 437 670 461 moveat
701 431 731 460 in
765 429 905 460 instanti.
941 427 1141 470 (Secundum
1170 428 1234 457 hoc
1262 436 1350 466 ergo,
1375 438 1383 458 ς

273 485 405 515 remotis
441 483 610 523 praedictis
642 481 899 516 obiectionibus,
937 479 1084 520 procedit
1117 478 1351 508 demonstratio

272 533 479 575 Aristotelis.)

597 622 616 642 :it
699 621 718 642 2⁴1:
801 620 820 641 a:
903 619 923 640 τὲ
1007 619 1027 640 21⁶

1368 697 1392 710 to

272 731 352 771 Cap.
374 729 502 760 XXVII.
528 728 624 766 Quor)
643 727 728 757 Deus
746 736 809 756 NON
834 736 879 756 sm*
905 736 1010 756 ronna
1028 735 1169 755 amemus
1188 735 1349 754 conponis.

682 792 931 832 Fragmentum.

747 918 754 925 .
780 893 974 934 profundior
1004 893 1093 922 mari.
1126 893 1143 930 ξ
1168 892 1219 922 sic
1256 893 1351 931 igitur

269 960 295 982 et
315 955 431 981 rationis
444 960 470 980 et
488 953 647 979 auctoritatis
663 952 762 977 divinae
781 956 807 975 et
825 950 931 974 rationis
950 949 1080 974 humanae
1099 949 1256 973 adminiculo
1272 955 1350 985 gen·
1369 955 1388 974 ις

268 1005 376 1035 tilium
399 1013 487 1034 error
512 1006 696 1035 evacuatur,
722 999 777 1039 qui
803 997 953 1028 dicebant
978 998 1086 1028 Deum
1112 1007 1180 1027 esse
1209 998 1348 1027 animam

269 1056 348 1087 caeli
373 1055 422 1085 vel
441 1055 536 1085 etiam
562 1053 703 1083 animam
721 1051 820 1080 totius
845 1049 960 1079 mundi
986 1058 1013 1077 ut
1037 1053 1192 1086 augustinus
1213 1058 1301 1078 narrat
1319 1053 1351 1077 de

268 1119 356 1137 marco
374 1118 495 1136 varrone.
516 1106 555 1136 Et
573 1115 610 1135 ex
627 1104 690 1134 hoc
714 1111 820 1132 errore
835 1105 937 1139 ydolat
957 1101 1053 1142 ydola
1071 1101 1288 1132 defendebant
1303 1125 1309 1131 .
1322 1125 1328 1131 .
1343 1125 1348 1131 .

267 1160 323 1191 sed
355 1160 490 1190 animae.
516 1158 593 1195 Quo
625 1157 807 1197 supposito,
833 1159 951 1191 sequitur
979 1154 1083 1195 (sequi
1118 1152 1347 1194 opinabantur)

267 1211 357 1252 quod
382 1210 506 1241 mundo
531 1216 562 1240 et
587 1209 730 1250 partibus
756 1210 825 1240 eius
850 1218 916 1239 non
939 1207 1081 1238 indebite
1099 1206 1227 1236 divinus
1244 1206 1350 1236 cultus
1366 1218 1392 1232 20

266 1262 463 1293 exhibeatur.
483 1261 733 1292 Commentator
753 1261 848 1291 etiarn
875 1259 952 1290 dicit
977 1259 1008 1288 in
1034 1268 1064 1287 xi
1090 1257 1233 1297 metaph.
1259 1257 1350 1297 quod

265 1314 318 1344 hic
349 1313 442 1344 locus
477 1312 536 1343 fuit
573 1313 680 1352 lapsus
712 1312 894 1352 sapientum
927 1309 1030 1350 gentis
1065 1308 1244 1344 zabiorurn,
1270 1307 1349 1338 idest

264 1368 398 1401 gentilium
417 1361 674 1405 (ydolatrarum),
697 1363 771 1403 quia
797 1362 918 1404 scilicet
944 1365 1125 1401 posuerunt
1150 1359 1256 1390 Deum
1281 1369 1349 1389 esse

266 1415 403 1446 formam
429 1415 519 1446 caeli.

1366 1475 1388 1495 ²5

445 1528 526 1568 Cap.
553 1528 697 1558 xxvul.
727 1529 775 1558 Dr.
800 1528 1022 1558 Paitrncrioxss
1048 1535 1167 1556 mvrsa.

310 1625 357 1655 De
383 1623 582 1664 perfectione
608 1623 725 1653 divina.
748 1641 766 1644 a
781 1626 797 1659 fi
822 1626 1021 1659 Exxpraedictis
1049 1630 1136 1650 nutem
1165 1625 1240 1649 alicui
1268 1624 1348 1650 videri

263 1684 356 1714 posset
378 1680 449 1712 quod
464 1679 536 1704 Deus
552 1683 624 1704 esset
637 1678 904 1711 imperfectissimum.
925 1679 950 1704 Si
967 1679 1036 1704 enim
1058 1686 1126 1712 quae
1140 1683 1201 1703 sunt
1215 1682 1241 1702 et
1259 1678 1350 1702 vivunt

263 1730 418 1764 perfectiora
438 1735 500 1755 sunt
518 1730 568 1755 hiis
587 1738 655 1762 quae
674 1735 774 1756 tanturn
794 1736 865 1760 aunt,
884 1731 988 1756 videtur
1013 1730 1085 1755 Deus
1104 1729 1349 1763 imperfectissimus
1366 1739 1390 1757 φο

265 1789 334 1811 esse,
354 1781 375 1806 si
395 1782 452 1813 ipse
471 1789 524 1806 non
543 1787 583 1806 est
599 1781 669 1806 aliud
684 1789 764 1814 quam
779 1789 857 1806 suum
878 1789 947 1812 esse,
962 1782 1002 1806 cui
1018 1786 1105 1806 tamen
1127 1780 1189 1805 nihil
1210 1779 1349 1812 superaddi

263 1839 360 1866 potest.
380 1834 414 1858 Et
431 1834 491 1858 ideo
509 1833 703 1858 ostendendum
720 1838 761 1858 est
776 1833 848 1865 quod
868 1833 939 1858 Deus
959 1839 999 1858 est
1018 1833 1200 1857 universaliter
1219 1832 1348 1863 perfectus

263 1881 326 1920 *(§
342 1881 435 1911 Licet
458 1886 567 1910 autem
593 1890 629 1910 ea
654 1889 738 1920 quae
772 1887 848 1911 sunt
873 1886 903 1910 et
930 1881 1042 1910 vivunt
1066 1879 1260 1919 perfectiora
1285 1880 1347 1909 sint

263 1941 362 1972 quam
379 1942 416 1962 ea
433 1941 516 1972 quae
537 1937 663 1961 tantum
688 1937 774 1969 sunt,
792 1931 880 1961 Deus
898 1937 1017 1966 tamen,
1036 1931 1091 1970 qui
1110 1940 1176 1959 non
1195 1936 1241 1959 est
1259 1930 1346 1960 aliud

262 1992 361 2023 quam
386 1992 482 2013 suum
507 1992 587 2018 esse,
620 1988 667 2012 est
698 1986 851 2019 simpliciter
882 1981 1130 2022 [universaliter]
1154 1985 1259 2018 perfect
1289 1990 1346 2011 ens
1363 1994 1385 2013 ις

260 2033 455 2074 perfectum)
488 2034 504 2050 ³*
521 2039 552 2063 et
577 2033 650 2064 dico
682 2034 904 2064 universaliter
934 2032 1116 2074 perfectum
1141 2037 1248 2069 quando
1270 2036 1347 2062 nuua

261 2089 382 2114 nobilitas
401 2097 470 2122 quae
493 2095 534 2114 est
558 2089 583 2114 in
598 2097 760 2122 unoquoque
783 2097 880 2122 genere
899 2097 951 2114 non
971 2094 1012 2114 est
1031 2094 1102 2114 extra
1121 2089 1218 2121 ipsum,
1238 2094 1267 2114 ut
1285 2087 1346 2114 dicit

258 2141 436 2175 philosophus
455 2142 481 2166 in
500 2150 516 2165 v
532 2141 657 2175 metaph„
677 2141 748 2174 quod
768 2141 846 2167 etiam
866 2146 1060 2166 commentator
1084 2140 1182 2166 ibidem
1207 2140 1264 2166 Deo
1282 2149 1344 2166 con-

257 2193 348 2219 venire
368 2193 429 2218 dicit
445 2187 512 2229 (cui
537 2199 604 2220 non
623 2189 711 2220 deest
728 2189 865 2220 alicuius
881 2190 1008 2231 generis
1025 2189 1202 2228 nobilitas.)
1229 2189 1345 2233 Omnis

260 2241 347 2272 enim
371 2241 522 2271 nobilitas
540 2264 546 2271 .
563 2266 570 2272 .
585 2263 592 2271 .
611 2242 643 2271 in
668 2241 847 2272 nobilitate.
870 2241 953 2271 Nam
971 2251 1020 2272 res
1045 2241 1226 2272 secundum
1253 2241 1344 2282 quod
1360 2253 1386 2272 ⁴⁰

259 2302 357 2324 suum
381 2302 449 2323 esse
466 2293 667 2324 contrahitur
684 2293 723 2323 ad
740 2293 884 2334 aliquem
903 2293 1078 2334 specialem
1094 2293 1231 2323 modum
1250 2293 1343 2323 nobi-

259 2344 356 2374 litatis
382 2345 538 2375 maiorem
563 2345 614 2375 vel
631 2345 804 2381 minorem,
823 2345 940 2375 dicitur
957 2355 1025 2375 esse
1051 2344 1247 2384 (secundum
1266 2345 1344 2383 hoc)

260 2395 403 2426 nobilior
427 2396 477 2426 vel
502 2397 610 2426 minus
635 2397 764 2427 nobilis.
786 2396 885 2437 Igitur
906 2397 931 2427 si
957 2396 1078 2437 aliquid
1103 2403 1149 2427 est
1175 2397 1227 2427 cui
1253 2406 1343 2427 com-

261 2447 342 2487 petit
365 2458 425 2476 esse
445 2451 590 2476 secundum
611 2456 694 2476 totum
721 2459 798 2477 suum
821 2460 901 2484 posse
922 2450 1003 2488 (tota
1024 2450 1124 2479 virtus
1149 2448 1291 2488 essendi)
1315 2449 1343 2480 el

261 2498 349 2529 nulla
374 2499 579 2530 nobilitatum
605 2499 716 2530 deesse
736 2505 843 2540 potest
864 2510 947 2540 quae
969 2501 1064 2531 alicui
1090 2502 1133 2531 rei
1160 2502 1343 2532 conveniat.
1365 2513 1383 2533 ti

261 2550 324 2582 Sed
343 2561 386 2579 res
399 2551 443 2581 rei
457 2560 540 2591 quae
558 2557 605 2582 est
621 2560 717 2582 suum
731 2561 799 2582 esse
817 2553 975 2592 competit
993 2563 1060 2583 esse
1075 2557 1090 2587 †
1104 2557 1251 2582 secundum
1266 2563 1344 2582 suum

261 2611 344 2631 totum
360 2614 439 2639 posse
450 2615 529 2632 suum
540 2607 607 2632 idest
620 2608 706 2638 esse†
723 2603 918 2641 (secundum
940 2610 1041 2634 totam
1059 2605 1185 2635 essendi
1203 2610 1344 2645 potesta-

261 2654 341 2694 tem)
366 2655 449 2686 sicut
473 2655 499 2686 si
523 2662 605 2686 esset
630 2656 737 2696 aliqua
761 2656 877 2687 albedo
903 2662 1060 2697 separata,
1085 2661 1194 2687 haberet
1219 2657 1299 2688 nihil
1315 2658 1345 2688 ei

262 2706 301 2737 de
326 2708 442 2738 virtute
459 2707 616 2738 albedinis
633 2707 744 2739 deesse
762 2714 882 2749 posset,
901 2719 975 2739 nam
1001 2709 1096 2740 alicui
1123 2710 1197 2740 albo
1222 2709 1345 2750 aliquid

262 2757 301 2788 de
327 2758 442 2789 virtute
467 2758 624 2789 albedinis
649 2759 738 2789 deest
767 2769 803 2789 ex
833 2759 962 2790 defectu
987 2765 1135 2797 capacitatis
1160 2761 1346 2802 recipientis
1363 2777 1388 2795 ςο

262 2809 455 2846 albedinem,
481 2819 565 2850 quae
590 2820 660 2840 eam
687 2810 867 2841 secundum
893 2811 1029 2842 modum
1055 2821 1150 2843 suum
1177 2813 1290 2853 recipit
1315 2819 1345 2844 et

263 2861 396 2892 fortasse
421 2872 487 2892 non
506 2861 687 2892 secundum
706 2868 813 2892 totum
831 2872 928 2903 posse
945 2863 1113 2896 albedinis.
1132 2864 1221 2895 Deus
1237 2865 1345 2904 igitur,

263 2915 319 2954 qui
337 2920 383 2945 est
400 2923 495 2945 suurn
509 2924 588 2950 esse,
607 2926 666 2943 cum
687 2917 779 2943 habeat
793 2917 950 2955 (utsupra
969 2916 1143 2955 probatum
1161 2922 1218 2952 est,
1235 2915 1346 2957 habet)

263 2976 330 2997 esse
344 2966 524 2997 secundum
538 2972 637 2997 totam
657 2967 806 2996 virtutem
823 2967 923 3006 ipsius
940 2977 1019 3003 esse,
1038 2977 1103 2998 non
1118 2973 1225 3008 potest
1239 2968 1346 3009 (ergo)

264 3029 369 3049 carere
386 3019 492 3058 aliqua
517 3018 683 3048 nobilitate
701 3028 784 3058 quae
801 3018 896 3049 alicui
917 3020 960 3049 rei
979 3020 1160 3050 conveniat.
1178 3024 1239 3049 Non
1261 3023 1347 3058 igitur
1363 3035 1384 3055 55

264 3069 352 3100 Sicut
369 3076 477 3100 autem
495 3071 601 3100 omnis
614 3070 765 3100 nobilitas
779 3077 810 3100 et
827 3069 982 3110 perfectio
1000 3072 1082 3101 inest
1101 3072 1147 3102 rei
1164 3072 1346 3103 secundum

265 3120 353 3160 quod
373 3124 469 3158 aliquid
489 3127 547 3157 est,
564 3121 607 3151 ita
624 3122 731 3151 omnis
748 3120 894 3152 defectus
911 3122 993 3152 inest
1010 3123 1039 3153 ei
1056 3123 1238 3154 secundum
1255 3123 1346 3164 quod

265 3184 317 3200 non
336 3181 375 3200 est
395 3172 573 3212 aliqualiter
603 3176 683 3209 (non
712 3173 784 3211 est).
810 3177 887 3202 Sicut
905 3181 996 3203 autem
1017 3178 1077 3204 Deo
1104 3174 1208 3214 (Deus
1236 3181 1344 3206 autem

265 3224 360 3261 sicut)
384 3224 479 3254 habet
504 3233 572 3254 esse
597 3225 747 3261 totaliter,
772 3225 814 3255 ita
839 3226 878 3255 ab
903 3235 943 3256 eo
968 3226 1109 3256 totaliter
1131 3227 1253 3257 absistit
1277 3236 1345 3258 non

266 3284 343 3311 esse,
369 3276 445 3315 quia
461 3284 518 3315 per
535 3274 671 3305 modum
697 3285 753 3315 per
770 3285 869 3315 quem
886 3277 982 3307 habet
999 3276 1121 3317 aliquid
1139 3287 1218 3314 esse,
1237 3277 1346 3308 deficit
1359 3288 1388 3308 6⁰

266 3337 283 3356 a
306 3336 373 3357 non
398 3336 477 3357 esse.
502 3327 518 3342 ⁴*
535 3327 564 3356 A
589 3326 660 3356 Deo
688 3325 792 3368 (ergo)
818 3328 924 3358 omnis
946 3327 1091 3359 defectus
1115 3329 1248 3359 absistit.
1270 3333 1346 3358 Nulla

266 3387 352 3406 autem
373 3381 506 3406 nobilitate
526 3386 604 3407 caret.
624 3377 680 3408 Est
705 3379 801 3418 igitur
819 3379 1041 3410 universaliter
1065 3379 1229 3420 perfectus
1245 3391 1276 3409 ex
1295 3383 1345 3409 hoc

267 3441 296 3457 ex
314 3441 367 3465 quo
387 3433 629 3465 imperfectissimus
649 3433 792 3459 videbatur.
812 3435 877 3459 Nam
899 3430 953 3461 Ula
979 3430 1085 3471 (vero)
1110 3441 1195 3471 quae
1218 3437 1344 3462 tantum

267 3486 351 3518 sunt,
375 3490 441 3510 non
467 3487 541 3511 sunt
566 3480 754 3521 imperfecta
779 3487 911 3521 propter
935 3482 1219 3522 imperfectionem
1243 3482 1345 3523 ipsius

269 3540 335 3560 esse
349 3531 498 3568 absoluti,
512 3535 567 3563 sed,
584 3541 650 3562 non
664 3532 749 3562 enim
764 3533 832 3573 ipsa
841 3536 934 3568 partic
946 3533 1064 3564 habent
1079 3543 1148 3563 esse
1161 3533 1343 3564 secundum
1359 3548 1383 3573 ⁶5

269 3591 364 3611 suum
389 3588 494 3612 totum
520 3592 626 3622 posse,
651 3583 705 3614 sed
731 3585 922 3624 participant
941 3595 1009 3615 esse
1034 3584 1216 3616 secundum
1242 3594 1345 3625 quen-

270 3627 342 3662 dam
368 3633 590 3671 particularem
623 3634 758 3664 modum
791 3641 822 3665 et
854 3635 1182 3674 imperfectissimum.
1211 3637 1229 3674 §
1254 3636 1344 3668 ltem.

271 3684 377 3712 Omne
402 3682 627 3722 imperfectum
645 3685 683 3714 ab
700 3685 810 3725 aliquo
829 3685 972 3725 perfecto
990 3696 1121 3717 necesse
1138 3692 1186 3718 est
1203 3693 1237 3717 ut
1254 3696 1345 3727 prae-

272 3736 412 3771 cedatur,
441 3741 509 3764 unde
528 3748 618 3765 semen
643 3736 767 3778 (semen
800 3739 899 3779 enim)
935 3746 981 3769 est
1013 3740 1051 3770 ab
1083 3740 1213 3770 animali
1245 3740 1294 3770 vel
1328 3750 1344 3770 a

1249 139 1516 177 APPENDIX

1408 222 1593 256 imperfectius
1605 222 1649 247 cui
1668 229 1721 247 non
1731 224 1824 254 potest
1834 222 1903 254 fieri
1913 222 2008 254 aquua
2019 221 2128 248 additio
2140 222 2399 256 imperfectissimum
2418 223 2492 257 quod

1408 274 1440 299 ad
1460 272 1649 306 perfectionem
1662 273 1751 298 reduci
1769 280 1822 297 non
1836 277 1934 306 potest.
1949 273 2021 298 Deus
2035 279 2123 299 autem
2144 274 2183 306 <ai
2202 279 2243 300 est
2261 275 2446 308 imperfectus>
2459 275 2493 301 ad

1408 324 1537 349 maiorem
1558 323 1745 356 perfectionem
1765 331 1846 356 quam
1859 323 1938 349 habet
1951 325 2025 349 nullo
2042 325 2123 350 modo
2141 325 2231 350 reduci
2244 330 2341 359 potest,
2359 331 2418 351 tum
2432 326 2495 359 quia

1408 385 1462 402 non
1481 382 1521 402 est
1534 376 1675 407 mutabilis,
1694 381 1751 401 tum
1766 376 1830 409 quia
1842 376 2002 401 additionem
2016 384 2070 401 non
2084 376 2184 408 recipit.
2204 377 2230 402 Si
2245 377 2325 410 igitur
2335 385 2390 403 non
2408 383 2450 403 est
2467 378 2494 404 in

1408 428 1459 454 fine
1472 428 1647 461 perfectionis,
1662 434 1788 461 sequetur
1803 428 1891 460 ipsum
1905 436 1967 453 esse
1980 428 2250 461 imperfectissimum,
2259 428 2340 462 quod,
2355 430 2433 454 etiam
2445 430 2496 455 im—

1409 481 1551 513 perfectius
1561 481 1670 505 materia
1681 480 1775 513 prima,
1786 488 1856 514 quae
1866 487 1914 514 per
1926 481 2086 506 additionem
2097 475 2198 506 formae
2209 480 2297 514 pertici
2311 485 2408 514 potest.
2418 480 2497 512 Quod

1407 539 1468 557 esse
1482 540 1535 556 non
1555 537 1652 564 potest,
1671 533 1733 564 quia
1752 539 1833 564 agens
1848 531 2030 557 honorabilius
2043 537 2084 557 est
2103 532 2218 565 patiente
2237 537 2263 557 et
2281 539 2396 557 movens
2414 538 2497 558 mono.

1407 581 1424 618 ξ
1442 580 1593 619 Amplius
1606 580 1632 610 *.
1650 579 1739 610 Nihil
1756 580 1821 618 agit
1838 603 1845 610 .
1860 603 1867 610 .
1882 602 1890 610 .
1907 580 1942 611 in
1958 586 2084 621 agente.
2103 580 2308 621 Impossibile
2332 586 2381 611 est
2398 581 2496 621 igitur

1407 630 1560 661 effectum
1587 631 1643 670 qui
1669 640 1727 671 per
1750 631 1915 661 actionem
1935 630 2086 662 educitur
2101 641 2172 662 esse
2189 633 2223 662 in
2246 632 2402 662 nobiliori
2422 638 2497 664 actu

1408 693 1506 724 quain
1532 685 1571 713 sit
1596 689 1687 715 actus
1719 683 1853 724 agentiS‚
1880 687 1910 712 In
1935 695 2037 722 genere
2060 692 2154 714 autem
2179 695 2326 714 causarum
2355 689 2496 721 agentium

1407 740 1550 765 reducitur
1574 740 1612 764 ad
1635 740 1757 772 aliquam
1777 740 1910 773 primam,
1935 743 1966 766 ut
1988 748 2075 773 supra
2102 744 2239 767 ostensum
2264 743 2313 772 eat,
2340 737 2497 779 possibile

1407 794 1454 817 est
1475 793 1583 817 tamen
1602 793 1710 818 actum
1728 787 1864 818 effectus
1877 792 1992 826 deficere
2006 787 2285 828 imperfectiorem
2309 798 2380 819 esse
2395 797 2496 828 quam

1407 840 1446 868 sit
1471 845 1562 870 actus
1580 849 1697 870 causae
1714 840 1850 880 agentis,
1867 850 1907 871 eo
1925 840 2017 881 quod
2037 841 2123 871 actio
2148 845 2257 880 potest
2281 839 2441 871 debilitari
2457 849 2496 871 ex

1407 896 1496 930 parte
1515 891 1584 921 eius
1608 891 1641 921 in
1668 890 1758 931 quod
1782 892 1986 923 terminatur.
2011 891 2047 922 ln
2071 901 2191 932 genere
2216 897 2325 922 autem
2348 901 2496 922 causarum

1406 952 1522 972 causae
1547 941 1716 973 efficientis
1732 942 1770 973 fit
1785 942 1933 974 reductio
1954 943 1994 975 ad
2019 953 2119 974 unam
2135 952 2279 980 causam,
2303 952 2388 984 quae
2405 943 2497 974 Deus

1407 994 1534 1031 dicitur,
1560 1000 1596 1025 ut
1621 1004 1659 1025 ex
1685 994 1779 1025 dictis
1803 1000 1902 1035 patet,
1927 1005 1966 1024 ex
1983 1006 2038 1031 qua
2056 1001 2121 1024 sunt
2145 1005 2163 1026 a
2187 1004 2253 1035 qua
2280 999 2356 1025 sunt
2379 1003 2496 1025 omnes

1406 1056 1465 1082 res,
1485 1053 1519 1077 ut
1536 1047 1568 1077 in
1594 1047 1807 1087 sequentibus
1829 1047 2030 1078 ostendetur.
2055 1047 2196 1087 Oportet
2214 1069 2221 1077 .
2236 1070 2243 1077 .
2259 1069 2266 1076 .
2284 1055 2303 1077 e
2322 1055 2494 1077 converso.

1407 1098 1463 1128 Est
1481 1098 1577 1138 igitur
1595 1097 1684 1128 Deus
1703 1097 1971 1139 perfectissimus.
1993 1098 2107 1138 §Item
2129 1102 2172 1134 <in
2197 1109 2362 1136 unoquoque
2380 1101 2494 1134 genere>

1407 1154 1470 1179 illud
1491 1155 1564 1187 quod
1588 1159 1630 1179 est
1655 1162 1781 1179 mensura
1806 1154 1894 1187 <illius
1916 1154 2039 1188 generis>
2066 1153 2104 1186 (in
2130 1154 2221 1187 aliquo
2246 1153 2355 1186 genere)
2379 1158 2420 1178 est
2445 1149 2495 1189 (In

1407 1212 1616 1243 unoquoque
1640 1212 1759 1243 genere
1785 1207 1832 1233 est
1857 1202 1995 1244 aliquid)
2019 1193 2295 1243 perfectissimum
2318 1202 2352 1232 in
2376 1210 2495 1242 genere

1406 1255 1464 1285 illo
1493 1254 1547 1294 (ad
1577 1253 1668 1294 quod
1693 1254 1807 1285 omnia
1831 1264 1917 1295 quae
1941 1260 2017 1286 sunt
2040 1254 2128 1285 illius
2150 1254 2279 1294 generis
2302 1262 2495 1284 mensuran-

1406 1307 1482 1347 tur).
1515 1307 1591 1347 quia
1625 1316 1663 1337 ex
1690 1310 1740 1336 hoc
1765 1306 1835 1347 (eo)
1863 1306 2131 1347 unumquodque
2161 1309 2232 1335 illius
2255 1309 2360 1342 generis
2383 1310 2494 1335 osten-

1406 1358 1492 1389 ditur
1508 1359 1611 1399 magis
1627 1358 1679 1389 vel
1698 1358 1808 1389 minus
1832 1357 2015 1399 perfectum
2039 1368 2110 1390 esse
2133 1362 2195 1396 quia
2219 1357 2340 1399 (quod)
2364 1356 2405 1388 ad
2419 1360 2495 1386 illam

1405 1420 1592 1441 mensuram
1619 1411 1682 1451 (sui
1709 1410 1852 1450 generis)
1883 1411 1987 1451 magis
2017 1410 2069 1442 vel
2098 1411 2207 1442 minus
2227 1410 2492 1452 appropinquat.

1405 1463 1495 1494 Sicut
1514 1487 1520 1494 .
1537 1487 1544 1493 .
1560 1489 1567 1495 .
1584 1463 1746 1493 homines.
1772 1461 1807 1493 Id
1832 1467 1942 1493 autem
1967 1462 2059 1504 quod
2087 1469 2135 1494 est
2165 1471 2318 1493 mensura
2341 1461 2492 1493 omnium

1405 1515 1530 1545 entium
1556 1518 1627 1544 Deus
1645 1523 1687 1543 est
1705 1523 1735 1543 ut
1752 1525 1784 1544 ex
1803 1525 1882 1551 supra
1901 1518 1977 1543 dictis
1995 1523 2067 1552 patet
2090 1513 2173 1556 (non
2191 1519 2300 1555 potest
2319 1523 2389 1545 esse
2405 1512 2494 1545 aliud

1406 1576 1504 1607 quam
1530 1567 1630 1603 Deus,
1648 1567 1705 1607 qui
1722 1572 1770 1598 est
1786 1576 1883 1597 suum
1900 1566 1996 1606 esse).
2014 1566 2078 1607 Ipsi
2094 1567 2192 1607 igitur
2206 1565 2298 1598 nulla
2314 1565 2404 1597 deest
2420 1574 2493 1607 per-

1405 1617 1587 1649 fectionum
1605 1628 1689 1659 quae
1705 1618 1869 1659 aliquibus
1886 1619 1983 1650 rebus
1999 1619 2212 1650 conveniant:
2229 1618 2306 1650 alias
2322 1627 2392 1650 non
2409 1622 2494 1649 esset

1405 1671 1557 1701 omnium
1583 1671 1770 1702 communis
1798 1681 1960 1702 mensura.
1986 1674 2001 1691 *
2016 1673 2044 1708 (g
2063 1675 2166 1701 Adhuc.
2192 1675 2281 1700 omne
2308 1673 2493 1707 imperfectum

1405 1727 1558 1752 naturaliter
1576 1726 1659 1752 tendit
1676 1727 1703 1753 t'n
1718 1734 1773 1760 per
1791 1727 1823 1752 ad
1847 1727 2047 1761 perfectionem,
2066 1732 2097 1752 ut
2119 1727 2145 1752 in
2168 1727 2294 1752 omnibus
2317 1734 2364 1759 per
2387 1726 2494 1752 inclina·

1404 1779 1504 1804 tionem
1529 1785 1645 1811 apparet.
1664 1779 1691 1804 Si
1710 1779 1788 1812 igitur
1811 1779 1918 1813 aliquod
1942 1778 2127 1813 imperfectum
2151 1779 2187 1804 sit
2208 1780 2280 1813 quod
2303 1778 2503 1822 perfectionem*

1405 1839 1458 1856 non
1478 1835 1667 1864 consequatur,
1686 1830 1738 1856 hoe
1756 1830 1806 1856 erit
1822 1831 1865 1856 vel
1884 1836 1992 1864 propter
2011 1831 2118 1864 aliquod
2137 1831 2285 1864 impediens
2308 1830 2496 1862 extrinsecum,

1405 1883 1444 1906 vel
1469 1887 1578 1915 propter
1600 1882 1801 1914 repugnantiam
1825 1889 1889 1907 suae
1913 1886 2031 1911 naturae,
2050 1889 2118 1914 quae
2143 1881 2204 1906 talis
2225 1880 2394 1915 perfectionis
2412 1887 2494 1915 capnt

1403 1942 1464 1959 esse
1484 1942 1538 1958 non
1551 1938 1646 1966 potest.
1660 1933 1733 1959 Deus
1749 1938 1836 1958 autern
1850 1933 1950 1958 nullam
1965 1933 2155 1967 perfectionem
2169 1933 2298 1966 consequi
2311 1933 2400 1966 potest
2411 1938 2493 1967 qum

1403 1993 1455 2010 non
1475 1984 1584 2015 habeat,
1604 1985 1642 2010 sic
1660 1984 1731 2010 enim
1758 1983 1893 2010 mutabilia
1915 1989 1987 2010 esset
2012 1989 2037 2010 et
2055 1985 2079 2010 ei
2105 1989 2198 2017 posset
2219 1983 2275 2010 fieri
2299 1984 2406 2015 additio,
2425 1990 2496 2019 quae

1403 2044 1483 2070 supra
1508 2041 1571 2061 sunt
1595 2035 1754 2070 improbata.
1779 2035 1834 2062 Nec
1857 2035 2000 2069 impeditur
2021 2043 2036 2061 ι
2054 2035 2243 2062 consecutione
2263 2035 2354 2069 aliquo
2373 2033 2496 2062 exteriori

1403 2087 1568 2120 prohibente,
1580 2088 1642 2122 quia
1655 2087 1720 2112 illud
1734 2093 1808 2113 esset
1819 2095 1853 2113 eo
1865 2087 2010 2120 potentius.
2023 2086 2078 2112 Nec
2096 2091 2207 2121 propter
2224 2092 2334 2113 namne
2353 2094 2419 2113 suae
2429 2094 2493 2113 oon·

1402 2138 1537 2170 ditionem,
1557 2138 1620 2172 quia
1639 2143 1731 2164 natura
1744 2145 1792 2164 sua
1807 2143 1849 2164 est
1865 2138 1956 2172 ipanrn
1975 2145 2046 2169 ease,
2059 2138 2100 2164 cui
2118 2137 2191 2164 nulla
2209 2143 2340 2173 repugnat
2357 2138 2494 2173 pen-thetin.

1401 2192 1480 2218 Nulla
1498 2192 1579 2226 igitur
1601 2191 1729 2225 perfectio
1748 2191 1805 2217 Deo
1824 2192 1908 2222 deest,
1934 2195 1960 2217 et
1981 2191 2069 2217 omnia
2094 2191 2262 2225 imperfectio
2286 2191 2318 2217 ab
2341 2199 2374 2218 οο
2398 2191 2493 2226 procui

1401 2246 1512 2274 absistit.
1527 2246 1576 2272 Est
1594 2254 1658 2280 ergo
1676 2245 1907 2280 perfectissimus).
1926 2246 1941 2262 *
1955 2243 1976 2282 5
1989 2246 2063 2272 Hanc
2082 2246 2161 2272 etiam
2178 2247 2314 2272 veritatem
2335 2251 2388 2273 tam
2408 2246 2492 2274 admi·

1400 2299 1510 2325 rabilem
1530 2299 1662 2325 Dominus
1680 2299 1782 2325 famulo
1797 2307 1847 2325 suo
1865 2299 1951 2332 Moysi
1970 2299 2111 2325 insinuavit
2129 2299 2171 2326 cui
2195 2295 2298 2336 (Hinc
2314 2301 2362 2327 est
2385 2292 2491 2346 quod)

1402 2357 1478 2379 cum
1507 2352 1677 2388 quaereret
1702 2346 1862 2388 (Moyses)
1887 2346 2038 2378 divinam.
2059 2346 2169 2378 videre
2195 2346 2314 2378 faciem
2338 2357 2396 2379 seu
2419 2346 2492 2389 glo·

1403 2402 1494 2437 riam,
1512 2409 1708 2441 responsum
1727 2405 1775 2430 est
1791 2400 1819 2430 ei
1845 2409 1862 2430 a
1886 2399 2045 2436 Domino,
2070 2399 2143 2441 Ego
2165 2399 2336 2431 ostendam
2354 2423 2362 2431 .
2377 2390 2406 2432 ,ἶ
2421 2397 2492 2442 ple-

1401 2452 1584 2484 nitudinem
1609 2461 1689 2483 esse.
1722 2452 1872 2491 §Eundem
1892 2455 1970 2481 etiam
1990 2455 2127 2482 veritatem
2157 2451 2222 2483 Dio
2247 2452 2344 2483 etiam
2368 2452 2401 2483 in
2425 2461 2447 2483 v
2461 2461 2490 2485 c.

1402 2505 1442 2537 de
1460 2504 1503 2536 di.
1521 2514 1577 2535 no.
1603 2507 1734 2534 subtiliter
1752 2508 1874 2542 exprimit
1891 2508 1982 2534 dicens
2005 2503 2122 2545 (dicit),
2142 2503 2234 2535 Deus
2250 2513 2319 2535 non
2344 2502 2492 2544 quodam

1403 2556 1506 2587 modo
1520 2561 1568 2587 est
1581 2556 1732 2594 existens,
1741 2554 1796 2586 sed
1810 2555 2000 2596 simpliciter
2012 2562 2044 2586 et
2054 2555 2370 2596 incircumscriptive
2381 2558 2492 2587 totum

1402 2617 1473 2638 esse
1497 2608 1530 2638 in
1555 2607 1664 2648 seipso
1688 2607 1815 2647 accepit
1839 2611 1872 2637 et
1892 2607 2109 2648 praeaccepit,
2134 2611 2196 2644 quia
2217 2609 2342 2643 (seilicet)
2365 2609 2492 2644 quiequid

1401 2664 1434 2688 ad
1447 2662 1636 2696 perfectionem
1656 2661 1761 2687 essendi
1775 2661 1800 2687 in
1820 2661 1932 2699 diversis
1951 2661 2031 2687 rebus
2044 2661 2175 2687 invenitur
2186 2661 2327 2696 pertinere,
2341 2662 2393 2688 hoc
2404 2666 2490 2688 nonam

1402 2722 1416 2739 a
1436 2713 1494 2740 Deo
1512 2714 1668 2748 plenissime
1685 2714 1846 2747 possidetur.
1865 2710 1882 2727 ⁴*
1899 2709 2090 2751 (Sciendum
2108 2715 2218 2741 tamen
2239 2716 2287 2740 est
2301 2733 2309 2741 .
2320 2733 2327 2740 .
2338 2733 2345 2740 .
2361 2709 2425 2741 dici
2442 2709 2490 2740 vi-

1403 2762 1508 2793 detur.
1535 2761 1599 2794 Sed
1617 2762 1694 2803 quia
1719 2771 1820 2807 omne
1836 2761 1927 2803 quod
1951 2760 1987 2792 fit
2011 2761 2050 2792 de
2075 2762 2222 2802 potentia
2247 2761 2279 2792 in
2298 2766 2408 2792 actum
2433 2760 2490 2792 de-

1403 2813 1540 2844 ductum
1565 2819 1613 2844 est
1629 2818 1662 2844 et
1685 2812 1726 2844 de
1741 2809 1866 2850 ‘potentia
1885 2822 1954 2844 non
1971 2822 2042 2844 esse
2058 2813 2090 2843 in
2109 2822 2189 2850 esse,
2207 2812 2342 2854 quando
2366 2812 2489 2844 factum

1403 2871 1461 2900 est,
1486 2870 1565 2896 tunc
1590 2870 1677 2895 recte
1703 2863 1885 2905 perfectum
1910 2873 1980 2895 esse
2004 2863 2132 2901 dicitur,
2157 2865 2250 2904 quasi
2277 2864 2420 2896 totaliter
2442 2863 2490 2896 fa-

1402 2923 1503 2954 ctum,
1529 2916 1663 2958 quando
1683 2921 1720 2946 rei
1739 2917 1885 2958 potentia
1908 2916 2051 2948 totaliter
2075 2921 2123 2947 est
2146 2915 2187 2948 ad
2211 2922 2320 2948 actum
2345 2915 2489 2954 reducta,

1403 2975 1438 3000 ut
1462 2969 1542 3000 nihil
1568 2968 1607 3000 de
1631 2978 1701 3000 non
1718 2978 1787 3000 esse
1811 2969 1946 3000 retineat
1961 2967 2019 2999 sed
2042 2968 2159 2999 habeat
2183 2977 2252 2999 esse
2273 2967 2489 3009 completum.

1403 3020 1463 3051 Per
1479 3019 1646 3060 quandam
1662 3021 1760 3060 igitur
1771 3019 1916 3051 nominis
1928 3019 2154 3050 extensionem
2171 3018 2354 3060 perfectum
2371 3018 2490 3052 dicitur

1402 3080 1471 3102 non
1494 3071 1602 3102 solum
1632 3070 1723 3112 quod
1751 3070 1863 3102 fiendo
1887 3070 2037 3112 pervenit
2063 3069 2103 3100 ad
2131 3075 2242 3101 actum
2273 3069 2488 3111 completum,

1402 3122 1458 3154 sed
1483 3127 1512 3152 id
1531 3134 1547 3160 q
1572 3122 1604 3154 id
1621 3123 1719 3154 etiam
1736 3122 1827 3164 quod
1844 3122 1940 3154 estin
1957 3127 2032 3153 actu
2049 3120 2218 3162 completo
2239 3124 2300 3150 nihil
2323 3125 2356 3151 de
2374 3125 2491 3159 potanda

1402 3179 1503 3205 habens
1520 3175 1643 3216 absque
1657 3178 1744 3212 aliqua
1759 3172 1883 3215 [omni]
1896 3172 2049 3204 factione.
2063 3171 2105 3203 Et
2117 3171 2163 3203 sic
2180 3172 2288 3203 Deum
2306 3172 2488 3213 perfectum

1402 3237 1471 3259 esse
1486 3253 1493 3260 .
1505 3253 1512 3260 .
1522 3251 1529 3258 .
1544 3225 1708 3267 perfectus
1726 3225 1798 3265 est).

1542 3339 1624 3380 Cap.
1650 3337 1766 3369 XXIX.
1791 3337 1840 3368 Da
1864 3345 2079 3368 smrurumnn
2104 3343 2345 3366 canawmun.

1446 3434 1597 3465 Rubrica.
1624 3433 1673 3463 De
1697 3430 1909 3463 similitudine
1933 3434 2164 3461 creaturarum.
2187 3445 2210 3450 —
2233 3428 2252 3466 ἓ
2269 3427 2316 3458 Ex
2341 3428 2406 3460 hoc
2430 3439 2487 3461 au-

1401 3492 1468 3516 tem
1492 3484 1666 3526 quomodo
1690 3484 1723 3514 in
1747 3483 1845 3514 rebus
1868 3481 1972 3522 possit
1994 3478 2175 3511 similitudo
2199 3477 2239 3510 ad
2264 3479 2372 3511 Deum
2395 3481 2487 3513 inve-

1401 3537 1462 3567 niri
1490 3536 1541 3567 vel
1572 3545 1641 3567 non
1673 3536 1778 3576 possit
1808 3537 1944 3563 evidenter
1965 3538 2074 3569 apparet
2105 3528 2317 3570 (considerari
2349 3533 2483 3573 potest).

1401 3588 1546 3619 Effectus
1574 3588 1661 3618 enirn
1690 3597 1708 3618 a
1731 3587 1798 3618 suis
1822 3586 1926 3617 causis
1959 3582 2148 3615 deficientes
2178 3590 2247 3612 non
2281 3584 2484 3616 conveniunt

1402 3649 1479 3671 curn
1510 3639 1556 3670 eis
1588 3640 1621 3670 in
1653 3638 1790 3669 nomine
1821 3642 1853 3668 et
1882 3637 2019 3675 ratione,
2047 3638 2110 3672 quin
2140 3643 2238 3669 tamen.
2269 3643 2403 3667 necesse
2435 3639 2484 3667 est

1404 3691 1526 3732 (tamen
1551 3689 1709 3730 aliquam)
1733 3689 1817 3719 inter
1840 3697 1878 3719 ea
1904 3685 2152 3718 similitudinem
2177 3688 2295 3715 invenire
2317 3685 2483 3727 (inveniri)

1401 3753 1432 3771 ex
1451 3745 1502 3771 hoc
1521 3745 1594 3779 quod
1621 3740 1661 3772 de
1684 3745 1799 3771 natura
1823 3739 1910 3770 enim
1935 3737 2073 3768 actionis
2097 3742 2145 3768 est
2168 3742 2206 3767 ut
2235 3745 2334 3776 agene
2357 3737 2418 3768 sibi
2442 3738 2484 3769 si-

272 3789 390 3828 planta.
409 3787 506 3827 igitur
522 3789 662 3827 primum
682 3799 737 3816 esse
757 3798 813 3819 ens
830 3795 960 3828 oportet
977 3800 1045 3820 esse
1063 3790 1345 3831 perfectissimum.
1361 3811 1387 3831 7⁰
1403 3793 1479 3824 mile
1504 3798 1579 3833 agat
1601 3792 1692 3832 (cum
1709 3788 1974 3830 unumquodque
1991 3794 2063 3830 agat
2087 3787 2271 3820 secundum
2294 3787 2386 3829 quod
2409 3794 2485 3821 actu

273 3840 449 3870 Ostensum
475 3864 482 3871 .
498 3862 527 3869 ..
552 3838 811 3879 perfectissimus.
845 3842 1041 3881 §Amplius
1074 3842 1346 3882 Unumquodque

274 3890 453 3931 perfectum
478 3897 524 3921 est
549 3891 740 3930 inquantum
759 3897 805 3920 est
829 3898 912 3928 actu,
930 3892 1155 3932 imperfectum
1173 3899 1281 3924 autem
1298 3903 1347 3924 se-

275 3942 418 3973 cundum
443 3941 533 3983 quod
551 3947 597 3972 est
614 3942 757 3982 potentia
783 3942 872 3980 (cum
898 3943 1078 3982 privatione
1098 3943 1212 3983 actus.)
1230 3944 1265 3975 Id
1289 3945 1346 3985 igi—

274 3999 325 4023 tur
352 3992 441 4033 quod
466 3993 557 4023 nullo
589 3991 689 4022 modo
715 3997 761 4022 est
790 3992 822 4021 in
851 3994 1065 4032 potentia...
1092 3994 1180 4024 Deus
1209 4000 1265 4026 est.
1291 3995 1347 4026 Est

1401 3850 1459 3875 est.
1484 3843 1594 3884 Unde)
1611 3842 1717 3874 forma
1740 3840 1874 3873 effectus
1890 3841 1922 3871 in
1940 3850 2036 3871 causa
2053 3840 2230 3873 excedente
2253 3851 2323 3879 quae
2341 3844 2486 3878 aequivoca

1403 3899 1496 3925 dicitur
1515 3895 1679 3926 invenitur
1702 3892 1837 3934 quidem
1864 3892 2056 3933 aliqualiter,
2083 3892 2140 3924 sed
2169 3892 2352 3925 secundum
2383 3891 2483 3924 alium

1404 3946 1543 3978 modum
1562 3951 1594 3976 et
1617 3944 1713 3976 aliam
1729 3943 1889 3974 rationem
1907 3942 2046 3983 (ratione
2068 3943 2162 3974 cuius
2183 3952 2209 3973 et
2229 3941 2356 3985 [causa]
2372 3942 2484 3983 aequi-

1405 4007 1487 4029 voca
1510 3993 1655 4038 dicitur.)
1683 3994 1766 4026 Sol.
1780 4016 1808 4024 ..
1826 4003 1894 4025 non
1926 4003 1989 4025 una
2021 3994 2157 4025 ratione.
2182 3997 2233 4024 Per
2257 3996 2369 4023 eandem
2394 4001 2483 4022 autem

277 4045 371 4083 igitur
394 4043 655 4084 perfectissimus.
680 4047 696 4080 g
717 4047 816 4072 Adhuc.
842 4047 958 4071 Duorum
990 4047 1201 4080 imperfectorum
1225 4050 1287 4074 illud
1310 4054 1349 4075 est
1363 4055 1387 4075 75
1405 4049 1526 4074 virtutem
1552 4047 1606 4081 <sua
1631 4046 1672 4072 nol
1692 4050 1783 4071 cau-at
1807 4045 1922 4070 calorem
1947 4050 2037 4070 cau-at
2054 4045 2133 4070 etiam
2152 4044 2217 4070 aliu
2238 4043 2389 4078 qualium.
2407 4042 2484 4069 Unde

2524 591 2532 600 ⁶
2548 590 2602 613 vid.
2617 591 2646 612 ad
2662 591 2708 613 loe.

2521 1673 2722 1705 *ers-nni.

2519 2247 2617 2272 ovam

2517 2711 2554 2734 lb.
2567 2716 2617 2742 ι..
2629 2709 2672 2735 la!-

2514 3434 2644 3484 nra-.-
2657 3439 2680 3474 v.-
2721 3449 2729 3458 ·

2517 3459 2686 3517 ἕψω·
