2768 4134
35 543 46 554 ·
60 541 97 564 ef.
114 541 251 563 Comment.

36 574 87 596 cap.
100 573 186 596 praec..
198 567 250 589 init.

36 598 59 617 et
73 600 96 617 n.
107 601 160 616 viu.

37 632 46 642 ·
66 630 128 652 Infra
152 630 176 652 in
204 630 250 651 hoc

36 663 88 685 cap.
98 657 108 679 1
117 656 162 678 bin.

37 689 47 699 ·
59 687 97 711 Cf.
111 693 134 710 n.
151 687 211 710 ibis.

35 900 47 911 ⁶
60 897 98 922 Cf.
113 904 136 921 n.
147 903 173 921 ιι.

37 1176 59 1219 τ--ι

35 1293 48 1306 ‘
60 1292 97 1316 et.
113 1299 138 1316 n.
148 1299 183 1316 ιιι.

0 1383 2 1391 ἡ
0 1356 4 1365 v
0 1310 3 1330 ν’
0 1092 7 1282 Wrw-uvv
0 1063 2 1079 <v

0 1410 2 1420 i

0 1427 2 1431 ’
37 1430 48 1443 ·
61 1429 99 1453 Cf.
112 1435 136 1452 n.
146 1435 198 1453 vni.

0 1554 232 1600 {Hx-mnam.

51 1842 54 1845 .
38 1798 60 1828 ³.-

69 1838 83 1846 ·.
68 1799 76 1819 .-

83 1826 105 1845 ζ’

68 1961 128 1992 cup.
143 1969 223 1986 mxi.
240 1974 251 1980 -

35 1987 74 2013 α.
97 1995 177 2018 snpra,
198 1989 252 2012 init.

34 2015 215 2072 amiati..
230 2020 253 2038 ‘¹

652 278 839 316 SUMMA
870 280 1091 318 CONTRA
1121 281 1396 328 GENTILES,
1425 283 1519 319 LlB.
1542 284 1582 329 ΙΙ,
1614 283 1724 320 CAP.
1746 285 1901 331 LXXX,
1931 286 2101 323 LXXXI.

2400 290 2473 338 507

1038 395 1373 429 Commentariis
1403 395 1712 430 Fer-ramensis

280 504 467 571 osrssuso
492 493 583 535 quod
607 494 714 525 anima
737 495 880 525 humana
902 494 1093 525 immortalis
1112 494 1161 530 sit,
1178 494 1353 526 solvendae

352 545 429 571 sunt
450 540 592 570 rationes
621 548 706 579 quae
728 539 762 569 in
790 540 979 580 oppositum
1010 539 1093 570 fiunt
1107 540 1135 570 ff.
1163 539 1204 570 Et
1233 539 1352 580 primo,

277 585 372 625 ponit
395 584 532 616 Sanctus
556 584 702 614 Thomas
718 585 803 624 ipsas
819 585 975 620 rationes;
1000 583 1156 621 secundo,
1181 594 1234 615 eas
1256 584 1353 615 solvit

278 630 384 669 capite
407 629 557 669 sequenti
574 630 600 659 *.

336 674 359 705 1.
383 673 504 712 Quoad
526 674 680 714 primum,
698 674 840 713 arguitur
850 674 961 713 primo
973 674 1000 703 θ’.
1017 673 1155 704 Animae
1170 673 1352 704 secundum

278 727 456 759 corporum
472 718 778 759 multiplicationem
793 719 1060 759 multiplicantur.
1072 718 1170 758 Ergo,
1184 717 1352 749 destructis

279 764 481 803 corporibus,
493 773 562 794 non
575 769 711 803 possunt
727 764 760 794 in
776 773 833 794 sua
849 761 1057 794 multitudine
1071 772 1248 794 remanere.
1265 762 1351 803 Ergo

277 812 334 837 aut
356 813 502 838 remanet
526 818 590 839 una
613 814 751 844 tantum,
770 815 825 839 aut
849 808 989 838 totaliter
1013 807 1165 838 desinunt
1188 816 1267 838 esse.
1284 807 1352 838 Pri·

277 860 372 882 mum
394 858 443 883 est
465 851 593 883 falsum.
618 853 705 894 Ergo
730 858 790 884 etc.

335 895 484 928 Secundo
498 898 525 927 ἦ
542 898 576 929 Si
590 904 760 928 remanent
776 898 896 928 multae
913 897 1041 927 animae
1056 896 1218 936 corruptis
1233 905 1351 936 corpo-

277 940 376 977 ribus,
400 947 531 983 oportet
553 943 623 973 illas
639 952 708 973 esse
724 942 863 973 diversas
886 941 1067 972 secundum
1091 941 1247 981 speciem.
1263 940 1351 980 Ergo

278 990 311 1015 et
333 992 509 1027 antequam
532 993 730 1028 separentur.
748 987 835 1027 Ergo
858 986 1026 1017 individua
1047 985 1221 1016 hominum
1244 985 1352 1025 specie

278 1029 530 1071 distinguuntur.
554 1032 630 1063 Hoc
647 1038 694 1062 est
709 1031 955 1062 inconveniens.
972 1031 1059 1070 Ergo
1079 1035 1141 1062 etc.
1157 1047 1180 1052 —
1195 1030 1354 1060 Probatur

278 1081 493 1116 assumptum.
509 1076 597 1114 Quia
618 1077 704 1107 inter
726 1077 810 1117 ipsas
834 1077 894 1107 erit
911 1075 1076 1106 distinctio
1098 1074 1258 1106 formalis:
1276 1083 1353 1105 cum

278 1119 342 1150 sint
365 1119 490 1151 formae
513 1127 650 1152 tantum.
667 1139 690 1143 -
706 1121 811 1151 Prima
831 1130 908 1151 vero
933 1120 1168 1159 consequentia
1186 1119 1351 1160 probatur.

279 1163 366 1202 Quia
387 1174 446 1206 per
469 1166 714 1206 corruptionem
739 1165 886 1206 corporis
907 1174 976 1195 non
1004 1170 1171 1195 mutantur
1194 1163 1234 1194 ad
1258 1163 1353 1194 aliam

279 1209 433 1250 speciem.
449 1227 473 1232 -
488 1209 639 1241 Secunda
661 1219 756 1241 vero:
780 1210 1064 1250 quia.composita
1080 1209 1259 1239 sortiuntur
1281 1217 1354 1248 spe-

279 1254 364 1284 eiem
387 1254 570 1286 secundum
593 1254 743 1286 formam.

340 1299 451 1335 Tertio
467 1299 495 1337 '.
518 1299 698 1340 Sequetur,
730 1298 911 1330 secundum
942 1303 1102 1338 ponentes
1133 1299 1354 1329 aeternitatem

278 1344 406 1380 mundi,
420 1343 499 1375 ‘dari
519 1343 686 1375 infinitum
709 1344 742 1374 in
759 1349 847 1375 actu:
872 1343 949 1383 quia
970 1342 1087 1373 infiniti
1111 1343 1261 1373 homines
1284 1342 1354 1374 fue·

279 1394 357 1420 runt
378 1394 454 1420 ante
476 1398 548 1420 nos.
571 1389 648 1420 Hoc
670 1394 719 1420 est
740 1387 951 1428 impossibile.
976 1387 1062 1427 Ergo
1087 1392 1148 1418 etc.

339 1433 470 1470 Quarto
481 1435 509 1464 ἦ
533 1433 687 1474 Sequitur
702 1438 739 1464 ut
761 1434 863 1464 homo
879 1433 920 1463 sit
943 1441 1000 1462 ens
1015 1441 1074 1472 per
1089 1431 1252 1462 accidens:
1277 1432 1355 1472 quia

281 1487 401 1519 corpus
423 1478 574 1509 adveniet
589 1483 621 1508 et
643 1477 773 1509 recedet
792 1478 832 1508 ab
848 1478 956 1508 anima
969 1475 1206 1516 incorruptibili
1229 1485 1355 1516 perma-

280 1528 390 1554 neme.
415 1523 458 1554 Et
479 1523 525 1553 sic
548 1523 647 1553 etiam
669 1522 777 1552 anima
799 1522 930 1562 corpori
953 1520 1192 1551 accidentaliter
1214 1521 1353 1551 unietur.

339 1567 463 1604 Quinto
475 1568 502 1598 ἦ
528 1566 645 1597 Omnis
667 1566 814 1606 operatio
838 1566 965 1596 animae
980 1564 1090 1595 finitur
1113 1574 1190 1595 cum
1205 1574 1354 1605 corpore.

279 1612 366 1643 Nam
387 1616 536 1652 vegetare
560 1617 608 1642 est
630 1620 689 1651 per
706 1619 880 1650 corporeas
896 1609 1076 1649 qualitates,
1101 1614 1133 1639 et
1155 1618 1214 1649 per
1237 1618 1355 1649 corpo·

278 1665 373 1688 reum
395 1657 658 1687 instrumentum.
682 1654 808 1686 Sentire
831 1655 928 1685 etiam
948 1653 1132 1693 completur
1154 1662 1213 1692 per
1235 1662 1356 1692 organa

279 1701 471 1742 corporalia.
496 1700 677 1740 Intelligere
699 1708 778 1730 vero
805 1709 872 1730 non
896 1703 944 1729 est
965 1698 1036 1728 sine
1053 1698 1294 1738 phantasmate,
1319 1703 1355 1728 ut

278 1745 396 1777 dicimr
419 1745 460 1776 111
476 1745 517 1776 de
531 1745 672 1782 Anima;
687 1749 720 1775 et
743 1744 756 1774 l
771 1743 812 1774 de
826 1743 945 1774 Anima
962 1742 1080 1773 dicitur
1095 1741 1186 1783 quod
1205 1751 1355 1773 corrum-

272 1791 380 1833 pitur,
403 1790 546 1832 quodam
570 1790 708 1821 interius
731 1793 908 1829 corncptm
930 1793 963 1819 et
977 1787 1020 1818 111
1035 1787 1076 1818 de
1093 1787 1214 1818 Anima
1237 1786 1354 1818 dieitur

277 1835 371 1877 quod
394 1845 460 1867 non
485 1835 729 1866 reminiscimur
750 1838 827 1875 post
847 1839 1000 1864 mortem.
1031 1832 1120 1872 Ergo
1144 1838 1206 1863 etc.
1229 1849 1253 1853 -
1274 1831 1354 1862 Pro-

278 1881 373 1912 batur
395 1880 641 1921 consequentia.
657 1879 745 1917 Quia
761 1877 964 1919 impossibile
979 1882 1027 1908 est
1045 1877 1188 1917 aliquam
1206 1876 1354 1907 substan-

277 1926 358 1958 tiam
379 1934 450 1956 esse
473 1925 567 1956 cuius
589 1933 659 1955 non
681 1924 722 1954 sit
743 1923 852 1963 aliqua
875 1922 1033 1963 operatio.

335 1969 372 2000 *1
382 1970 441 2001 bis.
455 1969 507 2000 Ad
518 1968 697 2009 praedictas
707 1968 848 1998 rationes
857 1965 1033 2007 respondet
1048 1965 1185 1996 Sanctus
1197 1965 1352 1995 Thomas.

335 2014 386 2044 Aa
403 2014 548 2055 primam
571 2013 710 2054 quidem,
733 2017 831 2052 negat
854 2011 1135 2051 consequentiam.
1163 2009 1250 2048 Quia
1278 2009 1354 2040 licet

279 2064 430 2100 oporteat
453 2058 669 2099 multiplicare
691 2057 815 2088 animas
838 2055 1020 2087 secundum
1043 2063 1222 2095 corporum
1243 2054 1353 2085 multi-

279 2104 501 2145 plicationem,
525 2112 566 2134 eo
591 2101 682 2143 quod
705 2107 837 2142 oportet
861 2100 1001 2131 formam
1025 2105 1057 2130 et
1087 2100 1255 2130 materiam
1285 2108 1354 2129 esse

278 2149 421 2180 invicem
444 2153 594 2188 coaptata
616 2153 648 2177 et
670 2147 927 2187 proportionata,
942 2146 1026 2176 sicut
1041 2144 1191 2185 proprius
1214 2149 1304 2174 actus
1320 2143 1353 2173 in

279 2193 411 2234 propria
434 2192 471 2224 fit
493 2192 642 2228 materia3
671 2199 900 2231 quaecumque
923 2195 1032 2221 autem
1059 2194 1190 2229 oportet
1212 2198 1282 2219 esse
1303 2189 1353 2218 in-

278 2239 386 2269 vicem
409 2242 559 2278 coaptata
588 2242 621 2266 et
649 2236 907 2277 proportionata,
931 2234 1030 2265 simul
1060 2234 1218 2274 recipiant
1245 2233 1353 2263 multi-

278 2282 427 2314 tudinem
450 2282 502 2313 vel
525 2282 694 2316 unitatem,
714 2279 977 2320 unumquodque
1000 2287 1039 2310 ex
1062 2288 1121 2309 sua
1146 2287 1261 2309 causa:
1283 2286 1353 2308 non

279 2333 389 2359 tamen
415 2326 644 2367 multiplicatio
668 2334 846 2365 corporum
874 2330 923 2355 est
949 2329 1047 2355 causa
1074 2323 1354 2364 multiplicationis

278 2374 471 2408 animarum,
491 2371 574 2402 sicut
596 2379 658 2400 nec
681 2379 801 2410 corpus
817 2374 864 2400 est
879 2378 976 2400 causa
997 2368 1099 2409 ipsius
1115 2368 1260 2404 animae:
1277 2376 1353 2398 eum

279 2418 387 2448 anima
410 2417 552 2447 humana
571 2415 612 2445 sit
634 2414 740 2445 forma
762 2413 944 2444 secundum
967 2422 1064 2444 suum
1088 2421 1157 2444 esse
1181 2422 1198 2442 a
1221 2412 1353 2443 materia

278 2471 348 2493 non
372 2460 569 2502 dependens.
595 2459 628 2490 Si
653 2459 741 2490 enim
763 2467 834 2489 esse
855 2459 954 2489 unius
977 2467 1093 2488 eorum
1115 2466 1200 2498 quae
1223 2461 1354 2498 oportet

279 2515 349 2538 esse
373 2510 532 2546 coaptata,
558 2502 720 2544 dependet
744 2503 783 2533 ab
807 2503 919 2540 altero,
942 2503 1049 2534 unitas
1072 2502 1171 2533 etiam
1193 2501 1245 2532 vel
1268 2501 1353 2532 mul-

278 2551 436 2592 tiplicatio
461 2551 531 2580 eius
554 2558 592 2579 ex
615 2548 673 2579 illo
690 2547 862 2588 dependet.
887 2547 921 2579 Si
944 2552 1055 2578 autem
1079 2556 1149 2577 esse
1171 2547 1269 2577 unius
1285 2555 1353 2577 non

279 2595 442 2636 dependet
457 2604 497 2625 ex
519 2594 632 2630 altero,
648 2602 757 2633 neque
773 2593 879 2623 unitas
901 2592 954 2623 vel
975 2591 1204 2632 multiplicatio
1228 2591 1298 2621 eius
1314 2600 1353 2621 ex

278 2640 336 2671 illo
360 2638 532 2680 dependet,
555 2637 614 2669 sed
635 2647 675 2668 ex
698 2637 758 2668 alia
781 2647 877 2668 causa
901 2637 1079 2668 extrinseca
1101 2635 1353 2676 dependentiam

278 2685 386 2715 habet.
410 2684 452 2715 Et
477 2683 553 2714 ideo
576 2691 646 2713 non
669 2688 799 2722 oportet
827 2681 928 2723 quod,
956 2681 1125 2712 destructis
1149 2680 1352 2721 corporibus,

279 2734 383 2760 cesset
405 2728 571 2769 pluralitas
592 2727 784 2758 animarum.

334 2772 486 2808 Adverte,
502 2773 587 2803 circa
601 2771 850 2812 responsionem
865 2771 950 2801 hanc
965 2770 1075 2802 Sancti
1090 2769 1251 2805 Thomae,
1267 2777 1353 2809 quae

277 2818 496 2859 pulcherrima
517 2821 575 2853 est,
599 2815 691 2858 quod
714 2823 943 2856 quaecumque
966 2820 1097 2855 oportet
1120 2822 1190 2844 esse
1211 2813 1353 2844 invicem

278 2867 427 2903 coaptata
443 2867 475 2892 et
497 2861 753 2902 proportionata,
769 2859 866 2890 simul
883 2860 1045 2899 recipiunt
1061 2857 1306 2890 multitudinem
1322 2863 1354 2888 et

277 2908 447 2943 unitatem,
474 2904 739 2946 unumquodque
765 2913 804 2935 ex
830 2913 889 2934 sua
918 2913 1024 2940 causa,
1054 2909 1091 2934 ut
1116 2903 1181 2933 hoc
1204 2902 1281 2933 loco
1309 2903 1353 2933 ait

278 2951 416 2983 Sanctus
439 2950 595 2982 Thomas.
619 2949 661 2980 Et
682 2949 759 2980 ideo
787 2948 993 2989 loquendum
1013 2954 1061 2979 est
1084 2947 1125 2978 de
1148 2956 1245 2978 causa
1266 2946 1351 2978 mul-

277 2995 424 3027 titudinis
453 3001 509 3026 aut
533 2995 664 3026 unitatis
691 2994 818 3024 animae
845 2993 928 3024 sicut
955 2992 996 3023 de
1026 3002 1123 3024 causa
1146 3000 1216 3023 esse
1239 2992 1350 3032 ipsius.

277 3042 397 3072 Anima
420 3045 530 3071 autem
553 3039 750 3070 intellectiva
764 3047 834 3068 non
848 3037 946 3068 habet
961 3046 1093 3068 causam
1115 3036 1286 3067 formalem
1300 3036 1349 3066 sui

279 3095 348 3116 esse
371 3086 412 3116 ab
434 3085 504 3125 ipsa
526 3084 654 3115 realiter
679 3082 874 3118 distinctam,
897 3083 981 3113 sicut
1010 3091 1073 3113 nec
1103 3082 1184 3112 aliae
1207 3080 1350 3111 formae:

278 3129 383 3161 forma
407 3130 496 3160 enim
518 3138 587 3159 non
610 3127 715 3159 existit
729 3127 918 3168 simpliciter
937 3136 996 3167 per
1010 3127 1106 3157 aliam
1129 3125 1278 3162 formam,
1294 3124 1351 3156 sed

279 3176 383 3216 seipsa
405 3173 593 3210 formaliter,
617 3182 659 3204 eo
689 3171 792 3203 modo
816 3180 884 3212 quo
911 3171 971 3202 sibi
994 3171 1148 3202 convenit
1171 3178 1250 3201 esse.
1275 3170 1352 3200 Non

277 3220 375 3250 habet
390 3219 488 3249 etiam
504 3227 634 3249 causam
650 3217 867 3247 materialem:
885 3216 962 3256 quia
980 3225 1048 3246 non
1063 3214 1227 3256 dependet
1249 3224 1268 3245 a
1282 3223 1351 3245 ma-

278 3265 358 3295 teria
381 3263 562 3294 secundum
587 3271 655 3293 esse
679 3262 876 3302 simpliciter,
900 3266 937 3291 ut
966 3260 1020 3290 hic
1050 3259 1176 3296 dicitur,
1201 3264 1234 3289 et
1255 3268 1352 3299 supe-

277 3309 344 3339 rius
359 3314 407 3339 est
421 3313 601 3339 ostensum.
624 3306 830 3347 Relinquitur
852 3314 929 3345 ergo
945 3310 983 3335 ut
1002 3305 1119 3335 habeat
1132 3308 1259 3335 tantum
1276 3312 1352 3334 cau-

279 3361 348 3383 sam
363 3352 557 3384 efficientem
573 3357 606 3382 et
628 3351 759 3382 finalem
774 3351 825 3381 sui
848 3359 927 3381 esse.
944 3349 993 3380 Ex
1017 3358 1085 3389 quo
1108 3349 1244 3380 habetur
1260 3347 1352 3388 quod

278 3397 348 3428 sola
371 3406 468 3428 causa
490 3396 633 3428 efficiens
655 3397 792 3432 animae,
822 3395 944 3426 scilicet
972 3394 1071 3430 Deus,
1096 3398 1127 3424 et
1149 3392 1223 3423 finis
1251 3401 1351 3433 quem

277 3442 348 3482 ipse
362 3441 510 3478 intendit,
523 3442 564 3472 sit
579 3450 676 3472 causa
687 3439 965 3480 multiplicationis
981 3439 1171 3469 animarum.
1187 3436 1238 3467 De
1249 3446 1350 3467 causa

272 3496 337 3527 per
358 3495 394 3517 se
419 3486 554 3527 loquor:
578 3486 665 3526 quia,
696 3484 864 3525 loquendo
895 3483 936 3514 de
966 3492 1062 3513 causa
1093 3481 1289 3513 occasionali
1319 3487 1351 3512 et

278 3532 348 3562 sine
363 3540 428 3571 qua
450 3540 520 3562 non
534 3531 650 3571 incipit
663 3529 900 3570 multiplicatio,
924 3528 1021 3559 etiam
1035 3525 1262 3567 multiplicatio
1279 3534 1350 3556 cor—

277 3584 398 3616 porum
428 3580 476 3606 est
506 3584 602 3606 causa
630 3574 909 3615 multiplicationis
937 3573 1128 3608 animarum,
1160 3569 1270 3611 quoad
1300 3571 1351 3601 sui

278 3620 492 3661 principium:
516 3619 600 3650 sicut
623 3625 656 3650 et
679 3628 798 3660 corpus
820 3618 885 3648 hoc
907 3616 1009 3648 modo
1034 3621 1081 3647 est
1104 3625 1200 3647 causa
1223 3615 1349 3645 animae

279 3665 314 3695 in
337 3664 508 3705 principio.
525 3664 567 3694 Et
581 3663 658 3695 ideo
682 3673 721 3694 ex
737 3662 918 3694 deficientia
933 3660 1148 3693 multitudinis
1172 3668 1349 3700 corporum

1406 504 1475 525 non
1499 501 1629 535 oportet
1652 498 1832 528 animarum
1856 498 2098 531 multitudinem
2121 498 2270 536 deficere,
2294 506 2330 530 ut
2353 501 2476 540 optime

1407 538 1543 570 Sanctus
1556 540 1702 571 Thomas
1713 541 1904 582 respondet:
1922 542 1978 572 sed
1994 552 2032 573 ex
2045 542 2227 574 deficientia
2242 550 2368 575 tantum
2380 554 2476 585 agen-

1406 584 1456 619 tis,
1481 585 1602 615 scilicet
1629 585 1701 622 Dei,
1725 587 1751 616 si
1775 586 1912 617 deficere
1936 594 2055 627 posset,
2079 594 2134 618 aut
2157 589 2182 618 si
2207 595 2343 620 cessaret
2366 590 2405 620 ab
2427 590 2476 621 in-

1406 629 1514 665 fluxu;
1543 639 1619 660 cum
1643 630 1682 660 sit
1713 639 1808 660 causa
1836 641 1903 661 non
1932 632 2040 662 solum
2066 632 2099 662 in
2131 631 2210 669 fieri,
2238 633 2294 664 sed
2324 634 2420 665 etiam
2443 635 2476 665 in

1406 673 1492 705 facto
1517 683 1587 704 esse
1611 680 1642 704 et
1665 675 1698 704 in
1723 675 1915 705 conservari.

1462 718 1500 748 11.
1525 719 1575 748 Ad
1597 718 1773 749 secundam
1785 720 1802 735 ἥ
1825 719 1999 759 respondet
2016 720 2152 750 Sanctus
2167 721 2312 752 Thomas
2327 722 2476 763 negando

1406 763 1543 803 primam
1561 764 1838 804 consequentiam.
1854 763 1906 794 Ad
1922 765 2015 794 cuius
2030 765 2255 804 probationem
2269 766 2345 797 dicit
2360 768 2476 807 primo,

1407 807 1498 847 quod
1524 817 1592 838 non
1623 809 1730 839 omnis
1761 808 1925 839 diversitas
1956 808 2133 839 formarum
2162 809 2238 840 facit
2265 811 2478 843 diversitatem

1406 851 1587 883 secundum
1610 853 1744 893 species,
1760 858 1796 883 ut
1819 858 1907 893 patet
1929 853 1964 883 in
1987 852 2099 883 formis
2120 853 2319 885 diversorum
2338 856 2476 895 ignium:

1406 896 1464 927 sed
1486 902 1611 928 tantum
1632 907 1669 928 ea
1693 907 1778 938 quae
1801 903 1848 928 est
1870 897 2052 928 secundum
2075 898 2232 938 principia
2255 898 2411 937 formalia,
2427 901 2478 932 vel

1407 941 1588 972 secundum
1612 942 1770 973 diversam
1792 943 1952 972 rationem
1976 941 2111 972 formae.

1463 986 1550 1017 Dicit
1572 987 1728 1024 secundo,
1753 987 1844 1027 quod
1866 986 2042 1017 multitudo
2059 987 2240 1018 animarum
2264 994 2479 1028 separatarum

1407 1033 1618 1073 consequitur
1634 1031 1767 1072 quidem
1783 1031 2001 1062 diversitatem
2018 1030 2196 1062 formarum
2209 1032 2389 1063 secundum
2405 1034 2479 1064 sub-

1407 1077 1567 1113 stantiam,
1584 1077 1661 1117 quia
1684 1076 1745 1107 alia
1762 1082 1810 1106 est
1825 1076 2001 1106 substantia
2016 1075 2114 1107 huius
2129 1077 2256 1107 animae
2275 1082 2307 1107 et
2329 1077 2390 1107 alia
2405 1077 2480 1108 sub-

1407 1122 1522 1152 stantia
1547 1121 1647 1152 illius:
1676 1130 1745 1151 non
1772 1126 1881 1151 tamen
1911 1119 2058 1160 procedit
2087 1130 2124 1152 ex
2153 1120 2335 1152 diversitate
2362 1122 2480 1162 princi-

1407 1166 1539 1206 piorum
1567 1165 1784 1196 essentialium
1808 1165 1919 1205 ipsius,
1946 1174 2008 1195 nec
2039 1170 2086 1195 est
2114 1164 2295 1196 secundum
2323 1165 2480 1197 diversam

1408 1211 1568 1241 rationem
1591 1211 1734 1246 animae;
1763 1209 1820 1240 sed
1848 1215 1895 1239 est
1922 1208 2104 1240 secundum
2127 1209 2286 1240 diversam
2313 1220 2480 1241 commen-

1408 1255 1606 1286 surationem
1637 1255 1818 1285 animarum
1842 1253 1882 1284 ad
1913 1262 2060 1294 corpora,
2084 1254 2164 1285 haec
2193 1255 2280 1285 enim
2304 1255 2411 1286 anima
2433 1260 2480 1286 est

1409 1304 1670 1330 commensurata
1691 1299 1769 1329 huic
1785 1298 1924 1338 corpori,
1942 1303 1974 1329 et
1989 1298 2068 1328 haec
2084 1298 2141 1329 illi.
2157 1299 2356 1330 Huiusmodi
2372 1305 2480 1330 autem

1409 1344 1743 1375 commensurationes
1766 1347 1934 1373 remanent
1955 1342 1990 1372 in
2021 1343 2128 1372 anima
2152 1344 2248 1373 etiam
2271 1344 2480 1383 pereuntibus

1409 1389 1616 1428 corporibus:
1641 1389 1725 1419 sicut
1741 1393 1773 1418 et
1788 1388 1876 1427 ipsae
1893 1396 2004 1417 earum
2019 1387 2215 1418 substantiae
2231 1393 2374 1424 manent,
2390 1389 2481 1429 quasi

1408 1443 1427 1463 a
1450 1433 1642 1473 corporibus
1665 1431 1846 1463 secundum
1871 1441 1940 1462 esse
1963 1440 2032 1462 non
2055 1431 2286 1471 dependentes.

1467 1486 1496 1507 2.
1513 1477 1548 1507 ln
1564 1478 1624 1508 hac
1640 1477 1853 1517 responsione
1869 1475 1936 1506 duo
1952 1481 2027 1506 sunt
2042 1475 2245 1507 advertenda.
2262 1476 2407 1507 Primum
2423 1482 2480 1513 est,

1409 1521 1500 1562 quod
1522 1530 1591 1552 non
1615 1523 1660 1552 sic
1683 1520 1930 1560 intelligendum
1946 1526 1993 1550 est
2009 1520 2224 1551 diversitatem
2247 1521 2481 1561 principiorum

1409 1565 1595 1596 formalium
1618 1565 1723 1596 facere
1747 1565 1963 1595 diversitatem
1983 1563 2169 1604 specificam
2185 1564 2373 1602 formarum,
2390 1566 2482 1605 quasi

1409 1608 1514 1640 forma
1536 1610 1652 1640 habeat
1674 1610 1783 1649 aliqua
1813 1609 1992 1640 essentialia
2022 1609 2179 1649 principia
2210 1610 2328 1649 quibus
2357 1610 2482 1640 realiter

1409 1659 1636 1694 componatur,
1660 1654 1706 1684 sic
1730 1654 1818 1684 enim
1841 1658 2006 1693 oporteret
2029 1662 2163 1683 omnem
2186 1652 2325 1684 formam
2350 1663 2417 1684 esse
2433 1655 2481 1684 in-

1408 1699 1546 1729 trinsece
1570 1704 1601 1728 et
1623 1698 1750 1728 realiter
1765 1698 1999 1737 compositam:
2018 1697 2074 1727 sed
2090 1706 2148 1737 per
2163 1698 2322 1737 principia
2337 1697 2483 1728 formalia

1409 1748 1441 1773 et
1464 1742 1643 1773 essentialia
1667 1741 1791 1772 formae
1813 1741 1962 1781 intelligit
1986 1741 2123 1772 Sanctus
2146 1741 2291 1772 Thomas
2314 1742 2483 1782 proprium

1407 1797 1512 1828 genus
1535 1793 1567 1818 et
1590 1787 1755 1828 propriam
1778 1785 2002 1822 differentiam,
2024 1795 2062 1816 ex
2079 1786 2197 1825 quibus
2220 1785 2345 1816 formae
2368 1796 2483 1817 secun—

1409 1831 1488 1863 dum
1503 1833 1664 1863 rationem
1681 1836 1936 1871 componuntur,
1957 1840 1998 1861 eo
2013 1830 2115 1861 modo
2131 1840 2199 1870 quo
2217 1830 2340 1861 formae
2359 1837 2434 1862 sunt
2449 1832 2483 1862 in

1408 1877 1526 1916 specie.
1551 1876 1646 1908 Unde
1670 1876 1776 1907 dicere
1801 1875 1892 1916 quod
1921 1875 2163 1915 distinguuntur
2193 1874 2344 1915 specifice
2367 1885 2483 1907 secun·

1409 1921 1488 1951 dum
1510 1921 1669 1961 principia
1691 1919 1848 1957 formalia,
1872 1920 1924 1950 vel
1947 1919 2128 1950 secundum
2144 1919 2301 1950 diversam
2323 1921 2482 1951 rationem

1408 1965 1543 2001 formae,
1567 1964 1655 1996 idem
1679 1971 1727 1996 est
1753 1974 1790 1995 ac
1821 1965 1847 1994 si
1870 1963 2045 1995 diceretur:
2077 1964 2327 2004 Distinguuntur
2355 1970 2410 1996 aut
2433 1974 2481 1996 se-

1408 2009 1554 2041 cundum
1577 2015 1702 2050 partem
1718 2009 1861 2049 aliquam
1876 2018 2007 2039 suarum
2027 2007 2264 2045 definitionum,
2289 2014 2344 2039 aut
2367 2018 2482 2040 secun-

1409 2054 1489 2085 dum
1511 2060 1614 2085 totam
1638 2053 1873 2085 definitionem.

1464 2098 1653 2130 Secundum
1677 2103 1734 2135 est,
1751 2097 1843 2138 quod
1858 2098 2131 2128 commensuratio
2149 2096 2215 2127 duo
2232 2103 2339 2137 potest
2355 2097 2479 2128 dicere:

1409 2143 1530 2174 scilicet
1552 2142 1804 2174 fundamentum
1833 2141 2039 2178 habitudinis,
2069 2147 2100 2172 et
2129 2141 2368 2178 habitudinem;
2399 2143 2482 2173 sicut

1409 2194 1442 2218 et
1462 2188 1653 2219 similitudo.
1678 2186 1942 2218 Fundamentum
1965 2186 2291 2217 commensurationis
2314 2187 2347 2217 in
2375 2187 2481 2217 anima

1409 2239 1457 2263 est
1486 2234 1555 2274 ipsa
1587 2233 1714 2263 animae
1746 2232 1936 2268 substantia,
1965 2232 2011 2262 sic
2041 2230 2222 2262 secundum
2254 2239 2345 2262 suam
2374 2241 2481 2262 essen-

1408 2278 1486 2308 tiam
1510 2283 1542 2309 et
1564 2277 1746 2308 secundum
1768 2286 1865 2307 suum
1889 2285 1958 2307 esse
1981 2276 2058 2306 huic
2085 2276 2215 2315 corpori
2238 2276 2482 2316 proportionata

1408 2328 1446 2353 ut
1468 2323 1599 2363 propria
1614 2321 1719 2352 forma
1742 2321 1890 2361 propriae
1906 2321 2069 2357 materiae,
2086 2319 2176 2360 quod
2192 2320 2245 2350 alii
2269 2320 2398 2360 corpori
2413 2330 2481 2351 non

1409 2367 1685 2408 proportionatur.
1710 2365 1815 2406 Super
1837 2366 1922 2397 hanc
1951 2371 2061 2396 autem
2084 2365 2256 2395 essentiam
2278 2364 2480 2405 productam,

1408 2411 1486 2442 huic
1508 2411 1661 2442 materiae
1685 2410 1908 2450 adaequatam,
1925 2409 2078 2440 fundatur
2101 2409 2257 2440 habitudo
2275 2418 2481 2440 commensu-

1408 2457 1541 2487 rationis
1570 2455 1752 2487 secundum
1783 2464 1883 2495 quam
1913 2455 1994 2485 haec
2022 2455 2130 2485 anima
2158 2453 2274 2485 dicitur
2306 2453 2482 2485 formaliter

1409 2506 1671 2532 commensurata
1694 2500 1770 2531 huic
1793 2500 1940 2540 corpori:
1966 2500 2048 2530 sicut
2075 2508 2172 2539 super
2201 2498 2384 2529 albedinem
2408 2498 2482 2529 fun-

1409 2545 1503 2576 datur
1524 2545 1638 2576 relatio
1661 2544 1879 2575 similitudinis
1903 2554 1968 2585 qua
1997 2545 2061 2574 hoc
2085 2543 2202 2574 dicitur
2228 2543 2275 2573 illi
2305 2542 2482 2573 formaliter

1408 2590 1527 2626 simile;
1551 2590 1618 2620 sive
1640 2589 1694 2620 illa
1716 2589 1829 2620 relatio
1853 2589 1893 2619 sit
1915 2588 2003 2619 idem
2027 2587 2118 2628 quod
2141 2586 2391 2617 fundamentum
2414 2588 2481 2618 sive

1408 2645 1486 2671 non,
1511 2635 1575 2665 hoc
1599 2635 1687 2664 enim
1714 2633 1794 2664 nihil
1822 2632 1862 2663 ad
1884 2633 2090 2673 propositum
2117 2631 2222 2662 refert.
2247 2648 2270 2653 -
2293 2631 2379 2662 Cum
2404 2641 2480 2671 ergo

1408 2679 1525 2710 dicitur
1553 2678 1769 2709 diversitatem
1798 2678 1980 2708 animarum
2011 2685 2080 2707 esse
2111 2675 2292 2706 secundum
2322 2675 2479 2706 diversam

1408 2723 1764 2754 commensurationem
1780 2731 1892 2752 earum
1907 2721 1948 2752 ad
1971 2730 2118 2761 corpora,
2134 2730 2202 2751 non
2218 2720 2374 2760 accipitur
2390 2729 2481 2750 com-

1407 2768 1606 2799 mensuratio
1622 2767 1800 2798 formaliter
1815 2772 1852 2797 ut
1865 2766 2056 2797 relationem
2072 2766 2238 2805 importat:
2259 2764 2336 2804 quia
2350 2765 2396 2794 sic
2411 2774 2480 2795 non

1408 2812 1680 2852 distinguerentur
1703 2810 1885 2842 secundum
1903 2810 2122 2846 substantiam,
2139 2815 2176 2840 ut
2197 2809 2251 2839 hic
2274 2808 2406 2845 dicitur;
2423 2808 2480 2840 sed

1407 2862 1534 2888 tantum
1557 2856 1739 2888 secundum
1762 2855 1912 2886 accidens
1939 2854 2192 2896 superadditum,
2215 2854 2242 2883 si
2268 2858 2408 2893 ponatur
2431 2863 2479 2884 re-

1406 2902 1485 2932 latio
1501 2901 1651 2932 distincta
1666 2911 1685 2932 a
1707 2900 1940 2936 fundamento;
1957 2905 2013 2930 aut
2028 2898 2209 2930 secundum
2232 2898 2390 2928 rationem
2406 2898 2479 2929 nul-

1406 2946 1472 2977 lam
1495 2946 1668 2977 facientem
1698 2946 1915 2976 diversitatem
1938 2945 1972 2975 in
1995 2954 2039 2981 re,
2073 2944 2099 2974 si
2130 2942 2306 2973 formaliter
2335 2947 2480 2972 sumatur

1406 2991 1528 3022 relau’o.
1546 2990 1610 3022 Sed
1625 2991 1783 3031 accipitur
1798 2989 2072 3020 commensuratio
2088 2987 2379 3019 fundamentaliter.
2392 2986 2479 3025 Quia

1407 3036 1496 3066 enim
1518 3036 1599 3066 haec
1623 3036 1730 3066 anima
1753 3040 1800 3065 est
1822 3033 2003 3065 secundum
2027 3042 2119 3064 suam
2142 3031 2352 3062 substantiam
2375 3036 2407 3061 et
2429 3040 2480 3061 se-

1407 3080 1553 3111 cundum
1576 3089 1673 3111 suum
1689 3089 1759 3110 esse
1782 3080 1827 3110 ita
1849 3079 1980 3119 propria
1994 3077 2100 3109 forma
2115 3077 2210 3107 huius
2226 3075 2372 3115 corporis
2388 3075 2478 3115 quod

1405 3134 1475 3156 non
1497 3125 1639 3164 alterius,
1663 3130 1695 3155 et
1718 3130 1766 3155 est
1794 3123 2044 3154 substantialiter
2066 3122 2109 3152 ita
2133 3121 2208 3151 huic
2233 3120 2361 3160 corpori
2383 3119 2477 3151 adae-

1406 3175 1504 3210 quata
1528 3169 1619 3210 quod
1641 3178 1710 3199 non
1734 3168 1834 3204 alteri,
1858 3168 1955 3198 habet
1974 3165 2066 3207 quod
2089 3165 2336 3197 substantialiter
2354 3164 2394 3195 ab
2417 3164 2478 3195 alin

1406 3215 1523 3251 anima,
1547 3214 1601 3245 alii
1617 3214 1747 3254 corpori
1769 3212 2025 3253 proportionata,
2043 3210 2265 3250 distinguatur.
2281 3209 2323 3239 Et
2345 3209 2422 3248 quia
2437 3208 2478 3239 ad

1405 3259 1470 3290 hoc
1493 3258 1701 3290 substantiale
1717 3257 1967 3288 fundamentum
1990 3255 2171 3286 necessario
2189 3253 2399 3293 consequitur
2421 3253 2477 3283 ha-

1405 3303 1520 3334 bitudo
1544 3302 1881 3337 commensurationis,
1906 3306 2014 3341 potest
2029 3299 2093 3330 dici
2116 3299 2213 3329 etiam
2237 3297 2327 3338 quod
2350 3298 2476 3328 animae

1405 3353 1569 3388 separatae
1591 3346 1772 3378 secundum
1796 3344 1999 3376 habitudines
2022 3343 2263 3384 distinguuntur
2285 3341 2475 3373 secundario

1405 3392 1549 3433 quidem,
1573 3392 1630 3423 sed
1652 3401 1721 3422 non
1740 3391 1857 3431 primo.
1878 3407 1902 3412 -
1924 3389 1973 3420 Ex
1995 3389 2033 3419 iis
2056 3393 2144 3428 patet
2167 3396 2266 3427 quam
2289 3386 2374 3417 male
2397 3386 2476 3417 San-

1405 3442 1495 3468 ctum
1511 3437 1542 3467 T
1543 3437 1676 3468 hornam
1691 3435 1918 3466 intellexerunt
1933 3434 1990 3474 qui
2012 3433 2059 3463 illi
2074 3432 2252 3463 attribuunt
2266 3432 2375 3471 ipsum
2393 3430 2476 3462 velle

1405 3482 1528 3512 animas
1551 3491 1570 3511 a
1593 3481 1784 3521 corporibus
1800 3484 1959 3519 separatas
1975 3487 2014 3508 ex
2037 3477 2106 3507 sola
2128 3475 2317 3507 habitudine
2340 3475 2381 3506 ad
2405 3484 2476 3518 cor-

1404 3535 1485 3566 pora
1507 3526 1624 3556 habere
1648 3524 1900 3555 distinctionem.
1924 3522 1999 3553 Hoc
2015 3522 2103 3552 enim
2117 3529 2288 3561 nunquam
2303 3520 2476 3551 somniavit

1404 3570 1542 3601 Sanctus
1565 3570 1728 3600 Thomas:
1753 3567 1876 3599 nedum
1899 3576 1967 3597 non
1991 3566 2157 3596 intellexit.

1462 3614 1491 3645 3.
1516 3614 1580 3646 Sed
1615 3619 1727 3645 contra
1756 3613 1839 3643 hanc
1875 3611 2122 3652 responsionem
2152 3609 2288 3640 dubium
2323 3608 2473 3639 occuffit.

1405 3658 1593 3690 Secundum
1625 3659 1727 3698 ipsam
1752 3658 1839 3688 enim
1868 3657 1926 3687 erit
1952 3665 2066 3686 verum
2094 3654 2200 3685 dicere
2233 3653 2323 3694 quod
2349 3653 2475 3684 animae

2504 729 2513 738 ·
2528 728 2564 750 Cf.
2579 734 2629 750 n.1⁴
