<?xml version="1.0" encoding="UTF-8"?>
<!DOCTYPE html PUBLIC "-//W3C//DTD XHTML 1.0 Transitional//EN"
    "http://www.w3.org/TR/xhtml1/DTD/xhtml1-transitional.dtd">
<html xmlns="http://www.w3.org/1999/xhtml" xml:lang="en" lang="en">
 <head>
  <title>
</title>
<meta http-equiv="Content-Type" content="text/html;charset=utf-8" />
  <meta name='ocr-system' content='tesseract 3.04.00' />
  <meta name='ocr-capabilities' content='ocr_page ocr_carea ocr_par ocr_line ocrx_word'/>
</head>
<body>
  <div class='ocr_page' id='page_1' title='image "./operaomniaiussui13thom_0254.png"; bbox 0 0 2768 4134; ppageno 0'>
   <div class='ocr_carea' id='block_1_1' title="bbox 49 672 261 727">
    <p class='ocr_par' dir='ltr' id='par_1_1' title="bbox 49 672 261 727">
     <span class='ocr_line' id='line_1_1' title="bbox 49 672 261 697; baseline -0.005 -3"><span class='ocrx_word' id='word_1_1' title='bbox 49 675 58 683; x_wconf 86' lang='lat'><strong>·</strong></span> <span class='ocrx_word' id='word_1_2' title='bbox 78 673 110 695; x_wconf 92' lang='lat' dir='ltr'>lll</span> <span class='ocrx_word' id='word_1_3' title='bbox 126 673 155 694; x_wconf 83' lang='lat' dir='ltr'>de</span> <span class='ocrx_word' id='word_1_4' title='bbox 167 672 261 697; x_wconf 77' lang='lat' dir='ltr'>Anima,</span> 
     </span>
     <span class='ocr_line' id='line_1_2' title="bbox 49 706 104 727; baseline 0.018 -6"><span class='ocrx_word' id='word_1_5' title='bbox 49 707 70 727; x_wconf 74' lang='lat' dir='ltr'>v,</span> <span class='ocrx_word' id='word_1_6' title='bbox 85 706 104 722; x_wconf 85' lang='lat'>2.</span> 
     </span>
    </p>
   </div>
   <div class='ocr_carea' id='block_1_2' title="bbox 45 2233 259 2288">
    <p class='ocr_par' dir='ltr' id='par_1_2' title="bbox 45 2233 259 2288">
     <span class='ocr_line' id='line_1_3' title="bbox 45 2233 259 2256; baseline -0.009 0"><span class='ocrx_word' id='word_1_7' title='bbox 45 2235 55 2244; x_wconf 80' lang='grc'><em>·</em></span> <span class='ocrx_word' id='word_1_8' title='bbox 70 2233 105 2256; x_wconf 81' lang='lat' dir='ltr'>Cf.</span> <span class='ocrx_word' id='word_1_9' title='bbox 126 2233 259 2256; x_wconf 77' lang='lat' dir='ltr'>Commeat.</span> 
     </span>
     <span class='ocr_line' id='line_1_4' title="bbox 47 2267 174 2288; baseline 0 -6"><span class='ocrx_word' id='word_1_10' title='bbox 47 2267 98 2288; x_wconf 84' lang='lat' dir='ltr'>cap.</span> <span class='ocrx_word' id='word_1_11' title='bbox 113 2267 174 2282; x_wconf 79' lang='lat' dir='ltr'>Lx1V.</span> 
     </span>
    </p>
   </div>
   <div class='ocr_carea' id='block_1_3' title="bbox 297 271 369 307">
    <p class='ocr_par' dir='ltr' id='par_1_3' title="bbox 297 271 369 307">
     <span class='ocr_line' id='line_1_5' title="bbox 297 271 369 307; baseline -0.014 0"><span class='ocrx_word' id='word_1_12' title='bbox 297 271 369 307; x_wconf 89' lang='lat'>180</span> 
     </span>
    </p>
   </div>
   <div class='ocr_carea' id='block_1_4' title="bbox 288 343 1396 822">
    <p class='ocr_par' dir='ltr' id='par_1_4' title="bbox 289 343 1396 660">
     <span class='ocr_line' id='line_1_6' title="bbox 290 343 1361 397; baseline -0.006 -11"><span class='ocrx_word' id='word_1_13' title='bbox 290 348 438 397; x_wconf 88' lang='lat' dir='ltr'>gnoscit</span> <span class='ocrx_word' id='word_1_14' title='bbox 465 346 638 395; x_wconf 90' lang='lat' dir='ltr'>primum</span> <span class='ocrx_word' id='word_1_15' title='bbox 664 344 808 382; x_wconf 89' lang='lat' dir='ltr'>mobile</span> <span class='ocrx_word' id='word_1_16' title='bbox 829 343 1063 392; x_wconf 86' lang='lat' dir='ltr'><strong>inquantum</strong></span> <span class='ocrx_word' id='word_1_17' title='bbox 1083 351 1139 380; x_wconf 90' lang='lat' dir='ltr'>est</span> <span class='ocrx_word' id='word_1_18' title='bbox 1158 343 1361 392; x_wconf 89' lang='lat' dir='ltr'>singulare.</span> 
     </span>
     <span class='ocr_line' id='line_1_7' title="bbox 291 396 1363 449; baseline -0.004 -11"><span class='ocrx_word' id='word_1_19' title='bbox 291 401 370 448; x_wconf 91' lang='lat' dir='ltr'>Qui</span> <span class='ocrx_word' id='word_1_20' title='bbox 399 400 559 449; x_wconf 92' lang='lat' dir='ltr'>quidem</span> <span class='ocrx_word' id='word_1_21' title='bbox 588 406 718 435; x_wconf 90' lang='lat' dir='ltr'>motor</span> <span class='ocrx_word' id='word_1_22' title='bbox 745 398 804 434; x_wconf 90' lang='lat' dir='ltr'>vel</span> <span class='ocrx_word' id='word_1_23' title='bbox 831 396 991 447; x_wconf 84' lang='lat' dir='ltr'>ponitur</span> <span class='ocrx_word' id='word_1_24' title='bbox 1014 397 1133 443; x_wconf 85' lang='lat' dir='ltr'>Deus,</span> <span class='ocrx_word' id='word_1_25' title='bbox 1154 405 1192 434; x_wconf 91' lang='lat' dir='ltr'>et</span> <span class='ocrx_word' id='word_1_26' title='bbox 1214 397 1268 435; x_wconf 92' lang='lat' dir='ltr'>sic</span> <span class='ocrx_word' id='word_1_27' title='bbox 1296 398 1363 435; x_wconf 89' lang='lat' dir='ltr'>ha-</span> 
     </span>
     <span class='ocr_line' id='line_1_8' title="bbox 290 449 1361 502; baseline -0.004 -11"><span class='ocrx_word' id='word_1_28' title='bbox 290 456 402 491; x_wconf 88' lang='lat' dir='ltr'>betur</span> <span class='ocrx_word' id='word_1_29' title='bbox 415 452 676 502; x_wconf 90' lang='lat' dir='ltr'>propositum:</span> <span class='ocrx_word' id='word_1_30' title='bbox 693 452 754 488; x_wconf 86' lang='lat' dir='ltr'>vel</span> <span class='ocrx_word' id='word_1_31' title='bbox 770 449 915 499; x_wconf 91' lang='lat' dir='ltr'>aliquid</span> <span class='ocrx_word' id='word_1_32' title='bbox 926 450 1034 499; x_wconf 87' lang='lat' dir='ltr'>quod</span> <span class='ocrx_word' id='word_1_33' title='bbox 1042 457 1101 487; x_wconf 89' lang='lat' dir='ltr'>est</span> <span class='ocrx_word' id='word_1_34' title='bbox 1112 450 1209 488; x_wconf 86' lang='lat' dir='ltr'>infra</span> <span class='ocrx_word' id='word_1_35' title='bbox 1218 451 1361 488; x_wconf 90' lang='lat' dir='ltr'>Deum.</span> 
     </span>
     <span class='ocr_line' id='line_1_9' title="bbox 291 503 1363 553; baseline -0.004 -9"><span class='ocrx_word' id='word_1_36' title='bbox 291 506 413 545; x_wconf 92' lang='lat' dir='ltr'>Cuius</span> <span class='ocrx_word' id='word_1_37' title='bbox 440 506 652 542; x_wconf 90' lang='lat' dir='ltr'>intellectus</span> <span class='ocrx_word' id='word_1_38' title='bbox 686 504 717 541; x_wconf 91' lang='lat' dir='ltr'>si</span> <span class='ocrx_word' id='word_1_39' title='bbox 749 511 874 553; x_wconf 90' lang='lat' dir='ltr'>potest</span> <span class='ocrx_word' id='word_1_40' title='bbox 903 515 1137 552; x_wconf 85' lang='lat' dir='ltr'>cognoscere</span> <span class='ocrx_word' id='word_1_41' title='bbox 1171 503 1363 553; x_wconf 89' lang='lat' dir='ltr'>singulare</span> 
     </span>
     <span class='ocr_line' id='line_1_10' title="bbox 289 556 1396 608; baseline -0.004 -10"><span class='ocrx_word' id='word_1_42' title='bbox 289 573 360 598; x_wconf 92' lang='lat' dir='ltr'>sua</span> <span class='ocrx_word' id='word_1_43' title='bbox 387 559 538 604; x_wconf 88' lang='lat' dir='ltr'>virtute,</span> <span class='ocrx_word' id='word_1_44' title='bbox 568 558 677 608; x_wconf 93' lang='lat' dir='ltr'>quod</span> <span class='ocrx_word' id='word_1_45' title='bbox 712 565 843 594; x_wconf 90' lang='lat' dir='ltr'>noster</span> <span class='ocrx_word' id='word_1_46' title='bbox 875 556 1087 594; x_wconf 90' lang='lat' dir='ltr'>intellectus</span> <span class='ocrx_word' id='word_1_47' title='bbox 1115 569 1197 594; x_wconf 91' lang='lat' dir='ltr'>non</span> <span class='ocrx_word' id='word_1_48' title='bbox 1226 565 1362 607; x_wconf 85' lang='lat' dir='ltr'>potest,</span> <span class='ocrx_word' id='word_1_49' title='bbox 1386 569 1396 590; x_wconf 75' lang='grc' dir='ltr'><strong>ς</strong></span> 
     </span>
     <span class='ocr_line' id='line_1_11' title="bbox 289 610 1189 660; baseline -0.003 -9"><span class='ocrx_word' id='word_1_50' title='bbox 289 615 412 651; x_wconf 90' lang='lat' dir='ltr'>multo</span> <span class='ocrx_word' id='word_1_51' title='bbox 442 611 563 660; x_wconf 85' lang='lat' dir='ltr'>magis</span> <span class='ocrx_word' id='word_1_52' title='bbox 591 613 668 649; x_wconf 92' lang='lat' dir='ltr'>hoc</span> <span class='ocrx_word' id='word_1_53' title='bbox 697 610 835 660; x_wconf 88' lang='lat' dir='ltr'>poterit</span> <span class='ocrx_word' id='word_1_54' title='bbox 864 610 1077 648; x_wconf 91' lang='lat' dir='ltr'>intellectus</span> <span class='ocrx_word' id='word_1_55' title='bbox 1106 610 1189 648; x_wconf 88' lang='lat' dir='ltr'>Dei.</span> 
     </span>
    </p>

    <p class='ocr_par' dir='ltr' id='par_1_5' title="bbox 288 664 1363 822">
     <span class='ocr_line' id='line_1_12' title="bbox 342 664 1361 716; baseline -0.001 -13"><span class='ocrx_word' id='word_1_56' title='bbox 342 668 449 704; x_wconf 90' lang='lat' dir='ltr'><strong>Item.</strong></span> <span class='ocrx_word' id='word_1_57' title='bbox 474 667 606 716; x_wconf 83' lang='lat' dir='ltr'><em>Agens</em></span> <span class='ocrx_word' id='word_1_58' title='bbox 629 665 885 702; x_wconf 81' lang='lat' dir='ltr'><em>honorabilius</em></span> <span class='ocrx_word' id='word_1_59' title='bbox 909 669 959 700; x_wconf 82' lang='lat' dir='ltr'>est</span> <span class='ocrx_word' id='word_1_60' title='bbox 978 666 1143 713; x_wconf 82' lang='lat' dir='ltr'>patiente</span> <span class='ocrx_word' id='word_1_61' title='bbox 1171 670 1204 701; x_wconf 83' lang='lat' dir='ltr'>et</span> <span class='ocrx_word' id='word_1_62' title='bbox 1232 671 1316 702; x_wconf 88' lang='lat' dir='ltr'>acto</span> <span class='ocrx_word' id='word_1_63' title='bbox 1329 664 1361 712; x_wconf 71' lang='lat'>²¹⁸,</span> 
     </span>
     <span class='ocr_line' id='line_1_13' title="bbox 289 716 1363 768; baseline -0.003 -10"><span class='ocrx_word' id='word_1_64' title='bbox 289 720 386 758; x_wconf 91' lang='lat' dir='ltr'>sicut</span> <span class='ocrx_word' id='word_1_65' title='bbox 414 727 520 756; x_wconf 91' lang='lat' dir='ltr'>actus</span> <span class='ocrx_word' id='word_1_66' title='bbox 548 717 731 768; x_wconf 90' lang='lat' dir='ltr'>potentia.</span> <span class='ocrx_word' id='word_1_67' title='bbox 753 718 898 754; x_wconf 88' lang='lat' dir='ltr'>Forma</span> <span class='ocrx_word' id='word_1_68' title='bbox 917 716 1031 765; x_wconf 87' lang='lat' dir='ltr'>igitur</span> <span class='ocrx_word' id='word_1_69' title='bbox 1055 730 1156 767; x_wconf 90' lang='lat' dir='ltr'>quae</span> <span class='ocrx_word' id='word_1_70' title='bbox 1185 726 1242 755; x_wconf 91' lang='lat' dir='ltr'>est</span> <span class='ocrx_word' id='word_1_71' title='bbox 1270 718 1363 755; x_wconf 87' lang='lat' dir='ltr'>infe-</span> 
     </span>
     <span class='ocr_line' id='line_1_14' title="bbox 288 771 1363 822; baseline -0.002 -11"><span class='ocrx_word' id='word_1_72' title='bbox 288 773 398 811; x_wconf 91' lang='lat' dir='ltr'>rioris</span> <span class='ocrx_word' id='word_1_73' title='bbox 415 773 559 822; x_wconf 88' lang='lat' dir='ltr'>gradus</span> <span class='ocrx_word' id='word_1_74' title='bbox 578 784 658 809; x_wconf 91' lang='lat' dir='ltr'>non</span> <span class='ocrx_word' id='word_1_75' title='bbox 687 779 812 821; x_wconf 91' lang='lat' dir='ltr'>potest</span> <span class='ocrx_word' id='word_1_76' title='bbox 835 771 986 820; x_wconf 86' lang='lat' dir='ltr'>agendo</span> <span class='ocrx_word' id='word_1_77' title='bbox 1015 771 1229 820; x_wconf 85' lang='lat' dir='ltr'>perducere</span> <span class='ocrx_word' id='word_1_78' title='bbox 1250 784 1363 809; x_wconf 92' lang='lat' dir='ltr'>suam</span> 
     </span>
    </p>
   </div>
   <div class='ocr_carea' id='block_1_5' title="bbox 288 824 1404 874">
    <p class='ocr_par' dir='ltr' id='par_1_6' title="bbox 288 824 1404 874">
     <span class='ocr_line' id='line_1_15' title="bbox 288 824 1404 874; baseline -0.002 -9"><span class='ocrx_word' id='word_1_79' title='bbox 288 826 580 865; x_wconf 91' lang='lat' dir='ltr'>similitudinem</span> <span class='ocrx_word' id='word_1_80' title='bbox 600 825 639 862; x_wconf 93' lang='lat' dir='ltr'>in</span> <span class='ocrx_word' id='word_1_81' title='bbox 658 825 823 874; x_wconf 88' lang='lat' dir='ltr'>gradum</span> <span class='ocrx_word' id='word_1_82' title='bbox 843 824 1037 869; x_wconf 89' lang='lat' dir='ltr'>altiorem;</span> <span class='ocrx_word' id='word_1_83' title='bbox 1059 824 1127 862; x_wconf 91' lang='lat' dir='ltr'>sed</span> <span class='ocrx_word' id='word_1_84' title='bbox 1151 825 1278 862; x_wconf 88' lang='lat' dir='ltr'>forma</span> <span class='ocrx_word' id='word_1_85' title='bbox 1300 837 1362 863; x_wconf 90' lang='lat' dir='ltr'>su·</span> <span class='ocrx_word' id='word_1_86' title='bbox 1379 843 1404 857; x_wconf 83' lang='lat'>10</span> 
     </span>
    </p>
   </div>
   <div class='ocr_carea' id='block_1_6' title="bbox 285 877 1366 1358">
    <p class='ocr_par' dir='ltr' id='par_1_7' title="bbox 285 877 1366 1358">
     <span class='ocr_line' id='line_1_16' title="bbox 287 877 1362 931; baseline -0.002 -13"><span class='ocrx_word' id='word_1_87' title='bbox 287 880 417 931; x_wconf 90' lang='lat' dir='ltr'>perior</span> <span class='ocrx_word' id='word_1_88' title='bbox 444 879 583 930; x_wconf 92' lang='lat' dir='ltr'>poterit</span> <span class='ocrx_word' id='word_1_89' title='bbox 619 879 832 929; x_wconf 90' lang='lat' dir='ltr'>perducere</span> <span class='ocrx_word' id='word_1_90' title='bbox 862 878 1012 926; x_wconf 87' lang='lat' dir='ltr'>agendo</span> <span class='ocrx_word' id='word_1_91' title='bbox 1042 890 1155 916; x_wconf 88' lang='lat' dir='ltr'>suam</span> <span class='ocrx_word' id='word_1_92' title='bbox 1187 877 1362 916; x_wconf 89' lang='lat' dir='ltr'>similitu-</span> 
     </span>
     <span class='ocr_line' id='line_1_17' title="bbox 288 930 1363 980; baseline -0.001 -9"><span class='ocrx_word' id='word_1_93' title='bbox 288 934 420 972; x_wconf 91' lang='lat' dir='ltr'>dinem</span> <span class='ocrx_word' id='word_1_94' title='bbox 439 933 479 970; x_wconf 92' lang='lat' dir='ltr'>in</span> <span class='ocrx_word' id='word_1_95' title='bbox 506 933 671 980; x_wconf 80' lang='lat' dir='ltr'>gradum</span> <span class='ocrx_word' id='word_1_96' title='bbox 697 931 934 976; x_wconf 89' lang='lat' dir='ltr'>inferiorem;</span> <span class='ocrx_word' id='word_1_97' title='bbox 959 930 1057 968; x_wconf 91' lang='lat' dir='ltr'>sicut</span> <span class='ocrx_word' id='word_1_98' title='bbox 1083 943 1130 968; x_wconf 87' lang='lat' dir='ltr'>ex</span> <span class='ocrx_word' id='word_1_99' title='bbox 1155 930 1363 970; x_wconf 87' lang='lat' dir='ltr'>virtutibus</span> 
     </span>
     <span class='ocr_line' id='line_1_18' title="bbox 287 984 1362 1036; baseline -0.002 -11"><span class='ocrx_word' id='word_1_100' title='bbox 287 986 641 1036; x_wconf 87' lang='lat' dir='ltr'>incorruptibilibus</span> <span class='ocrx_word' id='word_1_101' title='bbox 680 986 875 1023; x_wconf 90' lang='lat' dir='ltr'>stellarum</span> <span class='ocrx_word' id='word_1_102' title='bbox 909 984 1182 1035; x_wconf 90' lang='lat' dir='ltr'>producuntur</span> <span class='ocrx_word' id='word_1_103' title='bbox 1214 985 1362 1023; x_wconf 89' lang='lat' dir='ltr'>formae</span> 
     </span>
     <span class='ocr_line' id='line_1_19' title="bbox 287 1037 1362 1090; baseline -0.003 -11"><span class='ocrx_word' id='word_1_104' title='bbox 287 1040 553 1090; x_wconf 90' lang='lat' dir='ltr'>corruptibiles</span> <span class='ocrx_word' id='word_1_105' title='bbox 589 1039 628 1076; x_wconf 89' lang='lat' dir='ltr'>in</span> <span class='ocrx_word' id='word_1_106' title='bbox 666 1038 744 1076; x_wconf 88' lang='lat' dir='ltr'>istis</span> <span class='ocrx_word' id='word_1_107' title='bbox 782 1037 1037 1084; x_wconf 89' lang='lat' dir='ltr'>inferioribus,</span> <span class='ocrx_word' id='word_1_108' title='bbox 1076 1037 1198 1076; x_wconf 89' lang='lat' dir='ltr'>virtus</span> <span class='ocrx_word' id='word_1_109' title='bbox 1230 1046 1362 1076; x_wconf 92' lang='lat' dir='ltr'>autem</span> 
     </span>
     <span class='ocr_line' id='line_1_20' title="bbox 287 1091 1363 1144; baseline -0.002 -12"><span class='ocrx_word' id='word_1_110' title='bbox 287 1093 543 1144; x_wconf 89' lang='lat' dir='ltr'>corruptibilis</span> <span class='ocrx_word' id='word_1_111' title='bbox 564 1105 644 1130; x_wconf 91' lang='lat' dir='ltr'>non</span> <span class='ocrx_word' id='word_1_112' title='bbox 662 1099 788 1142; x_wconf 89' lang='lat' dir='ltr'>potest</span> <span class='ocrx_word' id='word_1_113' title='bbox 806 1091 1024 1141; x_wconf 90' lang='lat' dir='ltr'>producere</span> <span class='ocrx_word' id='word_1_114' title='bbox 1047 1091 1217 1130; x_wconf 85' lang='lat' dir='ltr'>formam</span> <span class='ocrx_word' id='word_1_115' title='bbox 1237 1091 1363 1130; x_wconf 89' lang='lat' dir='ltr'>incor-</span> 
     </span>
     <span class='ocr_line' id='line_1_21' title="bbox 287 1144 1364 1197; baseline -0.001 -12"><span class='ocrx_word' id='word_1_116' title='bbox 287 1146 518 1197; x_wconf 90' lang='lat' dir='ltr'>ruptibilem.</span> <span class='ocrx_word' id='word_1_117' title='bbox 551 1145 728 1195; x_wconf 87' lang='lat' dir='ltr'>Cognitio</span> <span class='ocrx_word' id='word_1_118' title='bbox 764 1153 895 1182; x_wconf 87' lang='lat' dir='ltr'>autem</span> <span class='ocrx_word' id='word_1_119' title='bbox 932 1145 1062 1183; x_wconf 93' lang='lat' dir='ltr'>omnis</span> <span class='ocrx_word' id='word_1_120' title='bbox 1098 1144 1142 1183; x_wconf 93' lang='lat' dir='ltr'>fit</span> <span class='ocrx_word' id='word_1_121' title='bbox 1173 1157 1246 1196; x_wconf 88' lang='lat' dir='ltr'>per</span> <span class='ocrx_word' id='word_1_122' title='bbox 1271 1145 1364 1184; x_wconf 90' lang='lat' dir='ltr'>assi-</span> 
     </span>
     <span class='ocr_line' id='line_1_22' title="bbox 286 1197 1364 1248; baseline -0.002 -9"><span class='ocrx_word' id='word_1_123' title='bbox 286 1200 526 1239; x_wconf 91' lang='lat' dir='ltr'>milationem</span> <span class='ocrx_word' id='word_1_124' title='bbox 545 1199 811 1248; x_wconf 89' lang='lat' dir='ltr'>cognoscentis</span> <span class='ocrx_word' id='word_1_125' title='bbox 831 1207 868 1236; x_wconf 94' lang='lat' dir='ltr'>et</span> <span class='ocrx_word' id='word_1_126' title='bbox 891 1198 1049 1248; x_wconf 86' lang='lat' dir='ltr'>cogniti:</span> <span class='ocrx_word' id='word_1_127' title='bbox 1070 1197 1111 1236; x_wconf 92' lang='lat' dir='ltr'>in</span> <span class='ocrx_word' id='word_1_128' title='bbox 1135 1200 1212 1237; x_wconf 93' lang='lat' dir='ltr'>hoc</span> <span class='ocrx_word' id='word_1_129' title='bbox 1230 1207 1364 1238; x_wconf 89' lang='lat' dir='ltr'>tamen</span> 
     </span>
     <span class='ocr_line' id='line_1_23' title="bbox 285 1252 1366 1303; baseline -0.001 -11"><span class='ocrx_word' id='word_1_130' title='bbox 285 1253 422 1302; x_wconf 87' lang='lat' dir='ltr'>differt,</span> <span class='ocrx_word' id='word_1_131' title='bbox 457 1253 564 1303; x_wconf 92' lang='lat' dir='ltr'>quod</span> <span class='ocrx_word' id='word_1_132' title='bbox 598 1252 820 1290; x_wconf 85' lang='lat' dir='ltr'>assimilatio</span> <span class='ocrx_word' id='word_1_133' title='bbox 854 1252 894 1290; x_wconf 93' lang='lat' dir='ltr'>in</span> <span class='ocrx_word' id='word_1_134' title='bbox 931 1252 1150 1302; x_wconf 84' lang='lat' dir='ltr'>cognitione</span> <span class='ocrx_word' id='word_1_135' title='bbox 1189 1253 1366 1291; x_wconf 88' lang='lat' dir='ltr'>humana</span> 
     </span>
     <span class='ocr_line' id='line_1_24' title="bbox 285 1305 1364 1358; baseline 0 -13"><span class='ocrx_word' id='word_1_136' title='bbox 285 1307 328 1345; x_wconf 90' lang='lat' dir='ltr'>fit</span> <span class='ocrx_word' id='word_1_137' title='bbox 354 1320 426 1358; x_wconf 91' lang='lat' dir='ltr'>per</span> <span class='ocrx_word' id='word_1_138' title='bbox 452 1306 644 1344; x_wconf 89' lang='lat' dir='ltr'>actionem</span> <span class='ocrx_word' id='word_1_139' title='bbox 675 1318 807 1344; x_wconf 90' lang='lat' dir='ltr'>rerum</span> <span class='ocrx_word' id='word_1_140' title='bbox 834 1305 1075 1344; x_wconf 89' lang='lat' dir='ltr'>sensibilium</span> <span class='ocrx_word' id='word_1_141' title='bbox 1101 1306 1141 1344; x_wconf 93' lang='lat' dir='ltr'>in</span> <span class='ocrx_word' id='word_1_142' title='bbox 1169 1306 1271 1344; x_wconf 91' lang='lat' dir='ltr'>vires</span> <span class='ocrx_word' id='word_1_143' title='bbox 1299 1319 1364 1345; x_wconf 91' lang='lat' dir='ltr'>co-</span> 
     </span>
    </p>
   </div>
   <div class='ocr_carea' id='block_1_7' title="bbox 284 1358 1406 1410">
    <p class='ocr_par' dir='ltr' id='par_1_8' title="bbox 284 1358 1406 1410">
     <span class='ocr_line' id='line_1_25' title="bbox 284 1358 1406 1410; baseline 0 -11"><span class='ocrx_word' id='word_1_144' title='bbox 284 1360 515 1410; x_wconf 88' lang='lat' dir='ltr'>gnoscitivas</span> <span class='ocrx_word' id='word_1_145' title='bbox 550 1360 757 1407; x_wconf 87' lang='lat' dir='ltr'>humanas,</span> <span class='ocrx_word' id='word_1_146' title='bbox 791 1359 831 1397; x_wconf 91' lang='lat' dir='ltr'>in</span> <span class='ocrx_word' id='word_1_147' title='bbox 868 1359 1087 1410; x_wconf 87' lang='lat' dir='ltr'>cognitione</span> <span class='ocrx_word' id='word_1_148' title='bbox 1123 1367 1256 1399; x_wconf 91' lang='lat' dir='ltr'>autem</span> <span class='ocrx_word' id='word_1_149' title='bbox 1290 1358 1365 1399; x_wconf 90' lang='lat' dir='ltr'>Dei</span> <span class='ocrx_word' id='word_1_150' title='bbox 1379 1378 1406 1392; x_wconf 81' lang='lat'>20</span> 
     </span>
    </p>
   </div>
   <div class='ocr_carea' id='block_1_8' title="bbox 285 1412 1365 1626">
    <p class='ocr_par' dir='ltr' id='par_1_9' title="bbox 285 1412 1365 1626">
     <span class='ocr_line' id='line_1_26' title="bbox 285 1412 1365 1464; baseline 0.001 -12"><span class='ocrx_word' id='word_1_151' title='bbox 285 1422 342 1453; x_wconf 91' lang='lat' dir='ltr'>est</span> <span class='ocrx_word' id='word_1_152' title='bbox 365 1427 386 1452; x_wconf 90' lang='lat' dir='ltr'>e</span> <span class='ocrx_word' id='word_1_153' title='bbox 415 1426 606 1452; x_wconf 91' lang='lat' dir='ltr'>converso</span> <span class='ocrx_word' id='word_1_154' title='bbox 635 1426 706 1464; x_wconf 88' lang='lat' dir='ltr'>per</span> <span class='ocrx_word' id='word_1_155' title='bbox 737 1412 932 1452; x_wconf 85' lang='lat' dir='ltr'>actionem</span> <span class='ocrx_word' id='word_1_156' title='bbox 964 1414 1114 1452; x_wconf 89' lang='lat' dir='ltr'>formae</span> <span class='ocrx_word' id='word_1_157' title='bbox 1151 1413 1365 1453; x_wconf 85' lang='lat' dir='ltr'>intellectus</span> 
     </span>
     <span class='ocr_line' id='line_1_27' title="bbox 285 1467 1364 1516; baseline 0.001 -10"><span class='ocrx_word' id='word_1_158' title='bbox 285 1467 407 1507; x_wconf 92' lang='lat' dir='ltr'>divini</span> <span class='ocrx_word' id='word_1_159' title='bbox 435 1468 476 1506; x_wconf 90' lang='lat' dir='ltr'>in</span> <span class='ocrx_word' id='word_1_160' title='bbox 513 1480 574 1506; x_wconf 89' lang='lat' dir='ltr'>res</span> <span class='ocrx_word' id='word_1_161' title='bbox 609 1467 792 1516; x_wconf 87' lang='lat' dir='ltr'>cognitas.</span> <span class='ocrx_word' id='word_1_162' title='bbox 827 1467 974 1506; x_wconf 89' lang='lat' dir='ltr'>Forma</span> <span class='ocrx_word' id='word_1_163' title='bbox 1010 1467 1125 1516; x_wconf 88' lang='lat' dir='ltr'>igitur</span> <span class='ocrx_word' id='word_1_164' title='bbox 1157 1467 1211 1506; x_wconf 89' lang='lat' dir='ltr'>rei</span> <span class='ocrx_word' id='word_1_165' title='bbox 1245 1468 1364 1507; x_wconf 90' lang='lat' dir='ltr'>sensi-</span> 
     </span>
     <span class='ocr_line' id='line_1_28' title="bbox 285 1520 1363 1572; baseline 0 -12"><span class='ocrx_word' id='word_1_166' title='bbox 285 1522 382 1571; x_wconf 85' lang='lat' dir='ltr'>bilis,</span> <span class='ocrx_word' id='word_1_167' title='bbox 397 1534 490 1560; x_wconf 89' lang='lat' dir='ltr'>cum</span> <span class='ocrx_word' id='word_1_168' title='bbox 505 1521 552 1559; x_wconf 90' lang='lat' dir='ltr'>sit</span> <span class='ocrx_word' id='word_1_169' title='bbox 565 1534 636 1572; x_wconf 93' lang='lat' dir='ltr'>per</span> <span class='ocrx_word' id='word_1_170' title='bbox 650 1534 764 1560; x_wconf 89' lang='lat' dir='ltr'>suam</span> <span class='ocrx_word' id='word_1_171' title='bbox 783 1520 1090 1560; x_wconf 88' lang='lat' dir='ltr'>materialitatem</span> <span class='ocrx_word' id='word_1_172' title='bbox 1109 1520 1363 1569; x_wconf 87' lang='lat' dir='ltr'>individuata,</span> 
     </span>
     <span class='ocr_line' id='line_1_29' title="bbox 286 1573 1363 1626; baseline -0.001 -12"><span class='ocrx_word' id='word_1_173' title='bbox 286 1588 380 1614; x_wconf 92' lang='lat' dir='ltr'>suae</span> <span class='ocrx_word' id='word_1_174' title='bbox 413 1574 682 1624; x_wconf 87' lang='lat' dir='ltr'>singularitatis</span> <span class='ocrx_word' id='word_1_175' title='bbox 714 1573 1006 1613; x_wconf 84' lang='lat' dir='ltr'>similitudinem</span> <span class='ocrx_word' id='word_1_176' title='bbox 1034 1575 1249 1626; x_wconf 88' lang='lat' dir='ltr'>perducere</span> <span class='ocrx_word' id='word_1_177' title='bbox 1282 1587 1363 1613; x_wconf 91' lang='lat' dir='ltr'>non</span> 
     </span>
    </p>
   </div>
   <div class='ocr_carea' id='block_1_9' title="bbox 874 264 1908 320">
    <p class='ocr_par' dir='ltr' id='par_1_10' title="bbox 874 264 1908 320">
     <span class='ocr_line' id='line_1_30' title="bbox 874 264 1908 320; baseline 0.003 -18"><span class='ocrx_word' id='word_1_178' title='bbox 874 265 1064 320; x_wconf 89' lang='lat' dir='ltr'>SUMMA</span> <span class='ocrx_word' id='word_1_179' title='bbox 1093 264 1317 302; x_wconf 88' lang='lat' dir='ltr'>CONTRA</span> <span class='ocrx_word' id='word_1_180' title='bbox 1344 264 1624 314; x_wconf 86' lang='lat' dir='ltr'>GENT1LES,</span> <span class='ocrx_word' id='word_1_181' title='bbox 1655 265 1908 305; x_wconf 46' lang='lat' dir='ltr'>CAP0LXV1.</span> 
     </span>
    </p>
   </div>
   <div class='ocr_carea' id='block_1_10' title="bbox 1418 345 2500 1090">
    <p class='ocr_par' dir='ltr' id='par_1_11' title="bbox 1418 345 2500 916">
     <span class='ocr_line' id='line_1_31' title="bbox 1420 345 2500 398; baseline 0.005 -18"><span class='ocrx_word' id='word_1_182' title='bbox 1420 351 1600 391; x_wconf 90' lang='lat' dir='ltr'>utuntur;</span> <span class='ocrx_word' id='word_1_183' title='bbox 1639 346 1688 382; x_wconf 89' lang='lat' dir='ltr'>ad</span> <span class='ocrx_word' id='word_1_184' title='bbox 1725 345 1962 385; x_wconf 88' lang='lat' dir='ltr'>intellectum</span> <span class='ocrx_word' id='word_1_185' title='bbox 1998 355 2131 385; x_wconf 92' lang='lat' dir='ltr'>autem</span> <span class='ocrx_word' id='word_1_186' title='bbox 2168 347 2394 397; x_wconf 89' lang='lat' dir='ltr'>perducitur</span> <span class='ocrx_word' id='word_1_187' title='bbox 2429 360 2500 398; x_wconf 91' lang='lat' dir='ltr'>per</span> 
     </span>
     <span class='ocr_line' id='line_1_32' title="bbox 1420 397 2498 452; baseline 0.006 -18"><span class='ocrx_word' id='word_1_188' title='bbox 1420 397 1603 436; x_wconf 89' lang='lat' dir='ltr'>virtutem</span> <span class='ocrx_word' id='word_1_189' title='bbox 1631 397 1853 452; x_wconf 75' lang='lat' dir='ltr'>intellectus</span> <span class='ocrx_word' id='word_1_190' title='bbox 1872 401 2031 450; x_wconf 85' lang='lat' dir='ltr'>agentis,</span> <span class='ocrx_word' id='word_1_191' title='bbox 2061 400 2296 451; x_wconf 74' lang='lat' dir='ltr'>inquantum</span> <span class='ocrx_word' id='word_1_192' title='bbox 2333 401 2498 440; x_wconf 88' lang='lat' dir='ltr'>omnino</span> 
     </span>
     <span class='ocr_line' id='line_1_33' title="bbox 1419 449 2498 500; baseline 0.005 -13"><span class='ocrx_word' id='word_1_193' title='bbox 1419 462 1441 488; x_wconf 88' lang='lat' dir='ltr'>a</span> <span class='ocrx_word' id='word_1_194' title='bbox 1469 449 1760 489; x_wconf 67' lang='lat' dir='ltr'>conditionibus</span> <span class='ocrx_word' id='word_1_195' title='bbox 1771 452 1980 492; x_wconf 29' lang='lat' dir='ltr'>*materiae</span> <span class='ocrx_word' id='word_1_196' title='bbox 2015 453 2184 500; x_wconf 83' lang='lat' dir='ltr'>exuitur;</span> <span class='ocrx_word' id='word_1_197' title='bbox 2221 462 2259 491; x_wconf 91' lang='lat' dir='ltr'>et</span> <span class='ocrx_word' id='word_1_198' title='bbox 2285 454 2339 492; x_wconf 92' lang='lat' dir='ltr'>sic</span> <span class='ocrx_word' id='word_1_199' title='bbox 2367 454 2498 492; x_wconf 90' lang='lat' dir='ltr'>simili-</span> 
     </span>
     <span class='ocr_line' id='line_1_34' title="bbox 1419 503 2500 557; baseline 0.005 -17"><span class='ocrx_word' id='word_1_200' title='bbox 1419 504 1515 541; x_wconf 89' lang='lat' dir='ltr'>tudo</span> <span class='ocrx_word' id='word_1_201' title='bbox 1549 503 1817 553; x_wconf 87' lang='lat' dir='ltr'>singularitatis</span> <span class='ocrx_word' id='word_1_202' title='bbox 1853 507 2001 545; x_wconf 88' lang='lat' dir='ltr'>formae</span> <span class='ocrx_word' id='word_1_203' title='bbox 2039 507 2228 545; x_wconf 91' lang='lat' dir='ltr'>sensibilis</span> <span class='ocrx_word' id='word_1_204' title='bbox 2259 519 2341 545; x_wconf 92' lang='lat' dir='ltr'>non</span> <span class='ocrx_word' id='word_1_205' title='bbox 2374 515 2500 557; x_wconf 90' lang='lat' dir='ltr'>potest</span> 
     </span>
     <span class='ocr_line' id='line_1_35' title="bbox 1419 556 2499 608; baseline 0.006 -15"><span class='ocrx_word' id='word_1_206' title='bbox 1419 556 1624 607; x_wconf 88' lang='lat' dir='ltr'>pervenire</span> <span class='ocrx_word' id='word_1_207' title='bbox 1644 570 1770 608; x_wconf 91' lang='lat' dir='ltr'>usque</span> <span class='ocrx_word' id='word_1_208' title='bbox 1794 559 1843 596; x_wconf 91' lang='lat' dir='ltr'>ad</span> <span class='ocrx_word' id='word_1_209' title='bbox 1867 559 2104 598; x_wconf 91' lang='lat' dir='ltr'>intellectum</span> <span class='ocrx_word' id='word_1_210' title='bbox 2123 562 2358 599; x_wconf 90' lang='lat' dir='ltr'>humanum.</span> <span class='ocrx_word' id='word_1_211' title='bbox 2385 561 2499 599; x_wconf 88' lang='lat' dir='ltr'>Simi-</span> 
     </span>
     <span class='ocr_line' id='line_1_36' title="bbox 1419 610 2499 665; baseline 0.005 -17"><span class='ocrx_word' id='word_1_212' title='bbox 1419 610 1542 648; x_wconf 92' lang='lat' dir='ltr'>litudo</span> <span class='ocrx_word' id='word_1_213' title='bbox 1571 619 1703 650; x_wconf 90' lang='lat' dir='ltr'>autem</span> <span class='ocrx_word' id='word_1_214' title='bbox 1730 612 1880 652; x_wconf 81' lang='lat' dir='ltr'>formae</span> <span class='ocrx_word' id='word_1_215' title='bbox 1908 614 2122 665; x_wconf 87' lang='lat' dir='ltr'>intellectus</span> <span class='ocrx_word' id='word_1_216' title='bbox 2145 614 2279 661; x_wconf 91' lang='lat' dir='ltr'>divini,</span> <span class='ocrx_word' id='word_1_217' title='bbox 2301 627 2393 652; x_wconf 90' lang='lat' dir='ltr'>cum</span> <span class='ocrx_word' id='word_1_218' title='bbox 2413 627 2499 664; x_wconf 90' lang='lat' dir='ltr'>per-</span> 
     </span>
     <span class='ocr_line' id='line_1_37' title="bbox 1418 663 2499 718; baseline 0.005 -17"><span class='ocrx_word' id='word_1_219' title='bbox 1418 663 1538 713; x_wconf 86' lang='lat' dir='ltr'>tingat</span> <span class='ocrx_word' id='word_1_220' title='bbox 1556 670 1683 714; x_wconf 88' lang='lat' dir='ltr'>usque</span> <span class='ocrx_word' id='word_1_221' title='bbox 1703 665 1753 702; x_wconf 87' lang='lat' dir='ltr'>ad</span> <span class='ocrx_word' id='word_1_222' title='bbox 1773 671 1906 703; x_wconf 84' lang='lat' dir='ltr'>rerum</span> <span class='ocrx_word' id='word_1_223' title='bbox 1924 664 2101 716; x_wconf 82' lang='lat' dir='ltr'>minima,</span> <span class='ocrx_word' id='word_1_224' title='bbox 2122 669 2173 706; x_wconf 86' lang='lat' dir='ltr'>ad</span> <span class='ocrx_word' id='word_1_225' title='bbox 2196 680 2298 718; x_wconf 87' lang='lat' dir='ltr'>quae</span> <span class='ocrx_word' id='word_1_226' title='bbox 2319 668 2499 718; x_wconf 87' lang='lat' dir='ltr'>pertingit</span> 
     </span>
     <span class='ocr_line' id='line_1_38' title="bbox 1419 718 2498 771; baseline 0.006 -17"><span class='ocrx_word' id='word_1_227' title='bbox 1419 730 1490 755; x_wconf 92' lang='lat' dir='ltr'>sua</span> <span class='ocrx_word' id='word_1_228' title='bbox 1518 718 1732 764; x_wconf 90' lang='lat' dir='ltr'>causalitas,</span> <span class='ocrx_word' id='word_1_229' title='bbox 1758 718 1936 768; x_wconf 87' lang='lat' dir='ltr'>pervenit</span> <span class='ocrx_word' id='word_1_230' title='bbox 1964 732 2090 770; x_wconf 91' lang='lat' dir='ltr'>usque</span> <span class='ocrx_word' id='word_1_231' title='bbox 2118 722 2169 759; x_wconf 89' lang='lat' dir='ltr'>ad</span> <span class='ocrx_word' id='word_1_232' title='bbox 2197 722 2498 771; x_wconf 83' lang='lat' dir='ltr'>singularitatem</span> 
     </span>
     <span class='ocr_line' id='line_1_39' title="bbox 1419 771 2500 828; baseline 0.006 -20"><span class='ocrx_word' id='word_1_233' title='bbox 1419 771 1567 809; x_wconf 89' lang='lat' dir='ltr'>formae</span> <span class='ocrx_word' id='word_1_234' title='bbox 1596 771 1786 809; x_wconf 90' lang='lat' dir='ltr'>sensibilis</span> <span class='ocrx_word' id='word_1_235' title='bbox 1819 779 1857 810; x_wconf 91' lang='lat' dir='ltr'>et</span> <span class='ocrx_word' id='word_1_236' title='bbox 1885 773 2103 819; x_wconf 81' lang='lat' dir='ltr'>materialis.</span> <span class='ocrx_word' id='word_1_237' title='bbox 2122 776 2356 817; x_wconf 70' lang='lat' dir='ltr'>intellectus.</span> <span class='ocrx_word' id='word_1_238' title='bbox 2385 775 2500 828; x_wconf 81' lang='lat' dir='ltr'>igitur</span> 
     </span>
     <span class='ocr_line' id='line_1_40' title="bbox 1419 823 2498 876; baseline 0.006 -15"><span class='ocrx_word' id='word_1_239' title='bbox 1419 823 1576 862; x_wconf 90' lang='lat' dir='ltr'>divinus</span> <span class='ocrx_word' id='word_1_240' title='bbox 1603 832 1730 875; x_wconf 86' lang='lat' dir='ltr'>potest</span> <span class='ocrx_word' id='word_1_241' title='bbox 1757 830 1993 874; x_wconf 77' lang='lat' dir='ltr'>cognoscere</span> <span class='ocrx_word' id='word_1_242' title='bbox 2022 826 2343 876; x_wconf 47' lang='lat' dir='ltr'>singulatimnon</span> <span class='ocrx_word' id='word_1_243' title='bbox 2364 836 2498 869; x_wconf 86' lang='lat' dir='ltr'>autem</span> 
     </span>
     <span class='ocr_line' id='line_1_41' title="bbox 1419 879 2253 916; baseline 0.004 0"><span class='ocrx_word' id='word_1_244' title='bbox 1419 879 1630 916; x_wconf 85' lang='lat' dir='ltr'>humanus.</span> <span class='ocrx_word' id='word_1_245' title='bbox 2248 879 2253 887; x_wconf 77' lang='lat'><strong><em>¹</em></strong></span> 
     </span>
    </p>

    <p class='ocr_par' dir='ltr' id='par_1_12' title="bbox 1419 932 2498 1090">
     <span class='ocr_line' id='line_1_42' title="bbox 1473 932 2498 985; baseline 0.006 -16"><span class='ocrx_word' id='word_1_246' title='bbox 1473 932 1688 970; x_wconf 87' lang='lat' dir='ltr'>Praeterea.</span> <span class='ocrx_word' id='word_1_247' title='bbox 1710 933 1949 983; x_wconf 91' lang='lat' dir='ltr'>Sequeretur</span> <span class='ocrx_word' id='word_1_248' title='bbox 1970 933 2269 985; x_wconf 50' lang='lat' dir='ltr'>inconveniens¹</span> <span class='ocrx_word' id='word_1_249' title='bbox 2347 979 2350 982; x_wconf 11' lang='grc' dir='ltr'><strong>Α</strong></span> <span class='ocrx_word' id='word_1_250' title='bbox 2404 935 2498 975; x_wconf 62' lang='lat' dir='ltr'>Phia</span> 
     </span>
     <span class='ocr_line' id='line_1_43' title="bbox 1419 980 2498 1038; baseline 0.006 -16"><span class='ocrx_word' id='word_1_251' title='bbox 1419 985 1608 1036; x_wconf 90' lang='lat' dir='ltr'>losophus</span> <span class='ocrx_word' id='word_1_252' title='bbox 1642 994 1777 1024; x_wconf 92' lang='lat' dir='ltr'>contra</span> <span class='ocrx_word' id='word_1_253' title='bbox 1810 987 2096 1037; x_wconf 90' lang='lat' dir='ltr'>Empedoclem</span> <span class='ocrx_word' id='word_1_254' title='bbox 2131 982 2279 1030; x_wconf 76' lang='lat' dir='ltr'>inducit</span> <span class='ocrx_word' id='word_1_255' title='bbox 2315 980 2498 1038; x_wconf 60' lang='lat' dir='ltr'>,&#39;‘†scilicet</span> 
     </span>
     <span class='ocr_line' id='line_1_44' title="bbox 1419 1034 2498 1090; baseline 0.004 -14"><span class='ocrx_word' id='word_1_256' title='bbox 1419 1039 1544 1076; x_wconf 88' lang='lat' dir='ltr'>Deum</span> <span class='ocrx_word' id='word_1_257' title='bbox 1563 1051 1643 1077; x_wconf 84' lang='lat' dir='ltr'>esse</span> <span class='ocrx_word' id='word_1_258' title='bbox 1667 1040 2019 1090; x_wconf 81' lang='lat' dir='ltr'>insipientissimum,</span> <span class='ocrx_word' id='word_1_259' title='bbox 2039 1040 2072 1079; x_wconf 93' lang='lat' dir='ltr'>si</span> <span class='ocrx_word' id='word_1_260' title='bbox 2094 1039 2302 1090; x_wconf 78' lang='lat' dir='ltr'>singularia</span> <span class='ocrx_word' id='word_1_261' title='bbox 2328 1054 2411 1080; x_wconf 92' lang='lat' dir='ltr'>non</span> <span class='ocrx_word' id='word_1_262' title='bbox 2433 1034 2498 1086; x_wconf 71' lang='lat' dir='ltr'>co-</span> 
     </span>
    </p>
   </div>
   <div class='ocr_carea' id='block_1_11' title="bbox 1379 1092 2348 1144">
    <p class='ocr_par' dir='ltr' id='par_1_13' title="bbox 1379 1092 2348 1144">
     <span class='ocr_line' id='line_1_45' title="bbox 1379 1092 2348 1144; baseline 0.003 -14"><span class='ocrx_word' id='word_1_263' title='bbox 1379 1111 1401 1131; x_wconf 71' lang='grc' dir='ltr'>ις</span> <span class='ocrx_word' id='word_1_264' title='bbox 1418 1092 1578 1142; x_wconf 87' lang='lat' dir='ltr'>gnoscit‚</span> <span class='ocrx_word' id='word_1_265' title='bbox 1608 1105 1711 1142; x_wconf 86' lang='lat' dir='ltr'>quae</span> <span class='ocrx_word' id='word_1_266' title='bbox 1739 1093 1857 1132; x_wconf 90' lang='lat' dir='ltr'>etiam</span> <span class='ocrx_word' id='word_1_267' title='bbox 1885 1094 2068 1135; x_wconf 74' lang='lat' dir='ltr'>homines</span> <span class='ocrx_word' id='word_1_268' title='bbox 2095 1094 2348 1144; x_wconf 67' lang='lat' dir='ltr'>cognoscuntss</span> 
     </span>
    </p>
   </div>
   <div class='ocr_carea' id='block_1_12' title="bbox 1419 1145 2506 1628">
    <p class='ocr_par' dir='ltr' id='par_1_14' title="bbox 1419 1145 2503 1462">
     <span class='ocr_line' id='line_1_46' title="bbox 1473 1145 2499 1200; baseline 0.007 -17"><span class='ocrx_word' id='word_1_269' title='bbox 1473 1145 1582 1184; x_wconf 91' lang='lat' dir='ltr'>Haec</span> <span class='ocrx_word' id='word_1_270' title='bbox 1610 1154 1744 1185; x_wconf 92' lang='lat' dir='ltr'>autem</span> <span class='ocrx_word' id='word_1_271' title='bbox 1770 1146 1935 1197; x_wconf 87' lang='lat' dir='ltr'>probata</span> <span class='ocrx_word' id='word_1_272' title='bbox 1962 1147 2104 1190; x_wconf 87' lang='lat' dir='ltr'>veritas</span> <span class='ocrx_word' id='word_1_273' title='bbox 2132 1148 2249 1187; x_wconf 85' lang='lat' dir='ltr'>etiam</span> <span class='ocrx_word' id='word_1_274' title='bbox 2278 1148 2499 1200; x_wconf 83' lang='lat' dir='ltr'>Scripturae</span> 
     </span>
     <span class='ocr_line' id='line_1_47' title="bbox 1420 1199 2497 1243; baseline 0.005 -5"><span class='ocrx_word' id='word_1_275' title='bbox 1420 1200 1561 1238; x_wconf 84' lang='lat' dir='ltr'>Sacrae</span> <span class='ocrx_word' id='word_1_276' title='bbox 1576 1199 1802 1239; x_wconf 86' lang='lat' dir='ltr'>auctoritate</span> <span class='ocrx_word' id='word_1_277' title='bbox 1816 1200 2008 1242; x_wconf 84' lang='lat' dir='ltr'>firmatur.</span> <span class='ocrx_word' id='word_1_278' title='bbox 2020 1200 2172 1243; x_wconf 80' lang='lat' dir='ltr'>Dicitur</span> <span class='ocrx_word' id='word_1_279' title='bbox 2184 1201 2291 1240; x_wconf 85' lang='lat' dir='ltr'>enim</span> <span class='ocrx_word' id='word_1_280' title='bbox 2305 1203 2453 1243; x_wconf 74' lang='lat' dir='ltr'>Heh.1v</span> <span class='ocrx_word' id='word_1_281' title='bbox 2462 1205 2497 1243; x_wconf 84' lang='lat'>⁸³:</span> 
     </span>
     <span class='ocr_line' id='line_1_48' title="bbox 1419 1252 2498 1308; baseline 0.004 -18"><span class='ocrx_word' id='word_1_282' title='bbox 1419 1253 1511 1291; x_wconf 93' lang='lat' dir='ltr'>Non</span> <span class='ocrx_word' id='word_1_283' title='bbox 1532 1259 1584 1292; x_wconf 87' lang='lat' dir='ltr'>est</span> <span class='ocrx_word' id='word_1_284' title='bbox 1612 1253 1689 1292; x_wconf 87' lang='lat' dir='ltr'>ulla</span> <span class='ocrx_word' id='word_1_285' title='bbox 1708 1260 1885 1293; x_wconf 86' lang='lat' dir='ltr'>creatura</span> <span class='ocrx_word' id='word_1_286' title='bbox 1905 1252 2096 1307; x_wconf 68' lang='lat' dir='ltr'>invisibilis</span> <span class='ocrx_word' id='word_1_287' title='bbox 2121 1256 2159 1294; x_wconf 86' lang='lat' dir='ltr'>in</span> <span class='ocrx_word' id='word_1_288' title='bbox 2184 1262 2385 1307; x_wconf 81' lang='lat' dir='ltr'>conspectu</span> <span class='ocrx_word' id='word_1_289' title='bbox 2409 1256 2498 1308; x_wconf 66' lang='lat' dir='ltr'>eius.</span> 
     </span>
     <span class='ocr_line' id='line_1_49' title="bbox 1420 1306 2498 1368; baseline 0.004 -24"><span class='ocrx_word' id='word_1_290' title='bbox 1420 1307 1541 1344; x_wconf 88' lang='lat' dir='ltr'>Error</span> <span class='ocrx_word' id='word_1_291' title='bbox 1554 1307 1671 1345; x_wconf 89' lang='lat' dir='ltr'>etiam</span> <span class='ocrx_word' id='word_1_292' title='bbox 1685 1307 1902 1347; x_wconf 85' lang='lat' dir='ltr'>contrarius</span> <span class='ocrx_word' id='word_1_293' title='bbox 1917 1307 2133 1349; x_wconf 79' lang='lat' dir='ltr'>excluditur</span> <span class='ocrx_word' id='word_1_294' title='bbox 2145 1309 2263 1358; x_wconf 74' lang='lat' dir='ltr'>Eccli.</span> <span class='ocrx_word' id='word_1_295' title='bbox 2278 1321 2338 1348; x_wconf 82' lang='lat' dir='ltr'>xvi</span> <span class='ocrx_word' id='word_1_296' title='bbox 2347 1306 2386 1347; x_wconf 85' lang='lat'>¹⁶:</span> <span class='ocrx_word' id='word_1_297' title='bbox 2406 1308 2498 1368; x_wconf 65' lang='lat' dir='ltr'>Noji</span> 
     </span>
     <span class='ocr_line' id='line_1_50' title="bbox 1420 1357 2503 1414; baseline 0.004 -16"><span class='ocrx_word' id='word_1_298' title='bbox 1420 1361 1540 1400; x_wconf 83' lang='lat' dir='ltr'>dicas.-</span> <span class='ocrx_word' id='word_1_299' title='bbox 1566 1361 1603 1398; x_wconf 84' lang='grc' dir='ltr'><em>Α</em></span> <span class='ocrx_word' id='word_1_300' title='bbox 1631 1361 1714 1400; x_wconf 87' lang='lat' dir='ltr'>Deo</span> <span class='ocrx_word' id='word_1_301' title='bbox 1742 1361 1967 1409; x_wconf 76' lang='lat' dir='ltr'>abscondar,</span> <span class='ocrx_word' id='word_1_302' title='bbox 1997 1368 2032 1401; x_wconf 85' lang='lat' dir='ltr'>et</span> <span class='ocrx_word' id='word_1_303' title='bbox 2064 1375 2115 1402; x_wconf 86' lang='lat' dir='ltr'>ex</span> <span class='ocrx_word' id='word_1_304' title='bbox 2139 1375 2290 1403; x_wconf 85' lang='lat' dir='ltr'>summo</span> <span class='ocrx_word' id='word_1_305' title='bbox 2318 1365 2400 1414; x_wconf 75' lang='lat' dir='ltr'>quis</span> <span class='ocrx_word' id='word_1_306' title='bbox 2425 1357 2503 1410; x_wconf 72' lang='lat' dir='ltr'>mei</span> 
     </span>
     <span class='ocr_line' id='line_1_51' title="bbox 1419 1415 2492 1462; baseline 0.003 -10"><span class='ocrx_word' id='word_1_307' title='bbox 1419 1415 1720 1453; x_wconf 82' lang='lat' dir='ltr'>memorabitur?</span> <span class='ocrx_word' id='word_1_308' title='bbox 2490 1459 2492 1462; x_wconf 59' lang='grc'>,</span> 
     </span>
    </p>

    <p class='ocr_par' dir='ltr' id='par_1_15' title="bbox 1420 1466 2506 1628">
     <span class='ocr_line' id='line_1_52' title="bbox 1474 1466 2505 1523; baseline 0.006 -17"><span class='ocrx_word' id='word_1_309' title='bbox 1474 1468 1583 1506; x_wconf 88' lang='lat' dir='ltr'>Patet</span> <span class='ocrx_word' id='word_1_310' title='bbox 1611 1467 1729 1507; x_wconf 89' lang='lat' dir='ltr'>etiam</span> <span class='ocrx_word' id='word_1_311' title='bbox 1749 1481 1796 1507; x_wconf 88' lang='lat' dir='ltr'>ex</span> <span class='ocrx_word' id='word_1_312' title='bbox 1825 1468 1935 1508; x_wconf 91' lang='lat' dir='ltr'>dictis</span> <span class='ocrx_word' id='word_1_313' title='bbox 1964 1469 2129 1520; x_wconf 86' lang='lat' dir='ltr'>qualiter</span> <span class='ocrx_word' id='word_1_314' title='bbox 2147 1469 2314 1511; x_wconf 82' lang='lat' dir='ltr'>obiectio</span> <span class='ocrx_word' id='word_1_315' title='bbox 2339 1470 2379 1509; x_wconf 90' lang='lat' dir='ltr'>in</span> <span class='ocrx_word' id='word_1_316' title='bbox 2406 1466 2505 1523; x_wconf 61' lang='lat' dir='ltr'>conf</span> 
     </span>
     <span class='ocr_line' id='line_1_53' title="bbox 1420 1521 2500 1580; baseline 0.006 -21"><span class='ocrx_word' id='word_1_317' title='bbox 1420 1521 1582 1560; x_wconf 89' lang='lat' dir='ltr'>trarium</span> <span class='ocrx_word' id='word_1_318' title='bbox 1608 1521 1741 1560; x_wconf 71' lang='lat' dir='ltr'>facta*</span> <span class='ocrx_word' id='word_1_319' title='bbox 1758 1534 1841 1561; x_wconf 91' lang='lat' dir='ltr'>non</span> <span class='ocrx_word' id='word_1_320' title='bbox 1869 1530 1970 1561; x_wconf 92' lang='lat' dir='ltr'>recte</span> <span class='ocrx_word' id='word_1_321' title='bbox 1990 1523 2199 1565; x_wconf 89' lang='lat' dir='ltr'>concludit.</span> <span class='ocrx_word' id='word_1_322' title='bbox 2225 1524 2331 1563; x_wconf 90' lang='lat' dir='ltr'>Nam</span> <span class='ocrx_word' id='word_1_323' title='bbox 2358 1523 2401 1565; x_wconf 83' lang='lat' dir='ltr'>id</span> <span class='ocrx_word' id='word_1_324' title='bbox 2418 1526 2500 1580; x_wconf 65' lang='lat' dir='ltr'>qno</span> 
     </span>
     <span class='ocr_line' id='line_1_54' title="bbox 1421 1571 2506 1628; baseline 0.003 -15"><span class='ocrx_word' id='word_1_325' title='bbox 1421 1574 1633 1614; x_wconf 85' lang='lat' dir='ltr'>intellectus</span> <span class='ocrx_word' id='word_1_326' title='bbox 1665 1575 1822 1615; x_wconf 90' lang='lat' dir='ltr'>divinus</span> <span class='ocrx_word' id='word_1_327' title='bbox 1850 1576 2032 1627; x_wconf 89' lang='lat' dir='ltr'>intelligit,</span> <span class='ocrx_word' id='word_1_328' title='bbox 2063 1576 2132 1615; x_wconf 86' lang='lat' dir='ltr'>etsi</span> <span class='ocrx_word' id='word_1_329' title='bbox 2159 1577 2413 1620; x_wconf 81' lang='lat' dir='ltr'>immateriale</span> <span class='ocrx_word' id='word_1_330' title='bbox 2441 1571 2506 1628; x_wconf 64' lang='lat' dir='ltr'>sii,</span> 
     </span>
    </p>
   </div>
   <div class='ocr_carea' id='block_1_13' title="bbox 286 1627 2506 1687">
    <p class='ocr_par' dir='ltr' id='par_1_16' title="bbox 286 1627 2506 1687">
     <span class='ocr_line' id='line_1_55' title="bbox 286 1627 2506 1687; baseline 0.003 -20"><span class='ocrx_word' id='word_1_331' title='bbox 286 1636 411 1680; x_wconf 90' lang='lat' dir='ltr'>potest</span> <span class='ocrx_word' id='word_1_332' title='bbox 430 1629 471 1667; x_wconf 93' lang='lat' dir='ltr'>in</span> <span class='ocrx_word' id='word_1_333' title='bbox 489 1630 567 1667; x_wconf 93' lang='lat' dir='ltr'>hoc</span> <span class='ocrx_word' id='word_1_334' title='bbox 595 1628 704 1680; x_wconf 93' lang='lat' dir='ltr'>quod</span> <span class='ocrx_word' id='word_1_335' title='bbox 733 1628 780 1666; x_wconf 91' lang='lat' dir='ltr'>sit</span> <span class='ocrx_word' id='word_1_336' title='bbox 807 1627 971 1667; x_wconf 89' lang='lat' dir='ltr'>omnino</span> <span class='ocrx_word' id='word_1_337' title='bbox 1001 1627 1275 1676; x_wconf 85' lang='lat' dir='ltr'>immaterialis,</span> <span class='ocrx_word' id='word_1_338' title='bbox 1296 1629 1365 1667; x_wconf 92' lang='lat' dir='ltr'>sed</span> <span class='ocrx_word' id='word_1_339' title='bbox 1380 1646 1403 1667; x_wconf 61' lang='grc' dir='ltr'>κς</span> <span class='ocrx_word' id='word_1_340' title='bbox 1421 1637 1476 1667; x_wconf 90' lang='lat' dir='ltr'>est</span> <span class='ocrx_word' id='word_1_341' title='bbox 1495 1637 1628 1668; x_wconf 90' lang='lat' dir='ltr'>tamen</span> <span class='ocrx_word' id='word_1_342' title='bbox 1647 1637 1684 1667; x_wconf 90' lang='lat' dir='ltr'>et</span> <span class='ocrx_word' id='word_1_343' title='bbox 1702 1629 1887 1668; x_wconf 88' lang='lat' dir='ltr'>materiae</span> <span class='ocrx_word' id='word_1_344' title='bbox 1915 1638 1953 1668; x_wconf 90' lang='lat' dir='ltr'>et</span> <span class='ocrx_word' id='word_1_345' title='bbox 1979 1630 2128 1669; x_wconf 87' lang='lat' dir='ltr'>formae</span> <span class='ocrx_word' id='word_1_346' title='bbox 2157 1629 2382 1679; x_wconf 81' lang='lat' dir='ltr'>similitude,</span> <span class='ocrx_word' id='word_1_347' title='bbox 2403 1627 2506 1687; x_wconf 47' lang='lat' dir='ltr'>sicut</span> 
     </span>
    </p>
   </div>
   <div class='ocr_carea' id='block_1_14' title="bbox 286 1681 1365 1733">
    <p class='ocr_par' dir='ltr' id='par_1_17' title="bbox 286 1681 1365 1733">
     <span class='ocr_line' id='line_1_56' title="bbox 286 1681 1365 1733; baseline 0 -13"><span class='ocrx_word' id='word_1_348' title='bbox 286 1685 415 1721; x_wconf 91' lang='lat' dir='ltr'>solum</span> <span class='ocrx_word' id='word_1_349' title='bbox 443 1695 570 1733; x_wconf 91' lang='lat' dir='ltr'>usque</span> <span class='ocrx_word' id='word_1_350' title='bbox 594 1683 643 1720; x_wconf 89' lang='lat' dir='ltr'>ad</span> <span class='ocrx_word' id='word_1_351' title='bbox 666 1682 767 1721; x_wconf 90' lang='lat' dir='ltr'>vires</span> <span class='ocrx_word' id='word_1_352' title='bbox 792 1695 894 1732; x_wconf 92' lang='lat' dir='ltr'>quae</span> <span class='ocrx_word' id='word_1_353' title='bbox 919 1681 1074 1731; x_wconf 88' lang='lat' dir='ltr'>organis</span> <span class='ocrx_word' id='word_1_354' title='bbox 1102 1682 1365 1721; x_wconf 88' lang='lat' dir='ltr'>materialibus</span> 
     </span>
    </p>
   </div>
   <div class='ocr_carea' id='block_1_15' title="bbox 342 1796 1796 1866">
    <p class='ocr_par' dir='ltr' id='par_1_18' title="bbox 342 1796 1796 1866">
     <span class='ocr_line' id='line_1_57' title="bbox 342 1796 1796 1830; baseline 0 -8"><span class='ocrx_word' id='word_1_355' title='bbox 342 1804 356 1822; x_wconf 82' lang='lat'><em>2</em></span> <span class='ocrx_word' id='word_1_356' title='bbox 377 1796 427 1827; x_wconf 86' lang='lat' dir='ltr'>Qui</span> <span class='ocrx_word' id='word_1_357' title='bbox 443 1797 550 1830; x_wconf 88' lang='lat' dir='ltr'>quidem</span> <span class='ocrx_word' id='word_1_358' title='bbox 563 1803 606 1821; x_wconf 84' lang='lat' dir='ltr'>om</span> <span class='ocrx_word' id='word_1_359' title='bbox 621 1797 654 1827; x_wconf 85' lang='lat' dir='ltr'>Z;</span> <span class='ocrx_word' id='word_1_360' title='bbox 670 1796 696 1821; x_wconf 87' lang='lat' dir='ltr'>in</span> <span class='ocrx_word' id='word_1_361' title='bbox 711 1798 735 1822; x_wconf 73' lang='lat' dir='ltr'>A</span> <span class='ocrx_word' id='word_1_362' title='bbox 749 1796 800 1827; x_wconf 87' lang='lat' dir='ltr'>Qui</span> <span class='ocrx_word' id='word_1_363' title='bbox 816 1797 923 1829; x_wconf 87' lang='lat' dir='ltr'>quidem</span> <span class='ocrx_word' id='word_1_364' title='bbox 938 1802 1024 1822; x_wconf 80' lang='lat' dir='ltr'>motor</span> <span class='ocrx_word' id='word_1_365' title='bbox 1037 1800 1064 1822; x_wconf 80' lang='lat' dir='ltr'>et</span> <span class='ocrx_word' id='word_1_366' title='bbox 1077 1797 1149 1822; x_wconf 81' lang='lat' dir='ltr'>linea</span> <span class='ocrx_word' id='word_1_367' title='bbox 1162 1803 1216 1830; x_wconf 77' lang='lat' dir='ltr'>seq.</span> <span class='ocrx_word' id='word_1_368' title='bbox 1232 1797 1329 1830; x_wconf 85' lang='lat' dir='ltr'>aliquid</span> <span class='ocrx_word' id='word_1_369' title='bbox 1343 1799 1415 1830; x_wconf 85' lang='lat' dir='ltr'>quod</span> <span class='ocrx_word' id='word_1_370' title='bbox 1431 1804 1446 1822; x_wconf 80' lang='lat' dir='ltr'>e</span> <span class='ocrx_word' id='word_1_371' title='bbox 1460 1797 1591 1822; x_wconf 64' lang='lat' dir='ltr'>deletione</span> <span class='ocrx_word' id='word_1_372' title='bbox 1605 1797 1796 1823; x_wconf 73' lang='lat' dir='ltr'>restituuntur.</span> 
     </span>
     <span class='ocr_line' id='line_1_58' title="bbox 685 1832 1419 1866; baseline 0.001 -9"><span class='ocrx_word' id='word_1_373' title='bbox 685 1841 701 1866; x_wconf 83' lang='lat'><strong>9</strong></span> <span class='ocrx_word' id='word_1_374' title='bbox 720 1832 864 1865; x_wconf 80' lang='lat' dir='ltr'>perducere</span> <span class='ocrx_word' id='word_1_375' title='bbox 883 1832 937 1864; x_wconf 70' lang='lat' dir='ltr'>Gb5</span> <span class='ocrx_word' id='word_1_376' title='bbox 956 1833 1079 1858; x_wconf 87' lang='lat' dir='ltr'>inducere</span> <span class='ocrx_word' id='word_1_377' title='bbox 1097 1832 1141 1863; x_wconf 86' lang='lat' dir='ltr'>W,</span> <span class='ocrx_word' id='word_1_378' title='bbox 1158 1832 1305 1865; x_wconf 85' lang='lat' dir='ltr'>producere</span> <span class='ocrx_word' id='word_1_379' title='bbox 1329 1832 1419 1858; x_wconf 80' lang='lat' dir='ltr'>ceteri.</span> 
     </span>
    </p>
   </div>
   <div class='ocr_carea' id='block_1_16' title="bbox 287 1832 1264 1900">
    <p class='ocr_par' dir='ltr' id='par_1_19' title="bbox 287 1832 1264 1900">
     <span class='ocr_line' id='line_1_59' title="bbox 287 1832 594 1866; baseline -0.003 -8"><span class='ocrx_word' id='word_1_380' title='bbox 287 1832 363 1858; x_wconf 82' lang='lat' dir='ltr'>factio</span> <span class='ocrx_word' id='word_1_381' title='bbox 382 1833 414 1864; x_wconf 89' lang='lat' dir='ltr'>D,</span> <span class='ocrx_word' id='word_1_382' title='bbox 433 1833 499 1858; x_wconf 86' lang='lat' dir='ltr'>actio</span> <span class='ocrx_word' id='word_1_383' title='bbox 517 1832 594 1866; x_wconf 88' lang='lat' dir='ltr'>pGY.</span> 
     </span>
     <span class='ocr_line' id='line_1_60' title="bbox 287 1867 1264 1900; baseline -0.001 -6"><span class='ocrx_word' id='word_1_384' title='bbox 287 1869 382 1894; x_wconf 89' lang='lat' dir='ltr'>ducere</span> <span class='ocrx_word' id='word_1_385' title='bbox 400 1869 491 1894; x_wconf 80' lang='lat' dir='ltr'>ceteri.</span> <span class='ocrx_word' id='word_1_386' title='bbox 578 1867 611 1893; x_wconf 82' lang='lat'>18</span> <span class='ocrx_word' id='word_1_387' title='bbox 630 1867 716 1893; x_wconf 82' lang='lat' dir='ltr'>differt</span> <span class='ocrx_word' id='word_1_388' title='bbox 735 1868 904 1900; x_wconf 85' lang='lat' dir='ltr'>DGNWXY;</span> <span class='ocrx_word' id='word_1_389' title='bbox 923 1875 966 1893; x_wconf 85' lang='lat' dir='ltr'>om</span> <span class='ocrx_word' id='word_1_390' title='bbox 981 1876 1008 1899; x_wconf 82' lang='grc' dir='ltr'>α,</span> <span class='ocrx_word' id='word_1_391' title='bbox 1021 1868 1141 1894; x_wconf 81' lang='lat' dir='ltr'>differunt</span> <span class='ocrx_word' id='word_1_392' title='bbox 1158 1868 1264 1894; x_wconf 69' lang='lat' dir='ltr'>Eszc.</span> 
     </span>
    </p>
   </div>
   <div class='ocr_carea' id='block_1_17' title="bbox 288 1902 1036 1972">
    <p class='ocr_par' dir='ltr' id='par_1_20' title="bbox 288 1902 1036 1972">
     <span class='ocr_line' id='line_1_61' title="bbox 342 1902 1036 1937; baseline 0 -9"><span class='ocrx_word' id='word_1_393' title='bbox 342 1911 353 1929; x_wconf 88' lang='grc' dir='ltr'><strong>ι</strong></span> <span class='ocrx_word' id='word_1_394' title='bbox 376 1902 534 1937; x_wconf 85' lang='lat' dir='ltr'>perducitur]</span> <span class='ocrx_word' id='word_1_395' title='bbox 553 1903 706 1937; x_wconf 82' lang='lat' dir='ltr'>producitur</span> <span class='ocrx_word' id='word_1_396' title='bbox 725 1903 745 1928; x_wconf 88' lang='grc' dir='ltr'>Ε</span> <span class='ocrx_word' id='word_1_397' title='bbox 764 1907 790 1929; x_wconf 72' lang='lat' dir='ltr'>et</span> <span class='ocrx_word' id='word_1_398' title='bbox 807 1906 870 1936; x_wconf 79' lang='lat' dir='ltr'>post</span> <span class='ocrx_word' id='word_1_399' title='bbox 888 1904 988 1936; x_wconf 83' lang='lat' dir='ltr'>agentis</span> <span class='ocrx_word' id='word_1_400' title='bbox 1007 1903 1036 1928; x_wconf 86' lang='lat' dir='ltr'>Z.</span> 
     </span>
     <span class='ocr_line' id='line_1_62' title="bbox 288 1938 960 1972; baseline 0.001 -8"><span class='ocrx_word' id='word_1_401' title='bbox 288 1945 374 1965; x_wconf 82' lang='lat' dir='ltr'>matur</span> <span class='ocrx_word' id='word_1_402' title='bbox 391 1939 528 1965; x_wconf 80' lang='lat' dir='ltr'>DNYZPc.</span> <span class='ocrx_word' id='word_1_403' title='bbox 623 1946 655 1964; x_wconf 87' lang='lat'>20</span> <span class='ocrx_word' id='word_1_404' title='bbox 674 1938 714 1972; x_wconf 64' lang='lat' dir='ltr'>a]</span> <span class='ocrx_word' id='word_1_405' title='bbox 734 1947 749 1964; x_wconf 87' lang='lat' dir='ltr'>a</span> <span class='ocrx_word' id='word_1_406' title='bbox 767 1939 817 1970; x_wconf 81' lang='grc' dir='ltr'>αΝ,</span> <span class='ocrx_word' id='word_1_407' title='bbox 836 1942 907 1972; x_wconf 72' lang='lat' dir='ltr'>spat.</span> <span class='ocrx_word' id='word_1_408' title='bbox 926 1939 960 1965; x_wconf 84' lang='lat' dir='ltr'>X.</span> 
     </span>
    </p>
   </div>
   <div class='ocr_carea' id='block_1_18' title="bbox 1050 2054 1388 2088">
    <p class='ocr_par' dir='ltr' id='par_1_21' title="bbox 1050 2054 1388 2088">
     <span class='ocr_line' id='line_1_63' title="bbox 1050 2054 1388 2088; baseline 0 -1"><span class='ocrx_word' id='word_1_409' title='bbox 1050 2054 1388 2088; x_wconf 67' lang='lat' dir='ltr'>Commentario</span> 
     </span>
    </p>
   </div>
   <div class='ocr_carea' id='block_1_19' title="bbox 291 2166 2506 2256">
    <p class='ocr_par' dir='ltr' id='par_1_22' title="bbox 291 2166 2506 2256">
     <span class='ocr_line' id='line_1_64' title="bbox 291 2166 2506 2256; baseline 0.002 -44"><span class='ocrx_word' id='word_1_410' title='bbox 291 2192 416 2256; x_wconf 67' lang='lat' dir='ltr'>pann</span> <span class='ocrx_word' id='word_1_411' title='bbox 434 2181 602 2212; x_wconf 84' lang='lat' dir='ltr'>conclusio</span> <span class='ocrx_word' id='word_1_412' title='bbox 621 2180 662 2211; x_wconf 87' lang='lat' dir='ltr'>ad</span> <span class='ocrx_word' id='word_1_413' title='bbox 678 2179 910 2211; x_wconf 75' lang='lat' dir='ltr'>resolvendum</span> <span class='ocrx_word' id='word_1_414' title='bbox 922 2180 1126 2221; x_wconf 77' lang='lat' dir='ltr'>propositam</span> <span class='ocrx_word' id='word_1_415' title='bbox 1139 2180 1367 2221; x_wconf 80' lang='lat' dir='ltr'>quaestionem</span> <span class='ocrx_word' id='word_1_416' title='bbox 1392 2179 1394 2222; x_wconf 67' lang='grc' dir='ltr'>ᾖ</span> <span class='ocrx_word' id='word_1_417' title='bbox 1422 2181 1582 2222; x_wconf 84' lang='lat' dir='ltr'>cognitio;</span> <span class='ocrx_word' id='word_1_418' title='bbox 1607 2186 1640 2211; x_wconf 89' lang='lat' dir='ltr'>et</span> <span class='ocrx_word' id='word_1_419' title='bbox 1662 2181 1738 2212; x_wconf 89' lang='lat' dir='ltr'>ideo</span> <span class='ocrx_word' id='word_1_420' title='bbox 1761 2190 1896 2214; x_wconf 85' lang='lat' dir='ltr'>necesse</span> <span class='ocrx_word' id='word_1_421' title='bbox 1919 2182 1960 2214; x_wconf 84' lang='lat' dir='ltr'>sit</span> <span class='ocrx_word' id='word_1_422' title='bbox 1982 2187 2019 2214; x_wconf 88' lang='lat' dir='ltr'>ut</span> <span class='ocrx_word' id='word_1_423' title='bbox 2036 2183 2139 2224; x_wconf 82' lang='lat' dir='ltr'>prius,</span> <span class='ocrx_word' id='word_1_424' title='bbox 2153 2183 2336 2216; x_wconf 83' lang='lat' dir='ltr'>secundum</span> <span class='ocrx_word' id='word_1_425' title='bbox 2352 2166 2506 2225; x_wconf 58' lang='lat' dir='ltr'>nostrum,</span> 
     </span>
    </p>
   </div>
   <div class='ocr_carea' id='block_1_20' title="bbox 286 2223 1395 3698">
    <p class='ocr_par' dir='ltr' id='par_1_23' title="bbox 287 2223 1395 2312">
     <span class='ocr_line' id='line_1_65' title="bbox 343 2223 1394 2268; baseline -0.003 -10"><span class='ocrx_word' id='word_1_426' title='bbox 343 2233 390 2258; x_wconf 86' lang='lat' dir='ltr'>est</span> <span class='ocrx_word' id='word_1_427' title='bbox 413 2227 485 2257; x_wconf 90' lang='lat' dir='ltr'>ista:</span> <span class='ocrx_word' id='word_1_428' title='bbox 512 2226 601 2256; x_wconf 84' lang='lat' dir='ltr'>Deus</span> <span class='ocrx_word' id='word_1_429' title='bbox 624 2225 795 2268; x_wconf 81' lang='lat' dir='ltr'>cognoscit</span> <span class='ocrx_word' id='word_1_430' title='bbox 817 2224 1006 2266; x_wconf 78' lang='lat' dir='ltr'>singularia</span> <span class='ocrx_word' id='word_1_431' title='bbox 1019 2226 1045 2256; x_wconf 51' lang='grc' dir='ltr'>’ἢ</span> <span class='ocrx_word' id='word_1_432' title='bbox 1064 2225 1106 2256; x_wconf 90' lang='lat' dir='ltr'>Et</span> <span class='ocrx_word' id='word_1_433' title='bbox 1122 2224 1310 2265; x_wconf 84' lang='lat' dir='ltr'>intelligitur</span> <span class='ocrx_word' id='word_1_434' title='bbox 1326 2223 1365 2255; x_wconf 90' lang='lat' dir='ltr'>de</span> <span class='ocrx_word' id='word_1_435' title='bbox 1392 2231 1394 2244; x_wconf 73' lang='lat'>¹</span> 
     </span>
     <span class='ocr_line' id='line_1_66' title="bbox 287 2249 1395 2312; baseline -0.003 -10"><span class='ocrx_word' id='word_1_436' title='bbox 287 2271 501 2312; x_wconf 89' lang='lat' dir='ltr'>singularibus</span> <span class='ocrx_word' id='word_1_437' title='bbox 525 2270 753 2301; x_wconf 81' lang='lat' dir='ltr'>materialibus.</span> <span class='ocrx_word' id='word_1_438' title='bbox 915 2281 918 2284; x_wconf 54' lang='lat'><strong>⁴</strong></span> <span class='ocrx_word' id='word_1_439' title='bbox 1391 2249 1395 2295; x_wconf 69' lang='lat' dir='ltr'>i</span> 
     </span>
    </p>

    <p class='ocr_par' dir='ltr' id='par_1_24' title="bbox 286 2313 1394 2536">
     <span class='ocr_line' id='line_1_67' title="bbox 343 2313 1366 2356; baseline -0.002 -10"><span class='ocrx_word' id='word_1_440' title='bbox 343 2316 365 2346; x_wconf 90' lang='grc' dir='ltr'>Ι.</span> <span class='ocrx_word' id='word_1_441' title='bbox 390 2316 554 2347; x_wconf 83' lang='lat' dir='ltr'>Probatur</span> <span class='ocrx_word' id='word_1_442' title='bbox 572 2315 693 2356; x_wconf 79' lang='lat' dir='ltr'>primo.</span> <span class='ocrx_word' id='word_1_443' title='bbox 718 2313 862 2346; x_wconf 81' lang='lat' dir='ltr'>Effectus</span> <span class='ocrx_word' id='word_1_444' title='bbox 878 2313 979 2344; x_wconf 85' lang='lat' dir='ltr'>divini</span> <span class='ocrx_word' id='word_1_445' title='bbox 994 2313 1204 2345; x_wconf 81' lang='lat' dir='ltr'>subsistentes</span> <span class='ocrx_word' id='word_1_446' title='bbox 1221 2318 1297 2344; x_wconf 90' lang='lat' dir='ltr'>sunt</span> <span class='ocrx_word' id='word_1_447' title='bbox 1315 2323 1366 2344; x_wconf 87' lang='lat' dir='ltr'>res</span> 
     </span>
     <span class='ocr_line' id='line_1_68' title="bbox 287 2358 1394 2402; baseline -0.004 -10"><span class='ocrx_word' id='word_1_448' title='bbox 287 2361 472 2402; x_wconf 82' lang='lat' dir='ltr'>singulares,</span> <span class='ocrx_word' id='word_1_449' title='bbox 496 2370 564 2391; x_wconf 90' lang='lat' dir='ltr'>non</span> <span class='ocrx_word' id='word_1_450' title='bbox 597 2366 706 2391; x_wconf 89' lang='lat' dir='ltr'>autem</span> <span class='ocrx_word' id='word_1_451' title='bbox 737 2359 950 2391; x_wconf 83' lang='lat' dir='ltr'>universales:</span> <span class='ocrx_word' id='word_1_452' title='bbox 976 2359 1052 2399; x_wconf 85' lang='lat' dir='ltr'>quia</span> <span class='ocrx_word' id='word_1_453' title='bbox 1076 2358 1268 2390; x_wconf 81' lang='lat' dir='ltr'>universalia</span> <span class='ocrx_word' id='word_1_454' title='bbox 1296 2368 1366 2389; x_wconf 89' lang='lat' dir='ltr'>non</span> <span class='ocrx_word' id='word_1_455' title='bbox 1392 2378 1394 2388; x_wconf 78' lang='grc'>.</span> 
     </span>
     <span class='ocr_line' id='line_1_69' title="bbox 287 2403 1367 2446; baseline -0.003 -9"><span class='ocrx_word' id='word_1_456' title='bbox 287 2407 473 2442; x_wconf 90' lang='lat' dir='ltr'>subsistunt,</span> <span class='ocrx_word' id='word_1_457' title='bbox 498 2411 534 2436; x_wconf 93' lang='lat' dir='ltr'>ut</span> <span class='ocrx_word' id='word_1_458' title='bbox 556 2406 713 2446; x_wconf 85' lang='lat' dir='ltr'>probatur</span> <span class='ocrx_word' id='word_1_459' title='bbox 735 2405 793 2435; x_wconf 90' lang='lat' dir='ltr'>Vll</span> <span class='ocrx_word' id='word_1_460' title='bbox 818 2404 974 2445; x_wconf 71' lang='lat' dir='ltr'>Metaph„</span> <span class='ocrx_word' id='word_1_461' title='bbox 991 2409 1067 2435; x_wconf 83' lang='lat' dir='ltr'>text.</span> <span class='ocrx_word' id='word_1_462' title='bbox 1095 2404 1148 2434; x_wconf 86' lang='lat'>51.</span> <span class='ocrx_word' id='word_1_463' title='bbox 1173 2403 1260 2444; x_wconf 90' lang='lat' dir='ltr'>Ergo</span> <span class='ocrx_word' id='word_1_464' title='bbox 1276 2403 1367 2435; x_wconf 85' lang='lat' dir='ltr'>Deus</span> 
     </span>
     <span class='ocr_line' id='line_1_70' title="bbox 286 2447 1367 2491; baseline -0.003 -9"><span class='ocrx_word' id='word_1_465' title='bbox 286 2460 335 2482; x_wconf 88' lang='lat' dir='ltr'>res</span> <span class='ocrx_word' id='word_1_466' title='bbox 359 2451 534 2491; x_wconf 84' lang='lat' dir='ltr'>singulares</span> <span class='ocrx_word' id='word_1_467' title='bbox 565 2449 745 2490; x_wconf 83' lang='lat' dir='ltr'>cognoscit.</span> <span class='ocrx_word' id='word_1_468' title='bbox 769 2466 793 2472; x_wconf 91' lang='grc'><strong>-</strong></span> <span class='ocrx_word' id='word_1_469' title='bbox 815 2449 974 2480; x_wconf 86' lang='lat' dir='ltr'>Probatur</span> <span class='ocrx_word' id='word_1_470' title='bbox 1003 2449 1248 2489; x_wconf 83' lang='lat' dir='ltr'>consequentia.</span> <span class='ocrx_word' id='word_1_471' title='bbox 1279 2447 1367 2486; x_wconf 86' lang='lat' dir='ltr'>Quia</span> 
     </span>
     <span class='ocr_line' id='line_1_71' title="bbox 287 2493 1031 2536; baseline -0.003 -10"><span class='ocrx_word' id='word_1_472' title='bbox 287 2496 455 2536; x_wconf 88' lang='lat' dir='ltr'>cognoscit</span> <span class='ocrx_word' id='word_1_473' title='bbox 479 2495 540 2526; x_wconf 90' lang='lat' dir='ltr'>alia</span> <span class='ocrx_word' id='word_1_474' title='bbox 562 2495 760 2536; x_wconf 84' lang='lat' dir='ltr'>inquantum</span> <span class='ocrx_word' id='word_1_475' title='bbox 783 2499 831 2525; x_wconf 88' lang='lat' dir='ltr'>est</span> <span class='ocrx_word' id='word_1_476' title='bbox 855 2493 901 2524; x_wconf 92' lang='lat' dir='ltr'>eis</span> <span class='ocrx_word' id='word_1_477' title='bbox 925 2503 1031 2524; x_wconf 88' lang='lat' dir='ltr'>causa.</span> 
     </span>
    </p>

    <p class='ocr_par' dir='ltr' id='par_1_25' title="bbox 287 2536 1369 3472">
     <span class='ocr_line' id='line_1_72' title="bbox 343 2536 1366 2581; baseline -0.003 -10"><span class='ocrx_word' id='word_1_478' title='bbox 343 2540 437 2571; x_wconf 89' lang='lat' dir='ltr'>Circa</span> <span class='ocrx_word' id='word_1_479' title='bbox 463 2539 693 2581; x_wconf 87' lang='lat' dir='ltr'>probationem</span> <span class='ocrx_word' id='word_1_480' title='bbox 721 2537 986 2579; x_wconf 86' lang='lat' dir='ltr'>consequentiae,</span> <span class='ocrx_word' id='word_1_481' title='bbox 1011 2537 1245 2568; x_wconf 88' lang='lat' dir='ltr'>advertendum</span> <span class='ocrx_word' id='word_1_482' title='bbox 1276 2536 1366 2578; x_wconf 89' lang='lat' dir='ltr'>quod</span> 
     </span>
     <span class='ocr_line' id='line_1_73' title="bbox 287 2582 1367 2626; baseline -0.003 -11"><span class='ocrx_word' id='word_1_483' title='bbox 287 2585 319 2626; x_wconf 92' lang='lat' dir='ltr'>ly</span> <span class='ocrx_word' id='word_1_484' title='bbox 343 2585 534 2626; x_wconf 82' lang='lat' dir='ltr'>inquantum</span> <span class='ocrx_word' id='word_1_485' title='bbox 558 2589 667 2625; x_wconf 88' lang='lat' dir='ltr'>potest</span> <span class='ocrx_word' id='word_1_486' title='bbox 690 2582 877 2624; x_wconf 86' lang='lat' dir='ltr'>specificare</span> <span class='ocrx_word' id='word_1_487' title='bbox 904 2583 1064 2613; x_wconf 89' lang='lat' dir='ltr'>rationem</span> <span class='ocrx_word' id='word_1_488' title='bbox 1096 2582 1309 2623; x_wconf 86' lang='lat' dir='ltr'>cognitionis:</span> <span class='ocrx_word' id='word_1_489' title='bbox 1335 2587 1367 2613; x_wconf 93' lang='lat' dir='ltr'>et</span> 
     </span>
     <span class='ocr_line' id='line_1_74' title="bbox 287 2627 1365 2670; baseline -0.002 -10"><span class='ocrx_word' id='word_1_490' title='bbox 287 2635 395 2670; x_wconf 87' lang='lat' dir='ltr'>potest</span> <span class='ocrx_word' id='word_1_491' title='bbox 417 2629 523 2660; x_wconf 87' lang='lat' dir='ltr'>dicere</span> <span class='ocrx_word' id='word_1_492' title='bbox 555 2629 845 2660; x_wconf 81' lang='lat' dir='ltr'>concomitantiam</span> <span class='ocrx_word' id='word_1_493' title='bbox 875 2628 1073 2668; x_wconf 83' lang='lat' dir='ltr'>cognitionis</span> <span class='ocrx_word' id='word_1_494' title='bbox 1099 2632 1132 2658; x_wconf 90' lang='lat' dir='ltr'>et</span> <span class='ocrx_word' id='word_1_495' title='bbox 1162 2627 1365 2658; x_wconf 84' lang='lat' dir='ltr'>causalitatis.</span> 
     </span>
     <span class='ocr_line' id='line_1_75' title="bbox 287 2671 1367 2715; baseline -0.003 -9"><span class='ocrx_word' id='word_1_496' title='bbox 287 2674 320 2705; x_wconf 92' lang='lat' dir='ltr'>Si</span> <span class='ocrx_word' id='word_1_497' title='bbox 335 2673 501 2715; x_wconf 76' lang='lat' dir='ltr'>specificat</span> <span class='ocrx_word' id='word_1_498' title='bbox 515 2674 675 2705; x_wconf 86' lang='lat' dir='ltr'>rationem</span> <span class='ocrx_word' id='word_1_499' title='bbox 692 2673 900 2714; x_wconf 83' lang='lat' dir='ltr'>cognitionis,</span> <span class='ocrx_word' id='word_1_500' title='bbox 917 2671 1084 2714; x_wconf 87' lang='lat' dir='ltr'>duplicem</span> <span class='ocrx_word' id='word_1_501' title='bbox 1100 2681 1232 2704; x_wconf 88' lang='lat' dir='ltr'>sensum</span> <span class='ocrx_word' id='word_1_502' title='bbox 1247 2672 1367 2703; x_wconf 85' lang='lat' dir='ltr'>habere</span> 
     </span>
     <span class='ocr_line' id='line_1_76' title="bbox 288 2717 1365 2760; baseline -0.002 -10"><span class='ocrx_word' id='word_1_503' title='bbox 288 2724 408 2760; x_wconf 89' lang='lat' dir='ltr'>potest:</span> <span class='ocrx_word' id='word_1_504' title='bbox 425 2719 560 2760; x_wconf 89' lang='lat' dir='ltr'>primus,</span> <span class='ocrx_word' id='word_1_505' title='bbox 574 2718 666 2759; x_wconf 88' lang='lat' dir='ltr'>quod</span> <span class='ocrx_word' id='word_1_506' title='bbox 677 2718 759 2750; x_wconf 88' lang='lat' dir='ltr'>ratio</span> <span class='ocrx_word' id='word_1_507' title='bbox 775 2717 970 2750; x_wconf 85' lang='lat' dir='ltr'>causalitatis</span> <span class='ocrx_word' id='word_1_508' title='bbox 985 2718 1026 2748; x_wconf 87' lang='lat' dir='ltr'>sit</span> <span class='ocrx_word' id='word_1_509' title='bbox 1041 2727 1138 2748; x_wconf 85' lang='lat' dir='ltr'>causa</span> <span class='ocrx_word' id='word_1_510' title='bbox 1153 2717 1365 2758; x_wconf 81' lang='lat' dir='ltr'>cognitionis;</span> 
     </span>
     <span class='ocr_line' id='line_1_77' title="bbox 287 2761 1364 2804; baseline -0.003 -9"><span class='ocrx_word' id='word_1_511' title='bbox 287 2763 351 2795; x_wconf 87' lang='lat' dir='ltr'>alio</span> <span class='ocrx_word' id='word_1_512' title='bbox 376 2763 488 2801; x_wconf 88' lang='lat' dir='ltr'>modo,</span> <span class='ocrx_word' id='word_1_513' title='bbox 514 2762 604 2804; x_wconf 90' lang='lat' dir='ltr'>quod</span> <span class='ocrx_word' id='word_1_514' title='bbox 619 2764 690 2804; x_wconf 86' lang='lat' dir='ltr'>ipsa</span> <span class='ocrx_word' id='word_1_515' title='bbox 706 2772 805 2794; x_wconf 85' lang='lat' dir='ltr'>causa</span> <span class='ocrx_word' id='word_1_516' title='bbox 821 2762 952 2804; x_wconf 90' lang='lat' dir='ltr'>cognita</span> <span class='ocrx_word' id='word_1_517' title='bbox 967 2762 1007 2793; x_wconf 89' lang='lat' dir='ltr'>sit</span> <span class='ocrx_word' id='word_1_518' title='bbox 1031 2771 1127 2793; x_wconf 86' lang='lat' dir='ltr'>causa</span> <span class='ocrx_word' id='word_1_519' title='bbox 1144 2761 1364 2803; x_wconf 89' lang='lat' dir='ltr'>cognoscendi</span> 
     </span>
     <span class='ocr_line' id='line_1_78' title="bbox 288 2806 1364 2848; baseline -0.002 -9"><span class='ocrx_word' id='word_1_520' title='bbox 288 2808 358 2839; x_wconf 88' lang='lat' dir='ltr'>alia.</span> <span class='ocrx_word' id='word_1_521' title='bbox 386 2809 496 2839; x_wconf 90' lang='lat' dir='ltr'>Primo</span> <span class='ocrx_word' id='word_1_522' title='bbox 520 2808 634 2844; x_wconf 86' lang='lat' dir='ltr'>modo,</span> <span class='ocrx_word' id='word_1_523' title='bbox 659 2817 772 2839; x_wconf 87' lang='lat' dir='ltr'>sensus</span> <span class='ocrx_word' id='word_1_524' title='bbox 803 2812 851 2838; x_wconf 85' lang='lat' dir='ltr'>est</span> <span class='ocrx_word' id='word_1_525' title='bbox 875 2806 966 2848; x_wconf 92' lang='lat' dir='ltr'>quod</span> <span class='ocrx_word' id='word_1_526' title='bbox 996 2806 1104 2838; x_wconf 88' lang='lat' dir='ltr'>Deum</span> <span class='ocrx_word' id='word_1_527' title='bbox 1134 2816 1203 2837; x_wconf 88' lang='lat' dir='ltr'>esse</span> <span class='ocrx_word' id='word_1_528' title='bbox 1234 2816 1364 2838; x_wconf 87' lang='lat' dir='ltr'>causam</span> 
     </span>
     <span class='ocr_line' id='line_1_79' title="bbox 287 2851 1367 2893; baseline -0.003 -9"><span class='ocrx_word' id='word_1_529' title='bbox 287 2863 404 2890; x_wconf 90' lang='lat' dir='ltr'>rerum,</span> <span class='ocrx_word' id='word_1_530' title='bbox 429 2853 551 2884; x_wconf 90' lang='lat' dir='ltr'>scilicet</span> <span class='ocrx_word' id='word_1_531' title='bbox 574 2853 671 2884; x_wconf 88' lang='lat' dir='ltr'>talem</span> <span class='ocrx_word' id='word_1_532' title='bbox 696 2862 780 2893; x_wconf 80' lang='lat' dir='ltr'>quae</span> <span class='ocrx_word' id='word_1_533' title='bbox 804 2861 862 2893; x_wconf 90' lang='lat' dir='ltr'>per</span> <span class='ocrx_word' id='word_1_534' title='bbox 885 2851 1107 2892; x_wconf 81' lang='lat' dir='ltr'>cognitionem</span> <span class='ocrx_word' id='word_1_535' title='bbox 1132 2857 1294 2892; x_wconf 83' lang='lat' dir='ltr'>operatur,</span> <span class='ocrx_word' id='word_1_536' title='bbox 1319 2856 1367 2882; x_wconf 89' lang='lat' dir='ltr'>est</span> 
     </span>
     <span class='ocr_line' id='line_1_80' title="bbox 288 2895 1365 2939; baseline -0.001 -11"><span class='ocrx_word' id='word_1_537' title='bbox 288 2899 368 2929; x_wconf 86' lang='lat' dir='ltr'>ran&#39;o</span> <span class='ocrx_word' id='word_1_538' title='bbox 393 2907 493 2939; x_wconf 90' lang='lat' dir='ltr'>quare</span> <span class='ocrx_word' id='word_1_539' title='bbox 519 2898 609 2929; x_wconf 90' lang='lat' dir='ltr'>Deus</span> <span class='ocrx_word' id='word_1_540' title='bbox 637 2897 697 2928; x_wconf 87' lang='lat' dir='ltr'>alia</span> <span class='ocrx_word' id='word_1_541' title='bbox 721 2902 909 2938; x_wconf 78' lang='lat' dir='ltr'>cognoscat.</span> <span class='ocrx_word' id='word_1_542' title='bbox 937 2896 1092 2928; x_wconf 89' lang='lat' dir='ltr'>Secundo</span> <span class='ocrx_word' id='word_1_543' title='bbox 1119 2902 1228 2927; x_wconf 87' lang='lat' dir='ltr'>autem</span> <span class='ocrx_word' id='word_1_544' title='bbox 1251 2895 1365 2932; x_wconf 86' lang='lat' dir='ltr'>modo,</span> 
     </span>
     <span class='ocr_line' id='line_1_81' title="bbox 288 2941 1365 2983; baseline -0.003 -9"><span class='ocrx_word' id='word_1_545' title='bbox 288 2951 400 2974; x_wconf 87' lang='lat' dir='ltr'>sensus</span> <span class='ocrx_word' id='word_1_546' title='bbox 416 2948 464 2974; x_wconf 88' lang='lat' dir='ltr'>est</span> <span class='ocrx_word' id='word_1_547' title='bbox 488 2942 589 2983; x_wconf 93' lang='lat' dir='ltr'>quod,</span> <span class='ocrx_word' id='word_1_548' title='bbox 607 2951 683 2973; x_wconf 90' lang='lat' dir='ltr'>cum</span> <span class='ocrx_word' id='word_1_549' title='bbox 699 2951 757 2982; x_wconf 91' lang='lat' dir='ltr'>per</span> <span class='ocrx_word' id='word_1_550' title='bbox 773 2941 946 2973; x_wconf 78' lang='lat' dir='ltr'>essentiam</span> <span class='ocrx_word' id='word_1_551' title='bbox 961 2950 1054 2972; x_wconf 88' lang='lat' dir='ltr'>suam</span> <span class='ocrx_word' id='word_1_552' title='bbox 1070 2942 1110 2971; x_wconf 83' lang='lat' dir='ltr'>sit</span> <span class='ocrx_word' id='word_1_553' title='bbox 1126 2951 1223 2972; x_wconf 85' lang='lat' dir='ltr'>causa</span> <span class='ocrx_word' id='word_1_554' title='bbox 1245 2950 1365 2977; x_wconf 88' lang='lat' dir='ltr'>rerum,</span> 
     </span>
     <span class='ocr_line' id='line_1_82' title="bbox 288 2985 1366 3028; baseline -0.002 -10"><span class='ocrx_word' id='word_1_555' title='bbox 288 2993 320 3018; x_wconf 90' lang='lat' dir='ltr'>et</span> <span class='ocrx_word' id='word_1_556' title='bbox 343 2986 575 3028; x_wconf 89' lang='lat' dir='ltr'>cognoscendo</span> <span class='ocrx_word' id='word_1_557' title='bbox 604 2986 775 3018; x_wconf 87' lang='lat' dir='ltr'>essentiam</span> <span class='ocrx_word' id='word_1_558' title='bbox 803 2995 896 3017; x_wconf 87' lang='lat' dir='ltr'>suam</span> <span class='ocrx_word' id='word_1_559' title='bbox 923 2985 985 3016; x_wconf 89' lang='lat' dir='ltr'>alia</span> <span class='ocrx_word' id='word_1_560' title='bbox 1009 2992 1196 3026; x_wconf 87' lang='lat' dir='ltr'>cognoscat,</span> <span class='ocrx_word' id='word_1_561' title='bbox 1221 2986 1366 3026; x_wconf 89' lang='lat' dir='ltr'>sequitur</span> 
     </span>
     <span class='ocr_line' id='line_1_83' title="bbox 289 3030 1367 3073; baseline -0.002 -10"><span class='ocrx_word' id='word_1_562' title='bbox 289 3031 379 3072; x_wconf 91' lang='lat' dir='ltr'>quod</span> <span class='ocrx_word' id='word_1_563' title='bbox 395 3042 434 3063; x_wconf 85' lang='lat' dir='ltr'>ex</span> <span class='ocrx_word' id='word_1_564' title='bbox 458 3033 647 3073; x_wconf 87' lang='lat' dir='ltr'>cognitione</span> <span class='ocrx_word' id='word_1_565' title='bbox 664 3041 781 3063; x_wconf 89' lang='lat' dir='ltr'>causae</span> <span class='ocrx_word' id='word_1_566' title='bbox 800 3032 945 3072; x_wconf 87' lang='lat' dir='ltr'>ipsarum</span> <span class='ocrx_word' id='word_1_567' title='bbox 968 3040 1078 3061; x_wconf 88' lang='lat' dir='ltr'>rerum</span> <span class='ocrx_word' id='word_1_568' title='bbox 1095 3030 1134 3061; x_wconf 85' lang='lat' dir='ltr'>de</span> <span class='ocrx_word' id='word_1_569' title='bbox 1151 3030 1228 3071; x_wconf 89' lang='lat' dir='ltr'>ipsis</span> <span class='ocrx_word' id='word_1_570' title='bbox 1251 3031 1367 3062; x_wconf 88' lang='lat' dir='ltr'>habeat</span> 
     </span>
     <span class='ocr_line' id='line_1_84' title="bbox 289 3075 1367 3118; baseline -0.003 -10"><span class='ocrx_word' id='word_1_571' title='bbox 289 3077 522 3117; x_wconf 84' lang='lat' dir='ltr'>cognitionem.</span> <span class='ocrx_word' id='word_1_572' title='bbox 540 3075 604 3108; x_wconf 90' lang='lat' dir='ltr'>Sed</span> <span class='ocrx_word' id='word_1_573' title='bbox 626 3076 752 3118; x_wconf 89' lang='lat' dir='ltr'>primus</span> <span class='ocrx_word' id='word_1_574' title='bbox 775 3085 889 3107; x_wconf 87' lang='lat' dir='ltr'>sensus</span> <span class='ocrx_word' id='word_1_575' title='bbox 908 3084 1003 3106; x_wconf 88' lang='lat' dir='ltr'>verus</span> <span class='ocrx_word' id='word_1_576' title='bbox 1020 3084 1089 3106; x_wconf 89' lang='lat' dir='ltr'>esse</span> <span class='ocrx_word' id='word_1_577' title='bbox 1106 3085 1174 3106; x_wconf 91' lang='lat' dir='ltr'>non</span> <span class='ocrx_word' id='word_1_578' title='bbox 1195 3081 1316 3116; x_wconf 89' lang='lat' dir='ltr'>potest:</span> <span class='ocrx_word' id='word_1_579' title='bbox 1335 3080 1367 3106; x_wconf 89' lang='lat' dir='ltr'>et</span> 
     </span>
     <span class='ocr_line' id='line_1_85' title="bbox 289 3119 1366 3160; baseline -0.002 -8"><span class='ocrx_word' id='word_1_580' title='bbox 289 3121 362 3152; x_wconf 88' lang='lat' dir='ltr'>ideo</span> <span class='ocrx_word' id='word_1_581' title='bbox 386 3131 454 3152; x_wconf 91' lang='lat' dir='ltr'>non</span> <span class='ocrx_word' id='word_1_582' title='bbox 479 3122 623 3152; x_wconf 88' lang='lat' dir='ltr'>intentus</span> <span class='ocrx_word' id='word_1_583' title='bbox 647 3131 664 3152; x_wconf 88' lang='lat' dir='ltr'>a</span> <span class='ocrx_word' id='word_1_584' title='bbox 694 3120 814 3152; x_wconf 87' lang='lat' dir='ltr'>Sancto</span> <span class='ocrx_word' id='word_1_585' title='bbox 839 3120 980 3151; x_wconf 85' lang='lat' dir='ltr'>Thema.</span> <span class='ocrx_word' id='word_1_586' title='bbox 1012 3119 1048 3150; x_wconf 92' lang='lat' dir='ltr'>In</span> <span class='ocrx_word' id='word_1_587' title='bbox 1079 3120 1248 3160; x_wconf 87' lang='lat' dir='ltr'>agentibus</span> <span class='ocrx_word' id='word_1_588' title='bbox 1279 3120 1366 3151; x_wconf 92' lang='lat' dir='ltr'>enim</span> 
     </span>
     <span class='ocr_line' id='line_1_86' title="bbox 290 3164 1367 3206; baseline -0.002 -9"><span class='ocrx_word' id='word_1_589' title='bbox 290 3175 347 3206; x_wconf 90' lang='lat' dir='ltr'>per</span> <span class='ocrx_word' id='word_1_590' title='bbox 369 3166 570 3197; x_wconf 88' lang='lat' dir='ltr'>intellectum</span> <span class='ocrx_word' id='word_1_591' title='bbox 595 3166 740 3206; x_wconf 86' lang='lat' dir='ltr'>cognitio</span> <span class='ocrx_word' id='word_1_592' title='bbox 764 3164 929 3206; x_wconf 87' lang='lat' dir='ltr'>praecedit</span> <span class='ocrx_word' id='word_1_593' title='bbox 944 3164 1164 3195; x_wconf 84' lang='lat' dir='ltr'>causalitatem</span> <span class='ocrx_word' id='word_1_594' title='bbox 1180 3164 1294 3196; x_wconf 89' lang='lat' dir='ltr'>ordine</span> <span class='ocrx_word' id='word_1_595' title='bbox 1311 3174 1367 3195; x_wconf 88' lang='lat' dir='ltr'>na-</span> 
     </span>
     <span class='ocr_line' id='line_1_87' title="bbox 290 3208 1366 3251; baseline 0 -11"><span class='ocrx_word' id='word_1_596' title='bbox 290 3216 392 3241; x_wconf 87' lang='lat' dir='ltr'>turae:</span> <span class='ocrx_word' id='word_1_597' title='bbox 417 3220 494 3242; x_wconf 90' lang='lat' dir='ltr'>cum</span> <span class='ocrx_word' id='word_1_598' title='bbox 510 3211 678 3242; x_wconf 84' lang='lat' dir='ltr'>causalitas</span> <span class='ocrx_word' id='word_1_599' title='bbox 694 3220 792 3251; x_wconf 90' lang='lat' dir='ltr'>super</span> <span class='ocrx_word' id='word_1_600' title='bbox 807 3210 1031 3250; x_wconf 91' lang='lat' dir='ltr'>cognitionem</span> <span class='ocrx_word' id='word_1_601' title='bbox 1054 3208 1217 3240; x_wconf 86' lang='lat' dir='ltr'>fundetur.</span> <span class='ocrx_word' id='word_1_602' title='bbox 1235 3209 1276 3240; x_wconf 91' lang='lat' dir='ltr'>Et</span> <span class='ocrx_word' id='word_1_603' title='bbox 1291 3209 1366 3240; x_wconf 91' lang='lat' dir='ltr'>ideo</span> 
     </span>
     <span class='ocr_line' id='line_1_88' title="bbox 291 3253 1367 3297; baseline 0 -12"><span class='ocrx_word' id='word_1_604' title='bbox 291 3265 358 3285; x_wconf 81' lang='lat' dir='ltr'>esse</span> <span class='ocrx_word' id='word_1_605' title='bbox 383 3265 512 3287; x_wconf 88' lang='lat' dir='ltr'>causam</span> <span class='ocrx_word' id='word_1_606' title='bbox 536 3261 686 3297; x_wconf 90' lang='lat' dir='ltr'>agentem</span> <span class='ocrx_word' id='word_1_607' title='bbox 710 3265 768 3296; x_wconf 89' lang='lat' dir='ltr'>per</span> <span class='ocrx_word' id='word_1_608' title='bbox 789 3254 992 3286; x_wconf 90' lang='lat' dir='ltr'>intellectum</span> <span class='ocrx_word' id='word_1_609' title='bbox 1015 3264 1083 3285; x_wconf 89' lang='lat' dir='ltr'>non</span> <span class='ocrx_word' id='word_1_610' title='bbox 1108 3259 1155 3285; x_wconf 90' lang='lat' dir='ltr'>est</span> <span class='ocrx_word' id='word_1_611' title='bbox 1178 3255 1259 3285; x_wconf 88' lang='lat' dir='ltr'>ratio</span> <span class='ocrx_word' id='word_1_612' title='bbox 1277 3253 1367 3295; x_wconf 92' lang='lat' dir='ltr'>quod</span> 
     </span>
     <span class='ocr_line' id='line_1_89' title="bbox 291 3298 1369 3341; baseline 0.001 -12"><span class='ocrx_word' id='word_1_613' title='bbox 291 3299 412 3340; x_wconf 89' lang='lat' dir='ltr'>aliquid</span> <span class='ocrx_word' id='word_1_614' title='bbox 436 3305 660 3341; x_wconf 87' lang='lat' dir='ltr'>cognoscatur,</span> <span class='ocrx_word' id='word_1_615' title='bbox 690 3299 747 3331; x_wconf 89' lang='lat' dir='ltr'>sed</span> <span class='ocrx_word' id='word_1_616' title='bbox 770 3300 872 3340; x_wconf 86' lang='lat' dir='ltr'>magis</span> <span class='ocrx_word' id='word_1_617' title='bbox 896 3309 913 3330; x_wconf 91' lang='lat' dir='ltr'>e</span> <span class='ocrx_word' id='word_1_618' title='bbox 938 3308 1097 3330; x_wconf 90' lang='lat' dir='ltr'>converso</span> <span class='ocrx_word' id='word_1_619' title='bbox 1125 3298 1199 3330; x_wconf 89' lang='lat' dir='ltr'>ideo</span> <span class='ocrx_word' id='word_1_620' title='bbox 1225 3299 1287 3339; x_wconf 86' lang='lat' dir='ltr'>agit</span> <span class='ocrx_word' id='word_1_621' title='bbox 1311 3309 1369 3340; x_wconf 91' lang='lat' dir='ltr'>per</span> 
     </span>
     <span class='ocr_line' id='line_1_90' title="bbox 291 3343 1368 3386; baseline 0 -12"><span class='ocrx_word' id='word_1_622' title='bbox 291 3344 489 3375; x_wconf 90' lang='lat' dir='ltr'>intellectum</span> <span class='ocrx_word' id='word_1_623' title='bbox 502 3345 577 3386; x_wconf 84' lang='lat' dir='ltr'>quia</span> <span class='ocrx_word' id='word_1_624' title='bbox 591 3345 770 3386; x_wconf 91' lang='lat' dir='ltr'>cognoscit,</span> <span class='ocrx_word' id='word_1_625' title='bbox 784 3344 907 3375; x_wconf 88' lang='lat' dir='ltr'>scilicet</span> <span class='ocrx_word' id='word_1_626' title='bbox 923 3344 1074 3384; x_wconf 89' lang='lat' dir='ltr'>practice.</span> <span class='ocrx_word' id='word_1_627' title='bbox 1087 3343 1271 3385; x_wconf 87' lang='lat' dir='ltr'>Propterea,</span> <span class='ocrx_word' id='word_1_628' title='bbox 1285 3344 1368 3374; x_wconf 90' lang='lat' dir='ltr'>acci-</span> 
     </span>
     <span class='ocr_line' id='line_1_91' title="bbox 291 3387 1369 3431; baseline 0.001 -13"><span class='ocrx_word' id='word_1_629' title='bbox 291 3388 412 3428; x_wconf 90' lang='lat' dir='ltr'>piendo</span> <span class='ocrx_word' id='word_1_630' title='bbox 443 3389 475 3431; x_wconf 93' lang='lat' dir='ltr'>ly</span> <span class='ocrx_word' id='word_1_631' title='bbox 504 3390 695 3431; x_wconf 84' lang='lat' dir='ltr'>inquantum</span> <span class='ocrx_word' id='word_1_632' title='bbox 722 3387 951 3431; x_wconf 71' lang='lat' dir='ltr'>specificafive,</span> <span class='ocrx_word' id='word_1_633' title='bbox 985 3387 1147 3420; x_wconf 88' lang='lat' dir='ltr'>secundus</span> <span class='ocrx_word' id='word_1_634' title='bbox 1178 3398 1291 3420; x_wconf 88' lang='lat' dir='ltr'>sensus</span> <span class='ocrx_word' id='word_1_635' title='bbox 1322 3393 1369 3419; x_wconf 90' lang='lat' dir='ltr'>est</span> 
     </span>
     <span class='ocr_line' id='line_1_92' title="bbox 292 3433 546 3472; baseline 0.008 -9"><span class='ocrx_word' id='word_1_636' title='bbox 292 3433 546 3472; x_wconf 87' lang='lat' dir='ltr'>amplectendus.</span> 
     </span>
    </p>

    <p class='ocr_par' dir='ltr' id='par_1_26' title="bbox 293 3477 1370 3698">
     <span class='ocr_line' id='line_1_93' title="bbox 350 3477 1369 3520; baseline 0 -12"><span class='ocrx_word' id='word_1_637' title='bbox 350 3477 482 3509; x_wconf 89' lang='lat' dir='ltr'>Videtur</span> <span class='ocrx_word' id='word_1_638' title='bbox 498 3484 606 3509; x_wconf 90' lang='lat' dir='ltr'>tamen</span> <span class='ocrx_word' id='word_1_639' title='bbox 624 3479 729 3509; x_wconf 87' lang='lat' dir='ltr'>verius</span> <span class='ocrx_word' id='word_1_640' title='bbox 745 3478 835 3519; x_wconf 88' lang='lat' dir='ltr'>quod</span> <span class='ocrx_word' id='word_1_641' title='bbox 851 3478 883 3520; x_wconf 87' lang='lat' dir='ltr'>ly</span> <span class='ocrx_word' id='word_1_642' title='bbox 901 3479 1092 3519; x_wconf 84' lang='lat' dir='ltr'>inquantum</span> <span class='ocrx_word' id='word_1_643' title='bbox 1110 3487 1177 3508; x_wconf 91' lang='lat' dir='ltr'>non</span> <span class='ocrx_word' id='word_1_644' title='bbox 1194 3478 1369 3518; x_wconf 87' lang='lat' dir='ltr'>accipiatur</span> 
     </span>
     <span class='ocr_line' id='line_1_94' title="bbox 293 3521 1369 3561; baseline 0.003 -11"><span class='ocrx_word' id='word_1_645' title='bbox 293 3521 518 3561; x_wconf 70' lang='lat' dir='ltr'>specificafive,</span> <span class='ocrx_word' id='word_1_646' title='bbox 543 3523 598 3554; x_wconf 88' lang='lat' dir='ltr'>sed</span> <span class='ocrx_word' id='word_1_647' title='bbox 622 3523 706 3554; x_wconf 93' lang='lat' dir='ltr'>dicat</span> <span class='ocrx_word' id='word_1_648' title='bbox 730 3523 1017 3554; x_wconf 85' lang='lat' dir='ltr'>concomitantiam</span> <span class='ocrx_word' id='word_1_649' title='bbox 1042 3522 1234 3554; x_wconf 86' lang='lat' dir='ltr'>causalitatis</span> <span class='ocrx_word' id='word_1_650' title='bbox 1258 3529 1290 3554; x_wconf 91' lang='lat' dir='ltr'>et</span> <span class='ocrx_word' id='word_1_651' title='bbox 1314 3533 1369 3553; x_wconf 93' lang='lat' dir='ltr'>co-</span> 
     </span>
     <span class='ocr_line' id='line_1_95' title="bbox 294 3566 1370 3609; baseline 0.003 -14"><span class='ocrx_word' id='word_1_652' title='bbox 294 3566 460 3604; x_wconf 89' lang='lat' dir='ltr'>gnitionis:</span> <span class='ocrx_word' id='word_1_653' title='bbox 486 3572 517 3598; x_wconf 90' lang='lat' dir='ltr'>et</span> <span class='ocrx_word' id='word_1_654' title='bbox 540 3568 579 3598; x_wconf 87' lang='lat' dir='ltr'>sit</span> <span class='ocrx_word' id='word_1_655' title='bbox 603 3577 714 3599; x_wconf 90' lang='lat' dir='ltr'>sensus</span> <span class='ocrx_word' id='word_1_656' title='bbox 738 3567 830 3609; x_wconf 90' lang='lat' dir='ltr'>quod</span> <span class='ocrx_word' id='word_1_657' title='bbox 852 3568 1034 3599; x_wconf 89' lang='lat' dir='ltr'>necessario</span> <span class='ocrx_word' id='word_1_658' title='bbox 1059 3567 1229 3608; x_wconf 87' lang='lat' dir='ltr'>cognoscit</span> <span class='ocrx_word' id='word_1_659' title='bbox 1259 3568 1370 3599; x_wconf 89' lang='lat' dir='ltr'>omnia</span> 
     </span>
     <span class='ocr_line' id='line_1_96' title="bbox 296 3611 1368 3653; baseline 0.004 -14"><span class='ocrx_word' id='word_1_660' title='bbox 296 3618 437 3649; x_wconf 90' lang='lat' dir='ltr'>quorum</span> <span class='ocrx_word' id='word_1_661' title='bbox 454 3617 500 3641; x_wconf 91' lang='lat' dir='ltr'>est</span> <span class='ocrx_word' id='word_1_662' title='bbox 515 3621 621 3648; x_wconf 85' lang='lat' dir='ltr'>causa,</span> <span class='ocrx_word' id='word_1_663' title='bbox 638 3621 679 3643; x_wconf 92' lang='lat' dir='ltr'>eo</span> <span class='ocrx_word' id='word_1_664' title='bbox 695 3612 786 3653; x_wconf 92' lang='lat' dir='ltr'>quod</span> <span class='ocrx_word' id='word_1_665' title='bbox 802 3613 841 3643; x_wconf 86' lang='lat' dir='ltr'>sit</span> <span class='ocrx_word' id='word_1_666' title='bbox 858 3622 954 3643; x_wconf 90' lang='lat' dir='ltr'>causa</span> <span class='ocrx_word' id='word_1_667' title='bbox 970 3621 1027 3653; x_wconf 88' lang='lat' dir='ltr'>per</span> <span class='ocrx_word' id='word_1_668' title='bbox 1043 3611 1244 3643; x_wconf 88' lang='lat' dir='ltr'>intellectum</span> <span class='ocrx_word' id='word_1_669' title='bbox 1260 3622 1368 3653; x_wconf 86' lang='lat' dir='ltr'>agens,</span> 
     </span>
     <span class='ocr_line' id='line_1_97' title="bbox 297 3657 1370 3698; baseline 0.004 -15"><span class='ocrx_word' id='word_1_670' title='bbox 297 3658 328 3684; x_wconf 90' lang='lat' dir='ltr'>et</span> <span class='ocrx_word' id='word_1_671' title='bbox 352 3663 409 3694; x_wconf 89' lang='lat' dir='ltr'>per</span> <span class='ocrx_word' id='word_1_672' title='bbox 432 3664 634 3695; x_wconf 86' lang='lat' dir='ltr'>consequens</span> <span class='ocrx_word' id='word_1_673' title='bbox 658 3666 691 3687; x_wconf 90' lang='lat' dir='ltr'>se</span> <span class='ocrx_word' id='word_1_674' title='bbox 716 3658 978 3688; x_wconf 88' lang='lat' dir='ltr'>concomitantur</span> <span class='ocrx_word' id='word_1_675' title='bbox 1001 3658 1034 3687; x_wconf 92' lang='lat' dir='ltr'>in</span> <span class='ocrx_word' id='word_1_676' title='bbox 1058 3658 1130 3698; x_wconf 88' lang='lat' dir='ltr'>ipso</span> <span class='ocrx_word' id='word_1_677' title='bbox 1155 3657 1322 3688; x_wconf 87' lang='lat' dir='ltr'>causalitas</span> <span class='ocrx_word' id='word_1_678' title='bbox 1338 3663 1370 3688; x_wconf 93' lang='lat' dir='ltr'>et</span> 
     </span>
    </p>
   </div>
   <div class='ocr_carea' id='block_1_21' title="bbox 1128 1868 1906 1938">
    <p class='ocr_par' dir='ltr' id='par_1_27' title="bbox 1128 1868 1906 1938">
     <span class='ocr_line' id='line_1_98' title="bbox 1353 1868 1906 1902; baseline 0.004 -9"><span class='ocrx_word' id='word_1_679' title='bbox 1353 1875 1383 1894; x_wconf 69' lang='grc' dir='ltr'>αι</span> <span class='ocrx_word' id='word_1_680' title='bbox 1406 1875 1453 1901; x_wconf 82' lang='lat' dir='ltr'>per</span> <span class='ocrx_word' id='word_1_681' title='bbox 1465 1868 1603 1902; x_wconf 75' lang='lat' dir='ltr'>actionem]</span> <span class='ocrx_word' id='word_1_682' title='bbox 1623 1876 1673 1902; x_wconf 87' lang='lat' dir='ltr'>pro</span> <span class='ocrx_word' id='word_1_683' title='bbox 1686 1869 1789 1894; x_wconf 76' lang='lat' dir='ltr'>actione</span> <span class='ocrx_word' id='word_1_684' title='bbox 1802 1868 1878 1895; x_wconf 77' lang='grc' dir='ltr'><strong>αΕΥ.</strong></span> <span class='ocrx_word' id='word_1_685' title='bbox 1903 1897 1906 1900; x_wconf 17' lang='grc' dir='ltr'><em>Δ</em></span> 
     </span>
     <span class='ocr_line' id='line_1_99' title="bbox 1128 1902 1655 1938; baseline 0.004 -10"><span class='ocrx_word' id='word_1_686' title='bbox 1128 1911 1143 1936; x_wconf 93' lang='lat'><em>7</em></span> <span class='ocrx_word' id='word_1_687' title='bbox 1164 1904 1196 1928; x_wconf 83' lang='lat' dir='ltr'>ad</span> <span class='ocrx_word' id='word_1_688' title='bbox 1215 1902 1292 1937; x_wconf 84' lang='lat' dir='ltr'>quae]</span> <span class='ocrx_word' id='word_1_689' title='bbox 1312 1911 1454 1937; x_wconf 78' lang='lat' dir='ltr'>quousque</span> <span class='ocrx_word' id='word_1_690' title='bbox 1479 1903 1498 1928; x_wconf 93' lang='lat' dir='ltr'>Z</span> <span class='ocrx_word' id='word_1_691' title='bbox 1523 1911 1583 1929; x_wconf 81' lang='lat' dir='ltr'>cum</span> <span class='ocrx_word' id='word_1_692' title='bbox 1604 1905 1655 1938; x_wconf 74' lang='lat' dir='ltr'>pA.</span> 
     </span>
    </p>
   </div>
   <div class='ocr_carea' id='block_1_22' title="bbox 1420 1681 2453 1738">
    <p class='ocr_par' dir='ltr' id='par_1_28' title="bbox 1420 1681 2453 1738">
     <span class='ocr_line' id='line_1_100' title="bbox 1420 1681 2453 1738; baseline 0.003 -18"><span class='ocrx_word' id='word_1_693' title='bbox 1420 1681 1595 1732; x_wconf 90' lang='lat' dir='ltr'>primum</span> <span class='ocrx_word' id='word_1_694' title='bbox 1623 1682 1860 1734; x_wconf 89' lang='lat' dir='ltr'>principium</span> <span class='ocrx_word' id='word_1_695' title='bbox 1890 1684 2167 1733; x_wconf 86' lang='lat' dir='ltr'>productivum</span> <span class='ocrx_word' id='word_1_696' title='bbox 2195 1682 2409 1738; x_wconf 87' lang='lat' dir='ltr'>utriusque.</span> <span class='ocrx_word' id='word_1_697' title='bbox 2450 1711 2453 1713; x_wconf 91' lang='lat'>-</span> 
     </span>
    </p>
   </div>
   <div class='ocr_carea' id='block_1_23' title="bbox 2450 1725 2494 1741">
    <p class='ocr_par' dir='ltr' id='par_1_29' title="bbox 2450 1725 2494 1741">
     <span class='ocr_line' id='line_1_101' title="bbox 2450 1725 2494 1741; baseline 0 0"><span class='ocrx_word' id='word_1_698' title='bbox 2450 1725 2494 1741; x_wconf 64' lang='lat' dir='ltr'>=¹l</span> 
     </span>
    </p>
   </div>
   <div class='ocr_carea' id='block_1_24' title="bbox 1881 1791 2501 1867">
    <p class='ocr_par' dir='ltr' id='par_1_30' title="bbox 1881 1791 2501 1867">
     <span class='ocr_line' id='line_1_102' title="bbox 1881 1791 2501 1834; baseline 0.003 -11"><span class='ocrx_word' id='word_1_699' title='bbox 1881 1797 1894 1822; x_wconf 82' lang='lat'><strong>5</strong></span> <span class='ocrx_word' id='word_1_700' title='bbox 1915 1803 2005 1824; x_wconf 77' lang='lat' dir='ltr'>noster</span> <span class='ocrx_word' id='word_1_701' title='bbox 2017 1801 2083 1831; x_wconf 81' lang='lat' dir='ltr'>post</span> <span class='ocrx_word' id='word_1_702' title='bbox 2097 1798 2243 1824; x_wconf 75' lang='lat' dir='ltr'>intellectus</span> <span class='ocrx_word' id='word_1_703' title='bbox 2257 1799 2320 1824; x_wconf 75' lang='grc' dir='ltr'><strong><em>αΡο.</em></strong></span> <span class='ocrx_word' id='word_1_704' title='bbox 2401 1807 2417 1832; x_wconf 89' lang='grc'>7</span> <span class='ocrx_word' id='word_1_705' title='bbox 2432 1791 2501 1834; x_wconf 70' lang='lat' dir='ltr'>acto]</span> 
     </span>
     <span class='ocr_line' id='line_1_103' title="bbox 1929 1830 2489 1867; baseline 0 -8"><span class='ocrx_word' id='word_1_706' title='bbox 1929 1834 2073 1867; x_wconf 71' lang='lat' dir='ltr'>perducere</span> <span class='ocrx_word' id='word_1_707' title='bbox 2091 1834 2115 1859; x_wconf 85' lang='grc' dir='ltr'><strong>Α</strong></span> <span class='ocrx_word' id='word_1_708' title='bbox 2133 1834 2218 1866; x_wconf 60' lang='lat' dir='ltr'>solun</span> <span class='ocrx_word' id='word_1_709' title='bbox 2236 1833 2362 1861; x_wconf 75' lang='lat' dir='ltr'>inducere</span> <span class='ocrx_word' id='word_1_710' title='bbox 2376 1833 2422 1866; x_wconf 89' lang='lat' dir='ltr'>W,</span> <span class='ocrx_word' id='word_1_711' title='bbox 2483 1830 2489 1839; x_wconf 84' lang='lat'><em>&#39;</em></span> 
     </span>
    </p>
   </div>
   <div class='ocr_carea' id='block_1_25' title="bbox 1965 1840 2504 1948">
    <p class='ocr_par' dir='ltr' id='par_1_31' title="bbox 1965 1840 2504 1948">
     <span class='ocr_line' id='line_1_104' title="bbox 1965 1840 2504 1948; baseline 0.004 -46"><span class='ocrx_word' id='word_1_712' title='bbox 1965 1876 2000 1902; x_wconf 81' lang='lat'>²4</span> <span class='ocrx_word' id='word_1_713' title='bbox 2018 1869 2170 1903; x_wconf 72' lang='lat' dir='ltr'>perducere]</span> <span class='ocrx_word' id='word_1_714' title='bbox 2190 1869 2338 1903; x_wconf 56' lang='grc' dir='ltr'>ΝΜ</span> <span class='ocrx_word' id='word_1_715' title='bbox 2344 1840 2504 1948; x_wconf 43' lang='lat' dir='ltr'>:Rufi</span> 
     </span>
    </p>
   </div>
   <div class='ocr_carea' id='block_1_26' title="bbox 1749 1903 2389 1941">
    <p class='ocr_par' dir='ltr' id='par_1_32' title="bbox 1749 1903 2389 1941">
     <span class='ocr_line' id='line_1_105' title="bbox 1749 1903 2389 1941; baseline 0.002 -11"><span class='ocrx_word' id='word_1_716' title='bbox 1749 1903 1780 1930; x_wconf 83' lang='lat'>15</span> <span class='ocrx_word' id='word_1_717' title='bbox 1801 1910 1967 1938; x_wconf 77' lang='lat' dir='ltr'>cognoscunt</span> <span class='ocrx_word' id='word_1_718' title='bbox 1984 1912 2026 1931; x_wconf 86' lang='lat' dir='ltr'>om</span> <span class='ocrx_word' id='word_1_719' title='bbox 2047 1905 2116 1930; x_wconf 87' lang='lat' dir='ltr'>GW.</span> <span class='ocrx_word' id='word_1_720' title='bbox 2210 1912 2241 1938; x_wconf 80' lang='lat'>¹7</span> <span class='ocrx_word' id='word_1_721' title='bbox 2261 1903 2389 1941; x_wconf 79' lang='lat' dir='ltr'>firmatur}</span> 
     </span>
    </p>
   </div>
   <div class='ocr_carea' id='block_1_27' title="bbox 1513 1832 2506 2011">
    <p class='ocr_par' dir='ltr' id='par_1_33' title="bbox 1513 1832 2506 2011">
     <span class='ocr_line' id='line_1_106' title="bbox 1513 1832 2501 1866; baseline 0.003 -8"><span class='ocrx_word' id='word_1_722' title='bbox 1513 1839 1542 1858; x_wconf 83' lang='grc' dir='ltr'>ιι</span> <span class='ocrx_word' id='word_1_723' title='bbox 1565 1832 1669 1866; x_wconf 73' lang='lat' dir='ltr'>poterit}</span> <span class='ocrx_word' id='word_1_724' title='bbox 1689 1838 1778 1865; x_wconf 69' lang='lat' dir='ltr'>pote-t</span> <span class='ocrx_word' id='word_1_725' title='bbox 1796 1834 1840 1859; x_wconf 80' lang='lat' dir='ltr'>Pe.</span> <span class='ocrx_word' id='word_1_726' title='bbox 2492 1839 2501 1843; x_wconf 67' lang='grc'><em>”</em></span> 
     </span>
     <span class='ocr_line' id='line_1_107' title="bbox 2431 1934 2505 1971; baseline 0 -26"><span class='ocrx_word' id='word_1_727' title='bbox 2431 1934 2505 1971; x_wconf 46' lang='lat' dir='ltr'>&#39;r‘f.‘“{</span> 
     </span>
     <span class='ocr_line' id='line_1_108' title="bbox 2423 1991 2506 2011; baseline -0.024 0"><span class='ocrx_word' id='word_1_728' title='bbox 2423 1999 2426 2001; x_wconf 63' lang='lat'>&gt;</span> <span class='ocrx_word' id='word_1_729' title='bbox 2449 1991 2506 2011; x_wconf 53' lang='lat' dir='ltr'>„ist</span> 
     </span>
    </p>
   </div>
   <div class='ocr_carea' id='block_1_28' title="bbox 1420 2054 1730 2090">
    <p class='ocr_par' dir='ltr' id='par_1_34' title="bbox 1420 2054 1730 2090">
     <span class='ocr_line' id='line_1_109' title="bbox 1420 2054 1730 2090; baseline 0.003 -3"><span class='ocrx_word' id='word_1_730' title='bbox 1420 2054 1730 2090; x_wconf 69' lang='lat' dir='ltr'>Fert-ariensis</span> 
     </span>
    </p>
   </div>
   <div class='ocr_carea' id='block_1_29' title="bbox 1419 2224 2506 2403">
    <p class='ocr_par' dir='ltr' id='par_1_35' title="bbox 1421 2224 2494 2271">
     <span class='ocr_line' id='line_1_110' title="bbox 1421 2224 2494 2271; baseline 0.007 -16"><span class='ocrx_word' id='word_1_731' title='bbox 1421 2224 1559 2256; x_wconf 90' lang='lat' dir='ltr'>modum</span> <span class='ocrx_word' id='word_1_732' title='bbox 1582 2224 1795 2267; x_wconf 86' lang='lat' dir='ltr'>intelligendi,</span> <span class='ocrx_word' id='word_1_733' title='bbox 1820 2232 1999 2267; x_wconf 87' lang='lat' dir='ltr'>cognoscat</span> <span class='ocrx_word' id='word_1_734' title='bbox 2021 2237 2091 2259; x_wconf 89' lang='lat' dir='ltr'>rem</span> <span class='ocrx_word' id='word_1_735' title='bbox 2115 2237 2216 2269; x_wconf 82' lang='lat' dir='ltr'>quam</span> <span class='ocrx_word' id='word_1_736' title='bbox 2238 2234 2320 2271; x_wconf 85' lang='lat' dir='ltr'>agat.</span> <span class='ocrx_word' id='word_1_737' title='bbox 2475 2262 2494 2269; x_wconf 19' lang='lat'>⁷.</span> 
     </span>
    </p>

    <p class='ocr_par' dir='ltr' id='par_1_36' title="bbox 1419 2268 2506 2403">
     <span class='ocr_line' id='line_1_111' title="bbox 1478 2268 2505 2314; baseline 0.005 -14"><span class='ocrx_word' id='word_1_738' title='bbox 1478 2268 1514 2300; x_wconf 89' lang='lat' dir='ltr'>u.</span> <span class='ocrx_word' id='word_1_739' title='bbox 1539 2268 1701 2302; x_wconf 82' lang='lat' dir='ltr'>Secundo.</span> <span class='ocrx_word' id='word_1_740' title='bbox 1733 2269 1822 2302; x_wconf 82' lang='lat' dir='ltr'>Deus</span> <span class='ocrx_word' id='word_1_741' title='bbox 1853 2272 2023 2314; x_wconf 84' lang='lat' dir='ltr'>cognoscit</span> <span class='ocrx_word' id='word_1_742' title='bbox 2053 2272 2232 2311; x_wconf 81' lang='lat' dir='ltr'>materiam,</span> <span class='ocrx_word' id='word_1_743' title='bbox 2262 2278 2294 2304; x_wconf 92' lang='lat' dir='ltr'>et</span> <span class='ocrx_word' id='word_1_744' title='bbox 2323 2272 2505 2306; x_wconf 73' lang='lat' dir='ltr'>accidentia·</span> 
     </span>
     <span class='ocr_line' id='line_1_112' title="bbox 1419 2312 2500 2353; baseline 0.006 -9"><span class='ocrx_word' id='word_1_745' title='bbox 1419 2312 1664 2351; x_wconf 79' lang='lat' dir='ltr'>individuantia‚</span> <span class='ocrx_word' id='word_1_746' title='bbox 1682 2321 1713 2346; x_wconf 84' lang='lat' dir='ltr'>et</span> <span class='ocrx_word' id='word_1_747' title='bbox 1737 2314 1857 2346; x_wconf 88' lang='lat' dir='ltr'>formas</span> <span class='ocrx_word' id='word_1_748' title='bbox 1881 2316 1914 2347; x_wconf 88' lang='lat' dir='ltr'>in</span> <span class='ocrx_word' id='word_1_749' title='bbox 1936 2317 2071 2348; x_wconf 85' lang='lat' dir='ltr'>materia</span> <span class='ocrx_word' id='word_1_750' title='bbox 2094 2315 2294 2348; x_wconf 81' lang='lat' dir='ltr'>individuata</span> <span class='ocrx_word' id='word_1_751' title='bbox 2318 2313 2500 2353; x_wconf 54' lang='lat' dir='ltr'>existentes.</span> 
     </span>
     <span class='ocr_line' id='line_1_113' title="bbox 1421 2358 2506 2403; baseline 0.006 -15"><span class='ocrx_word' id='word_1_752' title='bbox 1421 2358 1508 2399; x_wconf 85' lang='lat' dir='ltr'>Ergo</span> <span class='ocrx_word' id='word_1_753' title='bbox 1531 2364 1593 2390; x_wconf 90' lang='lat' dir='ltr'>etc.</span> <span class='ocrx_word' id='word_1_754' title='bbox 1617 2377 1640 2382; x_wconf 94' lang='lat'>—</span> <span class='ocrx_word' id='word_1_755' title='bbox 1663 2359 1822 2391; x_wconf 85' lang='lat' dir='ltr'>Probatur</span> <span class='ocrx_word' id='word_1_756' title='bbox 1844 2360 2049 2393; x_wconf 78' lang='lat' dir='ltr'>antecedens.</span> <span class='ocrx_word' id='word_1_757' title='bbox 2074 2361 2256 2403; x_wconf 85' lang='lat' dir='ltr'>Intelligere</span> <span class='ocrx_word' id='word_1_758' title='bbox 2274 2362 2336 2394; x_wconf 87' lang='lat' dir='ltr'>Dei</span> <span class='ocrx_word' id='word_1_759' title='bbox 2359 2364 2408 2394; x_wconf 74' lang='lat' dir='ltr'>est</span> <span class='ocrx_word' id='word_1_760' title='bbox 2430 2363 2506 2395; x_wconf 72' lang='lat' dir='ltr'>eius</span> 
     </span>
    </p>
   </div>
   <div class='ocr_carea' id='block_1_30' title="bbox 1391 2391 2506 2460">
    <p class='ocr_par' dir='ltr' id='par_1_37' title="bbox 1391 2391 2506 2460">
     <span class='ocr_line' id='line_1_114' title="bbox 1391 2391 2506 2460; baseline 0.004 -26"><span class='ocrx_word' id='word_1_761' title='bbox 1391 2391 1394 2460; x_wconf 56' lang='grc'><strong>4</strong></span> <span class='ocrx_word' id='word_1_762' title='bbox 1421 2404 1569 2435; x_wconf 59' lang='lat' dir='ltr'>mentia.</span> <span class='ocrx_word' id='word_1_763' title='bbox 1586 2404 1674 2445; x_wconf 88' lang='lat' dir='ltr'>Ergo</span> <span class='ocrx_word' id='word_1_764' title='bbox 1690 2405 1840 2445; x_wconf 89' lang='lat' dir='ltr'>intelligit</span> <span class='ocrx_word' id='word_1_765' title='bbox 1854 2406 1968 2437; x_wconf 79' lang='lat' dir='ltr'>omnia</span> <span class='ocrx_word' id='word_1_766' title='bbox 1978 2415 2063 2447; x_wconf 85' lang='lat' dir='ltr'>quae</span> <span class='ocrx_word' id='word_1_767' title='bbox 2076 2415 2292 2448; x_wconf 85' lang='lat' dir='ltr'>quocumque</span> <span class='ocrx_word' id='word_1_768' title='bbox 2306 2406 2409 2439; x_wconf 87' lang='lat' dir='ltr'>modo</span> <span class='ocrx_word' id='word_1_769' title='bbox 2425 2413 2506 2440; x_wconf 82' lang='lat' dir='ltr'>sunt</span> 
     </span>
    </p>
   </div>
   <div class='ocr_carea' id='block_1_31' title="bbox 1419 2449 2507 2584">
    <p class='ocr_par' dir='ltr' id='par_1_38' title="bbox 1419 2449 2507 2584">
     <span class='ocr_line' id='line_1_115' title="bbox 1419 2449 2504 2493; baseline 0.006 -14"><span class='ocrx_word' id='word_1_770' title='bbox 1419 2449 1454 2480; x_wconf 87' lang='lat' dir='ltr'>in</span> <span class='ocrx_word' id='word_1_771' title='bbox 1470 2450 1540 2480; x_wconf 90' lang='lat' dir='ltr'>eius</span> <span class='ocrx_word' id='word_1_772' title='bbox 1556 2449 1704 2480; x_wconf 86' lang='lat' dir='ltr'>essentia.</span> <span class='ocrx_word' id='word_1_773' title='bbox 1722 2449 1810 2490; x_wconf 87' lang='lat' dir='ltr'>Ergo</span> <span class='ocrx_word' id='word_1_774' title='bbox 1826 2451 1939 2482; x_wconf 85' lang='lat' dir='ltr'>omnia</span> <span class='ocrx_word' id='word_1_775' title='bbox 1953 2451 2009 2483; x_wconf 75' lang='lat' dir='ltr'>ille</span> <span class='ocrx_word' id='word_1_776' title='bbox 2021 2452 2204 2492; x_wconf 85' lang='lat' dir='ltr'>cognoscit:</span> <span class='ocrx_word' id='word_1_777' title='bbox 2222 2452 2300 2493; x_wconf 84' lang='lat' dir='ltr'>quia</span> <span class='ocrx_word' id='word_1_778' title='bbox 2314 2453 2350 2484; x_wconf 90' lang='lat' dir='ltr'>in</span> <span class='ocrx_word' id='word_1_779' title='bbox 2364 2452 2504 2485; x_wconf 73' lang='lat' dir='ltr'>essentie</span> 
     </span>
     <span class='ocr_line' id='line_1_116' title="bbox 1420 2493 2507 2538; baseline 0.005 -14"><span class='ocrx_word' id='word_1_780' title='bbox 1420 2503 1478 2524; x_wconf 89' lang='lat' dir='ltr'>sua</span> <span class='ocrx_word' id='word_1_781' title='bbox 1502 2493 1680 2526; x_wconf 83' lang='lat' dir='ltr'>virtualiter</span> <span class='ocrx_word' id='word_1_782' title='bbox 1702 2500 1779 2526; x_wconf 87' lang='lat' dir='ltr'>sunt</span> <span class='ocrx_word' id='word_1_783' title='bbox 1809 2495 1921 2527; x_wconf 86' lang='lat' dir='ltr'>omnia</span> <span class='ocrx_word' id='word_1_784' title='bbox 1951 2504 2036 2537; x_wconf 86' lang='lat' dir='ltr'>quae</span> <span class='ocrx_word' id='word_1_785' title='bbox 2063 2505 2278 2538; x_wconf 89' lang='lat' dir='ltr'>quocumque</span> <span class='ocrx_word' id='word_1_786' title='bbox 2305 2496 2407 2528; x_wconf 88' lang='lat' dir='ltr'>modo</span> <span class='ocrx_word' id='word_1_787' title='bbox 2431 2506 2507 2538; x_wconf 73' lang='lat' dir='ltr'>esee.</span> 
     </span>
     <span class='ocr_line' id='line_1_117' title="bbox 1419 2538 2502 2584; baseline 0.006 -16"><span class='ocrx_word' id='word_1_788' title='bbox 1419 2538 1623 2579; x_wconf 86' lang='lat' dir='ltr'>participant,</span> <span class='ocrx_word' id='word_1_789' title='bbox 1648 2548 1725 2570; x_wconf 89' lang='lat' dir='ltr'>cum</span> <span class='ocrx_word' id='word_1_790' title='bbox 1755 2538 1795 2570; x_wconf 90' lang='lat' dir='ltr'>sit</span> <span class='ocrx_word' id='word_1_791' title='bbox 1818 2540 1962 2581; x_wconf 86' lang='lat' dir='ltr'>primum</span> <span class='ocrx_word' id='word_1_792' title='bbox 1989 2546 2021 2571; x_wconf 90' lang='lat' dir='ltr'>et</span> <span class='ocrx_word' id='word_1_793' title='bbox 2044 2541 2226 2573; x_wconf 88' lang='lat' dir='ltr'>universale</span> <span class='ocrx_word' id='word_1_794' title='bbox 2257 2541 2384 2573; x_wconf 81' lang='lat' dir='ltr'>essendi</span> <span class='ocrx_word' id='word_1_795' title='bbox 2411 2542 2502 2584; x_wconf 72' lang='lat' dir='ltr'>prin·</span> 
     </span>
    </p>
   </div>
   <div class='ocr_carea' id='block_1_32' title="bbox 1419 2582 2509 2628">
    <p class='ocr_par' dir='ltr' id='par_1_39' title="bbox 1419 2582 2509 2628">
     <span class='ocr_line' id='line_1_118' title="bbox 1419 2582 2509 2628; baseline 0.006 -15"><span class='ocrx_word' id='word_1_796' title='bbox 1419 2582 1559 2624; x_wconf 84' lang='lat' dir='ltr'>cipium;</span> <span class='ocrx_word' id='word_1_797' title='bbox 1584 2583 1717 2614; x_wconf 88' lang='lat' dir='ltr'>materia</span> <span class='ocrx_word' id='word_1_798' title='bbox 1741 2589 1850 2615; x_wconf 88' lang='lat' dir='ltr'>autem</span> <span class='ocrx_word' id='word_1_799' title='bbox 1873 2585 1972 2616; x_wconf 88' lang='lat' dir='ltr'>habet</span> <span class='ocrx_word' id='word_1_800' title='bbox 1995 2595 2065 2616; x_wconf 90' lang='lat' dir='ltr'>esse</span> <span class='ocrx_word' id='word_1_801' title='bbox 2080 2586 2113 2616; x_wconf 88' lang='lat' dir='ltr'>in</span> <span class='ocrx_word' id='word_1_802' title='bbox 2130 2586 2287 2628; x_wconf 82' lang='lat' dir='ltr'>potentia,</span> <span class='ocrx_word' id='word_1_803' title='bbox 2304 2591 2336 2618; x_wconf 91' lang='lat' dir='ltr'>et</span> <span class='ocrx_word' id='word_1_804' title='bbox 2351 2582 2509 2627; x_wconf 46' lang='lat' dir='ltr'>accidens</span> 
     </span>
    </p>
   </div>
   <div class='ocr_carea' id='block_1_33' title="bbox 1417 2626 2509 3700">
    <p class='ocr_par' dir='ltr' id='par_1_40' title="bbox 1418 2626 2507 2938">
     <span class='ocr_line' id='line_1_119' title="bbox 1420 2626 2507 2672; baseline 0.005 -14"><span class='ocrx_word' id='word_1_805' title='bbox 1420 2637 1489 2658; x_wconf 88' lang='lat' dir='ltr'>esse</span> <span class='ocrx_word' id='word_1_806' title='bbox 1513 2629 1546 2658; x_wconf 85' lang='lat' dir='ltr'>in</span> <span class='ocrx_word' id='word_1_807' title='bbox 1570 2627 1646 2664; x_wconf 84' lang='lat' dir='ltr'>alio,</span> <span class='ocrx_word' id='word_1_808' title='bbox 1671 2637 1756 2669; x_wconf 84' lang='lat' dir='ltr'>quae</span> <span class='ocrx_word' id='word_1_809' title='bbox 1785 2633 1862 2660; x_wconf 89' lang='lat' dir='ltr'>sunt</span> <span class='ocrx_word' id='word_1_810' title='bbox 1891 2629 2054 2670; x_wconf 81' lang='lat' dir='ltr'>quaedam</span> <span class='ocrx_word' id='word_1_811' title='bbox 2084 2631 2348 2672; x_wconf 80' lang='lat' dir='ltr'>participationes</span> <span class='ocrx_word' id='word_1_812' title='bbox 2374 2637 2455 2663; x_wconf 79' lang='lat' dir='ltr'>esse.</span> <span class='ocrx_word' id='word_1_813' title='bbox 2478 2626 2507 2655; x_wconf 51' lang='grc' dir='ltr'>’Δ</span> 
     </span>
     <span class='ocr_line' id='line_1_120' title="bbox 1419 2671 2503 2717; baseline 0.006 -14"><span class='ocrx_word' id='word_1_814' title='bbox 1419 2671 1667 2714; x_wconf 81' lang='lat' dir='ltr'>Consequentia</span> <span class='ocrx_word' id='word_1_815' title='bbox 1690 2674 1788 2704; x_wconf 81' lang='lat' dir='ltr'>etiam</span> <span class='ocrx_word' id='word_1_816' title='bbox 1811 2674 1978 2714; x_wconf 80' lang='lat' dir='ltr'>probatur.</span> <span class='ocrx_word' id='word_1_817' title='bbox 2002 2674 2100 2714; x_wconf 79' lang='lat' dir='ltr'>Quia,</span> <span class='ocrx_word' id='word_1_818' title='bbox 2117 2676 2256 2716; x_wconf 82' lang='lat' dir='ltr'>cognitis</span> <span class='ocrx_word' id='word_1_819' title='bbox 2279 2676 2447 2717; x_wconf 75' lang='lat' dir='ltr'>principiis</span> <span class='ocrx_word' id='word_1_820' title='bbox 2460 2685 2503 2708; x_wconf 85' lang='lat' dir='ltr'>ex</span> 
     </span>
     <span class='ocr_line' id='line_1_121' title="bbox 1419 2718 2502 2758; baseline 0.005 -10"><span class='ocrx_word' id='word_1_821' title='bbox 1419 2718 1538 2758; x_wconf 83' lang='lat' dir='ltr'>quibus</span> <span class='ocrx_word' id='word_1_822' title='bbox 1561 2718 1701 2749; x_wconf 82' lang='lat' dir='ltr'>essentia</span> <span class='ocrx_word' id='word_1_823' title='bbox 1723 2718 1770 2750; x_wconf 85' lang='lat' dir='ltr'>rei</span> <span class='ocrx_word' id='word_1_824' title='bbox 1793 2719 2012 2757; x_wconf 83' lang='lat' dir='ltr'>constituitur,</span> <span class='ocrx_word' id='word_1_825' title='bbox 2036 2729 2169 2753; x_wconf 84' lang='lat' dir='ltr'>necesse</span> <span class='ocrx_word' id='word_1_826' title='bbox 2185 2726 2233 2752; x_wconf 86' lang='lat' dir='ltr'>est</span> <span class='ocrx_word' id='word_1_827' title='bbox 2248 2730 2318 2753; x_wconf 86' lang='lat' dir='ltr'>rem</span> <span class='ocrx_word' id='word_1_828' title='bbox 2339 2720 2430 2757; x_wconf 73' lang='lat' dir='ltr'>inm</span> <span class='ocrx_word' id='word_1_829' title='bbox 2443 2730 2502 2754; x_wconf 72' lang='lat' dir='ltr'>ce»-</span> 
     </span>
     <span class='ocr_line' id='line_1_122' title="bbox 1418 2762 2503 2805; baseline 0.006 -13"><span class='ocrx_word' id='word_1_830' title='bbox 1418 2763 1542 2803; x_wconf 88' lang='lat' dir='ltr'>gnosci.</span> <span class='ocrx_word' id='word_1_831' title='bbox 1561 2762 1707 2794; x_wconf 85' lang='lat' dir='ltr'>Essentia</span> <span class='ocrx_word' id='word_1_832' title='bbox 1723 2768 1832 2795; x_wconf 87' lang='lat' dir='ltr'>autem</span> <span class='ocrx_word' id='word_1_833' title='bbox 1844 2763 2013 2805; x_wconf 84' lang='lat' dir='ltr'>singularis</span> <span class='ocrx_word' id='word_1_834' title='bbox 2025 2765 2233 2797; x_wconf 84' lang='lat' dir='ltr'>constituitur</span> <span class='ocrx_word' id='word_1_835' title='bbox 2245 2775 2284 2797; x_wconf 82' lang='lat' dir='ltr'>ex</span> <span class='ocrx_word' id='word_1_836' title='bbox 2295 2766 2356 2797; x_wconf 84' lang='lat' dir='ltr'>hac</span> <span class='ocrx_word' id='word_1_837' title='bbox 2367 2765 2503 2799; x_wconf 65' lang='lat' dir='ltr'>materia</span> 
     </span>
     <span class='ocr_line' id='line_1_123' title="bbox 1419 2806 2501 2851; baseline 0.004 -13"><span class='ocrx_word' id='word_1_838' title='bbox 1419 2807 1583 2848; x_wconf 85' lang='lat' dir='ltr'>designata</span> <span class='ocrx_word' id='word_1_839' title='bbox 1608 2813 1639 2838; x_wconf 89' lang='lat' dir='ltr'>et</span> <span class='ocrx_word' id='word_1_840' title='bbox 1663 2806 1768 2838; x_wconf 87' lang='lat' dir='ltr'>forma</span> <span class='ocrx_word' id='word_1_841' title='bbox 1784 2808 1998 2840; x_wconf 85' lang='lat' dir='ltr'>individuata:</span> <span class='ocrx_word' id='word_1_842' title='bbox 2024 2814 2055 2840; x_wconf 89' lang='lat' dir='ltr'>et</span> <span class='ocrx_word' id='word_1_843' title='bbox 2079 2809 2231 2842; x_wconf 86' lang='lat' dir='ltr'>caderent</span> <span class='ocrx_word' id='word_1_844' title='bbox 2252 2810 2286 2842; x_wconf 88' lang='lat' dir='ltr'>in</span> <span class='ocrx_word' id='word_1_845' title='bbox 2310 2808 2501 2851; x_wconf 81' lang='lat' dir='ltr'>definitione</span> 
     </span>
     <span class='ocr_line' id='line_1_124' title="bbox 1418 2850 2500 2893; baseline 0.005 -11"><span class='ocrx_word' id='word_1_846' title='bbox 1418 2853 1520 2893; x_wconf 88' lang='lat' dir='ltr'>ipsius</span> <span class='ocrx_word' id='word_1_847' title='bbox 1537 2853 1562 2883; x_wconf 93' lang='lat' dir='ltr'>si</span> <span class='ocrx_word' id='word_1_848' title='bbox 1579 2858 1690 2893; x_wconf 89' lang='lat' dir='ltr'>posset</span> <span class='ocrx_word' id='word_1_849' title='bbox 1706 2850 1842 2884; x_wconf 78' lang='lat' dir='ltr'>definiri.</span> <span class='ocrx_word' id='word_1_850' title='bbox 1860 2872 1882 2876; x_wconf 88' lang='lat'>—</span> <span class='ocrx_word' id='word_1_851' title='bbox 1898 2853 1948 2885; x_wconf 92' lang='lat' dir='ltr'>De</span> <span class='ocrx_word' id='word_1_852' title='bbox 1963 2853 2098 2886; x_wconf 84' lang='lat' dir='ltr'>materia</span> <span class='ocrx_word' id='word_1_853' title='bbox 2113 2854 2211 2887; x_wconf 85' lang='lat' dir='ltr'>huius</span> <span class='ocrx_word' id='word_1_854' title='bbox 2227 2855 2360 2887; x_wconf 86' lang='lat' dir='ltr'>rationis</span> <span class='ocrx_word' id='word_1_855' title='bbox 2376 2853 2500 2887; x_wconf 76' lang='lat' dir='ltr'>dictum</span> 
     </span>
     <span class='ocr_line' id='line_1_125' title="bbox 1420 2897 1680 2938; baseline -0.004 -10"><span class='ocrx_word' id='word_1_856' title='bbox 1420 2901 1468 2928; x_wconf 82' lang='lat' dir='ltr'>est</span> <span class='ocrx_word' id='word_1_857' title='bbox 1490 2897 1640 2938; x_wconf 72' lang='lat' dir='ltr'>superius</span> <span class='ocrx_word' id='word_1_858' title='bbox 1653 2898 1680 2928; x_wconf 74' lang='lat'>⁰.</span> 
     </span>
    </p>

    <p class='ocr_par' dir='ltr' id='par_1_41' title="bbox 1418 2941 2509 3522">
     <span class='ocr_line' id='line_1_126' title="bbox 1475 2941 2506 2984; baseline 0.004 -12"><span class='ocrx_word' id='word_1_859' title='bbox 1475 2941 1528 2973; x_wconf 89' lang='lat'>111.</span> <span class='ocrx_word' id='word_1_860' title='bbox 1557 2942 1679 2973; x_wconf 80' lang='lat' dir='ltr'>Tertio.</span> <span class='ocrx_word' id='word_1_861' title='bbox 1704 2942 1795 2974; x_wconf 85' lang='lat' dir='ltr'>Deus</span> <span class='ocrx_word' id='word_1_862' title='bbox 1824 2942 1969 2983; x_wconf 86' lang='lat' dir='ltr'>perfecte</span> <span class='ocrx_word' id='word_1_863' title='bbox 2000 2945 2171 2984; x_wconf 84' lang='lat' dir='ltr'>cognoscit</span> <span class='ocrx_word' id='word_1_864' title='bbox 2201 2953 2415 2979; x_wconf 86' lang='lat' dir='ltr'>communem</span> <span class='ocrx_word' id='word_1_865' title='bbox 2443 2953 2506 2976; x_wconf 73' lang='lat' dir='ltr'>na—</span> 
     </span>
     <span class='ocr_line' id='line_1_127' title="bbox 1418 2987 2503 3031; baseline 0.006 -14"><span class='ocrx_word' id='word_1_866' title='bbox 1418 2992 1525 3018; x_wconf 84' lang='lat' dir='ltr'>turam</span> <span class='ocrx_word' id='word_1_867' title='bbox 1549 2987 1642 3023; x_wconf 76' lang='lat' dir='ltr'>euus,</span> <span class='ocrx_word' id='word_1_868' title='bbox 1659 2988 1830 3020; x_wconf 79' lang='lat' dir='ltr'>essentiam</span> <span class='ocrx_word' id='word_1_869' title='bbox 1847 2997 1941 3020; x_wconf 86' lang='lat' dir='ltr'>suam</span> <span class='ocrx_word' id='word_1_870' title='bbox 1957 2988 2200 3029; x_wconf 83' lang='lat' dir='ltr'>cognoscendo.</span> <span class='ocrx_word' id='word_1_871' title='bbox 2224 2989 2312 3030; x_wconf 86' lang='lat' dir='ltr'>Ergo</span> <span class='ocrx_word' id='word_1_872' title='bbox 2332 2989 2503 3031; x_wconf 60' lang='lat' dir='ltr'>comoed!</span> 
     </span>
     <span class='ocr_line' id='line_1_128' title="bbox 1419 3031 2501 3076; baseline 0.006 -14"><span class='ocrx_word' id='word_1_873' title='bbox 1419 3031 1599 3063; x_wconf 83' lang='lat' dir='ltr'>universale</span> <span class='ocrx_word' id='word_1_874' title='bbox 1616 3037 1647 3063; x_wconf 90' lang='lat' dir='ltr'>et</span> <span class='ocrx_word' id='word_1_875' title='bbox 1660 3032 1833 3073; x_wconf 88' lang='lat' dir='ltr'>singulare.</span> <span class='ocrx_word' id='word_1_876' title='bbox 1846 3033 1933 3074; x_wconf 87' lang='lat' dir='ltr'>Ergo</span> <span class='ocrx_word' id='word_1_877' title='bbox 1947 3034 2117 3075; x_wconf 85' lang='lat' dir='ltr'>cognoscit</span> <span class='ocrx_word' id='word_1_878' title='bbox 2128 3040 2278 3066; x_wconf 84' lang='lat' dir='ltr'>naturam</span> <span class='ocrx_word' id='word_1_879' title='bbox 2293 3034 2501 3076; x_wconf 76' lang='lat' dir='ltr'>singularem.</span> 
     </span>
     <span class='ocr_line' id='line_1_129' title="bbox 1420 3076 2509 3120; baseline 0.004 -13"><span class='ocrx_word' id='word_1_880' title='bbox 1420 3076 1461 3107; x_wconf 90' lang='lat' dir='ltr'>Et</span> <span class='ocrx_word' id='word_1_881' title='bbox 1476 3077 1522 3107; x_wconf 89' lang='lat' dir='ltr'>sic</span> <span class='ocrx_word' id='word_1_882' title='bbox 1538 3086 1607 3107; x_wconf 90' lang='lat' dir='ltr'>non</span> <span class='ocrx_word' id='word_1_883' title='bbox 1627 3083 1787 3118; x_wconf 85' lang='lat' dir='ltr'>repugnat</span> <span class='ocrx_word' id='word_1_884' title='bbox 1810 3077 1870 3108; x_wconf 89' lang='lat' dir='ltr'>sibi</span> <span class='ocrx_word' id='word_1_885' title='bbox 1894 3077 2055 3120; x_wconf 83' lang='lat' dir='ltr'>singulare</span> <span class='ocrx_word' id='word_1_886' title='bbox 2077 3088 2288 3120; x_wconf 85' lang='lat' dir='ltr'>cognoscere.</span> <span class='ocrx_word' id='word_1_887' title='bbox 2305 3097 2326 3102; x_wconf 94' lang='lat'>-</span> <span class='ocrx_word' id='word_1_888' title='bbox 2342 3078 2509 3111; x_wconf 77' lang='lat' dir='ltr'>Probatur</span> 
     </span>
     <span class='ocr_line' id='line_1_130' title="bbox 1420 3121 2503 3165; baseline 0.003 -14"><span class='ocrx_word' id='word_1_889' title='bbox 1420 3121 1523 3161; x_wconf 86' lang='lat' dir='ltr'>prima</span> <span class='ocrx_word' id='word_1_890' title='bbox 1547 3122 1790 3163; x_wconf 87' lang='lat' dir='ltr'>consequentia.</span> <span class='ocrx_word' id='word_1_891' title='bbox 1821 3121 1907 3161; x_wconf 86' lang='lat' dir='ltr'>Quia</span> <span class='ocrx_word' id='word_1_892' title='bbox 1932 3123 2118 3156; x_wconf 78' lang='lat' dir='ltr'>universale</span> <span class='ocrx_word' id='word_1_893' title='bbox 2140 3129 2173 3155; x_wconf 87' lang='lat' dir='ltr'>et</span> <span class='ocrx_word' id='word_1_894' title='bbox 2197 3123 2405 3165; x_wconf 78' lang='lat' dir='ltr'>particulare</span> <span class='ocrx_word' id='word_1_895' title='bbox 2427 3127 2503 3156; x_wconf 82' lang='lat' dir='ltr'>sunt</span> 
     </span>
     <span class='ocr_line' id='line_1_131' title="bbox 1419 3165 2502 3210; baseline 0.004 -14"><span class='ocrx_word' id='word_1_896' title='bbox 1419 3165 1618 3197; x_wconf 80' lang='lat' dir='ltr'>differentiae</span> <span class='ocrx_word' id='word_1_897' title='bbox 1642 3165 1693 3197; x_wconf 88' lang='lat' dir='ltr'>vel</span> <span class='ocrx_word' id='word_1_898' title='bbox 1717 3175 1774 3207; x_wconf 86' lang='lat' dir='ltr'>per</span> <span class='ocrx_word' id='word_1_899' title='bbox 1797 3175 1832 3198; x_wconf 82' lang='lat' dir='ltr'>se</span> <span class='ocrx_word' id='word_1_900' title='bbox 1855 3167 2023 3207; x_wconf 80' lang='lat' dir='ltr'>passiones</span> <span class='ocrx_word' id='word_1_901' title='bbox 2047 3168 2139 3199; x_wconf 85' lang='lat' dir='ltr'>entis.</span> <span class='ocrx_word' id='word_1_902' title='bbox 2168 3167 2290 3200; x_wconf 84' lang='lat' dir='ltr'>Natura</span> <span class='ocrx_word' id='word_1_903' title='bbox 2313 3173 2423 3200; x_wconf 84' lang='lat' dir='ltr'>autem</span> <span class='ocrx_word' id='word_1_904' title='bbox 2445 3176 2502 3210; x_wconf 82' lang='lat' dir='ltr'>ge-</span> 
     </span>
     <span class='ocr_line' id='line_1_132' title="bbox 1420 3211 2503 3253; baseline 0.004 -12"><span class='ocrx_word' id='word_1_905' title='bbox 1420 3211 1504 3241; x_wconf 87' lang='lat' dir='ltr'>neris</span> <span class='ocrx_word' id='word_1_906' title='bbox 1527 3219 1596 3241; x_wconf 87' lang='lat' dir='ltr'>non</span> <span class='ocrx_word' id='word_1_907' title='bbox 1621 3216 1729 3251; x_wconf 66' lang='lat' dir='ltr'>potest</span> <span class='ocrx_word' id='word_1_908' title='bbox 1752 3212 1909 3252; x_wconf 87' lang='lat' dir='ltr'>cognosci</span> <span class='ocrx_word' id='word_1_909' title='bbox 1931 3212 1993 3244; x_wconf 83' lang='lat' dir='ltr'>nisi</span> <span class='ocrx_word' id='word_1_910' title='bbox 2017 3213 2088 3244; x_wconf 77' lang='lat' dir='ltr'>eius</span> <span class='ocrx_word' id='word_1_911' title='bbox 2110 3212 2308 3244; x_wconf 77' lang='lat' dir='ltr'>differentiae</span> <span class='ocrx_word' id='word_1_912' title='bbox 2327 3213 2452 3253; x_wconf 83' lang='lat' dir='ltr'>primae</span> <span class='ocrx_word' id='word_1_913' title='bbox 2469 3219 2503 3244; x_wconf 90' lang='lat' dir='ltr'>et</span> 
     </span>
     <span class='ocr_line' id='line_1_133' title="bbox 1420 3256 2502 3297; baseline 0.004 -11"><span class='ocrx_word' id='word_1_914' title='bbox 1420 3256 1587 3296; x_wconf 80' lang='lat' dir='ltr'>passiones</span> <span class='ocrx_word' id='word_1_915' title='bbox 1611 3257 1762 3297; x_wconf 86' lang='lat' dir='ltr'>propriae</span> <span class='ocrx_word' id='word_1_916' title='bbox 1787 3263 2038 3297; x_wconf 80' lang='lat' dir='ltr'>cognoscantur.</span> <span class='ocrx_word' id='word_1_917' title='bbox 2053 3275 2078 3282; x_wconf 90' lang='lat'>-</span> <span class='ocrx_word' id='word_1_918' title='bbox 2092 3257 2243 3291; x_wconf 80' lang='lat' dir='ltr'>Secunda</span> <span class='ocrx_word' id='word_1_919' title='bbox 2265 3258 2363 3289; x_wconf 85' lang='lat' dir='ltr'>etiam</span> <span class='ocrx_word' id='word_1_920' title='bbox 2386 3267 2502 3290; x_wconf 78' lang='lat' dir='ltr'>conse·</span> 
     </span>
     <span class='ocr_line' id='line_1_134' title="bbox 1421 3300 2503 3344; baseline 0.004 -14"><span class='ocrx_word' id='word_1_921' title='bbox 1421 3301 1554 3342; x_wconf 85' lang='lat' dir='ltr'>quentia</span> <span class='ocrx_word' id='word_1_922' title='bbox 1582 3301 1748 3342; x_wconf 88' lang='lat' dir='ltr'>probatur.</span> <span class='ocrx_word' id='word_1_923' title='bbox 1780 3300 1876 3340; x_wconf 85' lang='lat' dir='ltr'>Quia,</span> <span class='ocrx_word' id='word_1_924' title='bbox 1902 3302 1987 3333; x_wconf 85' lang='lat' dir='ltr'>sicut</span> <span class='ocrx_word' id='word_1_925' title='bbox 2015 3311 2084 3333; x_wconf 90' lang='lat' dir='ltr'>non</span> <span class='ocrx_word' id='word_1_926' title='bbox 2116 3301 2259 3344; x_wconf 83' lang='lat' dir='ltr'>perfecte</span> <span class='ocrx_word' id='word_1_927' title='bbox 2289 3308 2503 3343; x_wconf 86' lang='lat' dir='ltr'>cognosceret</span> 
     </span>
     <span class='ocr_line' id='line_1_135' title="bbox 1421 3345 2502 3388; baseline 0.002 -11"><span class='ocrx_word' id='word_1_928' title='bbox 1421 3345 1601 3377; x_wconf 89' lang='lat' dir='ltr'>universale</span> <span class='ocrx_word' id='word_1_929' title='bbox 1626 3346 1683 3387; x_wconf 91' lang='lat' dir='ltr'>qui</span> <span class='ocrx_word' id='word_1_930' title='bbox 1706 3346 1923 3379; x_wconf 82' lang='lat' dir='ltr'>intentionem</span> <span class='ocrx_word' id='word_1_931' title='bbox 1946 3351 2074 3378; x_wconf 81' lang='lat' dir='ltr'>tanturn</span> <span class='ocrx_word' id='word_1_932' title='bbox 2100 3346 2346 3378; x_wconf 83' lang='lat' dir='ltr'>universalitatis</span> <span class='ocrx_word' id='word_1_933' title='bbox 2377 3357 2502 3388; x_wconf 90' lang='lat' dir='ltr'>cogno-</span> 
     </span>
     <span class='ocr_line' id='line_1_136' title="bbox 1421 3389 2502 3432; baseline 0.003 -11"><span class='ocrx_word' id='word_1_934' title='bbox 1421 3396 1523 3422; x_wconf 88' lang='lat' dir='ltr'>sceret</span> <span class='ocrx_word' id='word_1_935' title='bbox 1547 3395 1579 3421; x_wconf 90' lang='lat' dir='ltr'>et</span> <span class='ocrx_word' id='word_1_936' title='bbox 1601 3395 1750 3422; x_wconf 86' lang='lat' dir='ltr'>naturam</span> <span class='ocrx_word' id='word_1_937' title='bbox 1780 3389 1996 3423; x_wconf 83' lang='lat' dir='ltr'>universalem</span> <span class='ocrx_word' id='word_1_938' title='bbox 2027 3400 2096 3422; x_wconf 87' lang='lat' dir='ltr'>non</span> <span class='ocrx_word' id='word_1_939' title='bbox 2126 3397 2349 3432; x_wconf 89' lang='lat' dir='ltr'>cognosceret,</span> <span class='ocrx_word' id='word_1_940' title='bbox 2374 3392 2417 3424; x_wconf 87' lang='lat' dir='ltr'>ita</span> <span class='ocrx_word' id='word_1_941' title='bbox 2439 3401 2502 3424; x_wconf 90' lang='lat' dir='ltr'>nec</span> 
     </span>
     <span class='ocr_line' id='line_1_137' title="bbox 1421 3435 2503 3477; baseline 0.002 -11"><span class='ocrx_word' id='word_1_942' title='bbox 1421 3435 1582 3476; x_wconf 87' lang='lat' dir='ltr'>singulare</span> <span class='ocrx_word' id='word_1_943' title='bbox 1599 3436 1656 3476; x_wconf 90' lang='lat' dir='ltr'>qui</span> <span class='ocrx_word' id='word_1_944' title='bbox 1672 3436 1889 3468; x_wconf 85' lang='lat' dir='ltr'>intentionem</span> <span class='ocrx_word' id='word_1_945' title='bbox 1904 3441 2032 3467; x_wconf 85' lang='lat' dir='ltr'>tantum</span> <span class='ocrx_word' id='word_1_946' title='bbox 2047 3436 2272 3476; x_wconf 82' lang='lat' dir='ltr'>singularitatis</span> <span class='ocrx_word' id='word_1_947' title='bbox 2289 3442 2503 3477; x_wconf 83' lang='lat' dir='ltr'>cognosceret</span> 
     </span>
     <span class='ocr_line' id='line_1_138' title="bbox 1422 3480 2214 3522; baseline 0.001 -12"><span class='ocrx_word' id='word_1_948' title='bbox 1422 3485 1454 3510; x_wconf 91' lang='lat' dir='ltr'>et</span> <span class='ocrx_word' id='word_1_949' title='bbox 1477 3485 1625 3511; x_wconf 84' lang='lat' dir='ltr'>naturam</span> <span class='ocrx_word' id='word_1_950' title='bbox 1649 3480 1876 3521; x_wconf 86' lang='lat' dir='ltr'>particularem</span> <span class='ocrx_word' id='word_1_951' title='bbox 1899 3489 1969 3511; x_wconf 89' lang='lat' dir='ltr'>non</span> <span class='ocrx_word' id='word_1_952' title='bbox 1993 3486 2214 3522; x_wconf 85' lang='lat' dir='ltr'>cognesceret.</span> 
     </span>
    </p>

    <p class='ocr_par' dir='ltr' id='par_1_42' title="bbox 1417 3523 2502 3700">
     <span class='ocr_line' id='line_1_139' title="bbox 1479 3523 2500 3568; baseline 0.001 -12"><span class='ocrx_word' id='word_1_953' title='bbox 1479 3524 1619 3556; x_wconf 80' lang='lat' dir='ltr'>Adverte</span> <span class='ocrx_word' id='word_1_954' title='bbox 1637 3525 1720 3556; x_wconf 87' lang='lat' dir='ltr'>circa</span> <span class='ocrx_word' id='word_1_955' title='bbox 1735 3524 1824 3557; x_wconf 84' lang='lat' dir='ltr'>illam</span> <span class='ocrx_word' id='word_1_956' title='bbox 1840 3523 2114 3566; x_wconf 85' lang='lat' dir='ltr'>propositionem,</span> <span class='ocrx_word' id='word_1_957' title='bbox 2130 3525 2262 3557; x_wconf 80' lang='lat' dir='ltr'>Natura</span> <span class='ocrx_word' id='word_1_958' title='bbox 2284 3525 2419 3568; x_wconf 77' lang='lat' dir='ltr'>generis</span> <span class='ocrx_word' id='word_1_959' title='bbox 2434 3535 2500 3557; x_wconf 84' lang='lat' dir='ltr'>non</span> 
     </span>
     <span class='ocr_line' id='line_1_140' title="bbox 1417 3569 2502 3612; baseline 0.002 -12"><span class='ocrx_word' id='word_1_960' title='bbox 1417 3573 1527 3610; x_wconf 81' lang='lat' dir='ltr'>potest</span> <span class='ocrx_word' id='word_1_961' title='bbox 1553 3569 1710 3612; x_wconf 80' lang='lat' dir='ltr'>cognosci</span> <span class='ocrx_word' id='word_1_962' title='bbox 1737 3569 1801 3602; x_wconf 77' lang='lat' dir='ltr'>nisi</span> <span class='ocrx_word' id='word_1_963' title='bbox 1823 3569 1894 3600; x_wconf 82' lang='lat' dir='ltr'>eius</span> <span class='ocrx_word' id='word_1_964' title='bbox 1917 3569 2122 3611; x_wconf 73' lang='lat' dir='ltr'>differentiae</span> <span class='ocrx_word' id='word_1_965' title='bbox 2146 3570 2275 3611; x_wconf 81' lang='lat' dir='ltr'>primae</span> <span class='ocrx_word' id='word_1_966' title='bbox 2298 3580 2502 3612; x_wconf 79' lang='lat' dir='ltr'>cognoscan-</span> 
     </span>
     <span class='ocr_line' id='line_1_141' title="bbox 1425 3613 2502 3655; baseline 0.003 -11"><span class='ocrx_word' id='word_1_967' title='bbox 1425 3618 1489 3650; x_wconf 80' lang='lat' dir='ltr'>tur,</span> <span class='ocrx_word' id='word_1_968' title='bbox 1515 3614 1617 3655; x_wconf 91' lang='lat' dir='ltr'>quod,</span> <span class='ocrx_word' id='word_1_969' title='bbox 1641 3623 1717 3646; x_wconf 89' lang='lat' dir='ltr'>cum</span> <span class='ocrx_word' id='word_1_970' title='bbox 1741 3622 1844 3654; x_wconf 80' lang='lat' dir='ltr'>genus</span> <span class='ocrx_word' id='word_1_971' title='bbox 1866 3614 1907 3645; x_wconf 82' lang='lat' dir='ltr'>sit</span> <span class='ocrx_word' id='word_1_972' title='bbox 1930 3619 2037 3645; x_wconf 88' lang='lat' dir='ltr'>totum</span> <span class='ocrx_word' id='word_1_973' title='bbox 2061 3613 2228 3655; x_wconf 86' lang='lat' dir='ltr'>quoddam</span> <span class='ocrx_word' id='word_1_974' title='bbox 2252 3615 2443 3652; x_wconf 83' lang='lat' dir='ltr'>universale,</span> <span class='ocrx_word' id='word_1_975' title='bbox 2470 3621 2502 3647; x_wconf 86' lang='lat' dir='ltr'>et</span> 
     </span>
     <span class='ocr_line' id='line_1_142' title="bbox 1423 3658 2501 3700; baseline 0.003 -12"><span class='ocrx_word' id='word_1_976' title='bbox 1423 3668 1492 3689; x_wconf 90' lang='lat' dir='ltr'>non</span> <span class='ocrx_word' id='word_1_977' title='bbox 1516 3659 1619 3699; x_wconf 79' lang='lat' dir='ltr'>possit</span> <span class='ocrx_word' id='word_1_978' title='bbox 1639 3667 1708 3690; x_wconf 85' lang='lat' dir='ltr'>esse</span> <span class='ocrx_word' id='word_1_979' title='bbox 1731 3658 1764 3689; x_wconf 89' lang='lat' dir='ltr'>in</span> <span class='ocrx_word' id='word_1_980' title='bbox 1787 3663 1901 3689; x_wconf 82' lang='lat' dir='ltr'>natura</span> <span class='ocrx_word' id='word_1_981' title='bbox 1918 3658 1979 3690; x_wconf 91' lang='lat' dir='ltr'>nisi</span> <span class='ocrx_word' id='word_1_982' title='bbox 1993 3658 2036 3693; x_wconf 83' lang='lat' dir='ltr'>sit</span> <span class='ocrx_word' id='word_1_983' title='bbox 2049 3667 2108 3699; x_wconf 89' lang='lat' dir='ltr'>per</span> <span class='ocrx_word' id='word_1_984' title='bbox 2122 3658 2264 3700; x_wconf 88' lang='lat' dir='ltr'>aliquam</span> <span class='ocrx_word' id='word_1_985' title='bbox 2288 3659 2501 3691; x_wconf 79' lang='lat' dir='ltr'>differentiam</span> 
     </span>
    </p>
   </div>
   <div class='ocr_carea' id='block_1_34' title="bbox 2525 985 2713 1014">
    <p class='ocr_par' dir='ltr' id='par_1_43' title="bbox 2525 985 2713 1014">
     <span class='ocr_line' id='line_1_143' title="bbox 2525 985 2713 1014; baseline 0.011 -6"><span class='ocrx_word' id='word_1_986' title='bbox 2525 988 2534 997; x_wconf 87' lang='lat'><strong>·</strong></span> <span class='ocrx_word' id='word_1_987' title='bbox 2550 986 2586 1009; x_wconf 81' lang='lat' dir='ltr'>cf.</span> <span class='ocrx_word' id='word_1_988' title='bbox 2602 992 2623 1009; x_wconf 86' lang='lat' dir='ltr'>c.</span> <span class='ocrx_word' id='word_1_989' title='bbox 2637 993 2659 1014; x_wconf 74' lang='grc' dir='ltr'>ι,</span> <span class='ocrx_word' id='word_1_990' title='bbox 2673 985 2713 1010; x_wconf 73' lang='lat' dir='ltr'>flu.</span> 
     </span>
    </p>
   </div>
   <div class='ocr_carea' id='block_1_35' title="bbox 2527 1525 2745 1576">
    <p class='ocr_par' dir='ltr' id='par_1_44' title="bbox 2527 1525 2745 1576">
     <span class='ocr_line' id='line_1_144' title="bbox 2527 1525 2745 1576; baseline 0 0"><span class='ocrx_word' id='word_1_991' title='bbox 2527 1525 2745 1576; x_wconf 49' lang='lat' dir='ltr'>sev-Qn-</span> 
     </span>
    </p>
   </div>
  </div>
 </body>
</html>
