2768 4134
53 952 61 959 ·
78 949 132 970 Loc.
150 949 187 970 cit.

52 2029 61 2038 ·
71 2028 113 2059 ,etz
129 2033 150 2049 n.
164 2033 185 2054 v,
197 2026 265 2054 Quod

54 2790 63 2798 '
88 2787 140 2809 vul
155 2787 268 2815 Metaph„

55 2820 106 2841 viu,
129 2821 156 2843 9³
179 2814 208 2837 al.
228 2814 268 2839 lx,

55 2844 111 2864 text.
128 2841 162 2864 ¹6.

303 294 379 332 274

299 370 346 395 est
369 363 475 402 primo
498 358 689 399 impositum
713 356 836 386 formae
860 353 1037 395 productae
1053 362 1112 393 per
1127 352 1300 388 actionem,
1317 350 1374 382 sed

297 411 358 451 ipsi
381 406 535 438 essentiae
566 402 715 433 actionis:
748 401 861 435 immo,
886 399 912 429 si
936 398 999 429 dici
1029 397 1131 438 possit
1162 395 1267 427 forma
1290 395 1374 426 facta

296 454 392 488 actio,
417 452 481 482 hoc
505 453 552 479 est
575 445 766 478 secundario
790 450 821 475 et
849 453 907 484 per
935 442 1099 483 quandam
1128 441 1371 472 derivat-ionem.

297 499 382 538 Ergo
407 502 467 527 etc.

351 540 510 574 Secundo,
536 538 611 578 quia
635 535 755 566 ibidem
780 534 904 575 quaerit
928 532 1064 563 Sanctus
1088 531 1235 561 Thomas
1262 536 1372 561 utrum

295 592 384 618 actus
407 583 590 616 notionales
611 582 674 612 sint
690 580 839 611 Personis
855 576 1059 613 attribuendi,
1076 581 1108 606 et
1124 574 1265 606 ostendit
1281 575 1372 616 quod

295 633 355 668 sic,
386 640 453 661 non
484 629 632 659 obstante
668 625 774 665 quod,
811 622 992 654 secundum
1016 621 1248 661 Augustinum‚
1277 630 1373 651 omne

294 675 381 717 quod
403 675 444 705 de
466 674 537 704 Deo
561 671 690 706 dicitur,
715 670 845 700 dicatur
872 666 1049 698 secundum
1076 665 1291 696 substantiam
1314 670 1374 696 aut

294 720 471 752 secundum
495 717 698 751 relationem,
724 715 800 755 quia
823 713 884 753 ipsi
908 718 998 742 actus
1021 716 1097 742 sunt
1119 710 1207 741 idem
1231 719 1308 741 cum
1323 720 1372 741 re-

294 765 478 796 lationibus.
503 761 711 793 Manifestum
736 765 783 790 est
806 763 915 788 autem
939 755 1030 796 quod
1053 765 1122 786 non
1146 756 1312 796 quaeritur
1332 755 1372 786 de

294 812 366 851 ipso
390 815 464 840 actu
488 812 648 848 quantum
672 804 711 835 ad
736 804 873 834 formam
898 801 1102 842 productam,
1127 800 1183 831 sed
1212 805 1372 840 quantum

295 856 335 886 ad
351 855 532 889 essentiam,
549 849 729 882 secundum
746 857 844 889 quam
861 846 901 877 de
917 846 1059 876 Persona
1074 844 1253 876 formaliter
1273 851 1304 875 et
1324 846 1372 875 in-

294 901 431 931 trinsece
448 896 658 939 praedicatur.
676 895 716 924 Et
733 893 773 924 ad
789 892 875 923 idem
888 891 992 921 tendit
1007 891 1189 931 responsio.
1206 890 1293 930 Ergo
1311 895 1372 920 etc.

354 944 474 979 Tertio,
493 943 568 983 quia
589 950 620 980 q.
637 949 697 970 va
709 940 736 975 *‚
754 937 844 978 quod
867 936 974 976 inquit
997 935 1135 966 Sanctus
1151 935 1308 971 Thomas,
1325 934 1372 965 di-

295 991 377 1021 citur
400 995 436 1020 ut
460 986 646 1018 ostendatur
670 993 765 1024 posse
789 981 911 1022 aliquid
935 990 974 1012 ex
997 981 1101 1011 nihilo
1124 979 1208 1011 fieri:
1234 980 1312 1020 quia
1326 980 1374 1009 vi-

295 1035 411 1066 delicet
441 1032 564 1064 creatio
595 1040 660 1060 non
689 1034 737 1058 est
767 1027 914 1062 mutatio,
939 1025 995 1056 sed
1023 1025 1136 1056 relatio
1156 1024 1372 1065 per-modum

295 1079 484 1110 mutationis
506 1076 703 1117 significata.
729 1073 803 1103 Hoc
828 1077 937 1102 autem
957 1080 1025 1101 non
1043 1069 1267 1101 ostenderetur
1282 1070 1309 1100 si
1325 1069 1373 1100 lo·

295 1130 447 1165 queretur
471 1122 510 1152 de
534 1121 662 1151 actione
693 1127 753 1158 pro
784 1117 889 1147 forma
920 1115 1013 1152 facta,
1038 1125 1114 1146 cum
1145 1115 1251 1155 inquit
1282 1113 1374 1154 quod

295 1169 380 1200 actio
404 1173 435 1198 et
452 1166 565 1207 passio
590 1163 787 1195 conveniunt
814 1162 847 1192 in
878 1161 1059 1192 substantia
1084 1165 1191 1190 motus
1219 1165 1251 1191 et
1280 1159 1373 1200 diffe-

295 1219 373 1244 runt
394 1211 570 1243 secundum
593 1207 807 1240 habitudines.
839 1207 899 1236 Per
928 1206 993 1236 hoc
1024 1206 1111 1236 enirn
1141 1215 1210 1235 non
1238 1205 1374 1235 habetur

295 1258 395 1299 quod,
409 1257 571 1288 subtracto
584 1260 688 1290 motu,
702 1257 867 1283 remaneat
879 1252 912 1282 in
926 1256 1053 1281 creante
1066 1250 1135 1280 sola
1147 1249 1303 1280 habitudo
1317 1259 1374 1290 per

294 1303 431 1334 modum
455 1299 644 1331 mutationis
668 1297 855 1338 significata,
873 1305 957 1336 quae
977 1296 1016 1326 sit
1040 1295 1171 1326 creatio.
1191 1295 1278 1333 Quia
1294 1294 1374 1326 San-

295 1354 364 1379 ctus
381 1348 526 1377 Thomas
543 1345 688 1385 loquitur
705 1343 744 1374 de
761 1343 830 1383 ipsa
845 1342 1009 1372 creat-ione
1034 1339 1211 1371 formaliter
1233 1345 1373 1380 sumpta,

294 1403 361 1424 non
387 1398 495 1423 autem
520 1390 559 1420 de
584 1389 747 1420 creatione
763 1393 893 1427 sumpta
917 1386 1190 1417 concomitanter:
1215 1383 1374 1426 quicquid

295 1439 380 1469 enim
405 1438 464 1467 ista
487 1437 651 1475 importet,
676 1443 744 1464 non
769 1433 904 1463 habetur
927 1430 1019 1472 quod
1042 1431 1162 1461 creatio
1191 1429 1374 1461 secundum

295 1492 393 1524 quam
418 1482 506 1512 Deus
531 1480 647 1510 dicitur
670 1478 848 1509 formaliter
871 1482 903 1508 et
926 1477 1099 1507 intrinsece
1115 1485 1233 1512 creare,
1249 1476 1290 1506 sit
1305 1475 1374 1506 sola

294 1529 405 1559 relatio
430 1536 488 1567 per
510 1524 648 1556 modum
672 1522 861 1554 mutationis
884 1520 1072 1562 significata.

352 1573 471 1603 Mirum
487 1571 583 1601 etiam
601 1575 648 1600 est
664 1567 755 1609 quod
771 1568 908 1599 Sanctus
920 1566 1066 1597 Thomas
1082 1566 1116 1596 in
1131 1565 1198 1596 istis
1215 1565 1305 1601 locis,
1317 1565 1373 1595 ubi

295 1628 333 1649 ex
357 1615 616 1648 consideratione
643 1613 780 1644 actionis
807 1612 946 1643 declarat
969 1611 1049 1651 quid
1072 1616 1163 1641 actus
1192 1610 1376 1641 notionales

295 1670 327 1694 et
354 1661 433 1702 quid
460 1661 579 1692 creatio
608 1658 785 1689 formaliter
814 1658 1006 1697 important,
1030 1655 1142 1686 fecerit
1172 1656 1374 1686 mentionem

295 1708 402 1738 solum
419 1706 459 1737 de
481 1710 575 1736 motu
599 1710 631 1734 et
654 1703 810 1734 relatione
834 1702 1093 1732 concomitanter
1114 1710 1148 1731 se
1171 1700 1310 1730 habente
1335 1699 1376 1731 ad

296 1753 458 1783 actionem
477 1749 685 1781 essentialiter
701 1753 875 1788 sumptam,
893 1746 1016 1778 nullam
1033 1745 1153 1776 faciens
1173 1745 1374 1776 mentionem

296 1797 336 1828 de
359 1797 413 1827 illa
436 1796 567 1826 entitate
591 1793 738 1824 absoluta
765 1801 864 1833 quam
888 1791 967 1822 dicis
991 1790 1193 1822 essentialem
1212 1790 1375 1821 actionem

296 1851 365 1873 esse
392 1847 424 1872 et
451 1850 519 1871 esse
542 1840 576 1870 in
600 1844 728 1879 agente:
755 1847 831 1868 cum
860 1837 962 1877 magis
991 1835 1162 1876 proposito
1187 1835 1376 1866 conveniret

296 1885 464 1917 ostendere
485 1883 565 1925 quid
588 1884 620 1914 in
644 1883 797 1914 creaturis
820 1881 997 1912 formaliter
1013 1885 1044 1911 et
1061 1879 1270 1911 essentialiter
1289 1880 1374 1910 actio

294 1933 493 1972 importaret,
502 1938 602 1970 quam
612 1927 691 1968 quid
703 1928 857 1968 importet
869 1926 953 1957 actio
964 1925 1223 1956 concomitanter
1234 1930 1373 1965 sumpta.

351 1975 404 2006 Vl.
429 1973 578 2005 Secundo
598 1972 829 2014 principaliter
853 1970 1036 2002 ostenditur
1049 1970 1113 2000 hoc
1127 1979 1196 2000 esse
1215 1969 1255 2000 de
1270 1974 1375 2000 mente

295 2020 407 2051 Sancti
426 2020 568 2050 Thomae
577 2019 604 2048 ”.
621 2017 705 2048 Nam
721 2017 837 2052 Prima,
855 2026 886 2056 q.
899 2024 1015 2051 xxxvn,
1029 2024 1057 2045 a.
1073 2023 1102 2050 2,
1119 2019 1151 2044 et
1171 2014 1253 2049 Por„
1271 2023 1303 2054 q.
1320 2023 1373 2050 vn,

294 2076 321 2096 a.
340 2074 390 2101 10,
415 2064 455 2095 ad
471 2064 502 2100 8,
525 2063 632 2104 inquit
655 2060 746 2102 quod
769 2061 934 2102 contingit
956 2059 1166 2090 denominari
1188 2058 1315 2100 aliquid
1333 2059 1374 2089 ab

294 2119 332 2141 eo
345 2108 432 2151 quod
447 2119 513 2139 non
530 2113 578 2139 est
583 2108 714 2149 forma,
726 2107 812 2138 sicut
826 2115 930 2148 agens
945 2105 1178 2135 denominatur
1189 2104 1229 2134 ab
1244 2103 1375 2134 actione

294 2164 378 2196 quae
393 2154 433 2184 ab
452 2154 522 2195 ipso
541 2152 702 2194 procedit.
728 2151 815 2192 Ergo
831 2151 917 2182 actio
933 2159 1002 2180 non
1019 2155 1066 2180 est
1082 2148 1187 2180 forma
1203 2149 1336 2190 agentis.
1351 2166 1375 2172 -

294 2200 363 2231 Nec
375 2199 460 2229 valet
475 2198 581 2229 dicere
594 2196 685 2238 quod
698 2202 858 2238 quantum
870 2195 910 2226 ad
923 2194 1061 2225 modum
1074 2193 1276 2235 significandi
1289 2194 1374 2224 actio

295 2243 493 2284 significatur
508 2249 544 2274 ut
559 2243 599 2273 ab
616 2247 741 2282 agente,
759 2246 919 2282 quantum
943 2245 1053 2270 autem
1069 2239 1109 2270 ad
1126 2248 1194 2270 rem
1215 2238 1375 2279 significa-

296 2296 362 2320 tam
382 2294 429 2320 est
451 2289 482 2318 in
503 2293 628 2328 agente.
649 2286 736 2324 Quia
755 2287 789 2317 in
809 2285 849 2316 de
868 2285 1028 2320 Potentia,
1042 2284 1098 2315 ubi
1117 2293 1224 2324 supra,
1241 2284 1376 2324 opposi-

296 2341 367 2365 tum
382 2333 480 2364 huius
496 2333 601 2373 inquit
618 2331 754 2362 Sanctus
771 2330 927 2361 Thomas.
944 2329 1023 2360 Vult
1039 2329 1127 2360 enim
1147 2327 1268 2359 ibidem
1285 2328 1375 2368 quod

296 2379 382 2410 actio
400 2378 535 2408 realiter
551 2386 616 2407 non
633 2381 681 2407 est
694 2376 814 2418 forma
831 2374 960 2416 agentis
976 2373 1064 2415 quod
1086 2373 1284 2407 denominat,
1303 2373 1377 2404 licet

295 2423 502 2466 significetur
521 2432 583 2463 per
606 2421 738 2451 modum
753 2420 894 2462 formae
915 2419 1134 2461 grammatice
1156 2418 1331 2459 loquendo.

356 2468 476 2499 Tertio.
502 2467 608 2498 Prima
631 2466 733 2502 Parte,
758 2475 789 2506 q.
807 2474 892 2501 xvm,
917 2474 945 2495 a.
964 2464 994 2500 3,
1016 2463 1056 2494 ad
1077 2471 1104 2500 ι,
1128 2464 1263 2503 ponitur
1285 2461 1376 2493 diffe-

297 2514 397 2544 rentia
421 2513 504 2543 inter
527 2512 689 2542 actionem
713 2511 945 2541 immanentem
977 2514 1008 2539 et
1037 2513 1270 2544 transeuntem,
1293 2508 1377 2539 sicut

297 2563 329 2589 et
352 2558 384 2588 in
409 2558 472 2588 hoc
497 2557 582 2593 loco,
608 2556 684 2596 quia
708 2555 864 2586 transiens
888 2560 936 2585 est
961 2553 1122 2595 perfectio
1147 2553 1237 2589 moti,
1261 2553 1376 2583 imma·

297 2612 376 2633 nens
400 2608 509 2634 autem
534 2607 581 2632 est
601 2600 762 2643 perfectio
786 2599 925 2641 agentis.
948 2598 1037 2640 Ergo
1058 2604 1120 2629 etc.
1136 2616 1158 2620 —
1174 2598 1244 2629 Nec
1259 2596 1377 2628 sufficit

297 2647 403 2678 dicere
434 2645 525 2688 quod
555 2645 744 2686 intelligitur
771 2644 811 2675 de
835 2644 893 2675 illo
918 2642 1008 2684 quod
1032 2653 1090 2685 per
1113 2643 1277 2674 actionem
1300 2651 1377 2683 pro-

297 2692 435 2723 ducitur.
452 2692 540 2722 Tum
557 2691 642 2732 quia,
660 2699 736 2721 cum
760 2690 894 2730 ponitur
917 2688 1061 2719 formalis
1077 2687 1256 2719 differentia
1276 2687 1377 2718 actio-

297 2747 387 2774 num,
404 2743 441 2768 ut
456 2736 583 2768 videtur
597 2735 680 2766 velle
695 2735 832 2766 Sanctus
849 2734 995 2764 Thomas
1018 2743 1142 2774 ponere
1160 2742 1199 2764 ex
1219 2732 1377 2764 sententia

297 2782 477 2813 Aristotelis
492 2783 519 2818 ⁵,
543 2790 611 2812 non
635 2779 857 2812 consideratur
873 2779 905 2810 in
922 2788 991 2819 quo
1007 2779 1071 2809 sint
1084 2778 1214 2809 termini
1233 2778 1375 2818 ipsarum

297 2828 475 2864 actionum,
496 2826 553 2858 sed
576 2826 669 2857 cuius
693 2826 783 2866 ipsae
806 2825 951 2855 actiones
973 2824 1037 2854 sint
1059 2822 1264 2864 perfectivae.
1288 2822 1376 2853 Tum

298 2873 374 2914 quia
396 2872 524 2908 sentire,
549 2870 640 2912 quod
664 2875 853 2901 numeratur
876 2870 959 2899 inter
982 2869 1127 2900 actiones
1150 2869 1376 2904 immanentes,

297 2917 425 2948 nullum
441 2917 538 2948 habet
552 2916 727 2947 terminum
745 2914 954 2956 productum,
971 2914 1110 2944 maxime
1127 2913 1244 2944 sentire
1263 2922 1377 2944 sensus

298 2962 478 2993 exterioris:
496 2971 574 3001 ergo
590 2970 658 2992 non
675 2959 780 2991 differt
794 2960 977 2990 immanens
993 2967 1011 2989 a
1026 2964 1212 2989 transeunte
1228 2967 1268 2989 eo
1286 2957 1376 2998 quod

298 3008 454 3038 terminus
484 3006 664 3048 productus
695 3014 753 3046 per
782 3005 1016 3035 immanentem
1045 3004 1084 3034 sit
1108 3003 1141 3034 in
1165 3009 1290 3043 agente,
1314 3009 1376 3034 ter-

298 3053 405 3083 minus
429 3057 537 3083 autem
562 3050 756 3082 transeuntis
772 3050 812 3080 sit
831 3050 864 3080 in
889 3050 1042 3090 patiente,
1059 3054 1114 3079 aut
1130 3049 1236 3089 ipsum
1254 3048 1375 3079 factum

299 3096 452 3138 perficiat.

357 3141 496 3178 Quarto.
521 3141 608 3179 Quia
631 3140 748 3176 Prima,
773 3149 805 3180 q.
822 3148 884 3175 mv,
901 3149 929 3170 a.
952 3147 978 3175 ι,
995 3137 1035 3169 ad
1052 3138 1121 3174 ult„
1146 3137 1263 3169 dicitur
1286 3137 1376 3178 quod

300 3187 384 3217 actio
415 3196 499 3228 quae
529 3185 648 3216 transit
679 3185 712 3215 in
743 3183 878 3226 aliquod
906 3183 1135 3218 extrinsecum,
1166 3188 1214 3214 est
1243 3183 1378 3214 realiter

301 3231 405 3262 media
436 3232 522 3262 inter
551 3240 654 3272 agens
686 3235 718 3261 et
745 3230 932 3265 subiectum,
963 3238 1028 3259 non
1059 3233 1166 3259 autem
1198 3228 1378 3259 immanens

301 3277 385 3307 inter
396 3286 500 3318 agens
515 3281 547 3306 et
562 3275 731 3306 obiectum.
749 3274 836 3315 Ergo
852 3273 939 3304 idem
955 3283 1022 3304 non
1040 3278 1088 3304 est
1103 3282 1211 3313 agens,
1224 3279 1255 3304 et
1270 3273 1378 3304 subie-

301 3326 389 3351 ctum
413 3321 559 3351 actionis.
574 3338 597 3343 -
616 3319 693 3351 Non
713 3319 797 3350 valet
812 3324 922 3350 autem
939 3318 1046 3349 dicere
1063 3317 1153 3358 quod
1177 3317 1322 3358 loquitur
1337 3318 1377 3349 de

303 3365 406 3396 forma
421 3365 515 3396 facta.
539 3365 627 3403 Quia
642 3365 813 3405 responsio
830 3363 883 3394 illa
899 3363 993 3394 datur
1008 3362 1048 3394 ad
1065 3368 1293 3403 argumentum
1310 3371 1378 3403 quo

302 3411 455 3450 probatur
479 3410 656 3450 intelligere
680 3409 785 3450 angeli
809 3418 879 3440 esse
903 3409 972 3439 eius
996 3408 1217 3439 substantiam.
1242 3407 1378 3438 Constat

303 3460 410 3485 autem
423 3454 511 3495 quod
529 3455 572 3485 ibi
590 3454 777 3495 intelligitur
790 3453 829 3485 de
842 3454 911 3494 ipsa
927 3453 1055 3484 actione
1072 3452 1255 3483 intellectus
1271 3461 1379 3483 essen—

303 3500 417 3530 tialiter
439 3505 578 3539 sumpta,
602 3509 670 3530 non
694 3505 803 3530 autem
827 3498 868 3529 de
891 3498 1032 3529 termino
1051 3506 1109 3538 per
1124 3497 1286 3528 actionem
1304 3507 1379 3538 pro-

305 3543 416 3574 ducto:
435 3545 517 3575 sicut
533 3550 565 3574 et
581 3545 614 3574 in
631 3545 822 3584 quaestione
839 3543 879 3574 de
895 3544 969 3584 ipso
982 3548 1056 3574 actu
1069 3541 1268 3582 intelligendi
1280 3551 1379 3582 quae-

306 3588 391 3618 ritur.
416 3588 502 3629 Ergo
516 3594 653 3629 ¹oportet
672 3594 708 3619 ut
725 3588 902 3620 differentia
918 3588 958 3619 ad
974 3587 1135 3619 actionem
1160 3593 1379 3618 transeuntem

306 3631 346 3662 de
362 3633 488 3663 actione
504 3639 687 3664 transeunte
705 3633 914 3664 essentialiter
936 3638 1065 3673 sumpta
1086 3632 1276 3672 accipiatur:
1301 3631 1380 3662 alio-

307 3677 384 3716 quin
409 3676 584 3707 differentia
607 3677 660 3708 illa
684 3678 723 3709 ad
748 3678 954 3719 propositum
977 3687 1045 3709 non
1070 3683 1162 3708 esset.

840 275 1030 312 SUMMA
1059 273 1281 311 CONTRA
1311 272 1588 317 GENTILES,
1617 272 1712 309 LIB.
1734 273 1775 318 ΙΙ,
1806 272 1918 310 CAP.
1940 274 1965 310 1.

1485 351 1588 382 Multa
1607 351 1668 382 alia
1690 352 1764 382 loca
1787 351 1828 383 ad
1851 354 2059 394 propositum
2083 354 2148 385 hoc
2171 363 2210 385 ex
2234 355 2354 387 Sancto
2378 357 2508 388 Thoma

1427 395 1546 426 adduci
1570 402 1714 436 possent,
1738 396 1796 427 sed
1818 397 1898 429 haec
1921 399 1996 429 satis
2019 408 2108 429 nunc
2131 400 2205 430 sint.

1484 440 1552 471 Vll.
1580 440 1678 477 Quod
1700 441 1798 472 etiam
1821 442 1883 473 hoc
1906 443 1949 473 sit
1970 443 2010 474 de
2033 448 2138 474 mente
2153 444 2339 476 Aristotelis
2358 451 2391 476 et
2411 448 2508 478 Com-

1427 486 1619 516 mentatoris
1632 486 1658 522 ἢ
1678 486 1844 527 probatur
1860 488 1982 528 primo.
2007 488 2094 526 Quia
2118 488 2160 519 111
2182 489 2293 530 Plrys„
2313 495 2389 522 text.
2411 493 2449 523 18
2462 494 2507 529 “,

1427 531 1533 570 inquit
1549 530 1640 571 quod
1659 531 1746 562 actio
1771 533 1909 563 motoris
1933 538 1964 563 et
1986 533 2067 564 moti
2089 539 2138 565 est
2159 534 2283 570 eadem,
2299 538 2508 575 quemadmo-

1426 575 1503 606 dum
1527 580 1575 606 est
1598 575 1681 606 idem
1704 577 1846 617 spatium
1870 578 1904 608 in
1929 583 2075 619 respectu
2098 578 2240 610 duorum
2264 585 2325 611 etc.
2351 597 2375 604 -
2401 582 2508 614 Textu

1426 626 1536 651 autem
1553 630 1594 650 20
1607 621 1634 656 *‚
1658 621 1765 661 inquit
1781 621 1872 661 quod
1888 632 1954 653 non
1971 628 2019 654 est
2041 624 2273 656 inconveniens
2296 630 2404 656 actum
2428 628 2509 658 alte—

1427 666 1498 696 rius
1513 666 1546 695 in
1563 666 1670 696 altero
1694 675 1773 702 esse,
1797 666 1882 697 sicut
1903 667 2012 698 doctio
2029 674 2078 699 est
2091 674 2185 700 actus
2202 670 2358 706 docentis,
2376 671 2408 702 in
2429 682 2509 714 quo-

1426 711 1501 741 dam
1519 716 1637 745 tamen,
1654 711 1777 742 scilicet
1791 711 1826 742 in
1841 710 2038 744 addiscente.
2054 713 2142 754 Ergo
2159 719 2220 746 etc.
2236 733 2260 737 -
2279 715 2380 753 Idem,
2397 722 2429 747 et
2444 717 2509 748 cla-

1426 757 1503 791 rius,
1528 755 1663 796 ponitur
1686 755 1713 786 11
1736 756 1776 787 de
1792 757 1921 792 Anima,
1946 762 2023 788 text.
2046 765 2107 798 140
2118 760 2146 796 ⁶,
2163 765 2225 791 etc.

1483 800 1517 832 Si
1541 800 1666 831 dicatur
1689 800 1781 841 quod
1804 801 1923 842 accipit
1945 802 2109 834 actionem
2127 813 2197 835 non
2216 806 2435 843 essentialiter,
2451 806 2508 838 sed

1427 847 1687 877 concomitanter
1710 855 1770 886 pro
1795 845 1900 877 forma
1923 845 2017 883 facta,
2037 853 2150 879 contra
2173 850 2318 890 arguitur
2331 861 2391 892 per
2406 851 2509 883 Com-

1426 896 1654 927 mentatorem‚
1666 896 1844 922 comment.
1857 892 1906 927 18,
1919 891 1975 922 ubi
1987 892 2104 932 inquit,
2121 895 2318 934 exponendo
2330 897 2427 927 verba
2437 898 2509 928 Ari-

1427 936 1565 967 stotelis:
1590 936 1684 967 Actio
1700 936 1785 966 enim
1811 936 1958 970 motoris,
1975 946 2059 977 quae
2074 943 2123 968 est
2138 947 2277 975 movere,
2293 946 2342 972 est
2356 942 2426 972 eius
2442 952 2508 973 non

1428 981 1461 1011 in
1477 990 1527 1011 eo.
1551 981 1596 1012 Et
1609 981 1672 1012 hoc
1688 981 1874 1012 intendebat
1888 981 2089 1018 Aristoteles,
2118 995 2132 1009 ‹
2154 984 2269 1014 Motor
2291 985 2375 1016 ent'm
2400 991 2458 1018 etc.
2477 997 2508 1017 »τ

1428 1026 1518 1062 idest,
1539 1027 1633 1057 Actio
1657 1026 1742 1057 enim
1766 1027 1905 1057 motoris
1927 1031 1976 1057 est
1988 1027 2109 1068 facere
2132 1033 2254 1059 motum
2272 1029 2305 1060 in
2322 1030 2401 1061 alio.
2421 1032 2508 1072 Ergo

1427 1080 1496 1101 non
1526 1072 1684 1112 accipitur
1716 1072 1801 1102 actio
1833 1081 1893 1112 pro
1923 1070 2029 1102 forma
2058 1071 2141 1103 facta
2173 1079 2209 1104 ut
2239 1073 2447 1115 distinguitur
2470 1078 2509 1107 ab

1428 1116 1567 1151 actione,
1590 1115 1648 1147 sed
1671 1125 1731 1156 pro
1755 1117 1824 1157 ipsa
1848 1116 2066 1157 productione
2089 1123 2200 1149 motus
2223 1123 2256 1149 et
2283 1118 2418 1151 formae.

1483 1160 1644 1191 Secundo.
1679 1160 1723 1191 IX
1754 1161 1909 1202 Metapa„
1943 1167 2019 1193 text.
2054 1162 2092 1192 16
2114 1163 2141 1199 ⁹,
2175 1164 2282 1204 inquit
2320 1165 2510 1196 Aristoteles

1428 1204 1529 1246 quod,
1548 1206 1601 1236 ubi
1621 1211 1756 1246 praeter
1779 1207 2002 1247 operationem
2018 1212 2067 1238 est
2085 1208 2222 1250 aliquod
2236 1214 2417 1249 operatum,
2435 1219 2510 1251 ope-

1428 1250 1515 1281 ratio
1539 1255 1587 1281 est
1609 1255 1702 1281 actus
1715 1250 1825 1292 facti:
1849 1256 1885 1282 ut
1906 1251 2092 1293 aedificatio
2116 1252 2150 1284 in
2173 1253 2356 1295 aedificato,
2379 1260 2411 1286 et
2432 1264 2510 1286 con-

1428 1295 1530 1326 textio
1555 1295 1589 1326 in
1613 1300 1777 1331 contexto,
1803 1301 1834 1327 et
1857 1297 2091 1328 universaliter
2113 1303 2220 1329 motus
2236 1298 2269 1329 in
2286 1304 2385 1330 moto.
2401 1317 2426 1322 -
2439 1299 2510 1331 Nec

1427 1340 1512 1371 valet
1527 1340 1634 1371 dicere
1651 1340 1742 1381 quod
1758 1341 1876 1381 accipit
1891 1342 2055 1373 actionem
2074 1342 2343 1381 concomitanter,
2360 1343 2511 1376 videlieet

1428 1395 1488 1427 pro
1512 1385 1632 1417 effectu
1655 1385 1803 1417 actionis.
1828 1386 1911 1417 Nam
1935 1395 2104 1427 exponens
2123 1388 2260 1419 Sanctus
2276 1389 2423 1420 Thomas
2437 1390 2510 1421 Ari-

1428 1430 1552 1462 stotelis
1575 1435 1720 1462 mentem
1744 1430 1876 1467 ibidem,
1901 1431 2008 1472 inquit
2031 1433 2124 1473 quod
2146 1434 2229 1464 ratio
2252 1434 2350 1465 huius
2369 1434 2447 1466 dicti
2462 1440 2511 1466 est

1428 1477 1515 1517 quia,
1539 1475 1671 1517 quando
1690 1485 1754 1517 per
1777 1477 2001 1517 operationem
2021 1478 2190 1518 potentiae
2215 1479 2428 1510 constituitur
2448 1480 2510 1511 ali-

1427 1521 1516 1562 quod
1539 1526 1720 1562 operatum,
1746 1521 1805 1552 illa
1838 1522 1986 1562 operatio
2012 1523 2144 1564 perficit
2173 1529 2355 1565 operatum,
2380 1529 2413 1555 et
2443 1533 2510 1556 non

1429 1571 1628 1607 operantem.
1653 1565 1792 1597 Constat
1821 1571 1931 1598 autern
1961 1567 2054 1608 quod
2084 1573 2256 1608 operatum
2285 1578 2354 1601 non
2383 1568 2512 1610 perficit

1428 1612 1573 1652 seipsum
1597 1617 1780 1652 operatum.
1805 1611 1892 1652 Ergo
1916 1612 2002 1643 actio
2025 1622 2093 1643 non
2117 1614 2275 1655 accipitur
2297 1623 2358 1656 pro
2374 1619 2510 1655 operato

1428 1666 1488 1697 per
1501 1657 1666 1687 actionem
1682 1665 1759 1687 cum
1775 1655 1893 1687 dicitur
1909 1657 2000 1697 quod
2024 1657 2152 1698 perficit
2174 1664 2356 1700 operatum,
2373 1659 2431 1690 sed
2449 1667 2510 1702 pm

1428 1703 1498 1742 ipsa
1514 1701 1651 1732 essentia
1674 1701 1821 1733 actionis.
1837 1701 2047 1733 -Manifeste
2063 1702 2160 1734 etiam
2179 1702 2300 1736 ibidem
2315 1709 2405 1745 patet
2419 1703 2511 1745 quod

1428 1747 1474 1778 ibi
1489 1745 1696 1786 distinguitur
1719 1746 1804 1776 actio
1829 1746 1868 1776 ab
1893 1755 1992 1787 opere
2017 1753 2164 1788 operato,
2181 1749 2207 1780 si
2222 1748 2394 1790 diligenter
2412 1749 2510 1781 verba

1429 1791 1538 1823 Sancti
1561 1791 1711 1822 Thomae
1735 1791 1969 1822 examinentur.

1485 1836 1671 1871 Praeterea,
1688 1836 1795 1876 inquit
1810 1835 2028 1878 Philosophus
2041 1838 2057 1854 “
2081 1837 2172 1878 quod
2195 1838 2375 1870 differentia
2393 1843 2510 1880 poten-

1429 1882 1547 1911 tiarum
1563 1881 1722 1921 quoniam
1737 1881 1771 1911 in
1787 1881 1950 1921 aliquibus
1964 1880 2003 1912 fit
2017 1881 2152 1922 aliquod
2166 1891 2252 1924 opus
2267 1888 2394 1924 praeter
2408 1883 2510 1915 actio-

1429 1935 1516 1962 nem,
1540 1926 1574 1956 in
1598 1925 1762 1966 aliquibus
1785 1931 1894 1956 autem
1917 1935 1997 1962 non,
2013 1935 2084 1956 non
2099 1926 2176 1958 facit
2191 1927 2283 1968 quod
2298 1928 2331 1958 in
2347 1928 2511 1969 aliquibus

1428 1971 1543 2001 harum
1567 1970 1787 2010 potentiarum
1810 1970 1921 2001 minus
1943 1971 1984 2001 sit
2006 1975 2098 2002 actus
2127 1970 2202 2002 finis
2230 1973 2398 2013 potentiae
2421 1977 2455 2004 et
2474 1973 2509 2004 in

1429 2015 1591 2057 aliquibus
1607 2015 1720 2056 magis,
1737 2015 1815 2056 quia
1831 2015 1902 2056 ipsa
1917 2015 2004 2046 actio
2021 2021 2070 2047 est
2085 2015 2118 2047 in
2133 2016 2254 2058 sacto:
2267 2017 2360 2058 quasi
2376 2016 2472 2054 dicat,
2487 2035 2510 2040 -

1430 2060 1532 2096 Licet,
1549 2060 1605 2091 ubi
1629 2065 1756 2101 praeter
1783 2060 1947 2091 actionem
1974 2066 2022 2092 est
2045 2061 2180 2102 aliquod
2199 2067 2382 2103 operatum,
2401 2063 2510 2104 ipsum

1429 2110 1602 2146 operatum
1625 2105 1666 2135 sit
1688 2104 1773 2141 finis,
1790 2113 1849 2146 per
1864 2106 1930 2136 hoc
1945 2110 2054 2137 tamen
2074 2115 2143 2137 non
2167 2106 2293 2139 tollitur
2307 2107 2388 2148 quin
2412 2107 2509 2139 etiam

1429 2150 1499 2191 ipsa
1522 2150 1671 2190 operatio
1687 2150 1728 2181 sit
1750 2148 1834 2186 finis,
1851 2151 1928 2191 quia
1943 2151 2014 2191 ipsa
2037 2160 2106 2182 non
2121 2157 2287 2192 separatur
2302 2153 2343 2184 ab
2361 2157 2509 2194 operato,

1429 2194 1486 2226 sed
1498 2200 1547 2226 est
1562 2195 1699 2235 inipso:
1716 2193 1803 2231 ideo,
1817 2195 1842 2226 si
1857 2201 2032 2236 operatum
2044 2201 2093 2227 est
2104 2195 2178 2227 finis
2190 2198 2366 2238 potentiae,
2379 2201 2511 2239 oportet

1430 2240 1526 2270 etiam
1543 2245 1575 2270 et
1590 2240 1753 2270 actionem
1769 2240 1802 2270 in
1819 2240 1891 2281 ipso
1907 2240 2108 2278 existentem,
2125 2246 2281 2282 tanquam
2293 2241 2415 2274 scilicet
2430 2247 2510 2284 ope·-

1429 2285 1487 2315 rati
1511 2283 1759 2325 perfectionem,
1783 2294 1853 2316 esse
1877 2284 1990 2316 finem.
2014 2285 2152 2316 Constat
2179 2292 2289 2318 autem
2314 2286 2406 2329 quod
2427 2287 2509 2319 ratio

1430 2330 1510 2360 haec
1534 2329 1623 2360 nulla
1646 2335 1738 2365 esset,
1764 2335 1796 2360 et
1819 2339 1902 2361 vana
1916 2334 2000 2362 esset
2023 2331 2082 2361 ista
2097 2329 2282 2368 declaratio,
2306 2332 2332 2362 si
2356 2332 2442 2363 actio
2457 2341 2510 2364 ac-

1431 2374 1592 2415 ciperetur
1615 2374 1875 2406 concomitante-r
1897 2383 1958 2416 pro
1982 2374 2086 2406 forma
2110 2374 2204 2413 facta,
2227 2385 2295 2407 non
2320 2381 2430 2408 autem
2459 2385 2509 2408 es-

1430 2419 1604 2450 sentialiter
1627 2428 1688 2460 pro
1712 2419 1782 2460 ipsa
1805 2419 2024 2460 productione
2039 2419 2175 2452 formae.
2198 2420 2288 2459 Quid
2308 2421 2397 2452 enim
2420 2420 2508 2453 dictu

1431 2469 1514 2494 esset
1538 2463 1629 2504 quod
1654 2473 1711 2504 per
1734 2464 1822 2495 illam
1846 2466 2066 2506 potentiarum
2089 2464 2303 2497 differentiam
2320 2475 2391 2497 non
2413 2465 2452 2498 fit
2472 2471 2510 2498 ut

1430 2509 1464 2539 in
1489 2509 1526 2539 iis
1550 2509 1635 2539 actio
1666 2509 1706 2539 sit
1736 2509 1845 2540 minus
1868 2509 1952 2547 finis,
1976 2511 2010 2541 in
2034 2510 2072 2541 iis
2095 2515 2205 2542 autem
2236 2511 2349 2552 magis,
2373 2511 2400 2542 si
2423 2511 2508 2543 aetio

1431 2563 1492 2594 pro
1516 2552 1621 2584 forma
1637 2552 1721 2584 facta
1737 2552 1956 2594 acciperetur?
1980 2554 2046 2586 Iam
2063 2555 2151 2586 enim
2167 2555 2289 2587 dixerat
2304 2556 2414 2597 ipsum
2429 2563 2509 2598 ope-

1430 2604 1535 2629 ratum
1561 2608 1630 2629 esse
1654 2598 1764 2629 finem.
1790 2599 1877 2640 Ergo
1901 2600 2019 2641 accipit
2041 2601 2204 2632 actionem
2229 2600 2450 2638 essentialiter,
2473 2605 2510 2632 ut

1431 2644 1470 2674 ab
1495 2649 1631 2684 operato
1655 2642 1871 2684 distinguitur.

1488 2688 1569 2719 vl11.
1595 2688 1680 2719 Puto
1696 2689 1793 2729 igitur
1808 2689 1849 2720 de
1865 2694 1974 2720 mente
1987 2689 2096 2720 Sancti
2108 2689 2259 2722 Thomae
2272 2695 2304 2721 et
2318 2689 2509 2733 Philosophi

1431 2743 1500 2764 esse
1523 2733 1614 2774 quod
1638 2734 1734 2770 actio,
1751 2734 1961 2766 essentialiter
1983 2740 2124 2776 sumpta,
2147 2735 2188 2766 sit
2210 2735 2244 2766 in
2267 2735 2411 2776 patiente
2433 2734 2510 2766 sub-

1430 2779 1560 2810 iective:
1586 2778 1660 2810 licet
1683 2779 1796 2810 relatio
1820 2789 1921 2820 quarn
1943 2785 2111 2817 connotat,
2129 2780 2170 2811 sit
2193 2781 2227 2811 in
2250 2785 2375 2821 agente.
2399 2780 2510 2820 Agens

1431 2823 1529 2860 enim,
1546 2832 1604 2864 per
1619 2824 1771 2855 virtutem
1787 2833 1880 2855 suam
1903 2825 2202 2866 appropinquatum
2222 2833 2318 2866 passo
2339 2824 2508 2867 disposito,

1430 2867 1582 2909 producit
1605 2867 1745 2899 formam
1768 2867 1808 2900 de
1832 2878 1902 2900 esse
1924 2869 2118 2911 imperfecto
2138 2869 2177 2901 ad
2197 2869 2378 2911 perfectum
2393 2877 2509 2911 proce-

1430 2912 1539 2944 dendo
1567 2913 1751 2954 (loquendo
1779 2913 1820 2945 de
1847 2919 1962 2955 agente
1989 2924 2065 2946 cum
2092 2915 2214 2955 motu);
2243 2920 2276 2946 et
2305 2915 2375 2956 ipsa
2404 2913 2510 2946 forma

1431 2959 1569 2989 existens
1593 2959 1652 2989 sub
1677 2967 1745 2990 esse
1762 2958 1954 2999 imperfecto
1978 2968 2053 2990 cum
2082 2959 2247 2991 tendentia
2267 2958 2306 2990 ad
2327 2957 2509 3001 perfectum

1430 3003 1548 3034 dicitur
1569 3004 1668 3039 actio,
1693 3003 1905 3035 connotando
1929 3011 2113 3045 respectum
2141 3005 2264 3046 agentis
2289 3003 2329 3036 ad
2358 3004 2392 3036 id
2417 3003 2509 3046 quod

1430 3047 1476 3085 fit,
1493 3047 1585 3088 quod
1601 3047 1800 3089 significatur
1820 3058 1895 3080 cum
1920 3049 2037 3081 dicitur
2060 3053 2167 3080 motus
2183 3054 2219 3080 ut
2236 3050 2277 3080 ab
2291 3049 2373 3086 lnoc,·
2395 3048 2509 3087 eadem

1430 3092 1545 3129 forma,
1570 3102 1646 3124 cum
1670 3094 1767 3124 habet
1789 3103 1858 3125 esse
1887 3094 2100 3136 completum,
2124 3093 2241 3126 dicitur
2258 3095 2379 3137 sonna
2397 3094 2508 3136 suen.

1419 3138 1519 3174 ·1deo,
1543 3139 1627 3169 sicut
1650 3137 1755 3170 forma
1778 3138 1862 3170 facta
1885 3145 1933 3170 est
1955 3140 1989 3170 in
2013 3140 2227 3180 patiente‚ita
2242 3145 2274 3170 et
2293 3139 2456 3170 actionem
2474 3138 2509 3170 in

1431 3184 1573 3224 patiente
1589 3192 1659 3214 esse
1674 3192 1807 3215 necesse
1823 3189 1881 3215 est.
1906 3184 1975 3216 Nec
1997 3189 2129 3225 oportet
2152 3184 2316 3216 actionem
2331 3182 2438 3214 dicere
2452 3182 2509 3214 ali-

1431 3237 1530 3270 quam
1554 3227 1694 3260 formam
1724 3229 1907 3260 absolutam
1930 3230 2120 3260 existentem
2147 3230 2180 3260 in
2205 3234 2334 3270 agente:
2363 3227 2509 3269 alioquin

1432 3278 1598 3315 oporteret
1613 3282 1722 3314 agens,
1738 3274 1934 3314 inquantum
1950 3283 2058 3315 agens,
2074 3274 2152 3315 pati,
2169 3272 2261 3314 quod
2276 3273 2509 3304 inconveniens

1432 3324 1494 3353 est;
1518 3317 1605 3348 idem
1625 3319 1712 3350 enirn
1732 3319 1919 3360 proximum
1939 3319 2136 3360 principium
2155 3317 2256 3349 totale
2272 3317 2418 3353 actionis,
2431 3322 2510 3358 puta

1432 3363 1520 3394 calor
1543 3363 1636 3403 ignis,
1661 3363 1788 3404 agendo
1812 3363 1954 3395 calorem
1977 3364 2010 3394 in
2033 3363 2134 3403 ligno,
2158 3362 2191 3394 ln
2215 3362 2323 3403 seipso
2347 3362 2510 3394 actionem

1432 3408 1636 3450 produceret,
1661 3414 1694 3440 et
1716 3410 1761 3440 sic
1785 3408 1911 3450 agendo
1934 3412 2098 3450 pateretur
2119 3417 2138 3438 a
2161 3408 2279 3448 seipso.

1489 3453 1543 3484 lX.
1567 3453 1619 3484 Ad
1635 3454 1777 3485 rationes
1791 3458 1901 3485 autem
1916 3453 1949 3484 in
1974 3452 2165 3494 oppositum
2181 3453 2199 3470 ⁶
2213 3450 2439 3492 respondetur.
2459 3451 2511 3482 Aa

1428 3499 1572 3539 primum
1598 3497 1731 3539 quidem
1754 3497 1871 3529 dicitur
1894 3496 1985 3538 quod
2007 3495 2089 3528 illud
2111 3496 2189 3528 dicit
2208 3496 2345 3528 Sanctus
2364 3495 2510 3527 Thomas

1433 3549 1566 3584 propter
1589 3544 1752 3574 actionem
1775 3543 2019 3574 immanentem.
2043 3541 2140 3572 Actio
2164 3542 2262 3578 enim,
2286 3540 2434 3572 absolute
2458 3550 2510 3572 ac-

1434 3593 1538 3628 cepta,
1563 3588 1659 3618 habet
1682 3586 1773 3628 quod
1796 3587 1837 3618 sit
1859 3587 1944 3618 actio
1969 3592 2000 3617 et
2025 3585 2115 3627 quod
2145 3586 2185 3617 sit
2213 3585 2362 3617 accidens
2386 3586 2510 3616 ratione

1435 3633 1569 3663 alicuius
1593 3641 1671 3663 suae
1694 3632 1824 3672 speciei.
1850 3631 2018 3662 lnhaerere
2042 3636 2150 3663 autem
2167 3631 2315 3662 subiecto
2339 3639 2407 3661 non
2431 3639 2510 3661 con-

1436 3678 1524 3708 venit
1547 3677 1607 3707 sibi
1631 3676 1862 3711 universaliter,
1886 3685 1995 3716 neque
2024 3685 2082 3717 per
2110 3684 2322 3707 communem
2351 3675 2509 3706 rationem

2536 497 2545 506 ·
2560 495 2598 517 cf.
2613 501 2635 518 n.
2646 501 2669 523 v,
2686 495 2751 518 Ideo.

2536 523 2556 533 ··
2571 523 2629 550 Cap.
2644 528 2680 549 ιιι,
2697 529 2716 544 ι.

2537 630 2545 638 ·
2562 629 2621 651 ibid.
2635 634 2659 651 n.
2669 635 2688 657 3.

2537 763 2546 772 ‘
2561 762 2600 783 ΑΙ.
2611 761 2650 787 111,
2663 767 2690 788 ιι,
2698 760 2723 783 6.

2537 1164 2633 1188 ’8.Τὴ.
2642 1162 2751 1190 tamid.

2539 1191 2601 1219 vm,
2611 1197 2663 1219 viu,
2674 1196 2697 1220 9.

2538 1837 2546 1846 ·
2561 1835 2621 1859 ibid.

2538 3449 2546 3457 ·
2561 3446 2633 3470 Num.
2648 3452 2680 3470 tv.
