2768 4134
84 985 94 995 ·
108 982 144 1006 Cf.
156 988 206 1010 cap.
223 988 272 1010 seq.

80 1791 89 1801 ¹
98 1789 134 1813 Cf.
145 1795 196 1818 cap.
206 1796 286 1811 Lxxix.

79 2057 88 2065 ·
103 2055 159 2083 Cep.
175 2061 254 2077 ιινιιι,

77 2483 87 2492 ·
114 2481 152 2503 ΑΙ.
185 2487 234 2509 cup.
265 2487 291 2508 u,

74 2513 166 2530 verna.

77 3230 86 3238 ⁶
94 3229 129 3252 ef.
138 3229 255 3257 Timaeus,
261 3238 272 3256 4
277 3237 288 3252 ’,ι

75 3255 139 3304 ffi'id.
175 3262 197 3284 p.
228 3257 288 3285 212):

111 3283 291 3313 aedrur‘xxvni,

78 3315 134 3331 xxix
169 3309 229 3337 (Did.
266 3317 287 3338 p.

77 3335 135 3363 7¹⁴)-

774 306 961 344 SUMMA
991 304 1213 341 CONTRA
1242 301 1518 348 GENTILES,
1547 301 1645 337 LIB.
1667 301 1708 346 ll,
1739 300 1850 337 CAP.
1872 301 2076 337 LXXXIII.

565 461 1104 519 CAPITULUM
1150 456 1818 514 OCTOGESIMUM
1863 455 2307 535 TERTIUM,

674 589 848 642 QUOD
884 589 1084 629 ANIMA
1118 586 1389 628 HUMANA
1422 584 1687 625 INCIPIAT
1723 583 1854 625 CUM
1888 585 2177 626 CORPORE

351 729 388 743 ἱ,
414 716 565 754 2:1⁹*
594 702 686 753 quia
714 701 875 738 eaedem
895 712 955 737 res
974 698 1225 736 inveniuntur
1253 705 1289 735 et
1313 708 1395 734 esse

343 747 368 771 ,,·
406 738 510 805 »ἐξ
532 757 700 807 incipere
720 763 757 792 et
777 754 900 791 finem
920 751 1071 790 essendi
1095 751 1250 797 habere,
1269 757 1396 800 potest

330 771 338 798 ι·
348 770 395 810 ἰὰ·
413 771 415 774 -
481 804 494 813 ,.

329 810 448 857 «xi-'²145
485 816 511 845 3⁴³
533 809 645 848 alicui
659 808 782 847 videri
792 807 911 857 quod,
927 818 974 843 ex
984 817 1064 855 quo
1075 803 1206 842 anima
1219 805 1395 840 humana

358 842 369 855 x
380 839 403 857 ,ἓ
481 842 490 859 5

425 852 442 866 ὲ

328 864 330 867 “
348 855 440 897 5²⁸³>
470 864 504 898 ᾧ,
532 864 655 902 finem
671 862 821 900 essendi
836 872 917 897 non
932 859 1058 904 habet,
1079 858 1187 907 qUOd
1202 869 1275 894 nec
1289 856 1393 906 Prin‘

1452 697 1548 734 dum
1577 696 1724 747 aliquid
1749 709 1877 734 unum
1897 698 2005 747 quod
2025 710 2071 735 ex
2091 698 2277 736 omnibus
2300 700 2528 740 hominibus

1450 758 1582 788 manet
1600 758 1689 800 post
1708 758 1888 798 mortem,
1908 760 2126 801 posuerunt
2145 753 2222 790 hoc
2249 752 2381 803 ipsum
2401 767 2527 794 unum

1449 804 1499 841 ab
1528 811 1686 842 aeterno
1714 803 1847 842 fuisse:
1878 804 1960 842 sive
1989 805 2066 842 hoc
2094 805 2140 843 sit
2167 805 2381 845 intellectus
2409 820 2527 857 agens

1448 866 1613 904 tantum,
1633 865 1676 895 ut
1694 857 1826 907 posuit
1843 858 2080 905 Alexander3
2100 859 2194 905 sive,
2214 871 2307 897 cum
2326 873 2387 909 eo,
2411 862 2527 901 etiam

325 920 470 970 cipium
489 917 638 956 essendi
659 914 848 960 habuerit,
868 913 935 950 sed
955 910 1067 949 fuerit
1086 922 1251 960 semper.
1273 910 1394 957 Quod
1415 926 1424 947 ς
1448 911 1662 948 intellectus
1685 911 1888 962 possibiliS,
1915 919 1959 949 ut
1983 912 2115 962 posuit
2133 914 2328 951 Averroes
2341 914 2372 952 ⁸.
2394 937 2419 942 —
2438 916 2527 954 Hoc

324 973 486 1024 quidem
505 972 658 1010 videtur
677 969 736 1006 his
756 966 968 1005 rationibus
984 976 1102 1020 posse
1121 963 1279 1014 probari
1293 963 1324 1000 ³⁸.

377 1027 482 1064 Nam
501 1026 594 1063 illud
613 1023 720 1073 quod
744 1031 950 1070 nunquam
977 1030 1059 1056 esse
1089 1018 1248 1064 desinet,
1277 1017 1394 1055 habet

323 1080 504 1117 virtutem
533 1086 575 1115 ut
603 1077 648 1114 sit
676 1086 841 1124 semper.
873 1073 993 1120 Quod
1021 1079 1154 1109 autem
1172 1071 1290 1109 habet
1318 1070 1393 1108 vir-

322 1142 443 1171 tutem
473 1139 514 1169 ut
541 1132 587 1168 sit
614 1141 779 1178 semper,
808 1138 1015 1176 nunquam
1034 1126 1083 1163 de
1103 1138 1151 1163 eo
1178 1137 1318 1162 verum
1338 1132 1395 1162 est

322 1186 449 1224 dicere
479 1198 553 1222 non
583 1195 678 1221 esse:
698 1182 791 1232 quia
810 1187 1003 1231 quantum
1023 1191 1063 1216 se
1083 1179 1252 1216 extendit
1270 1178 1393 1215 virtus

322 1239 484 1285 essendi,
512 1246 664 1275 tantum
693 1248 754 1273 res
783 1235 896 1272 durat
923 1234 964 1271 in
992 1245 1087 1270 esse.
1110 1233 1242 1270 Omne
1262 1239 1394 1270 autem

321 1294 428 1343 quod
457 1290 627 1341 incoepit
654 1303 749 1336 esse,
779 1297 834 1326 est
861 1287 1072 1338 aliquando
1098 1299 1238 1324 verum
1266 1286 1393 1324 dicere

322 1359 396 1384 non
426 1359 513 1384 esse.
536 1344 655 1393 Quod
676 1343 789 1392 igitur
807 1353 1014 1392 nunquam
1034 1340 1184 1378 desinet
1203 1353 1299 1386 esse,
1321 1352 1395 1378 nec

321 1412 403 1437 esse
432 1399 641 1450 aliquando
671 1396 837 1446 incipiet.

374 1454 526 1491 Adhuc.
556 1451 705 1490 Veritas
733 1448 1038 1499 intelligibilium,
1058 1448 1155 1486 sicut
1183 1455 1239 1484 est
1267 1447 1394 1484 incor-

320 1507 520 1558 ruptibilis,
549 1506 610 1553 ita,
640 1512 833 1555 quantum
861 1511 917 1540 est
951 1503 1001 1540 de
1039 1514 1091 1549 se,
1128 1509 1184 1539 est
1218 1509 1391 1539 aeterna:

320 1569 376 1598 est
405 1561 510 1598 enim
538 1558 771 1606 necessaria3
807 1569 926 1595 omne
963 1563 1095 1594 autem
1127 1554 1393 1593 necessarium

321 1623 377 1653 est
404 1623 618 1660 aeternum,
638 1612 731 1662 quia
750 1611 859 1662 quod
879 1622 1036 1648 necesse
1056 1617 1112 1647 est
1132 1621 1227 1656 esse,
1247 1610 1393 1659 impos-

321 1668 428 1706 sibile
457 1676 513 1705 est
541 1679 623 1705 non
651 1678 746 1703 esse.
784 1666 843 1702 Ex
876 1663 1233 1713 incorruptibilitate
1261 1671 1393 1701 autem

322 1722 488 1759 veritatis
516 1719 757 1769 intelligibilis
777 1718 992 1756 ostenditur
1015 1717 1145 1755 anima
1174 1718 1394 1756 secundum

323 1789 405 1814 esse
433 1773 730 1824 incorruptibilis
748 1772 780 1810 ³⁸.
810 1772 898 1810 Pari
927 1783 1018 1820 ergo
1047 1770 1206 1818 ratione,
1236 1783 1282 1808 ex
1311 1772 1394 1809 eius

322 1828 543 1868 aeternitate
571 1835 696 1878 potest
723 1825 881 1876 probari
909 1825 1063 1862 animae
1092 1825 1306 1862 aeternitas.

376 1881 567 1932 Amplius.
587 1881 684 1918 lllud
703 1892 785 1917 non
805 1887 861 1916 est
878 1879 1093 1928 perfectum
1114 1877 1177 1915 cui
1200 1878 1392 1927 plurimae

320 1948 481 1974 suarum
496 1933 768 1984 principalium
782 1932 951 1982 partium
966 1932 1117 1969 desunt.
1133 1932 1242 1968 Patet
1261 1940 1393 1969 autem

319 1988 550 2040 principales
568 1995 695 2038 partes
715 1985 886 2024 universi
906 1997 989 2022 esse
1009 1985 1283 2022 intellectuales
1302 1985 1392 2022 sub-

1449 965 1565 1003 etiam
1593 965 1777 1003 videntur
1796 977 1934 1003 sonare
1964 973 2001 1002 et
2019 965 2233 1004 Aristotelis
2251 967 2390 1006 verba:
2420 981 2526 1018 nam,

1449 1019 1497 1056 de
1525 1018 1719 1057 intellectu
1737 1021 1916 1069 loquens,
1935 1018 2027 1056 dicit
2053 1019 2186 1070 ipsum
2212 1031 2293 1058 non
2322 1022 2452 1060 solum
2470 1023 2527 1061 in-

1448 1071 1752 1122 corruptibilem,
1781 1073 1850 1110 sed
1877 1072 1995 1111 etiarn
2017 1079 2243 1124 perpetuum
2271 1086 2354 1112 esse
2373 1075 2405 1113 *.

1503 1126 1678 1173 Quidam
1715 1138 1810 1164 vero
1844 1125 2087 1164 Catholicam
2124 1127 2247 1165 fidem
2288 1128 2526 1178 profitentes,

1410 1197 1436 1212 ιο
1449 1180 1741 1218 Platonicorum
1770 1180 1954 1218 doctrinis
1981 1179 2132 1228 imbuti,
2155 1180 2263 1219 viam
2282 1182 2456 1221 mediam
2474 1191 2528 1222 te-

1449 1242 1630 1271 nuerunt.
1648 1233 1753 1282 Quia
1763 1233 1881 1282 enim,
1896 1234 2117 1272 secundum
2131 1234 2254 1272 fidem
2273 1235 2528 1285 Catholicam,

1449 1286 1545 1324 nihil
1573 1296 1629 1325 est
1657 1295 1860 1326 aeternum
1893 1295 2046 1338 praeter
2063 1289 2208 1335 Deum,
2228 1289 2423 1328 humanas
2443 1290 2528 1341 qui-

1449 1341 1541 1379 dem
1560 1341 1712 1379 animas
1731 1349 1906 1379 aeternas
1921 1354 2003 1380 non
2017 1350 2246 1392 posuerunt,
2262 1343 2331 1381 sed
2350 1356 2416 1382 eas
2434 1357 2528 1383 cum

1448 1396 1613 1442 mundo,
1657 1395 1738 1433 sive
1780 1395 1911 1445 potius
1952 1404 2041 1433 ante
2082 1396 2281 1434 mundum
2322 1396 2527 1446 visibilem,

1410 1466 1432 1486 ις
1449 1457 1595 1486 creatas
1623 1449 1751 1495 fuisse,
1781 1457 1818 1486 et
1844 1457 1977 1487 tamen
1997 1461 2062 1487 eas
2091 1450 2140 1487 de
2168 1461 2276 1488 novo
2295 1451 2528 1502 corporibus

1449 1502 1603 1551 alligari.
1634 1504 1769 1551 Quam
1797 1503 1959 1553 quidem
1986 1502 2224 1553 positionem
2247 1503 2401 1555 primus
2428 1505 2528 1544 inter

1450 1556 1691 1595 Christianae
1728 1556 1822 1595 fidei
1859 1557 2097 1607 professores
2127 1557 2317 1607 Origenes
2347 1558 2526 1610 posuisse

1449 1610 1645 1648 invenitur
1658 1610 1689 1657 ²¹⁸,
1718 1619 1756 1648 et
1783 1619 1871 1660 post
1890 1622 1983 1649 eum
2002 1612 2134 1661 plures
2154 1611 2285 1662 ipsum
2305 1621 2526 1663 sequentes.

1449 1665 1564 1712 Quae
1601 1664 1762 1714 quidem
1800 1663 1936 1714 opinio
1973 1677 2100 1714 usque
2137 1665 2256 1703 hodie
2292 1667 2399 1716 apud
2434 1667 2527 1706 hae-

1409 1733 1436 1748 20
1450 1717 1587 1755 reticos
1628 1726 1778 1756 manet:
1822 1729 1995 1768 quorum
2037 1718 2260 1757 Manichaei
2301 1731 2368 1758 eas
2409 1719 2526 1759 etiam

1449 1779 1623 1809 aeternas
1645 1778 1834 1819 asserunt,
1854 1783 1946 1809 cum
1966 1772 2138 1820 Platone,
2162 1780 2198 1810 et
2217 1773 2266 1811 de
2286 1785 2451 1824 corpore
2475 1774 2526 1813 ad

1448 1837 1592 1875 corpus
1619 1824 1791 1863 transire.

1503 1879 1581 1917 Sed
1609 1879 1659 1916 de
1683 1877 1785 1930 *facili
1813 1877 1965 1916 ostendi
1993 1887 2119 1928 potest
2153 1879 2387 1929 praemissas
2422 1880 2525 1931 posi-

1448 1931 1573 1969 tiones
1601 1943 1683 1969 non
1719 1943 1802 1969 esse
1837 1931 1996 1969 veritate
2031 1932 2228 1970 subnixas.
2263 1933 2384 1981 Quod
2418 1933 2527 1973 enim

1408 2000 1432 2020 ες
1449 1997 1530 2022 non
1560 1985 1606 2022 sit
1624 1997 1728 2022 unus
1748 1984 1931 2022 omnium
1950 1984 2164 2023 intellectus
2182 1986 2378 2036 possibilis
2396 1998 2526 2039 neque

2553 1620 2721 1649 Ψεῆαπάοιι,
2729 1622 2768 1646 lib.

2554 1649 2586 1674 11,
2604 1654 2644 1675 ιις
2658 1648 2688 1671 cf.
2700 1654 2768 1678 ευριπ

2554 1681 2678 1704 σιμ-ων,
2692 1675 2745 1698 init.

320 2042 485 2088 stantias‚
515 2041 555 2078 in
584 2052 753 2090 quarum
771 2051 912 2088 genere
932 2046 1134 2076 ostensum
1163 2046 1220 2075 est
1241 2038 1394 2088 supra*
1448 2050 1577 2088 agenS,
1614 2038 1693 2076 iam
1728 2038 1882 2088 supra'⁸e
1919 2046 2122 2077 ostensum
2158 2047 2225 2077 est.
2265 2040 2379 2079 Unde
2411 2049 2527 2080 restat
2555 2047 2768 2078 ·c.p.u=...xm.

319 2109 401 2135 esse
430 2095 580 2133 animas
601 2095 805 2132 humanas.
827 2092 867 2131 Si
886 2091 1000 2141 igitur
1018 2091 1192 2142 quotidie
1216 2092 1264 2129 de
1285 2105 1392 2130 novo

318 2159 373 2189 tot
392 2149 544 2187 animae
564 2149 761 2185 humanae
781 2159 865 2184 esse
885 2145 1069 2195 incipiant
1088 2154 1185 2195 quot
1211 2145 1393 2184 homines

318 2211 540 2249 nascuntur,
561 2209 664 2252 patet
683 2200 856 2251 quotidie
876 2200 1061 2238 universo
1081 2199 1269 2249 plurimas
1287 2200 1392 2250 prin-

318 2257 501 2308 cipalium
520 2255 690 2306 partium
710 2254 812 2301 addi,
832 2262 869 2291 et
887 2253 1075 2304 plurimas
1094 2253 1129 2291 ei
1149 2253 1295 2291 deesse.
1325 2254 1392 2292 Se-

319 2312 449 2362 quitur
478 2309 590 2358 igitur
612 2308 842 2346 universum
863 2319 945 2345 esse
966 2307 1249 2358 imperfectum.
1271 2308 1390 2356 Quod

319 2374 374 2403 est
402 2362 651 2414 impossibile.

373 2418 513 2455 Adhuc
533 2417 647 2454 etiam
667 2414 828 2465 quidam
848 2422 1167 2463 argumentantur
1195 2427 1241 2452 ex
1261 2424 1392 2453 aucto-

320 2472 427 2509 ritate
461 2471 600 2508 Sacrae
635 2469 866 2519 Scripturae.
897 2468 1046 2506 Dicitur
1078 2467 1182 2505 enim
1216 2469 1309 2506 Gen.
1332 2482 1341 2506 1
1360 2469 1391 2515 *‚

1448 2100 1583 2130 contra
1619 2091 1708 2130 istas
1745 2091 1958 2143 positiones
1994 2093 2208 2144 procedere
2246 2105 2349 2144 quae
2391 2093 2527 2135 dicunt

1447 2147 1579 2196 plures
1607 2145 1759 2184 animas
1787 2158 1872 2183 esse
1900 2145 2122 2194 hominum,
2147 2155 2184 2185 et
2210 2155 2343 2186 tamen
2371 2157 2527 2198 ponunt

1447 2211 1512 2237 eas
1541 2207 1630 2237 ante
1658 2211 1826 2250 corpora
1853 2199 2031 2247 extitisse,
2060 2200 2142 2238 sive
2170 2200 2221 2239 ab
2249 2210 2408 2240 aeterno
2444 2201 2526 2241 sive

1447 2306 1686 2345 conveniens
1714 2307 1774 2344 his
1803 2307 2028 2345 rationibus.

1503 2361 1716 2399 Ostensum
1745 2369 1801 2398 est
1820 2360 1927 2400 enim
1947 2373 2066 2412 supra
2079 2361 2100 2384 *
2126 2360 2300 2400 animam
2320 2361 2422 2400 uniri
2441 2374 2525 2402 cor-

1448 2414 1534 2464 pori
1563 2423 1605 2452 ut
1631 2414 1800 2452 formam
1829 2423 1866 2452 et
1893 2423 2024 2453 actum
2053 2413 2187 2465 ipsius.
2224 2417 2344 2454 Actus
2378 2423 2524 2464 autem,

1447 2468 1532 2506 licet
1560 2468 1607 2506 sit
1634 2468 1858 2506 naturaliter
1880 2469 1989 2519 prior
2006 2468 2191 2519 potentia,
2209 2477 2354 2516 tamen,
2382 2469 2424 2508 in
2441 2481 2524 2508 uno

320 2525 427 2575 quod
447 2526 549 2562 Deus
567 2524 626 2561 die
643 2525 798 2573 septimo
823 2523 1020 2572 complevit
1039 2534 1132 2572 opus
1155 2534 1264 2559 suum
1294 2523 1395 2573 quod
1409 2537 1431 2559 ις
1447 2530 1484 2560 et
1512 2522 1666 2569 eodem,
1694 2530 1873 2572 tempore
1892 2530 1949 2560 est
1976 2522 2186 2573 posterior:
2207 2531 2392 2561 movetur
2417 2523 2525 2562 enim

308 2581 470 2627 fecerat,
491 2584 524 2615 et
543 2579 720 2628 requievit
748 2578 795 2614 ab
824 2578 931 2614 omni
956 2588 1070 2626 opere
1091 2576 1191 2626 quod
1202 2582 1390 2627 patrarat.

318 2633 405 2670 Hoc
432 2639 563 2670 autem
593 2643 673 2668 non
702 2638 800 2668 esset
829 2629 859 2667 si
888 2629 1061 2680 quotidie
1090 2641 1214 2667 novas
1242 2629 1392 2668 animas

318 2686 467 2723 faceret.
484 2686 578 2723 Non
596 2684 710 2733 igitur
724 2684 772 2721 de
793 2696 900 2722 novo
915 2683 1069 2721 animae
1089 2684 1287 2722 humanae
1308 2696 1391 2722 esse

318 2739 517 2789 incipiunt,
547 2739 615 2776 sed
643 2751 666 2776 a
694 2737 885 2788 principio
914 2737 1052 2775 mundi
1080 2737 1248 2775 fuerunt.

371 2794 533 2842 Propter
561 2793 631 2830 has
660 2803 751 2841 ergo
781 2799 818 2828 et
846 2791 989 2829 similes
1018 2791 1186 2828 rationes
1214 2791 1389 2841 quidam,

317 2846 579 2884 aeternitatem
609 2845 747 2883 mundi
774 2853 976 2895 ponentes,
1006 2844 1185 2883 dixerunt
1217 2844 1391 2883 animam

317 2901 545 2946 humanam,
562 2899 659 2937 sicut
669 2907 724 2937 est
739 2898 1049 2949 incorruptibiliS,
1065 2898 1116 2936 ita
1126 2906 1163 2936 et
1173 2898 1222 2936 ab
1232 2906 1390 2936 aeterno

317 2953 443 2991 fuisse.
473 2953 588 2991 Unde
616 2953 683 3002 qui
712 2960 929 3002 posuerunt
948 2952 1098 2990 animas
1127 2953 1322 2990 humanas
1351 2952 1391 2990 in

317 3007 376 3044 sui
395 3006 640 3044 multitudine
661 3019 743 3044 esse
762 3006 1012 3053 immortales,
1033 3005 1174 3044 scilicet
1192 3006 1390 3053 Platonici,

316 3068 531 3109 posuerunt
550 3061 707 3098 easdem
728 3060 776 3097 ab
797 3068 953 3098 aeterno
972 3059 1099 3106 fuisse,
1120 3068 1157 3097 et
1180 3071 1287 3097 nunc
1305 3060 1390 3109 qui·

317 3114 407 3151 dem
436 3114 665 3164 corporibus
684 3113 797 3160 uniri,
818 3126 924 3151 nunc
947 3121 1077 3151 autem
1107 3125 1129 3150 a
1158 3113 1390 3163 corporibus

318 3167 475 3213 absolvi,
504 3169 578 3205 hac
605 3167 866 3205 vicissitudine
896 3167 1114 3205 secundum
1135 3166 1389 3205 determinata

318 3232 512 3258 annorum
540 3220 730 3258 curricula
758 3221 962 3258 observata
975 3220 1007 3258 ⁹¹³.
1034 3242 1060 3247 -
1086 3220 1166 3267 Qui
1195 3232 1289 3258 vero
1318 3232 1388 3270 po-

318 3282 477 3311 suerunt
495 3274 645 3311 animas
665 3275 858 3312 humanas
882 3286 965 3311 esse
985 3273 1224 3311 immortales
1249 3286 1386 3312 secun—

369 3422 379 3440 ι
403 3422 463 3440 esse
480 3415 601 3448 incipere]
622 3423 680 3440 esse
700 3420 725 3440 et
748 3415 862 3448 incipere
881 3415 971 3447 EWY,
990 3415 1104 3448 incipere
1123 3420 1149 3440 et
1171 3422 1231 3440 esse
1250 3415 1284 3446 G,
1301 3422 1362 3441 eene
1381 3415 1404 3441 ei
1423 3415 1536 3448 incipere
1554 3416 1584 3446 Z,
1606 3415 1722 3448 incipere
1740 3415 1772 3441 N.

1286 3450 1318 3476 16
1336 3456 1378 3476 est
1395 3451 1443 3477 alr.
1463 3450 1530 3485 loco]
1550 3456 1592 3477 est
1609 3451 1688 3477 etiem
1708 3450 1757 3477 Pd-

315 3485 435 3518 cipalium
454 3485 574 3519 partium]
596 3486 706 3518 partium
726 3486 903 3520 principalium
925 3487 968 3517 Pe,
987 3486 1143 3520 principium
1163 3486 1275 3519 partium
1294 3486 1353 3517 GH,
1372 3486 1481 3520 princi-¹·
1499 3487 1610 3519 partium
1630 3486 1660 3518 Ε,
1679 3485 1814 3519 (suorum)
1827 3484 2014 3520 principiorum
2034 3484 2146 3518 partium
2166 3483 2243 3508 ΝΥΖ.

688 3521 721 3546 30
740 3521 860 3556 partium]
881 3530 989 3547 sum-um
1008 3522 1121 3555 partium
1142 3521 1227 3552 oeDW,
1242 3529 1349 3547 suarum
1368 3522 1400 3547 X.

923 3565 957 3590 4²
978 3558 1011 3583 ita
1031 3557 1066 3591 et]
1085 3563 1111 3583 et
1129 3558 1165 3583 itu
1183 3557 1212 3588 Β,
1231 3558 1265 3582 ita
1285 3557 1349 3589 WZ,
1368 3558 1402 3583 ita
1422 3558 1499 3583 etiam
1518 3565 1541 3587 c,
1561 3558 1596 3583 ita
1614 3558 1692 3583 etium
1711 3563 1738 3583 et
1756 3557 1804 3583 Pd.

315 3457 420 3483 semper
438 3451 498 3476 hom
517 3458 560 3476 om
579 3450 634 3476 CG.
720 3458 748 3476 ιι
772 3451 868 3484 Omne]
889 3451 928 3476 De
946 3459 979 3476 eo
997 3451 1092 3483 NYzb,
1116 3451 1149 3476 de
1167 3450 1197 3475 E.

315 3519 341 3545 in
358 3521 479 3546 universo
493 3521 602 3548 aDWX.

315 3555 449 3582 eDWch.
538 3564 573 3588 40
593 3556 663 3589 ergo]
684 3563 771 3582 autem
792 3557 833 3583 Pc.

315 3597 358 3615 om
376 3591 476 3617 EGYZ.
564 3600 598 3624 47
618 3592 674 3625 hac]
695 3600 724 3617 ac
742 3593 771 3618 Ρ.

370 3633 402 3650 ιο
422 3627 520 3660 imbuti]
540 3628 644 3652 imbutis
663 3628 714 3653 «X.

316 3660 398 3685 forma
417 3662 465 3686 αΧ.

317 3701 356 3720 e‹t
374 3696 498 3729 possibile
516 3697 602 3722 vivere
620 3698 662 3729 W,
682 3699 752 3731 quod
772 3700 876 3731 quidem
898 3706 937 3725 est
956 3701 1069 3732 potentia
1088 3700 1177 3725 vivum
1196 3700 1239 3725 Pe.

800 3628 829 3653 15
851 3629 941 3663 fuisse]
961 3637 1020 3654 esse
1040 3629 1126 3654 abre.

1212 3635 1241 3654 αι
1265 3628 1298 3662 et]
1319 3636 1364 3654 eas
1382 3628 1490 3654 addunt
1503 3629 1649 3655 «DWXPc.

1447 2575 1593 2626 aliquid
1622 2576 1670 2613 de
1699 2575 1872 2626 potentia
1908 2575 1946 2614 in
1983 2584 2126 2614 actum.
2163 2576 2275 2615 Prius
2310 2575 2425 2626 igitur
2455 2577 2526 2616 fuit

1447 2641 1594 2676 semen,
1623 2629 1732 2680 quod
1761 2638 1817 2667 est
1845 2629 2017 2680 potentia
2044 2629 2183 2668 vivum
2204 2629 2235 2677 ¹⁸⁸,
2272 2642 2392 2681 quam
2426 2639 2525 2670 esset

1446 2695 1589 2730 anima,
1619 2695 1721 2733 quae
1749 2692 1806 2721 est
1833 2692 1943 2722 actus
1970 2692 2083 2722 Vitae.

1500 2737 1654 2775 Adhuc.
1691 2736 1913 2787 Unicuique
1947 2738 2097 2776 formae
2132 2739 2307 2776 naturale
2342 2746 2399 2776 est
2433 2749 2524 2789 pro-

1406 2810 1433 2831 ω
1445 2790 1552 2841 priae
1590 2790 1775 2828 materiae
1813 2791 1933 2829 uniri:
1972 2791 2145 2842 alioquin
2184 2791 2439 2830 constitutum
2475 2803 2523 2830 ex

1446 2844 1572 2882 forma
1600 2853 1636 2882 et
1664 2844 1825 2883 materia
1853 2853 1953 2882 esset
1978 2845 2123 2896 aliquid
2151 2853 2304 2896 praeter
2330 2852 2522 2884 naturam.

1446 2897 1558 2936 Prius
1578 2906 1710 2936 autem
1730 2897 1949 2937 attribuitur
1966 2897 2180 2950 unicuique
2202 2898 2312 2950 quod
2340 2897 2524 2937 convenit

1446 2951 1481 2989 ei
1509 2952 1728 2990 secundum
1757 2960 1950 2999 naturam,
1979 2965 2101 3003 quam
2137 2952 2247 3002 quod
2275 2951 2459 2991 convenit
2486 2951 2523 2991 ei

1445 3013 1598 3055 praeter
1611 3013 1808 3044 naturam:
1825 3006 1934 3056 quod
1949 3005 2056 3044 enim
2075 3005 2259 3044 convenit
2278 3005 2394 3045 alicui
2410 3017 2523 3057 prae·

1405 3078 1428 3099 ις
1445 3066 1503 3096 ter
1530 3066 1709 3097 naturam
1739 3059 1838 3097 inest
1865 3059 1901 3097 ei
1928 3071 2000 3110 per
2026 3059 2217 3106 accidens,
2247 3060 2357 3110 quod
2389 3066 2524 3098 autem

1444 3112 1628 3150 convenit
1665 3114 1884 3151 secundum
1919 3121 2100 3151 naturam
2142 3113 2240 3151 inest
2275 3113 2309 3150 ei
2351 3124 2424 3164 per
2460 3123 2521 3160 se;

1444 3166 1546 3217 quod
1571 3171 1695 3204 autem
1719 3179 1793 3218 per·
1811 3167 1984 3205 accidens
2012 3172 2075 3214 est,
2094 3179 2243 3218 semper
2265 3167 2452 3218 posterius
2470 3171 2523 3204 est

1443 3232 1487 3258 eo
1517 3220 1618 3270 quod
1643 3226 1695 3258 est
1717 3233 1791 3271 per
1817 3233 1858 3258 se
1870 3219 1902 3258 *.
1936 3219 2103 3259 Animae
2138 3219 2252 3270 igitur
2285 3218 2394 3270 prius
2428 3230 2521 3258 con-

1443 3273 1548 3311 venit
1576 3286 1660 3311 esse
1689 3273 1839 3312 unitam
1862 3273 2016 3324 corpori
2043 3285 2165 3323 quam
2193 3285 2277 3311 esse
2305 3285 2327 3311 a
2353 3284 2519 3322 corpore

1857 3422 1874 3449 9
1893 3419 1924 3440 ut
1941 3414 1975 3440 eit
1993 3419 2100 3447 semper
2117 3419 2160 3438 on·
2183 3412 2262 3443 ΧΡᾰς
2287 3411 2365 3442 Quod
2389 3418 2520 3440 auten...

1843 3458 1854 3477 ι
1895 3454 1984 3476 nutem
2003 3449 2047 3475 Ita
2065 3447 2138 3478 mm
2157 3455 2200 3474 om
2219 3448 2311 3474 cereri.
2396 3455 2431 3482 ²⁴
2449 3448 2520 3483 prin-

2332 3491 2345 3508 2
2384 3483 2518 3519 naheren)

1462 3536 1466 3540 ·
1488 3521 1519 3547 33
1540 3521 1763 3555 argumentantur]
1783 3526 1927 3555 arguuntur
1945 3519 2022 3551 BFH,
2035 3523 2147 3552 annunt
2164 3519 2207 3544 W.
2287 3519 2319 3545 38
2340 3491 2373 3545 d9e
2390 3526 2462 3546 novo
2473 3527 2518 3546 σοι

1885 3555 1920 3588 4⁵
1939 3560 1966 3581 et
1983 3562 2098 3581 nunc...
2117 3554 2160 3580 b3
2180 3555 2212 3579 ab
2231 3561 2339 3581 aeterno
2357 3554 2438 3581 fulcu
2455 3555 2517 3582 hon·

1735 3635 1769 3660 ²4
1787 3628 1894 3653 veritate
1914 3626 1956 3652 Ita
1974 3626 2033 3656 ΝΡ;
2053 3626 2151 3652 veritati
2164 3626 2254 3652 ceteri.
2341 3625 2374 3652 33
2394 3625 2515 3660 formum]

556 3662 587 3694 37
607 3664 678 3695 quod
698 3669 737 3688 est
756 3665 869 3696 potentia
888 3664 984 3698 vivum]
1005 3672 1073 3698 quae
1092 3665 1155 3690 dum
1174 3663 1223 3697 (q'd
1241 3664 1261 3689 F
1265 3665 1297 3695 Η,
1317 3664 1388 3725 qpod
1402 3664 1436 3698 X)
1457 3670 1497 3706 est
1516 3665 1755 3725 poniggiqgivum
1774 3662 1875 3694 brux,
1889 3669 1958 3695 quae
1977 3663 2010 3687 de
2029 3662 2122 3687 eodem
2143 3662 2277 3695 possibilis
2297 3669 2379 3687 unum
2399 3662 2429 3693 C,
2444 3662 2516 3696 quod

1351 3707 1368 3733 9
1387 3707 1508 3733 propriae
1527 3706 1570 3725 om
1679 3717 1687 3725 .

1777 3697 1812 3730 46
1831 3697 1960 3732 convenit}
1980 3698 2003 3723 ei
2023 3698 2143 3723 convenit
2163 3698 2207 3724 Pe.

1408 2268 1434 2289 ιο
1447 2266 1470 2291 a
1498 2253 1638 2291 mundi
1657 2253 1942 2291 constitutione.
1963 2254 2085 2302 Quod
2113 2253 2276 2305 quidem
2295 2255 2452 2294 videtur
2468 2255 2526 2295 in-
2547 2287 2553 2292 .

2553 2372 2562 2381 '
2578 2371 2635 2400 Cep.
2650 2378 2733 2394 ιιινιιι.

2552 2697 2604 2720 eep.
2615 2697 2652 2714 ιιι.

2550 3226 2559 3236 ·
2574 3224 2629 3248 Vffl
2645 3225 2679 3248 Plu
2697 3232 2726 3253 t..

2549 3251 2665 3280 7;1.Τὴ.
2682 3259 2723 3282 ¹⁹·
