2768 4134
30 1972 39 1981 ·
55 1971 90 1992 ef.
109 1970 241 1992 comment.

30 1997 242 2045 ramesta-

115 2040 120 2046 .
145 2040 151 2051 ‚
237 2041 242 2046 .

277 295 352 342 278

274 372 383 422 quod
412 370 530 407 solius
559 366 730 404 hominis
759 374 814 403 est
842 376 923 402 non
951 363 1094 414 patitur
1122 362 1276 400 alterius
1295 361 1349 398 rei

275 433 422 462 natura.
453 423 511 459 Ex
531 422 608 458 hoc
628 431 718 469 ergo
739 419 847 469 quod
867 425 1004 455 natura
1024 424 1221 454 creaturae
1241 415 1348 464 igno-

275 485 388 522 ratur,
407 474 627 526 praedictus
655 485 763 510 error
791 471 986 519 contingit.
1018 471 1066 507 Et
1090 477 1224 507 contra
1243 470 1349 507 hunc

274 541 445 568 errorem
473 527 614 565 dicitur
641 529 728 577 Sap.
749 539 809 564 xiv
819 529 860 562 ²¹:
890 524 1254 562 Incommunicahile
1282 535 1348 560 no-

759 286 947 324 SUMMA
976 285 1199 322 CONTRA
1228 282 1505 328 GENTILES,
1534 282 1628 319 LlB.
1650 283 1692 327 Il,
1723 281 1834 318 CAP.
1856 282 1914 327 111,
1943 282 2004 318 1V.

1404 361 1505 398 dinis
1525 361 1565 398 in
1580 359 1777 407 universo,
1793 360 1988 410 aliquibus
2007 360 2192 398 creaturis
2211 373 2252 398 se
2271 370 2380 411 putat
2398 375 2482 400 esse

1405 414 1623 452 subiectum
1658 413 1802 464 quibus
1831 414 2010 465 superior
2037 421 2112 451 est:
2143 421 2186 451 ut
2212 422 2317 464 patet
2345 414 2384 451 in
2412 416 2482 453 illis

1404 468 1472 518 qui
1493 469 1711 505 voluntates
1730 468 1941 506 hominum
1961 467 2070 506 astris
2088 476 2329 518 supponunt,
2349 476 2483 508 contra

1404 535 1506 572 quos
1534 521 1674 559 dicitur
1696 523 1834 559 Ierem.
1854 525 1912 569 x²,
1941 523 1977 559 Α
2004 523 2123 572 signis
2151 521 2248 559 caeli
2275 523 2388 559 nolite
2405 535 2481 559 me-

274 596 356 620 men
377 583 491 632 lignis
511 588 544 618 et
562 581 746 631 lapidibus
765 582 1032 629 imposuerunt.
1056 578 1097 614 In
1118 578 1224 614 hunc
1244 588 1348 614 erro-
1372 594 1380 614 ς
1404 582 1519 622 tuere,
1545 588 1642 625 quae
1667 581 1798 626 gentes
1825 578 1971 620 timent,·
1999 583 2036 613 et
2063 575 2103 613 in
2132 575 2204 613 illis
2231 575 2300 625 qui
2326 577 2484 623 angelos

274 649 356 674 rem
383 636 567 673 labuntur
592 635 660 684 qui
686 645 818 671 rerum
845 631 1093 676 creationem,
1116 632 1179 668 vel
1201 631 1348 668 futuro-

273 702 360 727 rum
390 688 663 738 cognitionem,
684 689 746 724 vel
765 686 1046 724 miraculorum
1066 684 1348 734 operationem,

272 743 354 781 aliis
382 742 507 780 causis
536 754 658 792 quam
686 743 771 779 Deo
801 738 1035 777 adscribunt.

326 797 460 834 Tertio
488 808 595 842 vero,
625 808 670 832 ex
705 796 781 832 hoc
814 793 921 843 quod
958 791 1113 829 divinae
1149 790 1280 829 virtuti
1308 791 1348 828 in

273 859 466 888 creaturas
481 849 657 900 operanti
677 847 821 898 aliquid
837 845 1050 884 detrahitur
1063 857 1134 895 per
1148 846 1225 882 hoc
1239 845 1348 895 quod

274 913 471 942 creaturae
491 912 628 941 natura
648 902 855 951 ignoratur.
887 899 994 938 Sicut
1013 907 1117 950 patet
1140 898 1180 936 in
1201 898 1260 936 his
1281 898 1348 948 qui

274 959 354 996 duo
383 970 514 995 rerum
542 955 730 1006 principia
749 953 1004 999 constituunt3
1035 961 1071 990 et
1099 952 1167 1002 qui
1187 965 1247 990 res
1266 964 1347 990 non

273 1025 319 1049 ex
349 1011 480 1049 divina
508 1012 717 1055 voluntate,
747 1008 815 1045 sed
851 1020 898 1045 ex
933 1005 1158 1044 necessitate
1188 1014 1348 1043 naturae

273 1078 295 1102 a
324 1066 409 1102 Deo
437 1064 648 1114 procedere
677 1069 872 1107 asserunt;
903 1069 939 1098 et
966 1060 1018 1098 illi
1047 1059 1164 1098 etiam
1188 1059 1256 1110 qui
1276 1072 1348 1106 res,

274 1120 334 1155 vel
371 1130 510 1156 omnes
548 1118 609 1154 vel
646 1116 853 1166 quasdam,
888 1113 1042 1152 divinae
1080 1113 1349 1163 providentiae

273 1172 519 1216 subtrahunt;
549 1179 615 1208 aut
644 1182 731 1207 eam
760 1181 875 1219 posse
904 1176 1056 1218 praeter
1082 1168 1239 1205 solitum
1263 1180 1349 1205 cur-

272 1237 360 1262 sum
389 1224 540 1274 operari
569 1231 720 1272 negant.
752 1224 859 1260 Haec
887 1222 993 1259 enim
1026 1221 1160 1259 omnia
1193 1221 1348 1259 divinae

273 1279 457 1327 derogant
476 1277 664 1328 potestati.
693 1278 839 1315 Contra
863 1288 964 1326 quos
983 1275 1123 1314 dicitur
1141 1277 1211 1313 Iob
1225 1279 1346 1313 xxu¹⁷:

278 1333 397 1375 Quasi
423 1333 514 1370 nihil
535 1333 652 1382 possit
668 1332 807 1380 facere
829 1331 1082 1380 Omnipotens,
1103 1331 1349 1367 aestimabant

1404 637 1596 667 creatores
1616 629 1839 667 animarum
1859 629 2094 676 existimant;
2125 637 2161 667 et
2185 629 2336 667 animas
2356 628 2483 666 homi-

1406 695 1502 720 num
1532 695 1616 720 esse
1645 684 1844 730 mortales;
1874 691 1911 720 et
1939 682 1969 720 si
1998 695 2077 733 qua
2105 682 2244 721 similia
2271 682 2483 720 hominum

1404 738 1591 785 derogant
1620 736 1802 785 dignitati.

1459 790 1523 828 Sic
1546 803 1637 839 ergo
1663 798 1766 839 patet
1788 790 1925 828 falsam
1949 802 2033 827 esse
2058 791 2311 839 quorundam
2331 798 2483 827 senten-

1377 844 1498 882 otiam
1522 844 1591 894 qui
1615 843 1796 882 dicebant
1823 843 1920 881 nihil
1948 843 2132 881 interesse
2155 844 2206 882 ad
2229 844 2323 882 fidei
2346 843 2483 882 verita-

1403 906 1483 936 tem
1503 898 1598 948 quid
1618 898 1667 936 de
1687 898 1872 936 creaturis
1890 896 2058 947 quisque
2078 896 2244 944 sentiret,
2260 898 2482 935 dummodo

1403 952 1504 990 circa
1524 953 1655 990 Deum
1685 959 1785 989 recte
1814 951 2011 998 sentiatur,
2031 959 2074 989 ut
2093 950 2332 1000 Augustinus
2355 959 2484 989 narrat

1405 1005 1443 1043 in
1473 1005 1571 1043 libro
1600 1006 1647 1043 de
1677 1006 1837 1057 Origine
1863 1007 2028 1043 Animae
2045 1005 2081 1042 *ε
2112 1017 2207 1043 narn
2243 1015 2351 1042 error
2382 1003 2483 1043 circa

1404 1067 1599 1097 creaturas
1628 1060 1821 1098 redundat
1844 1059 1885 1097 in
1909 1059 2046 1097 salsam
2065 1059 2114 1096 de
2133 1059 2220 1096 Deo
2241 1057 2483 1106 sententiam,

1365 1130 1387 1150 ις
1405 1122 1441 1150 et
1456 1113 1666 1151 hominum
1687 1121 1838 1151 mentes
1857 1126 1880 1151 a
1897 1114 1984 1151 Deo
2004 1112 2173 1156 abducit,
2189 1112 2230 1150 in
2249 1124 2371 1162 quem
2385 1111 2485 1150 fides

1404 1166 1566 1216 dirigere
1586 1166 1729 1214 nititur,
1750 1167 1848 1205 dum
1869 1167 1972 1217 ipsas
1990 1165 2230 1216 quibusdam
2250 1165 2332 1203 aliis
2358 1165 2484 1203 causis

1405 1220 1601 1271 supponit.

1459 1275 1507 1312 Et
1535 1274 1625 1312 ideo
1655 1273 1725 1312 illis
1749 1274 1818 1324 qui
1843 1273 1945 1312 circa
1968 1281 2163 1312 creaturas
2189 1281 2318 1312 errant
2336 1284 2485 1324 poenas

1404 1328 1502 1366 sicut
1526 1327 1750 1366 infidelibus
1775 1326 1974 1378 Scriptura
1996 1327 2272 1374 comminatur,
2292 1326 2426 1366 dicens
2444 1325 2496 1364 in*

2511 1005 2616 1054 :verdum
2626 1004 2667 1032 ιν,
2675 1010 2728 1033 cap.

272 1399 375 1431 eum;
405 1394 441 1423 et
470 1388 556 1436 Sap.
578 1389 676 1423 X11¹7:
707 1387 883 1423 Virtutem
913 1384 1072 1422 ostendis
1099 1390 1150 1430 tu,
1181 1386 1245 1434 qui
1271 1395 1347 1420 non
1364 1398 1389 1413 ιο
1404 1383 1562 1420 Psalmo
1581 1382 1616 1420 ³⁸:
1643 1383 1835 1425 Quoniam
1865 1395 1940 1420 non
1971 1382 2233 1420 intellexerunt
2261 1393 2378 1432 opera
2406 1382 2484 1419 Do-
2514 1381 2523 1390 '
2538 1372 2694 1408 ¹⁵⁸·¹¹'¹¹·⁵‘

272 1441 434 1478 crederis
461 1452 540 1477 esse
567 1441 604 1476 in
634 1441 767 1477 virtute
793 1444 1084 1476 consummatus.

326 1494 488 1541 Quarto.
506 1494 651 1539 Homo,
668 1492 735 1543 qui
755 1504 825 1542 per
843 1491 965 1529 fidem
985 1491 1024 1529 in
1044 1492 1175 1529 Deum
1195 1490 1350 1529 ducitur

273 1547 370 1585 sicut
390 1547 429 1584 in
448 1547 631 1585 ultimum
651 1546 785 1593 finem,
806 1558 852 1584 ex
877 1547 954 1584 hoc
973 1545 1081 1596 quod
1106 1545 1256 1594 ignorat
1282 1557 1348 1582 na—

273 1610 378 1639 turas
407 1614 550 1646 rerum,
580 1609 616 1638 et
644 1613 715 1651 per
742 1612 989 1650 consequens
1016 1599 1182 1649 gradum
1202 1598 1262 1636 sui
1287 1611 1348 1636 or-

328 1716 361 1742 16
380 1725 439 1742 eam
459 1717 501 1742 Ita
521 1717 557 1747 D;
576 1724 637 1742 eum
656 1716 748 1742 ceteri.

329 1752 342 1778 3
362 1752 518 1786 voluntates]
538 1753 700 1778 voluntatem
719 1752 752 1778 D.

273 1788 335 1814 tiam
353 1789 435 1815 ceteri
440 1796 449 1818 ,·
467 1790 502 1822 ef.
515 1796 575 1821 cap.
588 1784 644 1815 83.
658 1788 793 1814 Praeterea
813 1788 835 1813 si
854 1788 896 1813 ita.

838 1723 918 1749 posse
939 1716 981 1741 Ita
999 1715 1174 1746 GWXYZbc3
1195 1723 1247 1740 non
1266 1722 1347 1748 posse
1364 1715 1456 1740 ceteri.

843 1752 856 1776 5
878 1757 904 1777 et
922 1752 948 1777 in
966 1752 1019 1776 illis
1040 1751 1082 1776 Ita
1101 1751 1197 1782 oxma
1216 1751 1244 1776 in
1261 1751 1313 1776 illis
1333 1758 1358 1782 α,
1378 1756 1403 1775 et
1421 1750 1472 1775 illis
1491 1750 1624 1781 EGNWb,
1643 1756 1669 1775 et
1687 1750 1748 1776 illos
1760 1749 1792 1781 Y,
1812 1755 1837 1775 et
1855 1749 1892 1775 illi
1906 1749 1934 1775 Z.

990 1787 1022 1812 23
1042 1786 1105 1821 non]
1125 1794 1173 1812 nec
1193 1787 1245 1818 ΒΡ,
1264 1786 1297 1812 Et
1315 1794 1368 1811 non
1388 1787 1412 1812 b.

1404 1438 1500 1474 mini
1525 1443 1559 1474 et
1587 1439 1624 1474 in
1659 1449 1776 1486 opera
1810 1448 1994 1474 manuum
2030 1437 2120 1482 eius,
2150 1436 2315 1474 destrues
2342 1435 2424 1472 illos
2452 1440 2486 1472 et

1405 1503 1480 1528 non
1514 1491 1731 1539 aedificabis
1758 1502 1840 1535 eos‚·
1867 1498 1904 1528 et
1938 1492 2025 1540 Sap.
2054 1493 2125 1527 11²¹:
2155 1491 2269 1528 Haec
2295 1491 2484 1541 cogitaue-

1405 1551 1492 1582 runt
1510 1551 1543 1582 et
1563 1550 1798 1590 erraverunt,
1827 1551 1864 1581 et
1892 1543 2100 1592 subiungit,
2126 1556 2200 1582 non
2226 1544 2486 1583 iudicaverunt

1403 1599 1587 1636 honorem
1615 1601 1833 1636 animarum
1861 1604 2092 1636 sanctarum.

1548 1721 1580 1739 22
1601 1713 1711 1748 Quarto]
1731 1721 1763 1739 ex
1781 1713 1832 1739 hoc
1851 1713 1924 1746 quod
1942 1713 2023 1739 addit
2041 1713 2072 1738 D.

2029 1756 2063 1781 ¹⁴
2081 1749 2238 1775 sententiam
2259 1749 2302 1775 Ita
2321 1749 2383 1781 DN3
2402 1749 2487 1776 teia:-

1037 1875 1374 1909 Commentaria
1405 1874 1719 1908 Fax-ramensis

315 1975 440 1996 reconna
463 1964 633 1995 conclusio
659 1965 751 1994 est*:
779 1963 989 2005 Cognoscere
1014 1968 1152 1993 naturas
1181 1967 1351 1993 creatura—

274 1976 403 2045 Srum,
428 2009 530 2040 modo
562 2009 684 2039 scilicet
717 2008 865 2048 exposito
900 2009 933 2038 in
963 2007 1170 2048 praecedenti
1201 2007 1305 2048 capite
1322 2007 1349 2042 ἃ,

272 2055 359 2086 valet
381 2053 425 2085 ad
447 2053 678 2084 destruendum
702 2063 833 2084 errores
856 2053 912 2094 qui
936 2053 1026 2083 circa
1049 2052 1156 2083 Deum
1180 2057 1266 2082 sunt.

327 2099 494 2130 Probatur.
523 2098 655 2129 Errores
680 2098 737 2138 qui
761 2098 845 2128 circa
873 2103 1050 2128 creaturam
1083 2103 1158 2128 sunt
1187 2096 1350 2128 interdum
1376 2107 1379 2132 ι

1384 1965 1388 1968 ”
1406 1968 1531 1997 serunt;
1549 1961 1694 1992 similiter
1707 1962 1764 2002 qui
1777 1960 1920 1992 divinam
1932 1960 2182 2002 providentiam,
2195 1966 2227 1992 et
2239 1961 2348 1992 Deum
2359 1967 2486 2002 praeter

1405 2006 1539 2038 solitum
1561 2015 1693 2037 cursum
1716 2011 1850 2037 naturae
1866 2015 1962 2046 agere
1985 2014 2093 2046 posse,
2112 2011 2242 2046 negant.
2261 2005 2385 2038 Contra
2399 2015 2486 2048 quoa

1376 2059 1379 2101 ff
1405 2057 1452 2082 est
1477 2051 1535 2081 Iob
1552 2061 1626 2087 xxn,
1645 2050 1750 2088 Quasi
1774 2050 1856 2081 nihil
1879 2057 1946 2087 etc;
1971 2056 2003 2081 et
2026 2049 2102 2091 Sap.
2119 2060 2174 2088 ιιι,
2195 2050 2352 2082 Virtutem
2376 2056 2439 2084 etc.

1465 2095 1612 2133 Quartus
1629 2102 1676 2127 est
1693 2105 1808 2127 eorum
1825 2096 1892 2136 qui,
1909 2105 1947 2126 ex
1965 2096 2146 2136 ignorantia
2160 2095 2279 2136 gradus
2294 2096 2346 2127 sui
2361 2095 2484 2128 ordinis

272 2154 289 2174 a
306 2143 379 2175 fidei
397 2144 528 2174 veritate
552 2142 727 2180 abducunt,
745 2142 925 2173 secundum
942 2141 1032 2183 quod
1049 2151 1143 2172 verae
1160 2141 1221 2172 Dei
1238 2142 1350 2182 cogni·
1376 2133 1379 2183 f
1405 2141 1437 2171 in
1463 2142 1626 2177 universo,
1650 2146 1767 2181 putant
1790 2141 1959 2171 hominem
1990 2140 2106 2172 subiici
2129 2141 2168 2172 iis
2194 2141 2314 2182 quibus
2337 2141 2485 2183 superior

271 2189 353 2220 tioni
377 2194 567 2229 repugnant.
592 2188 679 2229 Ergo
703 2187 804 2228 ipsius
829 2193 992 2218 creaturae
1017 2187 1162 2228 cognitio
1191 2186 1277 2217 utilis
1304 2192 1351 2217 est
1376 2186 1378 2222 Ξ
1405 2191 1466 2216 est:
1498 2192 1533 2217 ut
1565 2192 1640 2217 sunt
1667 2186 1723 2227 qui
1755 2185 1939 2216 voluntates
1962 2185 2135 2217 hominum
2159 2185 2250 2217 astris
2281 2191 2486 2227 supponunt,

272 2233 311 2264 ad
336 2243 460 2264 errores
483 2234 566 2264 circa
591 2233 698 2264 Deum
722 2231 944 2263 destruendos.
958 2251 979 2255 —
997 2231 1242 2273 Consequentia
1263 2241 1300 2262 ex
1317 2241 1350 2262 se
1376 2223 1378 2264 ἶ

1405 2236 1517 2262 contra
1534 2240 1618 2271 quos
1635 2236 1682 2262 est
1695 2230 1810 2262 Ierem.
1822 2241 1852 2267 x,
1869 2231 1895 2261 A
1912 2230 2018 2272 signis
2033 2230 2118 2261 caeli
2133 2234 2211 2268 etc.;
2229 2237 2262 2262 et
2277 2231 2334 2272 qui
2350 2230 2485 2272 angelos

272 2284 368 2318 patet.
393 2297 414 2300 —
438 2277 644 2309 Antecedens
671 2283 780 2308 autem
811 2277 966 2318 probatur
989 2286 1047 2318 per
1071 2277 1349 2308 enumerationem
1376 2274 1378 2308 l
1405 2276 1587 2306 animarum
1603 2281 1764 2307 creatores
1783 2274 1924 2312 faciunt;
1941 2281 1997 2306 aut
2012 2275 2098 2316 ipsas
2113 2275 2237 2306 animas
2253 2276 2406 2308 mortales
2421 2285 2486 2318 po-

273 2332 418 2354 errorum
442 2323 703 2363 provenientium
721 2331 758 2352 ex
775 2322 956 2362 ignorantia
971 2327 1105 2352 naturae
1122 2327 1350 2352 creaturarum.

329 2368 458 2398 Primus
482 2374 528 2398 est
552 2377 666 2397 eorum
688 2367 755 2407 qui,
772 2367 852 2397 nihil
876 2376 972 2407 supra
997 2366 1202 2407 corporalem
1226 2372 1350 2397 creatu-

272 2422 340 2443 ram
357 2413 584 2448 existimantes,
601 2411 749 2442 dixerunt
766 2417 944 2442 creaturam
961 2411 1102 2452 aliquam
1120 2411 1257 2452 primam
1275 2421 1350 2442 cau-

273 2466 340 2488 sam
357 2467 425 2488 esse
443 2463 474 2488 et
487 2457 607 2487 Deum:
626 2457 708 2487 sicut
724 2462 884 2497 ponentes
897 2455 1132 2497 quodcumque
1149 2465 1268 2496 corpus
1281 2465 1349 2487 esse

273 2502 390 2533 Deum.
416 2502 465 2532 De
482 2502 600 2542 quibus
618 2501 652 2531 fit
668 2502 792 2532 mentio
810 2501 884 2541 Sap.
899 2511 963 2537 xm,
985 2500 1050 2537 Qui
1074 2506 1132 2532 aut
1155 2501 1263 2543 ignem
1288 2506 1348 2532 etc.

328 2546 496 2577 Secundus
519 2552 566 2577 est
590 2555 705 2577 eorum
730 2547 786 2586 qui
812 2556 847 2576 ea
873 2555 956 2586 quae
981 2546 1081 2576 solius
1112 2546 1171 2576 Dei
1204 2551 1289 2582 sunt,
1314 2551 1350 2576 ut

273 2601 389 2628 creare,
407 2591 514 2622 futura
531 2599 739 2631 cognoscere,
754 2591 907 2621 miracula
921 2591 1057 2630 operari,
1072 2596 1102 2621 et
1119 2590 1244 2627 similia,
1263 2591 1349 2621 attri-
1374 2591 1376 2616 i

1405 2326 1501 2357 nunt;
1519 2327 1551 2352 et
1574 2321 1601 2351 si
1625 2330 1690 2362 qua
1705 2320 1767 2352 alia
1782 2319 1939 2361 derogant
1954 2320 2097 2352 hominis
2113 2319 2270 2361 dignitati.
2289 2320 2353 2352 Hic
2372 2326 2484 2356 autem

1405 2374 1493 2396 error
1517 2375 1534 2396 a
1560 2365 1631 2396 Deo
1655 2365 1796 2397 abducit.
1822 2364 1910 2396 Cum
1928 2365 2016 2396 enim
2038 2363 2117 2396 fides
2141 2365 2310 2397 hominem
2327 2365 2425 2397 ducat
2446 2366 2482 2402 ia

1376 2403 1377 2445 Ῑ
1405 2410 1511 2441 Deum
1529 2411 1611 2441 sicut
1628 2411 1661 2441 in
1678 2410 1829 2441 ultimum
1847 2409 1947 2441 finem
1963 2416 1995 2441 et
2011 2410 2150 2451 primam
2166 2419 2308 2447 causam,
2325 2410 2378 2442 hic
2395 2419 2484 2442 error

1404 2461 1534 2486 amovet
1558 2455 1727 2486 hominem
1751 2456 1790 2486 ab
1815 2455 1887 2496 ipso
1911 2454 2029 2486 ultimo
2053 2454 2128 2492 fine,
2153 2455 2245 2496 quasi
2262 2464 2329 2486 non
2354 2455 2424 2496 ipse
2447 2465 2481 2486 se

1404 2509 1536 2531 movere
1561 2499 1600 2530 ad
1625 2499 1732 2531 Deum
1758 2506 1792 2531 ut
1816 2499 1856 2531 ad
1880 2499 1980 2531 finem
2004 2500 2116 2541 possit,
2141 2499 2197 2531 sed
2221 2499 2290 2530 aliis
2314 2500 2419 2533 cautis
2441 2499 2481 2531 sit

1374 2544 1377 2589 ἶ
1403 2544 1443 2576 de
1467 2545 1656 2576 necessitate
1680 2545 1878 2586 suppositus.

1459 2589 1505 2620 Ex
1530 2590 1593 2620 hoc
1618 2589 1746 2621 eliditur
1771 2599 1859 2621 error
1883 2589 2060 2621 dicentium
2077 2589 2155 2620 nihil
2173 2590 2326 2620 interesse
2349 2589 2391 2622 ad
2406 2588 2481 2622 fidei

271 2637 376 2667 buunt
399 2637 561 2667 creaturis.
579 2635 679 2674 Quod
696 2645 733 2666 ex
751 2641 914 2666 creaturae
938 2635 1118 2675 ignorantia
1138 2634 1347 2667 manifestum
1402 2635 1569 2666 veritatem
1605 2634 1685 2675 quid
1719 2633 1759 2666 de
1794 2635 1947 2666 creaturis
1981 2635 2146 2670 sentiatur,
2180 2633 2363 2667 dummodo
2398 2635 2482 2666 circa

271 2686 318 2711 est
342 2681 527 2722 provenire:
553 2681 629 2721 quia
654 2680 744 2720 quod
768 2686 880 2711 natura
905 2680 1040 2711 alicuius
1065 2689 1132 2711 non
1157 2680 1286 2721 patitur,
1319 2681 1347 2711 ei
1401 2679 1510 2710 Deum
1535 2685 1640 2710 rectus
1665 2679 1702 2710 sit
1727 2689 1854 2710 sensus:
1887 2686 1922 2710 ut
1953 2679 2157 2720 Augustinus
2186 2685 2302 2716 narrat,
2333 2680 2367 2712 in
2398 2680 2481 2712 libro

270 2735 336 2756 non
361 2725 543 2756 attribuitur
565 2726 626 2756 nisi
651 2726 727 2766 quia
752 2726 821 2756 eius
842 2730 954 2756 natura
971 2726 1151 2766 ignoratum
1176 2724 1267 2766 quod
1291 2734 1347 2756 au-

1401 2725 1441 2756 de
1468 2724 1608 2766 Origine
1632 2724 1778 2756 Animae.
1803 2725 1902 2756 Error
1925 2724 2012 2755 enim
2037 2724 2122 2755 circa
2145 2729 2306 2757 creaturae
2321 2723 2481 2756 redundat

270 2777 335 2800 tem
359 2771 459 2802 solius
483 2771 544 2801 Dei
568 2776 615 2801 est
646 2776 760 2801 natura
788 2776 951 2801 creaturae
979 2779 1047 2800 non
1071 2770 1199 2810 patitur.
1224 2769 1348 2801 Contra
1401 2770 1434 2800 in
1459 2768 1570 2800 falsam
1595 2769 1635 2800 de
1660 2769 1732 2800 Deo
1756 2769 1989 2810 cognitionem.
2015 2767 2110 2800 Unde
2134 2774 2166 2800 et
2190 2769 2368 2802 errantibus
2397 2770 2480 2801 circa

270 2815 357 2845 hunc
381 2824 523 2846 errorem
551 2821 598 2846 est
622 2814 697 2856 Sap.
723 2825 784 2851 xiv,
812 2815 1119 2846 Incommunicabile
1143 2824 1260 2845 nomen
1285 2820 1346 2846 etc.

330 2860 458 2891 Tertius
474 2866 521 2890 est
538 2869 653 2891 eorum
670 2860 726 2900 qui
751 2859 878 2890 divinae
895 2860 1002 2890 virtuti
1027 2860 1059 2890 in
1085 2865 1245 2891 creaturas
1267 2869 1346 2901 ope·
1372 2869 1374 2882 ³

270 2905 350 2936 ranti
376 2904 497 2945 aliquid
529 2903 715 2935 detrahunt:
748 2904 831 2935 sicut
863 2905 919 2945 qui
951 2903 1018 2935 duo
1049 2914 1154 2935 rerum
1188 2905 1346 2946 principia
1371 2892 1374 2926 Ι

270 2949 407 2986 faciunt3
432 2955 464 2980 et
487 2959 537 2980 res
561 2959 578 2980 a
603 2950 674 2980 Deo
692 2958 730 2980 ex
747 2950 936 2980 necessitate
959 2955 1093 2980 naturae
1109 2950 1281 2990 provenire
1298 2959 1347 2980 as·
1371 2948 1374 2990 ξ

1401 2820 1561 2846 creaturas
1591 2824 1715 2856 poenas
1738 2814 1902 2856 Scriptura
1931 2814 2014 2845 sicut
2043 2813 2228 2846 infidelibus
2252 2814 2480 2852 comminatur,

1401 2860 1433 2890 in
1458 2859 1587 2891 Psalmo
1612 2865 1643 2890 et
1667 2859 1854 2900 Sapientiae
1870 2870 1902 2890 n.

1456 2904 1551 2935 Circa
1582 2905 1660 2936 istos
1690 2914 1813 2936 errores
1846 2905 1905 2935 erit
1934 2903 2069 2935 inferius
2099 2903 2298 2945 particularis
2331 2903 2481 2936 conside—

1400 2950 1491 2980 ratio.
1517 2949 1594 2980 ldeo
1619 2950 1703 2981 circa
1727 2958 1784 2981 eos
1808 2958 1896 2981 nunc
1919 2949 2084 2980 immorari
2108 2957 2177 2980 non
2201 2954 2350 2991 oportet..
2383 2989 2386 2992 Δ
2410 2981 2414 2985 ,
2460 2970 2465 2975 »

1109 3065 1220 3069 ψ
1234 3046 1641 3089 ww—

906 3177 1394 3235 CAPITULUM
1432 3177 1841 3256 QUARTUM

457 3290 631 3343 QUOD
668 3288 895 3331 ALITER
930 3288 1326 3331 CONSIDERAT
1361 3291 1445 3331 DE
1479 3290 1829 3332 CREATURIS
1863 3288 2294 3332 PHILOSOPHUS

1128 3352 1207 3393 ET
1241 3352 1622 3395 THEOLOGUS

276 3490 284 3504 ⁹
331 3478 414 3522 '‘7³⁴“
443 3469 669 3509 saulaesrum
698 3465 754 3495 est
782 3465 913 3494 autem
939 3468 985 3494 ex
1011 3456 1215 3507 praedictis
1235 3458 1342 3506 quod

283 3516 289 3529 ¹
319 3512 412 3573 {⁴4⁷4
440 3510 447 3553 ἱ
487 3510 838 3548 considerationem
866 3510 967 3548 circa
999 3518 1193 3548 creaturas
1229 3511 1344 3549 habet

442 3578 452 3591 κ
487 3564 661 3601 doctrina
682 3564 772 3602 fidei
789 3563 1030 3601 Christianae
1051 3563 1283 3614 inquantum
1305 3563 1342 3602 in

334 3634 340 3641 ’
396 3608 409 3638 ,¹-
447 3641 452 3646 -
489 3617 542 3654 eis
562 3619 716 3655 resultat
737 3618 931 3667 quaedam
962 3616 1032 3656 Dei
1063 3617 1287 3664 similitudo,
1308 3627 1344 3655 et

272 3667 503 3717 inquantum
534 3682 640 3706 error
675 3670 711 3707 in
750 3671 840 3720 ipsis
876 3670 1022 3708 inducit
1051 3670 1088 3708 in
1119 3670 1342 3708 divinorum
1368 3690 1375 3709 ς

1397 3470 1582 3496 errorem.
1613 3458 1661 3496 Et
1690 3458 1744 3495 sic
1772 3457 1845 3496 alia
1874 3456 2021 3496 ratione
2047 3454 2306 3494 subiiciuntur
2324 3456 2477 3508 praedi-

1397 3519 1479 3549 ctae
1511 3511 1721 3557 doctrinae,
1751 3519 1788 3549 et
1816 3509 2087 3562 philosophiae
2122 3510 2332 3549 humanae.
2369 3510 2473 3548 Nam

1398 3564 1647 3615 philosophia
1685 3565 1860 3602 humana
1898 3575 1962 3601 eas
1999 3562 2218 3601 considerat
2255 3563 2473 3602 secundum

1399 3619 1506 3668 quod
1528 3617 1756 3656 huiusmodi
1776 3626 1880 3656 sunt:
1902 3617 2008 3656 unde
2027 3625 2063 3655 et
2083 3618 2303 3655 secundum
2324 3617 2475 3655 diversa

1400 3684 1530 3710 rerum
1555 3684 1695 3721 genera
1719 3671 1895 3709 diversae
1919 3679 2046 3721 partes
2070 3670 2344 3721 philosophiae
2369 3670 2474 3709 inve-
