<?xml version="1.0" encoding="UTF-8"?>
<!DOCTYPE html PUBLIC "-//W3C//DTD XHTML 1.0 Transitional//EN"
    "http://www.w3.org/TR/xhtml1/DTD/xhtml1-transitional.dtd">
<html xmlns="http://www.w3.org/1999/xhtml" xml:lang="en" lang="en">
 <head>
  <title>
</title>
<meta http-equiv="Content-Type" content="text/html;charset=utf-8" />
  <meta name='ocr-system' content='tesseract 3.04.00' />
  <meta name='ocr-capabilities' content='ocr_page ocr_carea ocr_par ocr_line ocrx_word'/>
</head>
<body>
  <div class='ocr_page' id='page_1' title='image "./operaomniaiussui13thom/operaomniaiussui13thom_0534.png"; bbox 0 0 2768 4134; ppageno 0'>
   <div class='ocr_carea' id='block_1_1' title="bbox 47 534 259 583">
    <p class='ocr_par' dir='ltr' id='par_1_1' title="bbox 47 534 259 583">
     <span class='ocr_line' id='line_1_1' title="bbox 50 534 259 561; baseline -0.014 -5"><span class='ocrx_word' id='word_1_1' title='bbox 50 536 58 544; x_wconf 91' lang='grc'>·</span> <span class='ocrx_word' id='word_1_2' title='bbox 70 534 104 556; x_wconf 83' lang='lat' dir='ltr'>Cf.</span> <span class='ocrx_word' id='word_1_3' title='bbox 116 539 191 561; x_wconf 85' lang='lat' dir='ltr'>supra,</span> <span class='ocrx_word' id='word_1_4' title='bbox 209 538 259 559; x_wconf 82' lang='lat' dir='ltr'>cap.</span> 
     </span>
     <span class='ocr_line' id='line_1_2' title="bbox 47 567 92 583; baseline -0.022 0"><span class='ocrx_word' id='word_1_5' title='bbox 47 567 92 583; x_wconf 83' lang='grc' dir='ltr'>ιιιι.</span> 
     </span>
    </p>
   </div>
   <div class='ocr_carea' id='block_1_2' title="bbox 48 692 257 720">
    <p class='ocr_par' dir='ltr' id='par_1_2' title="bbox 48 692 257 720">
     <span class='ocr_line' id='line_1_3' title="bbox 48 692 257 720; baseline -0.005 -6"><span class='ocrx_word' id='word_1_6' title='bbox 48 693 112 714; x_wconf 84' lang='lat' dir='ltr'>&#39;Lib.</span> <span class='ocrx_word' id='word_1_7' title='bbox 123 692 162 717; x_wconf 82' lang='lat'>111,</span> <span class='ocrx_word' id='word_1_8' title='bbox 174 698 208 718; x_wconf 81' lang='grc' dir='ltr'>ιιι,</span> <span class='ocrx_word' id='word_1_9' title='bbox 222 698 257 720; x_wconf 74' lang='grc' dir='ltr'>ι3ς</span> 
     </span>
    </p>
   </div>
   <div class='ocr_carea' id='block_1_3' title="bbox 47 719 183 741">
    <p class='ocr_par' dir='ltr' id='par_1_3' title="bbox 47 719 183 741">
     <span class='ocr_line' id='line_1_4' title="bbox 47 719 183 741; baseline 0 -1"><span class='ocrx_word' id='word_1_10' title='bbox 47 727 67 741; x_wconf 88' lang='grc'>5.</span> <span class='ocrx_word' id='word_1_11' title='bbox 77 719 121 741; x_wconf 85' lang='lat' dir='ltr'>Th.</span> <span class='ocrx_word' id='word_1_12' title='bbox 137 719 152 740; x_wconf 90' lang='lat' dir='ltr'>l.</span> <span class='ocrx_word' id='word_1_13' title='bbox 162 719 183 740; x_wconf 84' lang='lat'>6.</span> 
     </span>
    </p>
   </div>
   <div class='ocr_carea' id='block_1_4' title="bbox 33 1919 246 1973">
    <p class='ocr_par' dir='ltr' id='par_1_4' title="bbox 33 1919 246 1973">
     <span class='ocr_line' id='line_1_5' title="bbox 36 1919 246 1950; baseline 0 -9"><span class='ocrx_word' id='word_1_14' title='bbox 36 1921 44 1929; x_wconf 93' lang='grc'><strong>”</strong></span> <span class='ocrx_word' id='word_1_15' title='bbox 60 1919 96 1950; x_wconf 70' lang='lat' dir='ltr'>Cf.</span> <span class='ocrx_word' id='word_1_16' title='bbox 107 1925 184 1949; x_wconf 66' lang='lat' dir='ltr'>supra,</span> <span class='ocrx_word' id='word_1_17' title='bbox 196 1925 246 1947; x_wconf 82' lang='lat' dir='ltr'>cap.</span> 
     </span>
     <span class='ocr_line' id='line_1_6' title="bbox 33 1950 132 1973; baseline 0.02 -6"><span class='ocrx_word' id='word_1_18' title='bbox 33 1952 70 1973; x_wconf 62' lang='lat' dir='ltr'>nx,</span> <span class='ocrx_word' id='word_1_19' title='bbox 81 1950 132 1969; x_wconf 70' lang='lat' dir='ltr'>init.</span> 
     </span>
    </p>
   </div>
   <div class='ocr_carea' id='block_1_5' title="bbox 33 2778 220 2806">
    <p class='ocr_par' dir='ltr' id='par_1_5' title="bbox 33 2778 220 2806">
     <span class='ocr_line' id='line_1_7' title="bbox 33 2778 220 2806; baseline 0.012 -7"><span class='ocrx_word' id='word_1_20' title='bbox 33 2779 42 2787; x_wconf 87' lang='lat'><strong>·</strong></span> <span class='ocrx_word' id='word_1_21' title='bbox 56 2779 66 2800; x_wconf 95' lang='lat'>1</span> <span class='ocrx_word' id='word_1_22' title='bbox 81 2778 166 2806; x_wconf 54' lang='lat' dir='ltr'>emta,</span> <span class='ocrx_word' id='word_1_23' title='bbox 183 2779 220 2801; x_wconf 65' lang='lat' dir='ltr'>tc</span> 
     </span>
    </p>
   </div>
   <div class='ocr_carea' id='block_1_6' title="bbox 292 291 369 338">
    <p class='ocr_par' dir='ltr' id='par_1_6' title="bbox 292 291 369 338">
     <span class='ocr_line' id='line_1_8' title="bbox 292 291 369 338; baseline -0.026 -10"><span class='ocrx_word' id='word_1_24' title='bbox 292 291 369 338; x_wconf 85' lang='lat'>460</span> 
     </span>
    </p>
   </div>
   <div class='ocr_carea' id='block_1_7' title="bbox 283 359 1397 954">
    <p class='ocr_par' dir='ltr' id='par_1_7' title="bbox 285 359 1391 786">
     <span class='ocr_line' id='line_1_9' title="bbox 343 359 1360 419; baseline -0.008 -16"><span class='ocrx_word' id='word_1_25' title='bbox 343 366 494 403; x_wconf 90' lang='lat' dir='ltr'>Adhuc.</span> <span class='ocrx_word' id='word_1_26' title='bbox 518 362 613 400; x_wconf 93' lang='lat' dir='ltr'>Illud</span> <span class='ocrx_word' id='word_1_27' title='bbox 637 373 707 412; x_wconf 91' lang='lat' dir='ltr'>per</span> <span class='ocrx_word' id='word_1_28' title='bbox 725 361 833 411; x_wconf 95' lang='lat' dir='ltr'>quod</span> <span class='ocrx_word' id='word_1_29' title='bbox 853 359 1023 419; x_wconf 85' lang='lat' dir='ltr'>speciem</span> <span class='ocrx_word' id='word_1_30' title='bbox 1043 359 1198 396; x_wconf 89' lang='lat' dir='ltr'>sortitur</span> <span class='ocrx_word' id='word_1_31' title='bbox 1217 371 1360 396; x_wconf 90' lang='lat' dir='ltr'>unum-</span> 
     </span>
     <span class='ocr_line' id='line_1_10' title="bbox 291 412 1360 478; baseline -0.007 -22"><span class='ocrx_word' id='word_1_32' title='bbox 291 419 475 478; x_wconf 80' lang='lat' dir='ltr'>quodque</span> <span class='ocrx_word' id='word_1_33' title='bbox 504 416 651 461; x_wconf 79' lang='lat' dir='ltr'><strong>vivens,</strong></span> <span class='ocrx_word' id='word_1_34' title='bbox 675 422 732 451; x_wconf 92' lang='lat' dir='ltr'>est</span> <span class='ocrx_word' id='word_1_35' title='bbox 754 413 936 464; x_wconf 87' lang='lat' dir='ltr'>perfectio</span> <span class='ocrx_word' id='word_1_36' title='bbox 956 412 1093 463; x_wconf 91' lang='lat' dir='ltr'>prima,</span> <span class='ocrx_word' id='word_1_37' title='bbox 1113 420 1151 450; x_wconf 91' lang='lat' dir='ltr'>et</span> <span class='ocrx_word' id='word_1_38' title='bbox 1173 424 1256 450; x_wconf 92' lang='lat' dir='ltr'>non</span> <span class='ocrx_word' id='word_1_39' title='bbox 1273 423 1360 462; x_wconf 92' lang='lat' dir='ltr'>per-</span> 
     </span>
     <span class='ocr_line' id='line_1_11' title="bbox 288 465 1362 517; baseline -0.007 -8"><span class='ocrx_word' id='word_1_40' title='bbox 288 471 398 509; x_wconf 89' lang='lat' dir='ltr'>fectio</span> <span class='ocrx_word' id='word_1_41' title='bbox 427 469 615 507; x_wconf 89' lang='lat' dir='ltr'>secunda:</span> <span class='ocrx_word' id='word_1_42' title='bbox 635 475 679 505; x_wconf 89' lang='lat' dir='ltr'>ut</span> <span class='ocrx_word' id='word_1_43' title='bbox 706 475 810 517; x_wconf 90' lang='lat' dir='ltr'>patet</span> <span class='ocrx_word' id='word_1_44' title='bbox 832 479 902 516; x_wconf 92' lang='lat' dir='ltr'>per</span> <span class='ocrx_word' id='word_1_45' title='bbox 921 466 1177 512; x_wconf 84' lang='lat' dir='ltr'><strong>Aristotelem,</strong></span> <span class='ocrx_word' id='word_1_46' title='bbox 1203 465 1241 502; x_wconf 89' lang='lat' dir='ltr'>in</span> <span class='ocrx_word' id='word_1_47' title='bbox 1264 467 1294 502; x_wconf 90' lang='lat' dir='ltr'>ll</span> <span class='ocrx_word' id='word_1_48' title='bbox 1316 466 1362 502; x_wconf 86' lang='lat' dir='ltr'>de</span> 
     </span>
     <span class='ocr_line' id='line_1_12' title="bbox 288 518 1358 569; baseline -0.007 -7"><span class='ocrx_word' id='word_1_49' title='bbox 288 526 428 562; x_wconf 86' lang='lat' dir='ltr'>Amma</span> <span class='ocrx_word' id='word_1_50' title='bbox 446 523 477 559; x_wconf 73' lang='lat'>²¹⁵.</span> <span class='ocrx_word' id='word_1_51' title='bbox 517 523 754 559; x_wconf 85' lang='lat' dir='ltr'>Phantasma</span> <span class='ocrx_word' id='word_1_52' title='bbox 790 528 922 557; x_wconf 91' lang='lat' dir='ltr'>autem</span> <span class='ocrx_word' id='word_1_53' title='bbox 959 532 1040 557; x_wconf 87' lang='lat' dir='ltr'>non</span> <span class='ocrx_word' id='word_1_54' title='bbox 1083 527 1140 556; x_wconf 92' lang='lat' dir='ltr'>est</span> <span class='ocrx_word' id='word_1_55' title='bbox 1174 518 1358 569; x_wconf 87' lang='lat' dir='ltr'>perfectio</span> 
     </span>
     <span class='ocr_line' id='line_1_13' title="bbox 287 572 1391 627; baseline -0.004 -13"><span class='ocrx_word' id='word_1_56' title='bbox 287 577 423 627; x_wconf 91' lang='lat' dir='ltr'>prima,</span> <span class='ocrx_word' id='word_1_57' title='bbox 444 576 510 612; x_wconf 87' lang='lat' dir='ltr'>sed</span> <span class='ocrx_word' id='word_1_58' title='bbox 539 574 720 624; x_wconf 86' lang='lat' dir='ltr'>perfectio</span> <span class='ocrx_word' id='word_1_59' title='bbox 740 574 927 611; x_wconf 91' lang='lat' dir='ltr'>secunda:</span> <span class='ocrx_word' id='word_1_60' title='bbox 958 581 1014 610; x_wconf 91' lang='lat' dir='ltr'>est</span> <span class='ocrx_word' id='word_1_61' title='bbox 1033 573 1139 610; x_wconf 91' lang='lat' dir='ltr'>enim</span> <span class='ocrx_word' id='word_1_62' title='bbox 1158 572 1360 622; x_wconf 87' lang='lat' dir='ltr'>phantasia</span> <span class='ocrx_word' id='word_1_63' title='bbox 1382 590 1391 610; x_wconf 79' lang='grc' dir='ltr'><em>ς</em></span> 
     </span>
     <span class='ocr_line' id='line_1_14' title="bbox 287 625 1359 677; baseline -0.005 -10"><span class='ocrx_word' id='word_1_64' title='bbox 287 636 406 667; x_wconf 83' lang='lat' dir='ltr'>motus</span> <span class='ocrx_word' id='word_1_65' title='bbox 422 630 552 677; x_wconf 83' lang='lat' dir='ltr'>factus</span> <span class='ocrx_word' id='word_1_66' title='bbox 566 641 590 665; x_wconf 86' lang='lat' dir='ltr'>a</span> <span class='ocrx_word' id='word_1_67' title='bbox 603 640 711 664; x_wconf 81' lang='lat' dir='ltr'>sensu</span> <span class='ocrx_word' id='word_1_68' title='bbox 726 628 929 664; x_wconf 81' lang='lat' dir='ltr'>secundum</span> <span class='ocrx_word' id='word_1_69' title='bbox 949 633 1085 673; x_wconf 80' lang='lat' dir='ltr'>actum,</span> <span class='ocrx_word' id='word_1_70' title='bbox 1102 634 1144 663; x_wconf 93' lang='lat' dir='ltr'>ut</span> <span class='ocrx_word' id='word_1_71' title='bbox 1163 625 1328 663; x_wconf 91' lang='lat' dir='ltr'>dicitur</span> <span class='ocrx_word' id='word_1_72' title='bbox 1319 637 1359 662; x_wconf 92' lang='lat' dir='ltr'>m</span> 
     </span>
     <span class='ocr_line' id='line_1_15' title="bbox 285 680 1359 739; baseline -0.005 -19"><span class='ocrx_word' id='word_1_73' title='bbox 285 684 383 721; x_wconf 92' lang='lat' dir='ltr'>libro</span> <span class='ocrx_word' id='word_1_74' title='bbox 403 683 449 719; x_wconf 83' lang='lat' dir='ltr'>de</span> <span class='ocrx_word' id='word_1_75' title='bbox 466 683 607 718; x_wconf 86' lang='lat' dir='ltr'>Anima</span> <span class='ocrx_word' id='word_1_76' title='bbox 620 681 651 717; x_wconf 68' lang='lat'>²¹⁶.</span> <span class='ocrx_word' id='word_1_77' title='bbox 673 681 766 718; x_wconf 93' lang='lat' dir='ltr'>Non</span> <span class='ocrx_word' id='word_1_78' title='bbox 782 688 838 717; x_wconf 89' lang='lat' dir='ltr'>est</span> <span class='ocrx_word' id='word_1_79' title='bbox 852 680 964 728; x_wconf 90' lang='lat' dir='ltr'>igitur</span> <span class='ocrx_word' id='word_1_80' title='bbox 978 680 1108 739; x_wconf 81' lang='lat' dir='ltr'>ipsum</span> <span class='ocrx_word' id='word_1_81' title='bbox 1127 680 1359 728; x_wconf 86' lang='lat' dir='ltr'>phantasma</span> 
     </span>
     <span class='ocr_line' id='line_1_16' title="bbox 285 732 1295 786; baseline -0.005 -13"><span class='ocrx_word' id='word_1_82' title='bbox 285 736 393 786; x_wconf 91' lang='lat' dir='ltr'>quod</span> <span class='ocrx_word' id='word_1_83' title='bbox 413 742 650 780; x_wconf 90' lang='lat' dir='ltr'>numeratur,</span> <span class='ocrx_word' id='word_1_84' title='bbox 670 747 693 771; x_wconf 93' lang='lat' dir='ltr'>a</span> <span class='ocrx_word' id='word_1_85' title='bbox 713 746 793 784; x_wconf 94' lang='lat' dir='ltr'>quo</span> <span class='ocrx_word' id='word_1_86' title='bbox 822 735 944 771; x_wconf 90' lang='lat' dir='ltr'>homo</span> <span class='ocrx_word' id='word_1_87' title='bbox 974 733 1143 782; x_wconf 90' lang='lat' dir='ltr'>speciem</span> <span class='ocrx_word' id='word_1_88' title='bbox 1167 732 1295 769; x_wconf 92' lang='lat' dir='ltr'>habet</span> 
     </span>
    </p>

    <p class='ocr_par' dir='ltr' id='par_1_8' title="bbox 283 785 1397 946">
     <span class='ocr_line' id='line_1_17' title="bbox 338 785 1357 848; baseline -0.004 -22"><span class='ocrx_word' id='word_1_89' title='bbox 338 788 529 848; x_wconf 89' lang='lat' dir='ltr'><strong>Amplius.</strong></span> <span class='ocrx_word' id='word_1_90' title='bbox 561 788 836 825; x_wconf 87' lang='lat' dir='ltr'>Phantasmata</span> <span class='ocrx_word' id='word_1_91' title='bbox 863 798 964 836; x_wconf 91' lang='lat' dir='ltr'>quae</span> <span class='ocrx_word' id='word_1_92' title='bbox 993 793 1083 823; x_wconf 91' lang='lat' dir='ltr'>sunt</span> <span class='ocrx_word' id='word_1_93' title='bbox 1110 785 1326 823; x_wconf 90' lang='lat' dir='ltr'>intellecta</span> <span class='ocrx_word' id='word_1_94' title='bbox 1317 797 1357 822; x_wconf 89' lang='grc' dir='ltr'>ιιι</span> 
     </span>
     <span class='ocr_line' id='line_1_18' title="bbox 283 838 1397 898; baseline -0.004 -18"><span class='ocrx_word' id='word_1_95' title='bbox 283 843 465 892; x_wconf 91' lang='lat' dir='ltr'>potentia,</span> <span class='ocrx_word' id='word_1_96' title='bbox 495 841 647 878; x_wconf 91' lang='lat' dir='ltr'>diversa</span> <span class='ocrx_word' id='word_1_97' title='bbox 676 848 775 878; x_wconf 90' lang='lat' dir='ltr'>sunt.</span> <span class='ocrx_word' id='word_1_98' title='bbox 808 840 905 877; x_wconf 90' lang='lat' dir='ltr'>Illud</span> <span class='ocrx_word' id='word_1_99' title='bbox 933 847 1065 876; x_wconf 90' lang='lat' dir='ltr'>autem</span> <span class='ocrx_word' id='word_1_100' title='bbox 1093 851 1174 888; x_wconf 94' lang='lat' dir='ltr'>quo</span> <span class='ocrx_word' id='word_1_101' title='bbox 1209 838 1356 898; x_wconf 83' lang='lat' dir='ltr'>aliquid</span> <span class='ocrx_word' id='word_1_102' title='bbox 1372 859 1397 873; x_wconf 74' lang='grc' dir='ltr'><em>ω</em></span> 
     </span>
     <span class='ocr_line' id='line_1_19' title="bbox 283 892 1356 954; baseline -0.005 -21"><span class='ocrx_word' id='word_1_103' title='bbox 283 896 453 946; x_wconf 90' lang='lat' dir='ltr'>speciem</span> <span class='ocrx_word' id='word_1_104' title='bbox 473 894 638 940; x_wconf 90' lang='lat' dir='ltr'>sortitur,</span> <span class='ocrx_word' id='word_1_105' title='bbox 659 902 810 954; x_wconf 79' lang='lat' dir='ltr'>oportet</span> <span class='ocrx_word' id='word_1_106' title='bbox 829 904 911 930; x_wconf 93' lang='lat' dir='ltr'>esse</span> <span class='ocrx_word' id='word_1_107' title='bbox 931 905 1072 929; x_wconf 92' lang='lat' dir='ltr'>unum:</span> <span class='ocrx_word' id='word_1_108' title='bbox 1094 904 1188 929; x_wconf 90' lang='lat' dir='ltr'>nam</span> <span class='ocrx_word' id='word_1_109' title='bbox 1208 892 1356 942; x_wconf 89' lang='lat' dir='ltr'>species</span> 
     </span>
    </p>
   </div>
   <div class='ocr_carea' id='block_1_8' title="bbox 271 947 1392 2974">
    <p class='ocr_par' dir='ltr' id='par_1_9' title="bbox 281 947 1355 1105">
     <span class='ocr_line' id='line_1_20' title="bbox 283 947 1355 1006; baseline -0.006 -19"><span class='ocrx_word' id='word_1_110' title='bbox 283 962 362 987; x_wconf 90' lang='lat' dir='ltr'>una</span> <span class='ocrx_word' id='word_1_111' title='bbox 382 957 438 986; x_wconf 90' lang='lat' dir='ltr'>est</span> <span class='ocrx_word' id='word_1_112' title='bbox 456 948 583 986; x_wconf 91' lang='lat' dir='ltr'>unius.</span> <span class='ocrx_word' id='word_1_113' title='bbox 605 949 698 985; x_wconf 91' lang='lat' dir='ltr'>Non</span> <span class='ocrx_word' id='word_1_114' title='bbox 718 947 830 1006; x_wconf 85' lang='lat' dir='ltr'>igitur</span> <span class='ocrx_word' id='word_1_115' title='bbox 847 958 919 995; x_wconf 92' lang='lat' dir='ltr'>per</span> <span class='ocrx_word' id='word_1_116' title='bbox 936 947 1218 995; x_wconf 87' lang='lat' dir='ltr'>phantasmata,</span> <span class='ocrx_word' id='word_1_117' title='bbox 1238 954 1355 995; x_wconf 89' lang='lat' dir='ltr'>prout</span> 
     </span>
     <span class='ocr_line' id='line_1_21' title="bbox 282 998 1354 1064; baseline -0.005 -24"><span class='ocrx_word' id='word_1_118' title='bbox 282 1011 492 1064; x_wconf 88' lang='lat' dir='ltr'>ponuntur</span> <span class='ocrx_word' id='word_1_119' title='bbox 510 1001 707 1038; x_wconf 89' lang='lat' dir='ltr'>numerari</span> <span class='ocrx_word' id='word_1_120' title='bbox 731 1000 770 1036; x_wconf 93' lang='lat' dir='ltr'>in</span> <span class='ocrx_word' id='word_1_121' title='bbox 789 998 961 1058; x_wconf 80' lang='lat' dir='ltr'>diversiS,</span> <span class='ocrx_word' id='word_1_122' title='bbox 983 1006 1026 1036; x_wconf 92' lang='lat' dir='ltr'>ut</span> <span class='ocrx_word' id='word_1_123' title='bbox 1051 1006 1141 1036; x_wconf 90' lang='lat' dir='ltr'>sunt</span> <span class='ocrx_word' id='word_1_124' title='bbox 1164 998 1354 1036; x_wconf 91' lang='lat' dir='ltr'>intellecta</span> 
     </span>
     <span class='ocr_line' id='line_1_22' title="bbox 281 1052 1074 1105; baseline -0.008 -11"><span class='ocrx_word' id='word_1_125' title='bbox 281 1057 322 1094; x_wconf 91' lang='lat' dir='ltr'>in</span> <span class='ocrx_word' id='word_1_126' title='bbox 349 1054 529 1105; x_wconf 89' lang='lat' dir='ltr'>potentia,</span> <span class='ocrx_word' id='word_1_127' title='bbox 559 1055 681 1090; x_wconf 90' lang='lat' dir='ltr'>homo</span> <span class='ocrx_word' id='word_1_128' title='bbox 710 1052 880 1102; x_wconf 89' lang='lat' dir='ltr'>speciem</span> <span class='ocrx_word' id='word_1_129' title='bbox 909 1052 1074 1089; x_wconf 90' lang='lat' dir='ltr'>sortitur.</span> 
     </span>
    </p>

    <p class='ocr_par' dir='ltr' id='par_1_10' title="bbox 275 1105 1392 1690">
     <span class='ocr_line' id='line_1_23' title="bbox 335 1105 1390 1155; baseline -0.004 -10"><span class='ocrx_word' id='word_1_130' title='bbox 335 1111 441 1146; x_wconf 88' lang='lat' dir='ltr'>Item.</span> <span class='ocrx_word' id='word_1_131' title='bbox 464 1107 561 1144; x_wconf 92' lang='lat' dir='ltr'>lllud</span> <span class='ocrx_word' id='word_1_132' title='bbox 580 1119 660 1155; x_wconf 94' lang='lat' dir='ltr'>quo</span> <span class='ocrx_word' id='word_1_133' title='bbox 680 1107 803 1143; x_wconf 90' lang='lat' dir='ltr'>homo</span> <span class='ocrx_word' id='word_1_134' title='bbox 823 1105 979 1142; x_wconf 89' lang='lat' dir='ltr'>sortitur</span> <span class='ocrx_word' id='word_1_135' title='bbox 997 1105 1179 1155; x_wconf 89' lang='lat' dir='ltr'>speciem,</span> <span class='ocrx_word' id='word_1_136' title='bbox 1201 1112 1353 1155; x_wconf 81' lang='lat' dir='ltr'>oportet</span> <span class='ocrx_word' id='word_1_137' title='bbox 1368 1125 1390 1145; x_wconf 69' lang='grc' dir='ltr'>ις</span> 
     </span>
     <span class='ocr_line' id='line_1_24' title="bbox 280 1158 1351 1211; baseline -0.004 -12"><span class='ocrx_word' id='word_1_138' title='bbox 280 1174 434 1211; x_wconf 90' lang='lat' dir='ltr'>semper</span> <span class='ocrx_word' id='word_1_139' title='bbox 461 1173 544 1198; x_wconf 90' lang='lat' dir='ltr'>esse</span> <span class='ocrx_word' id='word_1_140' title='bbox 579 1171 743 1197; x_wconf 91' lang='lat' dir='ltr'>manens</span> <span class='ocrx_word' id='word_1_141' title='bbox 772 1159 811 1196; x_wconf 92' lang='lat' dir='ltr'>in</span> <span class='ocrx_word' id='word_1_142' title='bbox 840 1159 981 1196; x_wconf 90' lang='lat' dir='ltr'>eodem</span> <span class='ocrx_word' id='word_1_143' title='bbox 1017 1158 1221 1196; x_wconf 90' lang='lat' dir='ltr'>individuo</span> <span class='ocrx_word' id='word_1_144' title='bbox 1253 1158 1351 1195; x_wconf 93' lang='lat' dir='ltr'>dum</span> 
     </span>
     <span class='ocr_line' id='line_1_25' title="bbox 279 1211 1352 1262; baseline -0.004 -10"><span class='ocrx_word' id='word_1_145' title='bbox 279 1216 405 1252; x_wconf 89' lang='lat' dir='ltr'>durat:</span> <span class='ocrx_word' id='word_1_146' title='bbox 436 1214 527 1251; x_wconf 90' lang='lat' dir='ltr'>alias</span> <span class='ocrx_word' id='word_1_147' title='bbox 555 1212 803 1250; x_wconf 91' lang='lat' dir='ltr'>individuum</span> <span class='ocrx_word' id='word_1_148' title='bbox 827 1224 909 1250; x_wconf 92' lang='lat' dir='ltr'>non</span> <span class='ocrx_word' id='word_1_149' title='bbox 928 1224 1085 1262; x_wconf 88' lang='lat' dir='ltr'>semper</span> <span class='ocrx_word' id='word_1_150' title='bbox 1109 1219 1207 1249; x_wconf 89' lang='lat' dir='ltr'>esset</span> <span class='ocrx_word' id='word_1_151' title='bbox 1234 1211 1352 1248; x_wconf 91' lang='lat' dir='ltr'>unius</span> 
     </span>
     <span class='ocr_line' id='line_1_26' title="bbox 279 1266 1350 1317; baseline -0.003 -12"><span class='ocrx_word' id='word_1_152' title='bbox 279 1276 314 1306; x_wconf 92' lang='lat' dir='ltr'>et</span> <span class='ocrx_word' id='word_1_153' title='bbox 333 1268 507 1305; x_wconf 89' lang='lat' dir='ltr'>eiusdem</span> <span class='ocrx_word' id='word_1_154' title='bbox 536 1266 687 1317; x_wconf 91' lang='lat' dir='ltr'>speciei,</span> <span class='ocrx_word' id='word_1_155' title='bbox 708 1267 776 1303; x_wconf 92' lang='lat' dir='ltr'>sed</span> <span class='ocrx_word' id='word_1_156' title='bbox 800 1266 1040 1316; x_wconf 89' lang='lat' dir='ltr'>quandoque</span> <span class='ocrx_word' id='word_1_157' title='bbox 1069 1266 1197 1312; x_wconf 91' lang='lat' dir='ltr'>huius,</span> <span class='ocrx_word' id='word_1_158' title='bbox 1228 1277 1350 1315; x_wconf 91' lang='lat' dir='ltr'>quan-</span> 
     </span>
     <span class='ocr_line' id='line_1_27' title="bbox 278 1320 1352 1371; baseline -0.002 -13"><span class='ocrx_word' id='word_1_159' title='bbox 278 1322 408 1371; x_wconf 90' lang='lat' dir='ltr'>doque</span> <span class='ocrx_word' id='word_1_160' title='bbox 445 1320 555 1358; x_wconf 90' lang='lat' dir='ltr'>illius.</span> <span class='ocrx_word' id='word_1_161' title='bbox 595 1321 870 1357; x_wconf 78' lang='lat' dir='ltr'>phantasmata</span> <span class='ocrx_word' id='word_1_162' title='bbox 906 1327 1038 1357; x_wconf 91' lang='lat' dir='ltr'>autem</span> <span class='ocrx_word' id='word_1_163' title='bbox 1076 1331 1158 1357; x_wconf 89' lang='lat' dir='ltr'>non</span> <span class='ocrx_word' id='word_1_164' title='bbox 1195 1331 1352 1368; x_wconf 85' lang='lat' dir='ltr'>semper</span> 
     </span>
     <span class='ocr_line' id='line_1_28' title="bbox 278 1373 1392 1422; baseline -0.002 -10"><span class='ocrx_word' id='word_1_165' title='bbox 278 1375 415 1412; x_wconf 90' lang='lat' dir='ltr'>eadem</span> <span class='ocrx_word' id='word_1_166' title='bbox 449 1381 609 1412; x_wconf 90' lang='lat' dir='ltr'>manent</span> <span class='ocrx_word' id='word_1_167' title='bbox 643 1373 683 1410; x_wconf 93' lang='lat' dir='ltr'>in</span> <span class='ocrx_word' id='word_1_168' title='bbox 720 1385 801 1410; x_wconf 92' lang='lat' dir='ltr'>uno</span> <span class='ocrx_word' id='word_1_169' title='bbox 839 1373 1012 1419; x_wconf 90' lang='lat' dir='ltr'>homine,</span> <span class='ocrx_word' id='word_1_170' title='bbox 1049 1373 1117 1410; x_wconf 91' lang='lat' dir='ltr'>sed</span> <span class='ocrx_word' id='word_1_171' title='bbox 1154 1373 1351 1422; x_wconf 89' lang='lat' dir='ltr'>quaedam</span> <span class='ocrx_word' id='word_1_172' title='bbox 1365 1390 1392 1404; x_wconf 83' lang='lat'>²0</span> 
     </span>
     <span class='ocr_line' id='line_1_29' title="bbox 277 1426 1350 1486; baseline -0.002 -21"><span class='ocrx_word' id='word_1_173' title='bbox 277 1429 326 1466; x_wconf 94' lang='lat' dir='ltr'>de</span> <span class='ocrx_word' id='word_1_174' title='bbox 363 1440 470 1465; x_wconf 92' lang='lat' dir='ltr'>novo</span> <span class='ocrx_word' id='word_1_175' title='bbox 509 1426 731 1473; x_wconf 88' lang='lat' dir='ltr'>adveniunt,</span> <span class='ocrx_word' id='word_1_176' title='bbox 762 1435 798 1464; x_wconf 90' lang='lat' dir='ltr'>et</span> <span class='ocrx_word' id='word_1_177' title='bbox 831 1427 1027 1486; x_wconf 85' lang='lat' dir='ltr'>quaedam</span> <span class='ocrx_word' id='word_1_178' title='bbox 1054 1426 1350 1476; x_wconf 87' lang='lat' dir='ltr'>praeexistentia</span> 
     </span>
     <span class='ocr_line' id='line_1_30' title="bbox 277 1480 1351 1540; baseline -0.002 -21"><span class='ocrx_word' id='word_1_179' title='bbox 277 1482 490 1519; x_wconf 88' lang='lat' dir='ltr'>abolentur.</span> <span class='ocrx_word' id='word_1_180' title='bbox 522 1480 775 1518; x_wconf 90' lang='lat' dir='ltr'>Individuum</span> <span class='ocrx_word' id='word_1_181' title='bbox 799 1480 912 1540; x_wconf 83' lang='lat' dir='ltr'>igitur</span> <span class='ocrx_word' id='word_1_182' title='bbox 936 1480 1108 1517; x_wconf 89' lang='lat' dir='ltr'>hominis</span> <span class='ocrx_word' id='word_1_183' title='bbox 1131 1491 1261 1540; x_wconf 79' lang='lat' dir='ltr'>neque</span> <span class='ocrx_word' id='word_1_184' title='bbox 1280 1492 1351 1530; x_wconf 91' lang='lat' dir='ltr'>per</span> 
     </span>
     <span class='ocr_line' id='line_1_31' title="bbox 275 1533 1350 1594; baseline -0.001 -22"><span class='ocrx_word' id='word_1_185' title='bbox 275 1536 506 1585; x_wconf 87' lang='lat' dir='ltr'>phantasma</span> <span class='ocrx_word' id='word_1_186' title='bbox 534 1533 689 1572; x_wconf 88' lang='lat' dir='ltr'>sortitur</span> <span class='ocrx_word' id='word_1_187' title='bbox 723 1534 913 1584; x_wconf 89' lang='lat' dir='ltr'>speciem;</span> <span class='ocrx_word' id='word_1_188' title='bbox 948 1546 1077 1594; x_wconf 86' lang='lat' dir='ltr'>neque</span> <span class='ocrx_word' id='word_1_189' title='bbox 1115 1546 1186 1583; x_wconf 91' lang='lat' dir='ltr'>per</span> <span class='ocrx_word' id='word_1_190' title='bbox 1218 1533 1350 1594; x_wconf 83' lang='lat' dir='ltr'>ipsum</span> 
     </span>
     <span class='ocr_line' id='line_1_32' title="bbox 276 1586 1349 1638; baseline -0.001 -13"><span class='ocrx_word' id='word_1_191' title='bbox 276 1587 522 1626; x_wconf 87' lang='lat' dir='ltr'>continuatur</span> <span class='ocrx_word' id='word_1_192' title='bbox 549 1587 739 1638; x_wconf 89' lang='lat' dir='ltr'>principio</span> <span class='ocrx_word' id='word_1_193' title='bbox 769 1599 862 1625; x_wconf 88' lang='lat' dir='ltr'>suae</span> <span class='ocrx_word' id='word_1_194' title='bbox 891 1587 1044 1637; x_wconf 92' lang='lat' dir='ltr'>speciei,</span> <span class='ocrx_word' id='word_1_195' title='bbox 1074 1588 1183 1637; x_wconf 93' lang='lat' dir='ltr'>quod</span> <span class='ocrx_word' id='word_1_196' title='bbox 1209 1595 1265 1624; x_wconf 92' lang='lat' dir='ltr'>est</span> <span class='ocrx_word' id='word_1_197' title='bbox 1293 1586 1349 1624; x_wconf 90' lang='lat' dir='ltr'>in-</span> 
     </span>
     <span class='ocr_line' id='line_1_33' title="bbox 276 1641 1388 1690; baseline -0.004 -11"><span class='ocrx_word' id='word_1_198' title='bbox 276 1643 446 1679; x_wconf 89' lang='lat' dir='ltr'>tellectus</span> <span class='ocrx_word' id='word_1_199' title='bbox 473 1641 677 1690; x_wconf 89' lang='lat' dir='ltr'>possibilis.</span> <span class='ocrx_word' id='word_1_200' title='bbox 1364 1661 1388 1681; x_wconf 70' lang='grc' dir='ltr'>,ς</span> 
     </span>
    </p>

    <p class='ocr_par' dir='ltr' id='par_1_11' title="bbox 271 1693 1388 2480">
     <span class='ocr_line' id='line_1_34' title="bbox 330 1693 1351 1744; baseline -0.002 -12"><span class='ocrx_word' id='word_1_201' title='bbox 330 1695 371 1732; x_wconf 91' lang='lat' dir='ltr'>Si</span> <span class='ocrx_word' id='word_1_202' title='bbox 390 1702 522 1732; x_wconf 92' lang='lat' dir='ltr'>autern</span> <span class='ocrx_word' id='word_1_203' title='bbox 545 1694 694 1732; x_wconf 91' lang='lat' dir='ltr'>dicatur</span> <span class='ocrx_word' id='word_1_204' title='bbox 721 1694 830 1744; x_wconf 91' lang='lat' dir='ltr'>quod</span> <span class='ocrx_word' id='word_1_205' title='bbox 850 1694 913 1731; x_wconf 92' lang='lat' dir='ltr'>hic</span> <span class='ocrx_word' id='word_1_206' title='bbox 941 1695 1064 1731; x_wconf 91' lang='lat' dir='ltr'>homo</span> <span class='ocrx_word' id='word_1_207' title='bbox 1093 1706 1175 1731; x_wconf 90' lang='lat' dir='ltr'>non</span> <span class='ocrx_word' id='word_1_208' title='bbox 1183 1693 1351 1731; x_wconf 87' lang='lat' dir='ltr'>sortitur</span> 
     </span>
     <span class='ocr_line' id='line_1_35' title="bbox 277 1747 1349 1798; baseline -0.001 -13"><span class='ocrx_word' id='word_1_209' title='bbox 277 1747 448 1798; x_wconf 92' lang='lat' dir='ltr'>speciem</span> <span class='ocrx_word' id='word_1_210' title='bbox 466 1747 546 1785; x_wconf 90' lang='lat' dir='ltr'>ab</span> <span class='ocrx_word' id='word_1_211' title='bbox 537 1748 628 1798; x_wconf 81' lang='lat' dir='ltr'>ipsis</span> <span class='ocrx_word' id='word_1_212' title='bbox 647 1747 993 1797; x_wconf 89' lang='lat' dir='ltr'>phantasmatibus,</span> <span class='ocrx_word' id='word_1_213' title='bbox 1014 1748 1082 1784; x_wconf 89' lang='lat' dir='ltr'>sed</span> <span class='ocrx_word' id='word_1_214' title='bbox 1102 1760 1124 1785; x_wconf 93' lang='lat' dir='ltr'>a</span> <span class='ocrx_word' id='word_1_215' title='bbox 1144 1747 1349 1784; x_wconf 90' lang='lat' dir='ltr'>virtutibus</span> 
     </span>
     <span class='ocr_line' id='line_1_36' title="bbox 277 1800 1347 1861; baseline 0 -23"><span class='ocrx_word' id='word_1_216' title='bbox 277 1801 316 1838; x_wconf 93' lang='lat' dir='ltr'>in</span> <span class='ocrx_word' id='word_1_217' title='bbox 336 1801 478 1861; x_wconf 82' lang='lat' dir='ltr'>quibus</span> <span class='ocrx_word' id='word_1_218' title='bbox 502 1809 592 1838; x_wconf 90' lang='lat' dir='ltr'>sunt</span> <span class='ocrx_word' id='word_1_219' title='bbox 618 1802 899 1861; x_wconf 81' lang='lat' dir='ltr'>phantasmata,</span> <span class='ocrx_word' id='word_1_220' title='bbox 925 1801 1066 1838; x_wconf 90' lang='lat' dir='ltr'>scilicet</span> <span class='ocrx_word' id='word_1_221' title='bbox 1089 1800 1347 1850; x_wconf 87' lang='lat' dir='ltr'>imaginativa,</span> 
     </span>
     <span class='ocr_line' id='line_1_37' title="bbox 276 1853 1347 1904; baseline 0 -13"><span class='ocrx_word' id='word_1_222' title='bbox 276 1854 532 1892; x_wconf 88' lang='lat' dir='ltr'>memorativa</span> <span class='ocrx_word' id='word_1_223' title='bbox 560 1863 597 1892; x_wconf 92' lang='lat' dir='ltr'>et</span> <span class='ocrx_word' id='word_1_224' title='bbox 628 1853 841 1903; x_wconf 87' lang='lat' dir='ltr'>cogitativa,</span> <span class='ocrx_word' id='word_1_225' title='bbox 871 1866 972 1903; x_wconf 89' lang='lat' dir='ltr'>quae</span> <span class='ocrx_word' id='word_1_226' title='bbox 1001 1862 1058 1891; x_wconf 91' lang='lat' dir='ltr'>est</span> <span class='ocrx_word' id='word_1_227' title='bbox 1090 1854 1249 1904; x_wconf 89' lang='lat' dir='ltr'>propria</span> <span class='ocrx_word' id='word_1_228' title='bbox 1277 1855 1347 1891; x_wconf 92' lang='lat' dir='ltr'>ho-</span> 
     </span>
     <span class='ocr_line' id='line_1_38' title="bbox 276 1907 1388 1957; baseline -0.003 -13"><span class='ocrx_word' id='word_1_229' title='bbox 276 1907 382 1954; x_wconf 91' lang='lat' dir='ltr'>mini,</span> <span class='ocrx_word' id='word_1_230' title='bbox 411 1920 532 1957; x_wconf 92' lang='lat' dir='ltr'>quam</span> <span class='ocrx_word' id='word_1_231' title='bbox 560 1907 792 1953; x_wconf 91' lang='lat' dir='ltr'>Aristoteles,</span> <span class='ocrx_word' id='word_1_232' title='bbox 817 1907 856 1944; x_wconf 93' lang='lat' dir='ltr'>in</span> <span class='ocrx_word' id='word_1_233' title='bbox 877 1908 923 1943; x_wconf 88' lang='lat'>111</span> <span class='ocrx_word' id='word_1_234' title='bbox 948 1908 994 1944; x_wconf 84' lang='lat' dir='ltr'>de</span> <span class='ocrx_word' id='word_1_235' title='bbox 1015 1908 1156 1944; x_wconf 86' lang='lat' dir='ltr'>Anima</span> <span class='ocrx_word' id='word_1_236' title='bbox 1173 1907 1203 1953; x_wconf 72' lang='lat'>²¹⁸,</span> <span class='ocrx_word' id='word_1_237' title='bbox 1228 1909 1348 1957; x_wconf 81' lang='lat' dir='ltr'>passi-</span> <span class='ocrx_word' id='word_1_238' title='bbox 1363 1926 1388 1946; x_wconf 75' lang='lat'>³0</span> 
     </span>
     <span class='ocr_line' id='line_1_39' title="bbox 274 1960 1347 2010; baseline -0.001 -12"><span class='ocrx_word' id='word_1_239' title='bbox 274 1973 362 1999; x_wconf 87' lang='lat' dir='ltr'>vum</span> <span class='ocrx_word' id='word_1_240' title='bbox 390 1961 610 1998; x_wconf 86' lang='lat' dir='ltr'>intellectum</span> <span class='ocrx_word' id='word_1_241' title='bbox 640 1968 768 1997; x_wconf 82' lang='lat' dir='ltr'>vocat:</span> <span class='ocrx_word' id='word_1_242' title='bbox 799 1960 929 1997; x_wconf 93' lang='lat' dir='ltr'>adhuc</span> <span class='ocrx_word' id='word_1_243' title='bbox 961 1968 1180 2010; x_wconf 89' lang='lat' dir='ltr'>sequuntur</span> <span class='ocrx_word' id='word_1_244' title='bbox 1207 1960 1347 1998; x_wconf 89' lang='lat' dir='ltr'>eadem</span> 
     </span>
     <span class='ocr_line' id='line_1_40' title="bbox 274 2012 1347 2063; baseline 0 -13"><span class='ocrx_word' id='word_1_245' title='bbox 274 2013 595 2051; x_wconf 88' lang='lat' dir='ltr'>inconvenientia.</span> <span class='ocrx_word' id='word_1_246' title='bbox 626 2013 741 2061; x_wconf 90' lang='lat' dir='ltr'>Quia,</span> <span class='ocrx_word' id='word_1_247' title='bbox 770 2025 863 2050; x_wconf 91' lang='lat' dir='ltr'>cum</span> <span class='ocrx_word' id='word_1_248' title='bbox 891 2012 1013 2050; x_wconf 90' lang='lat' dir='ltr'>virtus</span> <span class='ocrx_word' id='word_1_249' title='bbox 1045 2013 1250 2063; x_wconf 86' lang='lat' dir='ltr'>cogitativa</span> <span class='ocrx_word' id='word_1_250' title='bbox 1278 2014 1347 2051; x_wconf 92' lang='lat' dir='ltr'>ha-</span> 
     </span>
     <span class='ocr_line' id='line_1_41' title="bbox 273 2066 1346 2117; baseline -0.001 -12"><span class='ocrx_word' id='word_1_251' title='bbox 273 2068 360 2105; x_wconf 91' lang='lat' dir='ltr'>beat</span> <span class='ocrx_word' id='word_1_252' title='bbox 387 2067 655 2117; x_wconf 89' lang='lat' dir='ltr'>operationem</span> <span class='ocrx_word' id='word_1_253' title='bbox 684 2068 813 2104; x_wconf 91' lang='lat' dir='ltr'>solum</span> <span class='ocrx_word' id='word_1_254' title='bbox 837 2066 938 2104; x_wconf 90' lang='lat' dir='ltr'>circa</span> <span class='ocrx_word' id='word_1_255' title='bbox 965 2067 1219 2117; x_wconf 89' lang='lat' dir='ltr'>particularia,</span> <span class='ocrx_word' id='word_1_256' title='bbox 1249 2079 1346 2117; x_wconf 93' lang='lat' dir='ltr'>quo-</span> 
     </span>
     <span class='ocr_line' id='line_1_42' title="bbox 273 2119 1347 2170; baseline 0 -12"><span class='ocrx_word' id='word_1_257' title='bbox 273 2133 362 2158; x_wconf 92' lang='lat' dir='ltr'>rum</span> <span class='ocrx_word' id='word_1_258' title='bbox 394 2120 624 2158; x_wconf 91' lang='lat' dir='ltr'>intentiones</span> <span class='ocrx_word' id='word_1_259' title='bbox 660 2119 795 2157; x_wconf 91' lang='lat' dir='ltr'>dividit</span> <span class='ocrx_word' id='word_1_260' title='bbox 823 2128 860 2157; x_wconf 94' lang='lat' dir='ltr'>et</span> <span class='ocrx_word' id='word_1_261' title='bbox 895 2120 1108 2170; x_wconf 91' lang='lat' dir='ltr'>componit,</span> <span class='ocrx_word' id='word_1_262' title='bbox 1137 2129 1174 2158; x_wconf 91' lang='lat' dir='ltr'>et</span> <span class='ocrx_word' id='word_1_263' title='bbox 1207 2121 1347 2159; x_wconf 89' lang='lat' dir='ltr'>habeat</span> 
     </span>
     <span class='ocr_line' id='line_1_43' title="bbox 273 2173 1385 2224; baseline 0 -12"><span class='ocrx_word' id='word_1_264' title='bbox 273 2186 464 2223; x_wconf 88' lang='lat' dir='ltr'>organum</span> <span class='ocrx_word' id='word_1_265' title='bbox 478 2173 678 2224; x_wconf 90' lang='lat' dir='ltr'>corporale</span> <span class='ocrx_word' id='word_1_266' title='bbox 693 2186 764 2224; x_wconf 90' lang='lat' dir='ltr'>per</span> <span class='ocrx_word' id='word_1_267' title='bbox 778 2174 886 2224; x_wconf 93' lang='lat' dir='ltr'>quod</span> <span class='ocrx_word' id='word_1_268' title='bbox 906 2173 991 2223; x_wconf 89' lang='lat' dir='ltr'>agit,</span> <span class='ocrx_word' id='word_1_269' title='bbox 1012 2186 1093 2212; x_wconf 90' lang='lat' dir='ltr'>non</span> <span class='ocrx_word' id='word_1_270' title='bbox 1113 2174 1347 2212; x_wconf 86' lang='lat' dir='ltr'>transcendit</span> <span class='ocrx_word' id='word_1_271' title='bbox 1362 2193 1385 2213; x_wconf 57' lang='grc' dir='ltr'>ις</span> 
     </span>
     <span class='ocr_line' id='line_1_44' title="bbox 271 2227 1346 2277; baseline 0.001 -12"><span class='ocrx_word' id='word_1_272' title='bbox 271 2240 393 2277; x_wconf 89' lang='lat' dir='ltr'>genus</span> <span class='ocrx_word' id='word_1_273' title='bbox 421 2228 574 2265; x_wconf 90' lang='lat' dir='ltr'>animae</span> <span class='ocrx_word' id='word_1_274' title='bbox 594 2227 809 2265; x_wconf 89' lang='lat' dir='ltr'>sensitivae.</span> <span class='ocrx_word' id='word_1_275' title='bbox 832 2228 966 2265; x_wconf 91' lang='lat' dir='ltr'>Homo</span> <span class='ocrx_word' id='word_1_276' title='bbox 990 2235 1121 2266; x_wconf 89' lang='lat' dir='ltr'>autem</span> <span class='ocrx_word' id='word_1_277' title='bbox 1150 2240 1197 2265; x_wconf 88' lang='lat' dir='ltr'>ex</span> <span class='ocrx_word' id='word_1_278' title='bbox 1216 2228 1346 2266; x_wconf 90' lang='lat' dir='ltr'>anima</span> 
     </span>
     <span class='ocr_line' id='line_1_45' title="bbox 273 2281 1347 2331; baseline 0.001 -13"><span class='ocrx_word' id='word_1_279' title='bbox 273 2281 453 2319; x_wconf 85' lang='lat' dir='ltr'>sensitiva</span> <span class='ocrx_word' id='word_1_280' title='bbox 472 2293 553 2318; x_wconf 91' lang='lat' dir='ltr'>non</span> <span class='ocrx_word' id='word_1_281' title='bbox 573 2281 689 2318; x_wconf 89' lang='lat' dir='ltr'>habet</span> <span class='ocrx_word' id='word_1_282' title='bbox 708 2282 817 2331; x_wconf 92' lang='lat' dir='ltr'>quod</span> <span class='ocrx_word' id='word_1_283' title='bbox 845 2281 891 2318; x_wconf 91' lang='lat' dir='ltr'>sit</span> <span class='ocrx_word' id='word_1_284' title='bbox 911 2282 1045 2328; x_wconf 90' lang='lat' dir='ltr'>homo,</span> <span class='ocrx_word' id='word_1_285' title='bbox 1075 2282 1144 2319; x_wconf 92' lang='lat' dir='ltr'>sed</span> <span class='ocrx_word' id='word_1_286' title='bbox 1172 2282 1280 2331; x_wconf 93' lang='lat' dir='ltr'>quod</span> <span class='ocrx_word' id='word_1_287' title='bbox 1301 2282 1347 2319; x_wconf 93' lang='lat' dir='ltr'>sit</span> 
     </span>
     <span class='ocr_line' id='line_1_46' title="bbox 273 2334 1348 2385; baseline 0 -13"><span class='ocrx_word' id='word_1_288' title='bbox 273 2335 427 2372; x_wconf 91' lang='lat' dir='ltr'>animal.</span> <span class='ocrx_word' id='word_1_289' title='bbox 448 2336 590 2372; x_wconf 87' lang='lat' dir='ltr'>Adhuc</span> <span class='ocrx_word' id='word_1_290' title='bbox 608 2334 722 2383; x_wconf 90' lang='lat' dir='ltr'>igitur</span> <span class='ocrx_word' id='word_1_291' title='bbox 740 2334 969 2384; x_wconf 88' lang='lat' dir='ltr'>relinquitur</span> <span class='ocrx_word' id='word_1_292' title='bbox 991 2336 1099 2385; x_wconf 92' lang='lat' dir='ltr'>quod</span> <span class='ocrx_word' id='word_1_293' title='bbox 1118 2343 1348 2373; x_wconf 86' lang='lat' dir='ltr'>numeretur</span> 
     </span>
     <span class='ocr_line' id='line_1_47' title="bbox 273 2387 1345 2438; baseline 0 -12"><span class='ocrx_word' id='word_1_294' title='bbox 273 2388 313 2426; x_wconf 90' lang='lat' dir='ltr'>in</span> <span class='ocrx_word' id='word_1_295' title='bbox 332 2388 445 2426; x_wconf 93' lang='lat' dir='ltr'>nobis</span> <span class='ocrx_word' id='word_1_296' title='bbox 465 2390 594 2426; x_wconf 86' lang='lat' dir='ltr'>solum</span> <span class='ocrx_word' id='word_1_297' title='bbox 613 2387 653 2425; x_wconf 91' lang='lat' dir='ltr'>in</span> <span class='ocrx_word' id='word_1_298' title='bbox 673 2389 780 2438; x_wconf 93' lang='lat' dir='ltr'>quod</span> <span class='ocrx_word' id='word_1_299' title='bbox 799 2388 985 2438; x_wconf 90' lang='lat' dir='ltr'>competit</span> <span class='ocrx_word' id='word_1_300' title='bbox 1009 2389 1161 2426; x_wconf 90' lang='lat' dir='ltr'>homini</span> <span class='ocrx_word' id='word_1_301' title='bbox 1181 2389 1345 2438; x_wconf 88' lang='lat' dir='ltr'>inquan-</span> 
     </span>
     <span class='ocr_line' id='line_1_48' title="bbox 272 2442 1386 2480; baseline 0.001 -1"><span class='ocrx_word' id='word_1_302' title='bbox 272 2450 357 2479; x_wconf 90' lang='lat' dir='ltr'>tum</span> <span class='ocrx_word' id='word_1_303' title='bbox 385 2449 441 2479; x_wconf 92' lang='lat' dir='ltr'>est</span> <span class='ocrx_word' id='word_1_304' title='bbox 468 2442 622 2479; x_wconf 90' lang='lat' dir='ltr'>animal.</span> <span class='ocrx_word' id='word_1_305' title='bbox 1359 2459 1386 2480; x_wconf 73' lang='lat'>⁴0</span> 
     </span>
    </p>

    <p class='ocr_par' dir='ltr' id='par_1_12' title="bbox 271 2494 1383 2974">
     <span class='ocr_line' id='line_1_49' title="bbox 326 2494 1345 2546; baseline 0.001 -14"><span class='ocrx_word' id='word_1_306' title='bbox 326 2496 537 2532; x_wconf 90' lang='lat' dir='ltr'>Praeterea.</span> <span class='ocrx_word' id='word_1_307' title='bbox 568 2494 698 2532; x_wconf 87' lang='lat' dir='ltr'>Virtus</span> <span class='ocrx_word' id='word_1_308' title='bbox 725 2494 939 2544; x_wconf 87' lang='lat' dir='ltr'>cogitativa,</span> <span class='ocrx_word' id='word_1_309' title='bbox 961 2507 1053 2532; x_wconf 90' lang='lat' dir='ltr'>curn</span> <span class='ocrx_word' id='word_1_310' title='bbox 1075 2503 1258 2546; x_wconf 87' lang='lat' dir='ltr'>operetur</span> <span class='ocrx_word' id='word_1_311' title='bbox 1275 2507 1345 2546; x_wconf 93' lang='lat' dir='ltr'>per</span> 
     </span>
     <span class='ocr_line' id='line_1_50' title="bbox 274 2548 1344 2598; baseline 0.001 -12"><span class='ocrx_word' id='word_1_312' title='bbox 274 2561 474 2597; x_wconf 89' lang='lat' dir='ltr'>organum,</span> <span class='ocrx_word' id='word_1_313' title='bbox 504 2561 584 2586; x_wconf 91' lang='lat' dir='ltr'>non</span> <span class='ocrx_word' id='word_1_314' title='bbox 613 2556 669 2586; x_wconf 88' lang='lat' dir='ltr'>est</span> <span class='ocrx_word' id='word_1_315' title='bbox 697 2548 735 2585; x_wconf 92' lang='lat' dir='ltr'>id</span> <span class='ocrx_word' id='word_1_316' title='bbox 764 2561 844 2598; x_wconf 93' lang='lat' dir='ltr'>quo</span> <span class='ocrx_word' id='word_1_317' title='bbox 873 2548 1136 2598; x_wconf 88' lang='lat' dir='ltr'>intelligimus:</span> <span class='ocrx_word' id='word_1_318' title='bbox 1168 2561 1260 2587; x_wconf 92' lang='lat' dir='ltr'>cum</span> <span class='ocrx_word' id='word_1_319' title='bbox 1288 2549 1344 2587; x_wconf 93' lang='lat' dir='ltr'>in-</span> 
     </span>
     <span class='ocr_line' id='line_1_51' title="bbox 272 2601 1344 2652; baseline 0.001 -13"><span class='ocrx_word' id='word_1_320' title='bbox 272 2602 435 2650; x_wconf 90' lang='lat' dir='ltr'>telligere</span> <span class='ocrx_word' id='word_1_321' title='bbox 464 2614 545 2639; x_wconf 92' lang='lat' dir='ltr'>non</span> <span class='ocrx_word' id='word_1_322' title='bbox 573 2602 619 2639; x_wconf 92' lang='lat' dir='ltr'>sit</span> <span class='ocrx_word' id='word_1_323' title='bbox 647 2602 821 2651; x_wconf 90' lang='lat' dir='ltr'>operatio</span> <span class='ocrx_word' id='word_1_324' title='bbox 845 2601 1007 2639; x_wconf 90' lang='lat' dir='ltr'>alicuius</span> <span class='ocrx_word' id='word_1_325' title='bbox 1031 2602 1175 2652; x_wconf 90' lang='lat' dir='ltr'>organi.</span> <span class='ocrx_word' id='word_1_326' title='bbox 1206 2603 1247 2640; x_wconf 91' lang='lat' dir='ltr'>Id</span> <span class='ocrx_word' id='word_1_327' title='bbox 1276 2615 1344 2640; x_wconf 92' lang='lat' dir='ltr'>au-</span> 
     </span>
     <span class='ocr_line' id='line_1_52' title="bbox 272 2655 1344 2706; baseline 0.002 -14"><span class='ocrx_word' id='word_1_328' title='bbox 272 2663 350 2693; x_wconf 90' lang='lat' dir='ltr'>tem</span> <span class='ocrx_word' id='word_1_329' title='bbox 378 2668 459 2705; x_wconf 92' lang='lat' dir='ltr'>quo</span> <span class='ocrx_word' id='word_1_330' title='bbox 494 2655 750 2704; x_wconf 86' lang='lat' dir='ltr'>intelligimus,</span> <span class='ocrx_word' id='word_1_331' title='bbox 789 2663 845 2693; x_wconf 89' lang='lat' dir='ltr'>est</span> <span class='ocrx_word' id='word_1_332' title='bbox 881 2655 975 2693; x_wconf 91' lang='lat' dir='ltr'>illud</span> <span class='ocrx_word' id='word_1_333' title='bbox 1009 2668 1090 2706; x_wconf 90' lang='lat' dir='ltr'>quo</span> <span class='ocrx_word' id='word_1_334' title='bbox 1128 2656 1252 2694; x_wconf 91' lang='lat' dir='ltr'>homo</span> <span class='ocrx_word' id='word_1_335' title='bbox 1288 2665 1344 2694; x_wconf 89' lang='lat' dir='ltr'>est</span> 
     </span>
     <span class='ocr_line' id='line_1_53' title="bbox 272 2708 1383 2770; baseline 0.002 -25"><span class='ocrx_word' id='word_1_336' title='bbox 272 2709 410 2746; x_wconf 90' lang='lat' dir='ltr'>homo:</span> <span class='ocrx_word' id='word_1_337' title='bbox 441 2721 533 2746; x_wconf 90' lang='lat' dir='ltr'>cum</span> <span class='ocrx_word' id='word_1_338' title='bbox 562 2708 768 2769; x_wconf 84' lang='lat' dir='ltr'>intelligere</span> <span class='ocrx_word' id='word_1_339' title='bbox 801 2709 847 2746; x_wconf 92' lang='lat' dir='ltr'>sit</span> <span class='ocrx_word' id='word_1_340' title='bbox 875 2709 1032 2759; x_wconf 91' lang='lat' dir='ltr'>propria</span> <span class='ocrx_word' id='word_1_341' title='bbox 1065 2709 1241 2770; x_wconf 82' lang='lat' dir='ltr'>operatio</span> <span class='ocrx_word' id='word_1_342' title='bbox 1273 2710 1344 2747; x_wconf 94' lang='lat' dir='ltr'>ho-</span> <span class='ocrx_word' id='word_1_343' title='bbox 1358 2727 1383 2748; x_wconf 61' lang='grc' dir='ltr'>ις</span> 
     </span>
     <span class='ocr_line' id='line_1_54' title="bbox 271 2762 1346 2812; baseline 0.002 -13"><span class='ocrx_word' id='word_1_344' title='bbox 271 2762 386 2799; x_wconf 83' lang='grc' dir='ltr'>ιιιίιιί5</span> <span class='ocrx_word' id='word_1_345' title='bbox 414 2774 658 2812; x_wconf 93' lang='lat' dir='ltr'>consequens</span> <span class='ocrx_word' id='word_1_346' title='bbox 687 2762 770 2800; x_wconf 91' lang='lat' dir='ltr'>eius</span> <span class='ocrx_word' id='word_1_347' title='bbox 799 2763 1015 2812; x_wconf 82' lang='lat' dir='ltr'>speciem*.</span> <span class='ocrx_word' id='word_1_348' title='bbox 1038 2764 1131 2800; x_wconf 93' lang='lat' dir='ltr'>Non</span> <span class='ocrx_word' id='word_1_349' title='bbox 1151 2770 1207 2800; x_wconf 90' lang='lat' dir='ltr'>est</span> <span class='ocrx_word' id='word_1_350' title='bbox 1232 2763 1346 2812; x_wconf 90' lang='lat' dir='ltr'>igitur</span> 
     </span>
     <span class='ocr_line' id='line_1_55' title="bbox 271 2815 1342 2866; baseline 0.002 -14"><span class='ocrx_word' id='word_1_351' title='bbox 271 2817 347 2853; x_wconf 91' lang='lat' dir='ltr'>hoc</span> <span class='ocrx_word' id='word_1_352' title='bbox 375 2815 624 2853; x_wconf 90' lang='lat' dir='ltr'>individuum</span> <span class='ocrx_word' id='word_1_353' title='bbox 644 2816 767 2853; x_wconf 93' lang='lat' dir='ltr'>homo</span> <span class='ocrx_word' id='word_1_354' title='bbox 787 2828 858 2866; x_wconf 91' lang='lat' dir='ltr'>per</span> <span class='ocrx_word' id='word_1_355' title='bbox 875 2816 1058 2854; x_wconf 91' lang='lat' dir='ltr'>virtutem</span> <span class='ocrx_word' id='word_1_356' title='bbox 1077 2816 1342 2865; x_wconf 88' lang='lat' dir='ltr'>cogitativam:</span> 
     </span>
     <span class='ocr_line' id='line_1_56' title="bbox 271 2868 1345 2919; baseline 0.002 -13"><span class='ocrx_word' id='word_1_357' title='bbox 271 2881 399 2918; x_wconf 92' lang='lat' dir='ltr'>neque</span> <span class='ocrx_word' id='word_1_358' title='bbox 429 2870 526 2907; x_wconf 90' lang='lat' dir='ltr'>haec</span> <span class='ocrx_word' id='word_1_359' title='bbox 552 2868 673 2906; x_wconf 89' lang='lat' dir='ltr'>virtus</span> <span class='ocrx_word' id='word_1_360' title='bbox 701 2877 757 2906; x_wconf 87' lang='lat' dir='ltr'>est</span> <span class='ocrx_word' id='word_1_361' title='bbox 785 2869 822 2907; x_wconf 93' lang='lat' dir='ltr'>id</span> <span class='ocrx_word' id='word_1_362' title='bbox 852 2881 922 2919; x_wconf 89' lang='lat' dir='ltr'>per</span> <span class='ocrx_word' id='word_1_363' title='bbox 953 2870 1062 2919; x_wconf 93' lang='lat' dir='ltr'>quod</span> <span class='ocrx_word' id='word_1_364' title='bbox 1098 2871 1222 2908; x_wconf 93' lang='lat' dir='ltr'>homo</span> <span class='ocrx_word' id='word_1_365' title='bbox 1254 2871 1345 2908; x_wconf 90' lang='lat' dir='ltr'>sub-</span> 
     </span>
     <span class='ocr_line' id='line_1_57' title="bbox 273 2922 1345 2974; baseline 0.003 -15"><span class='ocrx_word' id='word_1_366' title='bbox 273 2922 493 2960; x_wconf 90' lang='lat' dir='ltr'>stantialiter</span> <span class='ocrx_word' id='word_1_367' title='bbox 511 2922 638 2960; x_wconf 85' lang='lat' dir='ltr'>differt</span> <span class='ocrx_word' id='word_1_368' title='bbox 657 2935 679 2959; x_wconf 91' lang='lat' dir='ltr'>a</span> <span class='ocrx_word' id='word_1_369' title='bbox 698 2922 830 2969; x_wconf 90' lang='lat' dir='ltr'>brutis,</span> <span class='ocrx_word' id='word_1_370' title='bbox 855 2930 898 2960; x_wconf 93' lang='lat' dir='ltr'>ut</span> <span class='ocrx_word' id='word_1_371' title='bbox 923 2923 1219 2961; x_wconf 88' lang='lat' dir='ltr'>Commentator</span> <span class='ocrx_word' id='word_1_372' title='bbox 1236 2936 1345 2974; x_wconf 90' lang='lat' dir='ltr'>prae-</span> 
     </span>
    </p>
   </div>
   <div class='ocr_carea' id='block_1_9' title="bbox 274 2975 1387 3025">
    <p class='ocr_par' dir='ltr' id='par_1_13' title="bbox 274 2975 1387 3025">
     <span class='ocr_line' id='line_1_58' title="bbox 274 2975 1387 3025; baseline -0.001 -12"><span class='ocrx_word' id='word_1_373' title='bbox 274 2976 396 3013; x_wconf 90' lang='lat' dir='ltr'>dictus</span> <span class='ocrx_word' id='word_1_374' title='bbox 424 2975 544 3025; x_wconf 88' lang='lat' dir='ltr'>fingit.</span> <span class='ocrx_word' id='word_1_375' title='bbox 1361 2998 1387 3018; x_wconf 61' lang='grc' dir='ltr'>,ο</span> 
     </span>
    </p>
   </div>
   <div class='ocr_carea' id='block_1_10' title="bbox 274 3028 1387 3558">
    <p class='ocr_par' dir='ltr' id='par_1_14' title="bbox 274 3028 1384 3558">
     <span class='ocr_line' id='line_1_59' title="bbox 327 3028 1346 3077; baseline 0.002 -11"><span class='ocrx_word' id='word_1_376' title='bbox 327 3029 479 3066; x_wconf 89' lang='lat' dir='ltr'>Adhuc.</span> <span class='ocrx_word' id='word_1_377' title='bbox 501 3028 630 3066; x_wconf 90' lang='lat' dir='ltr'>Virtus</span> <span class='ocrx_word' id='word_1_378' title='bbox 650 3028 852 3077; x_wconf 88' lang='lat' dir='ltr'>cogitativa</span> <span class='ocrx_word' id='word_1_379' title='bbox 867 3041 948 3067; x_wconf 90' lang='lat' dir='ltr'>non</span> <span class='ocrx_word' id='word_1_380' title='bbox 968 3030 1084 3067; x_wconf 89' lang='lat' dir='ltr'>habet</span> <span class='ocrx_word' id='word_1_381' title='bbox 1101 3030 1281 3068; x_wconf 90' lang='lat' dir='ltr'>ordinem</span> <span class='ocrx_word' id='word_1_382' title='bbox 1296 3031 1346 3068; x_wconf 88' lang='lat' dir='ltr'>ad</span> 
     </span>
     <span class='ocr_line' id='line_1_60' title="bbox 274 3081 1346 3132; baseline 0.002 -13"><span class='ocrx_word' id='word_1_383' title='bbox 274 3082 508 3120; x_wconf 89' lang='lat' dir='ltr'>intellectum</span> <span class='ocrx_word' id='word_1_384' title='bbox 537 3081 774 3132; x_wconf 87' lang='lat' dir='ltr'>possibilem,</span> <span class='ocrx_word' id='word_1_385' title='bbox 804 3095 885 3132; x_wconf 92' lang='lat' dir='ltr'>quo</span> <span class='ocrx_word' id='word_1_386' title='bbox 914 3082 1085 3132; x_wconf 90' lang='lat' dir='ltr'>intelligit</span> <span class='ocrx_word' id='word_1_387' title='bbox 1113 3084 1248 3131; x_wconf 87' lang='lat' dir='ltr'>homo,</span> <span class='ocrx_word' id='word_1_388' title='bbox 1273 3083 1346 3121; x_wconf 88' lang='lat' dir='ltr'>nisi</span> 
     </span>
     <span class='ocr_line' id='line_1_61' title="bbox 274 3138 1346 3186; baseline 0.003 -14"><span class='ocrx_word' id='word_1_389' title='bbox 274 3147 343 3185; x_wconf 90' lang='lat' dir='ltr'>per</span> <span class='ocrx_word' id='word_1_390' title='bbox 371 3148 488 3174; x_wconf 90' lang='lat' dir='ltr'>suum</span> <span class='ocrx_word' id='word_1_391' title='bbox 508 3143 638 3173; x_wconf 88' lang='lat' dir='ltr'>actum</span> <span class='ocrx_word' id='word_1_392' title='bbox 666 3148 746 3185; x_wconf 93' lang='lat' dir='ltr'>quo</span> <span class='ocrx_word' id='word_1_393' title='bbox 773 3144 1052 3186; x_wconf 87' lang='lat' dir='ltr'>praeparantur</span> <span class='ocrx_word' id='word_1_394' title='bbox 1076 3138 1346 3186; x_wconf 88' lang='lat' dir='ltr'>phantasmata</span> 
     </span>
     <span class='ocr_line' id='line_1_62' title="bbox 275 3189 1346 3238; baseline 0.002 -12"><span class='ocrx_word' id='word_1_395' title='bbox 275 3196 317 3225; x_wconf 93' lang='lat' dir='ltr'>ut</span> <span class='ocrx_word' id='word_1_396' title='bbox 332 3201 405 3238; x_wconf 35' lang='lat' dir='ltr'>*per</span> <span class='ocrx_word' id='word_1_397' title='bbox 432 3189 666 3226; x_wconf 91' lang='lat' dir='ltr'>intellectum</span> <span class='ocrx_word' id='word_1_398' title='bbox 685 3197 863 3238; x_wconf 89' lang='lat' dir='ltr'>agentem</span> <span class='ocrx_word' id='word_1_399' title='bbox 882 3189 977 3227; x_wconf 89' lang='lat' dir='ltr'>fiant</span> <span class='ocrx_word' id='word_1_400' title='bbox 996 3190 1239 3238; x_wconf 89' lang='lat' dir='ltr'>intelligibilia</span> <span class='ocrx_word' id='word_1_401' title='bbox 1258 3198 1346 3228; x_wconf 89' lang='lat' dir='ltr'>actu</span> 
     </span>
     <span class='ocr_line' id='line_1_63' title="bbox 275 3242 1384 3294; baseline 0.004 -16"><span class='ocrx_word' id='word_1_402' title='bbox 275 3250 311 3278; x_wconf 90' lang='lat' dir='ltr'>et</span> <span class='ocrx_word' id='word_1_403' title='bbox 338 3242 575 3292; x_wconf 90' lang='lat' dir='ltr'>perficientia</span> <span class='ocrx_word' id='word_1_404' title='bbox 614 3242 848 3280; x_wconf 91' lang='lat' dir='ltr'>intellectum</span> <span class='ocrx_word' id='word_1_405' title='bbox 884 3242 1121 3292; x_wconf 90' lang='lat' dir='ltr'>possibilem.</span> <span class='ocrx_word' id='word_1_406' title='bbox 1159 3244 1345 3294; x_wconf 90' lang='lat' dir='ltr'>Operatio</span> <span class='ocrx_word' id='word_1_407' title='bbox 1362 3262 1384 3283; x_wconf 73' lang='lat' dir='ltr'>ss</span> 
     </span>
     <span class='ocr_line' id='line_1_64' title="bbox 276 3295 1344 3346; baseline 0.003 -14"><span class='ocrx_word' id='word_1_408' title='bbox 276 3302 405 3332; x_wconf 91' lang='lat' dir='ltr'>autem</span> <span class='ocrx_word' id='word_1_409' title='bbox 434 3295 503 3333; x_wconf 89' lang='lat' dir='ltr'>ista</span> <span class='ocrx_word' id='word_1_410' title='bbox 533 3307 613 3333; x_wconf 91' lang='lat' dir='ltr'>non</span> <span class='ocrx_word' id='word_1_411' title='bbox 641 3308 797 3346; x_wconf 92' lang='lat' dir='ltr'>semper</span> <span class='ocrx_word' id='word_1_412' title='bbox 824 3297 964 3334; x_wconf 90' lang='lat' dir='ltr'>eadem</span> <span class='ocrx_word' id='word_1_413' title='bbox 993 3304 1125 3334; x_wconf 88' lang='lat' dir='ltr'>manet</span> <span class='ocrx_word' id='word_1_414' title='bbox 1152 3296 1192 3334; x_wconf 92' lang='lat' dir='ltr'>in</span> <span class='ocrx_word' id='word_1_415' title='bbox 1221 3297 1344 3335; x_wconf 91' lang='lat' dir='ltr'>nobis.</span> 
     </span>
     <span class='ocr_line' id='line_1_65' title="bbox 275 3348 1346 3409; baseline 0.003 -24"><span class='ocrx_word' id='word_1_416' title='bbox 275 3349 514 3409; x_wconf 84' lang='lat' dir='ltr'>Impossibile</span> <span class='ocrx_word' id='word_1_417' title='bbox 543 3356 599 3386; x_wconf 89' lang='lat' dir='ltr'>est</span> <span class='ocrx_word' id='word_1_418' title='bbox 626 3348 738 3398; x_wconf 90' lang='lat' dir='ltr'>igitur</span> <span class='ocrx_word' id='word_1_419' title='bbox 765 3350 874 3399; x_wconf 93' lang='lat' dir='ltr'>quod</span> <span class='ocrx_word' id='word_1_420' title='bbox 903 3351 1026 3387; x_wconf 92' lang='lat' dir='ltr'>homo</span> <span class='ocrx_word' id='word_1_421' title='bbox 1064 3362 1134 3399; x_wconf 92' lang='lat' dir='ltr'>per</span> <span class='ocrx_word' id='word_1_422' title='bbox 1168 3362 1256 3387; x_wconf 89' lang='lat' dir='ltr'>eam</span> <span class='ocrx_word' id='word_1_423' title='bbox 1284 3352 1346 3388; x_wconf 90' lang='lat' dir='ltr'>vel</span> 
     </span>
     <span class='ocr_line' id='line_1_66' title="bbox 276 3402 1346 3453; baseline 0.002 -15"><span class='ocrx_word' id='word_1_424' title='bbox 276 3402 522 3439; x_wconf 88' lang='lat' dir='ltr'>continuetur</span> <span class='ocrx_word' id='word_1_425' title='bbox 548 3402 739 3452; x_wconf 90' lang='lat' dir='ltr'>principio</span> <span class='ocrx_word' id='word_1_426' title='bbox 769 3403 910 3452; x_wconf 88' lang='lat' dir='ltr'>speciei</span> <span class='ocrx_word' id='word_1_427' title='bbox 939 3404 1153 3449; x_wconf 89' lang='lat' dir='ltr'>humanae;</span> <span class='ocrx_word' id='word_1_428' title='bbox 1182 3405 1244 3440; x_wconf 80' lang='lat' dir='ltr'>vel</span> <span class='ocrx_word' id='word_1_429' title='bbox 1276 3416 1346 3453; x_wconf 88' lang='lat' dir='ltr'>per</span> 
     </span>
     <span class='ocr_line' id='line_1_67' title="bbox 277 3455 1344 3507; baseline 0.003 -16"><span class='ocrx_word' id='word_1_430' title='bbox 277 3466 363 3491; x_wconf 91' lang='lat' dir='ltr'>eam</span> <span class='ocrx_word' id='word_1_431' title='bbox 392 3455 530 3493; x_wconf 91' lang='lat' dir='ltr'>habeat</span> <span class='ocrx_word' id='word_1_432' title='bbox 559 3456 739 3505; x_wconf 89' lang='lat' dir='ltr'>speciem.</span> <span class='ocrx_word' id='word_1_433' title='bbox 763 3457 826 3494; x_wconf 93' lang='lat' dir='ltr'>Sic</span> <span class='ocrx_word' id='word_1_434' title='bbox 854 3456 968 3505; x_wconf 86' lang='lat' dir='ltr'>igitur</span> <span class='ocrx_word' id='word_1_435' title='bbox 986 3464 1090 3506; x_wconf 90' lang='lat' dir='ltr'>patet</span> <span class='ocrx_word' id='word_1_436' title='bbox 1109 3457 1216 3506; x_wconf 88' lang='lat' dir='ltr'>quod</span> <span class='ocrx_word' id='word_1_437' title='bbox 1235 3469 1344 3507; x_wconf 88' lang='lat' dir='ltr'>prae-</span> 
     </span>
     <span class='ocr_line' id='line_1_68' title="bbox 278 3506 1387 3558; baseline 0.005 -15"><span class='ocrx_word' id='word_1_438' title='bbox 278 3506 376 3545; x_wconf 88' lang='lat' dir='ltr'>dicta</span> <span class='ocrx_word' id='word_1_439' title='bbox 404 3509 603 3558; x_wconf 90' lang='lat' dir='ltr'>responsio</span> <span class='ocrx_word' id='word_1_440' title='bbox 633 3509 796 3547; x_wconf 91' lang='lat' dir='ltr'>omnino</span> <span class='ocrx_word' id='word_1_441' title='bbox 825 3510 1061 3548; x_wconf 88' lang='lat' dir='ltr'>confutanda</span> <span class='ocrx_word' id='word_1_442' title='bbox 1089 3517 1156 3547; x_wconf 92' lang='lat' dir='ltr'>est.</span> <span class='ocrx_word' id='word_1_443' title='bbox 1359 3528 1387 3548; x_wconf 78' lang='lat'>⁶0</span> 
     </span>
    </p>
   </div>
   <div class='ocr_carea' id='block_1_11' title="bbox 971 3576 1219 3582">
    <p class='ocr_par' dir='ltr' id='par_1_15' title="bbox 971 3576 1219 3582">
     <span class='ocr_line' id='line_1_69' title="bbox 971 3576 1219 3582; baseline 0 0"><span class='ocrx_word' id='word_1_444' title='bbox 971 3576 1219 3582; x_wconf 95' lang='lat' dir='ltr'> </span> 
     </span>
    </p>
   </div>
   <div class='ocr_carea' id='block_1_12' title="bbox 333 3595 1333 3668">
    <p class='ocr_par' dir='ltr' id='par_1_16' title="bbox 333 3595 1323 3668">
     <span class='ocr_line' id='line_1_70' title="bbox 334 3595 1189 3631; baseline 0.006 -13"><span class='ocrx_word' id='word_1_445' title='bbox 334 3601 343 3618; x_wconf 83' lang='grc' dir='ltr'>ι</span> <span class='ocrx_word' id='word_1_446' title='bbox 367 3595 466 3628; x_wconf 83' lang='lat' dir='ltr'>Adhuc]</span> <span class='ocrx_word' id='word_1_447' title='bbox 486 3597 526 3621; x_wconf 85' lang='lat' dir='ltr'>Ad</span> <span class='ocrx_word' id='word_1_448' title='bbox 545 3597 644 3622; x_wconf 76' lang='grc' dir='ltr'><strong>ΒΡΗΧ.</strong></span> <span class='ocrx_word' id='word_1_449' title='bbox 737 3605 768 3622; x_wconf 80' lang='lat'>22</span> <span class='ocrx_word' id='word_1_450' title='bbox 789 3598 934 3631; x_wconf 80' lang='lat' dir='ltr'>abolentur]</span> <span class='ocrx_word' id='word_1_451' title='bbox 955 3599 1094 3623; x_wconf 83' lang='lat' dir='ltr'>aboluntur</span> <span class='ocrx_word' id='word_1_452' title='bbox 1112 3598 1189 3623; x_wconf 84' lang='lat' dir='ltr'>EGZ.</span> 
     </span>
     <span class='ocr_line' id='line_1_71' title="bbox 333 3630 1333 3668; baseline 0.007 -15"><span class='ocrx_word' id='word_1_453' title='bbox 333 3636 362 3654; x_wconf 68' lang='grc' dir='ltr'>αι</span> <span class='ocrx_word' id='word_1_454' title='bbox 384 3630 458 3663; x_wconf 78' lang='lat' dir='ltr'>actio]</span> <span class='ocrx_word' id='word_1_455' title='bbox 478 3636 518 3655; x_wconf 84' lang='lat' dir='ltr'>est</span> <span class='ocrx_word' id='word_1_456' title='bbox 537 3632 602 3656; x_wconf 79' lang='lat' dir='ltr'>actio</span> <span class='ocrx_word' id='word_1_457' title='bbox 621 3640 688 3665; x_wconf 84' lang='lat' dir='ltr'>quae</span> <span class='ocrx_word' id='word_1_458' title='bbox 708 3633 754 3658; x_wconf 73' lang='lat' dir='ltr'>Pa.</span> <span class='ocrx_word' id='word_1_459' title='bbox 847 3633 1104 3668; x_wconf 75' lang='lat' dir='ltr'>31quodammod01</span> <span class='ocrx_word' id='word_1_460' title='bbox 1123 3634 1258 3667; x_wconf 81' lang='lat' dir='ltr'>quomodo</span> <span class='ocrx_word' id='word_1_461' title='bbox 1276 3635 1333 3660; x_wconf 82' lang='lat' dir='ltr'>EG.</span> 
     </span>
    </p>
   </div>
   <div class='ocr_carea' id='block_1_13' title="bbox 279 3664 832 3700">
    <p class='ocr_par' dir='ltr' id='par_1_17' title="bbox 279 3664 832 3700">
     <span class='ocr_line' id='line_1_72' title="bbox 279 3664 832 3700; baseline 0.011 -12"><span class='ocrx_word' id='word_1_462' title='bbox 279 3670 321 3688; x_wconf 91' lang='lat' dir='ltr'>om</span> <span class='ocrx_word' id='word_1_463' title='bbox 342 3664 414 3690; x_wconf 67' lang='lat' dir='ltr'>«DX.</span> <span class='ocrx_word' id='word_1_464' title='bbox 505 3665 536 3690; x_wconf 87' lang='grc'>55</span> <span class='ocrx_word' id='word_1_465' title='bbox 556 3667 648 3700; x_wconf 78' lang='lat' dir='ltr'>adhuc)</span> <span class='ocrx_word' id='word_1_466' title='bbox 669 3668 701 3692; x_wconf 79' lang='lat' dir='ltr'>ad</span> <span class='ocrx_word' id='word_1_467' title='bbox 720 3668 770 3693; x_wconf 85' lang='lat' dir='ltr'>hoc</span> <span class='ocrx_word' id='word_1_468' title='bbox 790 3669 832 3694; x_wconf 70' lang='lat' dir='ltr'>rc.</span> 
     </span>
    </p>
   </div>
   <div class='ocr_carea' id='block_1_14' title="bbox 759 279 2019 325">
    <p class='ocr_par' dir='ltr' id='par_1_18' title="bbox 759 279 2019 325">
     <span class='ocr_line' id='line_1_73' title="bbox 759 279 2019 325; baseline -0.004 -4"><span class='ocrx_word' id='word_1_469' title='bbox 759 284 947 321; x_wconf 90' lang='lat' dir='ltr'>SUMMA</span> <span class='ocrx_word' id='word_1_470' title='bbox 976 281 1198 319; x_wconf 91' lang='lat' dir='ltr'>CONTRA</span> <span class='ocrx_word' id='word_1_471' title='bbox 1227 279 1502 325; x_wconf 90' lang='lat' dir='ltr'>GENTILES,</span> <span class='ocrx_word' id='word_1_472' title='bbox 1533 280 1626 316; x_wconf 93' lang='lat' dir='ltr'>LIB.</span> <span class='ocrx_word' id='word_1_473' title='bbox 1648 280 1688 325; x_wconf 92' lang='grc' dir='ltr'>ΙΙ,</span> <span class='ocrx_word' id='word_1_474' title='bbox 1720 279 1831 316; x_wconf 91' lang='lat' dir='ltr'>CAP.</span> <span class='ocrx_word' id='word_1_475' title='bbox 1853 279 2019 316; x_wconf 89' lang='lat' dir='ltr'>LXXIII.</span> 
     </span>
    </p>
   </div>
   <div class='ocr_carea' id='block_1_15' title="bbox 1399 357 2525 3561">
    <p class='ocr_par' dir='ltr' id='par_1_19' title="bbox 1407 357 2492 1249">
     <span class='ocr_line' id='line_1_74' title="bbox 1470 357 2492 409; baseline 0.004 -15"><span class='ocrx_word' id='word_1_476' title='bbox 1470 358 1576 394; x_wconf 88' lang='lat' dir='ltr'>Item.</span> <span class='ocrx_word' id='word_1_477' title='bbox 1616 357 1656 394; x_wconf 91' lang='lat' dir='ltr'>Id</span> <span class='ocrx_word' id='word_1_478' title='bbox 1695 370 1776 406; x_wconf 93' lang='lat' dir='ltr'>quo</span> <span class='ocrx_word' id='word_1_479' title='bbox 1815 357 1960 407; x_wconf 90' lang='lat' dir='ltr'>aliquid</span> <span class='ocrx_word' id='word_1_480' title='bbox 1998 366 2182 407; x_wconf 87' lang='lat' dir='ltr'>operatur</span> <span class='ocrx_word' id='word_1_481' title='bbox 2218 367 2284 396; x_wconf 90' lang='lat' dir='ltr'>aut</span> <span class='ocrx_word' id='word_1_482' title='bbox 2321 360 2406 409; x_wconf 89' lang='lat' dir='ltr'>agit,</span> <span class='ocrx_word' id='word_1_483' title='bbox 2436 369 2492 398; x_wconf 91' lang='lat' dir='ltr'>est</span> 
     </span>
     <span class='ocr_line' id='line_1_75' title="bbox 1415 410 2490 461; baseline 0.005 -14"><span class='ocrx_word' id='word_1_484' title='bbox 1415 410 1653 460; x_wconf 91' lang='lat' dir='ltr'>principium</span> <span class='ocrx_word' id='word_1_485' title='bbox 1673 411 1722 448; x_wconf 92' lang='lat' dir='ltr'>ad</span> <span class='ocrx_word' id='word_1_486' title='bbox 1742 411 1851 460; x_wconf 92' lang='lat' dir='ltr'>quod</span> <span class='ocrx_word' id='word_1_487' title='bbox 1871 410 2047 460; x_wconf 90' lang='lat' dir='ltr'>sequitur</span> <span class='ocrx_word' id='word_1_488' title='bbox 2065 412 2240 461; x_wconf 91' lang='lat' dir='ltr'>operatio</span> <span class='ocrx_word' id='word_1_489' title='bbox 2260 425 2342 451; x_wconf 92' lang='lat' dir='ltr'>non</span> <span class='ocrx_word' id='word_1_490' title='bbox 2361 416 2490 452; x_wconf 92' lang='lat' dir='ltr'>solum</span> 
     </span>
     <span class='ocr_line' id='line_1_76' title="bbox 1416 463 2491 514; baseline 0.006 -15"><span class='ocrx_word' id='word_1_491' title='bbox 1416 471 1609 513; x_wconf 91' lang='lat' dir='ltr'>quantum</span> <span class='ocrx_word' id='word_1_492' title='bbox 1638 463 1687 500; x_wconf 90' lang='lat' dir='ltr'>ad</span> <span class='ocrx_word' id='word_1_493' title='bbox 1717 475 1799 500; x_wconf 91' lang='lat' dir='ltr'>esse</span> <span class='ocrx_word' id='word_1_494' title='bbox 1828 463 1960 513; x_wconf 88' lang='lat' dir='ltr'>ipsius,</span> <span class='ocrx_word' id='word_1_495' title='bbox 1990 465 2059 502; x_wconf 90' lang='lat' dir='ltr'>sed</span> <span class='ocrx_word' id='word_1_496' title='bbox 2087 464 2204 502; x_wconf 90' lang='lat' dir='ltr'>etiam</span> <span class='ocrx_word' id='word_1_497' title='bbox 2229 474 2422 514; x_wconf 89' lang='lat' dir='ltr'>quantum</span> <span class='ocrx_word' id='word_1_498' title='bbox 2441 468 2491 505; x_wconf 93' lang='lat' dir='ltr'>ad</span> 
     </span>
     <span class='ocr_line' id='line_1_77' title="bbox 1415 516 2490 558; baseline 0.005 -5"><span class='ocrx_word' id='word_1_499' title='bbox 1415 516 1706 554; x_wconf 90' lang='lat' dir='ltr'>multitudinem</span> <span class='ocrx_word' id='word_1_500' title='bbox 1734 524 1800 554; x_wconf 93' lang='lat' dir='ltr'>aut</span> <span class='ocrx_word' id='word_1_501' title='bbox 1828 517 2034 555; x_wconf 89' lang='lat' dir='ltr'>unitatem:</span> <span class='ocrx_word' id='word_1_502' title='bbox 2065 518 2115 555; x_wconf 92' lang='lat' dir='ltr'>ab</span> <span class='ocrx_word' id='word_1_503' title='bbox 2134 518 2277 555; x_wconf 89' lang='lat' dir='ltr'>eodem</span> <span class='ocrx_word' id='word_1_504' title='bbox 2301 519 2405 557; x_wconf 91' lang='lat' dir='ltr'>enim</span> <span class='ocrx_word' id='word_1_505' title='bbox 2429 533 2490 558; x_wconf 90' lang='lat' dir='ltr'>ca-</span> 
     </span>
     <span class='ocr_line' id='line_1_78' title="bbox 1416 570 2489 618; baseline 0.004 -12"><span class='ocrx_word' id='word_1_506' title='bbox 1416 571 1496 607; x_wconf 91' lang='lat' dir='ltr'>lore</span> <span class='ocrx_word' id='word_1_507' title='bbox 1515 582 1596 607; x_wconf 91' lang='lat' dir='ltr'>non</span> <span class='ocrx_word' id='word_1_508' title='bbox 1617 577 1673 607; x_wconf 90' lang='lat' dir='ltr'>est</span> <span class='ocrx_word' id='word_1_509' title='bbox 1691 570 1764 607; x_wconf 92' lang='lat' dir='ltr'>nisi</span> <span class='ocrx_word' id='word_1_510' title='bbox 1784 582 1911 608; x_wconf 91' lang='lat' dir='ltr'>unum</span> <span class='ocrx_word' id='word_1_511' title='bbox 1939 571 2157 618; x_wconf 87' lang='lat' dir='ltr'>calefacere,</span> <span class='ocrx_word' id='word_1_512' title='bbox 2178 571 2259 608; x_wconf 84' lang='lat' dir='ltr'>sive</span> <span class='ocrx_word' id='word_1_513' title='bbox 2288 584 2369 610; x_wconf 93' lang='lat' dir='ltr'>una</span> <span class='ocrx_word' id='word_1_514' title='bbox 2391 575 2489 610; x_wconf 92' lang='lat' dir='ltr'>cale-</span> 
     </span>
     <span class='ocr_line' id='line_1_79' title="bbox 1414 623 2489 675; baseline 0.004 -16"><span class='ocrx_word' id='word_1_515' title='bbox 1414 623 1525 660; x_wconf 88' lang='lat' dir='ltr'>factio</span> <span class='ocrx_word' id='word_1_516' title='bbox 1554 623 1695 669; x_wconf 91' lang='lat' dir='ltr'>activa;</span> <span class='ocrx_word' id='word_1_517' title='bbox 1725 623 1908 672; x_wconf 86' lang='lat' dir='ltr'>quamvis</span> <span class='ocrx_word' id='word_1_518' title='bbox 1926 624 2048 673; x_wconf 89' lang='lat' dir='ltr'>possit</span> <span class='ocrx_word' id='word_1_519' title='bbox 2067 637 2150 662; x_wconf 91' lang='lat' dir='ltr'>esse</span> <span class='ocrx_word' id='word_1_520' title='bbox 2169 625 2372 675; x_wconf 89' lang='lat' dir='ltr'>multiplex</span> <span class='ocrx_word' id='word_1_521' title='bbox 2391 627 2489 664; x_wconf 90' lang='lat' dir='ltr'>cale-</span> 
     </span>
     <span class='ocr_line' id='line_1_80' title="bbox 1413 675 2489 728; baseline 0.005 -16"><span class='ocrx_word' id='word_1_522' title='bbox 1413 675 1509 722; x_wconf 91' lang='lat' dir='ltr'>fieri,</span> <span class='ocrx_word' id='word_1_523' title='bbox 1526 676 1607 713; x_wconf 90' lang='lat' dir='ltr'>sive</span> <span class='ocrx_word' id='word_1_524' title='bbox 1623 677 1768 714; x_wconf 92' lang='lat' dir='ltr'>multae</span> <span class='ocrx_word' id='word_1_525' title='bbox 1783 677 2050 715; x_wconf 87' lang='lat' dir='ltr'>calefactiones</span> <span class='ocrx_word' id='word_1_526' title='bbox 2064 678 2252 728; x_wconf 89' lang='lat' dir='ltr'>passivae,</span> <span class='ocrx_word' id='word_1_527' title='bbox 2269 680 2489 718; x_wconf 91' lang='lat' dir='ltr'>secundum</span> 
     </span>
     <span class='ocr_line' id='line_1_81' title="bbox 1413 729 2488 782; baseline 0.005 -16"><span class='ocrx_word' id='word_1_528' title='bbox 1413 729 1675 767; x_wconf 89' lang='lat' dir='ltr'>diversitatem</span> <span class='ocrx_word' id='word_1_529' title='bbox 1704 730 1978 768; x_wconf 87' lang='lat' dir='ltr'>calefactorum</span> <span class='ocrx_word' id='word_1_530' title='bbox 1997 731 2113 769; x_wconf 92' lang='lat' dir='ltr'>simul</span> <span class='ocrx_word' id='word_1_531' title='bbox 2131 744 2203 782; x_wconf 92' lang='lat' dir='ltr'>per</span> <span class='ocrx_word' id='word_1_532' title='bbox 2229 745 2358 771; x_wconf 91' lang='lat' dir='ltr'>unum</span> <span class='ocrx_word' id='word_1_533' title='bbox 2386 735 2488 771; x_wconf 91' lang='lat' dir='ltr'>calo-</span> 
     </span>
     <span class='ocr_line' id='line_1_82' title="bbox 1412 784 2489 837; baseline 0.006 -18"><span class='ocrx_word' id='word_1_534' title='bbox 1412 795 1507 820; x_wconf 92' lang='lat' dir='ltr'>rem.</span> <span class='ocrx_word' id='word_1_535' title='bbox 1538 784 1754 820; x_wconf 85' lang='lat' dir='ltr'>Intellectus</span> <span class='ocrx_word' id='word_1_536' title='bbox 1773 791 1906 821; x_wconf 89' lang='lat' dir='ltr'>autem</span> <span class='ocrx_word' id='word_1_537' title='bbox 1924 784 2118 834; x_wconf 93' lang='lat' dir='ltr'>possibilis</span> <span class='ocrx_word' id='word_1_538' title='bbox 2137 793 2194 823; x_wconf 89' lang='lat' dir='ltr'>est</span> <span class='ocrx_word' id='word_1_539' title='bbox 2216 798 2290 835; x_wconf 88' lang='lat' dir='ltr'>quo</span> <span class='ocrx_word' id='word_1_540' title='bbox 2318 787 2489 837; x_wconf 82' lang='lat' dir='ltr'>intelligit</span> 
     </span>
     <span class='ocr_line' id='line_1_83' title="bbox 1411 836 2525 878; baseline 0.005 -5"><span class='ocrx_word' id='word_1_541' title='bbox 1411 838 1562 874; x_wconf 84' lang='lat' dir='ltr'>ani:ma</span> <span class='ocrx_word' id='word_1_542' title='bbox 1589 844 1632 874; x_wconf 91' lang='lat' dir='ltr'>ut</span> <span class='ocrx_word' id='word_1_543' title='bbox 1660 836 1751 873; x_wconf 91' lang='lat' dir='ltr'>dicit</span> <span class='ocrx_word' id='word_1_544' title='bbox 1779 837 2002 875; x_wconf 89' lang='lat' dir='ltr'>Aristoteles</span> <span class='ocrx_word' id='word_1_545' title='bbox 2030 837 2070 875; x_wconf 94' lang='lat' dir='ltr'>in</span> <span class='ocrx_word' id='word_1_546' title='bbox 2098 839 2144 876; x_wconf 92' lang='lat'>111</span> <span class='ocrx_word' id='word_1_547' title='bbox 2164 839 2210 876; x_wconf 83' lang='lat' dir='ltr'>de</span> <span class='ocrx_word' id='word_1_548' title='bbox 2231 841 2374 877; x_wconf 84' lang='lat' dir='ltr'>Anima</span> <span class='ocrx_word' id='word_1_549' title='bbox 2391 840 2423 877; x_wconf 71' lang='lat'>²¹⁶.</span> <span class='ocrx_word' id='word_1_550' title='bbox 2446 840 2525 878; x_wconf 81' lang='lat' dir='ltr'>Si‘</span> 
     </span>
     <span class='ocr_line' id='line_1_84' title="bbox 1411 870 2487 949; baseline 0.005 -23"><span class='ocrx_word' id='word_1_551' title='bbox 1411 889 1524 949; x_wconf 86' lang='lat' dir='ltr'>igitur</span> <span class='ocrx_word' id='word_1_552' title='bbox 1551 890 1763 927; x_wconf 91' lang='lat' dir='ltr'>intellectus</span> <span class='ocrx_word' id='word_1_553' title='bbox 1782 890 1975 940; x_wconf 88' lang='lat' dir='ltr'>possibilis</span> <span class='ocrx_word' id='word_1_554' title='bbox 1995 891 2113 929; x_wconf 91' lang='lat' dir='ltr'>huius</span> <span class='ocrx_word' id='word_1_555' title='bbox 2141 900 2178 929; x_wconf 92' lang='lat' dir='ltr'>et</span> <span class='ocrx_word' id='word_1_556' title='bbox 2196 892 2296 930; x_wconf 89' lang='lat' dir='ltr'>illius</span> <span class='ocrx_word' id='word_1_557' title='bbox 2315 870 2487 931; x_wconf 88' lang='lat' dir='ltr'>hominis</span> 
     </span>
     <span class='ocr_line' id='line_1_85' title="bbox 1410 943 2486 990; baseline 0.004 -10"><span class='ocrx_word' id='word_1_558' title='bbox 1410 943 1456 980; x_wconf 92' lang='lat' dir='ltr'>sit</span> <span class='ocrx_word' id='word_1_559' title='bbox 1484 955 1588 980; x_wconf 93' lang='lat' dir='ltr'>unus</span> <span class='ocrx_word' id='word_1_560' title='bbox 1616 951 1653 981; x_wconf 92' lang='lat' dir='ltr'>et</span> <span class='ocrx_word' id='word_1_561' title='bbox 1680 943 1786 981; x_wconf 91' lang='lat' dir='ltr'>idem</span> <span class='ocrx_word' id='word_1_562' title='bbox 1815 956 1994 990; x_wconf 90' lang='lat' dir='ltr'>numero,</span> <span class='ocrx_word' id='word_1_563' title='bbox 2015 957 2173 982; x_wconf 91' lang='lat' dir='ltr'>necesse</span> <span class='ocrx_word' id='word_1_564' title='bbox 2192 945 2263 982; x_wconf 91' lang='lat' dir='ltr'>erit</span> <span class='ocrx_word' id='word_1_565' title='bbox 2286 947 2404 984; x_wconf 89' lang='lat' dir='ltr'>etiam</span> <span class='ocrx_word' id='word_1_566' title='bbox 2430 947 2486 984; x_wconf 91' lang='lat' dir='ltr'>in-</span> 
     </span>
     <span class='ocr_line' id='line_1_86' title="bbox 1409 996 2486 1047; baseline 0.005 -14"><span class='ocrx_word' id='word_1_567' title='bbox 1409 996 1574 1045; x_wconf 89' lang='lat' dir='ltr'>telligere</span> <span class='ocrx_word' id='word_1_568' title='bbox 1612 996 1816 1047; x_wconf 92' lang='lat' dir='ltr'>utriusque</span> <span class='ocrx_word' id='word_1_569' title='bbox 1852 1010 1935 1035; x_wconf 92' lang='lat' dir='ltr'>esse</span> <span class='ocrx_word' id='word_1_570' title='bbox 1973 1010 2101 1036; x_wconf 90' lang='lat' dir='ltr'>unum</span> <span class='ocrx_word' id='word_1_571' title='bbox 2139 1007 2176 1036; x_wconf 93' lang='lat' dir='ltr'>et</span> <span class='ocrx_word' id='word_1_572' title='bbox 2210 998 2327 1036; x_wconf 89' lang='lat' dir='ltr'>idem.</span> <span class='ocrx_word' id='word_1_573' title='bbox 2365 1000 2486 1047; x_wconf 91' lang='lat' dir='ltr'>Quod</span> 
     </span>
     <span class='ocr_line' id='line_1_87' title="bbox 1407 1050 2486 1100; baseline 0.003 -13"><span class='ocrx_word' id='word_1_574' title='bbox 1407 1058 1512 1099; x_wconf 90' lang='lat' dir='ltr'>patet</span> <span class='ocrx_word' id='word_1_575' title='bbox 1540 1063 1624 1088; x_wconf 91' lang='lat' dir='ltr'>esse</span> <span class='ocrx_word' id='word_1_576' title='bbox 1652 1050 1914 1100; x_wconf 90' lang='lat' dir='ltr'>impossibile:</span> <span class='ocrx_word' id='word_1_577' title='bbox 1944 1063 2039 1089; x_wconf 91' lang='lat' dir='ltr'>nam</span> <span class='ocrx_word' id='word_1_578' title='bbox 2068 1052 2315 1090; x_wconf 88' lang='lat' dir='ltr'>diversorum</span> <span class='ocrx_word' id='word_1_579' title='bbox 2348 1052 2486 1091; x_wconf 89' lang='lat' dir='ltr'>indivi-</span> 
     </span>
     <span class='ocr_line' id='line_1_88' title="bbox 1407 1103 2483 1156; baseline 0.004 -16"><span class='ocrx_word' id='word_1_580' title='bbox 1407 1103 1582 1140; x_wconf 90' lang='lat' dir='ltr'>duorum</span> <span class='ocrx_word' id='word_1_581' title='bbox 1610 1104 1851 1154; x_wconf 90' lang='lat' dir='ltr'>impossibile</span> <span class='ocrx_word' id='word_1_582' title='bbox 1872 1112 1929 1142; x_wconf 90' lang='lat' dir='ltr'>est</span> <span class='ocrx_word' id='word_1_583' title='bbox 1956 1117 2040 1142; x_wconf 91' lang='lat' dir='ltr'>esse</span> <span class='ocrx_word' id='word_1_584' title='bbox 2060 1105 2330 1156; x_wconf 88' lang='lat' dir='ltr'>operationem</span> <span class='ocrx_word' id='word_1_585' title='bbox 2349 1119 2483 1144; x_wconf 89' lang='lat' dir='ltr'>unam.</span> 
     </span>
     <span class='ocr_line' id='line_1_89' title="bbox 1407 1156 2485 1209; baseline 0.005 -16"><span class='ocrx_word' id='word_1_586' title='bbox 1407 1156 1649 1206; x_wconf 87' lang='lat' dir='ltr'>Impossibile</span> <span class='ocrx_word' id='word_1_587' title='bbox 1674 1165 1730 1195; x_wconf 90' lang='lat' dir='ltr'>est</span> <span class='ocrx_word' id='word_1_588' title='bbox 1758 1157 1872 1207; x_wconf 86' lang='lat' dir='ltr'>igitur</span> <span class='ocrx_word' id='word_1_589' title='bbox 1900 1157 2138 1196; x_wconf 89' lang='lat' dir='ltr'>intellectum</span> <span class='ocrx_word' id='word_1_590' title='bbox 2155 1159 2382 1209; x_wconf 89' lang='lat' dir='ltr'>possibilem</span> <span class='ocrx_word' id='word_1_591' title='bbox 2401 1172 2485 1198; x_wconf 90' lang='lat' dir='ltr'>esse</span> 
     </span>
     <span class='ocr_line' id='line_1_90' title="bbox 1407 1210 1885 1249; baseline 0.004 -3"><span class='ocrx_word' id='word_1_592' title='bbox 1407 1222 1534 1247; x_wconf 90' lang='lat' dir='ltr'>unum</span> <span class='ocrx_word' id='word_1_593' title='bbox 1562 1210 1681 1248; x_wconf 88' lang='lat' dir='ltr'>huius</span> <span class='ocrx_word' id='word_1_594' title='bbox 1709 1219 1746 1248; x_wconf 92' lang='lat' dir='ltr'>et</span> <span class='ocrx_word' id='word_1_595' title='bbox 1773 1211 1885 1249; x_wconf 91' lang='lat' dir='ltr'>illius.</span> 
     </span>
    </p>

    <p class='ocr_par' dir='ltr' id='par_1_20' title="bbox 1403 1263 2484 1903">
     <span class='ocr_line' id='line_1_91' title="bbox 1461 1263 2484 1315; baseline 0.003 -14"><span class='ocrx_word' id='word_1_596' title='bbox 1461 1263 1502 1301; x_wconf 91' lang='lat' dir='ltr'>Si</span> <span class='ocrx_word' id='word_1_597' title='bbox 1531 1272 1664 1302; x_wconf 87' lang='lat' dir='ltr'>autern</span> <span class='ocrx_word' id='word_1_598' title='bbox 1683 1264 1833 1303; x_wconf 89' lang='lat' dir='ltr'>dicatur</span> <span class='ocrx_word' id='word_1_599' title='bbox 1851 1265 1960 1315; x_wconf 93' lang='lat' dir='ltr'>quod</span> <span class='ocrx_word' id='word_1_600' title='bbox 1989 1265 2120 1315; x_wconf 91' lang='lat' dir='ltr'>ipsum</span> <span class='ocrx_word' id='word_1_601' title='bbox 2148 1265 2356 1315; x_wconf 89' lang='lat' dir='ltr'>intelligere</span> <span class='ocrx_word' id='word_1_602' title='bbox 2385 1268 2484 1306; x_wconf 87' lang='lat' dir='ltr'>mul-</span> 
     </span>
     <span class='ocr_line' id='line_1_92' title="bbox 1406 1316 2482 1370; baseline 0.004 -16"><span class='ocrx_word' id='word_1_603' title='bbox 1406 1316 1598 1366; x_wconf 90' lang='lat' dir='ltr'>tiplicatur</span> <span class='ocrx_word' id='word_1_604' title='bbox 1621 1319 1841 1356; x_wconf 89' lang='lat' dir='ltr'>secundum</span> <span class='ocrx_word' id='word_1_605' title='bbox 1860 1318 2123 1357; x_wconf 89' lang='lat' dir='ltr'>diversitatem</span> <span class='ocrx_word' id='word_1_606' title='bbox 2142 1321 2482 1370; x_wconf 85' lang='lat' dir='ltr'>phantasmatum:</span> 
     </span>
     <span class='ocr_line' id='line_1_93' title="bbox 1406 1371 2483 1422; baseline 0.004 -14"><span class='ocrx_word' id='word_1_607' title='bbox 1406 1371 1483 1408; x_wconf 93' lang='lat' dir='ltr'>hoc</span> <span class='ocrx_word' id='word_1_608' title='bbox 1516 1379 1614 1409; x_wconf 89' lang='lat' dir='ltr'>stare</span> <span class='ocrx_word' id='word_1_609' title='bbox 1647 1384 1730 1409; x_wconf 93' lang='lat' dir='ltr'>non</span> <span class='ocrx_word' id='word_1_610' title='bbox 1767 1380 1905 1422; x_wconf 91' lang='lat' dir='ltr'>potest.</span> <span class='ocrx_word' id='word_1_611' title='bbox 1941 1372 2049 1411; x_wconf 92' lang='lat' dir='ltr'>Sicut</span> <span class='ocrx_word' id='word_1_612' title='bbox 2086 1373 2192 1411; x_wconf 89' lang='lat' dir='ltr'>enim</span> <span class='ocrx_word' id='word_1_613' title='bbox 2229 1373 2378 1411; x_wconf 90' lang='lat' dir='ltr'>dictum</span> <span class='ocrx_word' id='word_1_614' title='bbox 2411 1382 2483 1421; x_wconf 87' lang='lat' dir='ltr'>est,</span> 
     </span>
     <span class='ocr_line' id='line_1_94' title="bbox 1406 1424 2484 1476; baseline 0.004 -15"><span class='ocrx_word' id='word_1_615' title='bbox 1406 1424 1524 1462; x_wconf 90' lang='lat' dir='ltr'>unius</span> <span class='ocrx_word' id='word_1_616' title='bbox 1552 1425 1698 1474; x_wconf 89' lang='lat' dir='ltr'>agentis</span> <span class='ocrx_word' id='word_1_617' title='bbox 1727 1438 1806 1463; x_wconf 91' lang='lat' dir='ltr'>una</span> <span class='ocrx_word' id='word_1_618' title='bbox 1834 1426 1933 1463; x_wconf 89' lang='lat' dir='ltr'>actio</span> <span class='ocrx_word' id='word_1_619' title='bbox 1961 1426 2241 1476; x_wconf 86' lang='lat' dir='ltr'>multiplicatur</span> <span class='ocrx_word' id='word_1_620' title='bbox 2267 1429 2397 1465; x_wconf 89' lang='lat' dir='ltr'>solum</span> <span class='ocrx_word' id='word_1_621' title='bbox 2426 1439 2484 1465; x_wconf 89' lang='lat' dir='ltr'>se-</span> 
     </span>
     <span class='ocr_line' id='line_1_95' title="bbox 1405 1478 2482 1530; baseline 0.003 -15"><span class='ocrx_word' id='word_1_622' title='bbox 1405 1478 1583 1516; x_wconf 89' lang='lat' dir='ltr'>cundum</span> <span class='ocrx_word' id='word_1_623' title='bbox 1602 1478 1757 1516; x_wconf 88' lang='lat' dir='ltr'>diversa</span> <span class='ocrx_word' id='word_1_624' title='bbox 1771 1478 1943 1517; x_wconf 89' lang='lat' dir='ltr'>subiecta</span> <span class='ocrx_word' id='word_1_625' title='bbox 1963 1480 2003 1517; x_wconf 93' lang='lat' dir='ltr'>in</span> <span class='ocrx_word' id='word_1_626' title='bbox 2019 1492 2121 1530; x_wconf 87' lang='lat' dir='ltr'>quae</span> <span class='ocrx_word' id='word_1_627' title='bbox 2134 1481 2270 1518; x_wconf 85' lang='lat' dir='ltr'>transit</span> <span class='ocrx_word' id='word_1_628' title='bbox 2288 1480 2350 1518; x_wconf 90' lang='lat' dir='ltr'>illa</span> <span class='ocrx_word' id='word_1_629' title='bbox 2369 1481 2482 1519; x_wconf 67' lang='lat' dir='ltr'>actio.</span> 
     </span>
     <span class='ocr_line' id='line_1_96' title="bbox 1405 1531 2483 1581; baseline 0.005 -13"><span class='ocrx_word' id='word_1_630' title='bbox 1405 1531 1615 1581; x_wconf 90' lang='lat' dir='ltr'>Intelligere</span> <span class='ocrx_word' id='word_1_631' title='bbox 1653 1540 1785 1570; x_wconf 89' lang='lat' dir='ltr'>autem</span> <span class='ocrx_word' id='word_1_632' title='bbox 1822 1541 1860 1570; x_wconf 92' lang='lat' dir='ltr'>et</span> <span class='ocrx_word' id='word_1_633' title='bbox 1894 1534 2004 1580; x_wconf 92' lang='lat' dir='ltr'>velle,</span> <span class='ocrx_word' id='word_1_634' title='bbox 2047 1542 2085 1571; x_wconf 93' lang='lat' dir='ltr'>et</span> <span class='ocrx_word' id='word_1_635' title='bbox 2121 1534 2362 1581; x_wconf 89' lang='lat' dir='ltr'>huiusmodi,</span> <span class='ocrx_word' id='word_1_636' title='bbox 2401 1545 2483 1572; x_wconf 87' lang='lat' dir='ltr'>non</span> 
     </span>
     <span class='ocr_line' id='line_1_97' title="bbox 1405 1585 2483 1626; baseline 0.004 -4"><span class='ocrx_word' id='word_1_637' title='bbox 1405 1593 1494 1622; x_wconf 92' lang='lat' dir='ltr'>sunt</span> <span class='ocrx_word' id='word_1_638' title='bbox 1531 1585 1701 1623; x_wconf 91' lang='lat' dir='ltr'>actiones</span> <span class='ocrx_word' id='word_1_639' title='bbox 1737 1594 1979 1624; x_wconf 86' lang='lat' dir='ltr'>transeuntes</span> <span class='ocrx_word' id='word_1_640' title='bbox 2016 1587 2056 1624; x_wconf 94' lang='lat' dir='ltr'>in</span> <span class='ocrx_word' id='word_1_641' title='bbox 2089 1587 2320 1626; x_wconf 84' lang='lat' dir='ltr'>exteriorem</span> <span class='ocrx_word' id='word_1_642' title='bbox 2362 1595 2483 1626; x_wconf 74' lang='lat' dir='ltr'>mate-</span> 
     </span>
     <span class='ocr_line' id='line_1_98' title="bbox 1405 1638 2465 1692; baseline 0.004 -17"><span class='ocrx_word' id='word_1_643' title='bbox 1405 1638 1514 1684; x_wconf 90' lang='lat' dir='ltr'>riam,</span> <span class='ocrx_word' id='word_1_644' title='bbox 1549 1639 1616 1676; x_wconf 93' lang='lat' dir='ltr'>sed</span> <span class='ocrx_word' id='word_1_645' title='bbox 1654 1648 1814 1677; x_wconf 90' lang='lat' dir='ltr'>manent</span> <span class='ocrx_word' id='word_1_646' title='bbox 1851 1640 1890 1677; x_wconf 90' lang='lat' dir='ltr'>in</span> <span class='ocrx_word' id='word_1_647' title='bbox 1923 1640 2009 1690; x_wconf 93' lang='lat' dir='ltr'>ipso</span> <span class='ocrx_word' id='word_1_648' title='bbox 2047 1649 2183 1690; x_wconf 87' lang='lat' dir='ltr'>agente</span> <span class='ocrx_word' id='word_1_649' title='bbox 2220 1641 2332 1692; x_wconf 89' lang='lat' dir='ltr'>quasi</span> <span class='ocrx_word' id='word_1_650' title='bbox 2358 1642 2465 1691; x_wconf 86' lang='lat' dir='ltr'>perfe</span> 
     </span>
     <span class='ocr_line' id='line_1_99' title="bbox 1404 1691 2482 1745; baseline 0.004 -16"><span class='ocrx_word' id='word_1_651' title='bbox 1404 1691 1551 1729; x_wconf 89' lang='lat' dir='ltr'>ctiones</span> <span class='ocrx_word' id='word_1_652' title='bbox 1580 1692 1701 1743; x_wconf 88' lang='lat' dir='ltr'>ipsius</span> <span class='ocrx_word' id='word_1_653' title='bbox 1736 1693 1898 1742; x_wconf 87' lang='lat' dir='ltr'>agentis:</span> <span class='ocrx_word' id='word_1_654' title='bbox 1929 1702 1972 1731; x_wconf 95' lang='lat' dir='ltr'>ut</span> <span class='ocrx_word' id='word_1_655' title='bbox 2000 1702 2104 1743; x_wconf 87' lang='lat' dir='ltr'>patet</span> <span class='ocrx_word' id='word_1_656' title='bbox 2136 1706 2208 1745; x_wconf 88' lang='lat' dir='ltr'>per</span> <span class='ocrx_word' id='word_1_657' title='bbox 2234 1694 2482 1733; x_wconf 90' lang='lat' dir='ltr'>Aristotelem</span> 
     </span>
     <span class='ocr_line' id='line_1_100' title="bbox 1405 1745 2480 1798; baseline 0.004 -16"><span class='ocrx_word' id='word_1_658' title='bbox 1405 1745 1444 1782; x_wconf 92' lang='lat' dir='ltr'>in</span> <span class='ocrx_word' id='word_1_659' title='bbox 1477 1746 1529 1782; x_wconf 90' lang='lat' dir='ltr'>IX</span> <span class='ocrx_word' id='word_1_660' title='bbox 1561 1746 1893 1796; x_wconf 81' lang='lat' dir='ltr'>Metaphysicae*.</span> <span class='ocrx_word' id='word_1_661' title='bbox 1923 1748 2017 1785; x_wconf 93' lang='lat' dir='ltr'>Non</span> <span class='ocrx_word' id='word_1_662' title='bbox 2045 1755 2172 1798; x_wconf 90' lang='lat' dir='ltr'>potest</span> <span class='ocrx_word' id='word_1_663' title='bbox 2206 1747 2321 1797; x_wconf 81' lang='lat' dir='ltr'>igitur</span> <span class='ocrx_word' id='word_1_664' title='bbox 2352 1760 2480 1786; x_wconf 90' lang='lat' dir='ltr'>unum</span> 
     </span>
     <span class='ocr_line' id='line_1_101' title="bbox 1403 1798 2480 1852; baseline 0.005 -17"><span class='ocrx_word' id='word_1_665' title='bbox 1403 1798 1610 1848; x_wconf 87' lang='lat' dir='ltr'>intelligere</span> <span class='ocrx_word' id='word_1_666' title='bbox 1630 1799 1842 1838; x_wconf 88' lang='lat' dir='ltr'>intellectus</span> <span class='ocrx_word' id='word_1_667' title='bbox 1861 1800 2054 1850; x_wconf 88' lang='lat' dir='ltr'>possibilis</span> <span class='ocrx_word' id='word_1_668' title='bbox 2073 1800 2319 1851; x_wconf 90' lang='lat' dir='ltr'>multiplicari</span> <span class='ocrx_word' id='word_1_669' title='bbox 2337 1813 2409 1852; x_wconf 90' lang='lat' dir='ltr'>per</span> <span class='ocrx_word' id='word_1_670' title='bbox 2426 1801 2480 1840; x_wconf 88' lang='lat' dir='ltr'>di·</span> 
     </span>
     <span class='ocr_line' id='line_1_102' title="bbox 1403 1852 1982 1903; baseline 0.005 -15"><span class='ocrx_word' id='word_1_671' title='bbox 1403 1852 1623 1890; x_wconf 89' lang='lat' dir='ltr'>versitatem</span> <span class='ocrx_word' id='word_1_672' title='bbox 1651 1854 1982 1903; x_wconf 88' lang='lat' dir='ltr'>phantasmatum.</span> 
     </span>
    </p>

    <p class='ocr_par' dir='ltr' id='par_1_21' title="bbox 1399 1906 2481 3336">
     <span class='ocr_line' id='line_1_103' title="bbox 1456 1906 2479 1946; baseline 0.004 -4"><span class='ocrx_word' id='word_1_673' title='bbox 1456 1906 1670 1943; x_wconf 88' lang='lat' dir='ltr'>Praeterea.</span> <span class='ocrx_word' id='word_1_674' title='bbox 1701 1907 1978 1944; x_wconf 80' lang='lat' dir='ltr'>phantasmata</span> <span class='ocrx_word' id='word_1_675' title='bbox 2006 1919 2047 1945; x_wconf 92' lang='lat' dir='ltr'>se</span> <span class='ocrx_word' id='word_1_676' title='bbox 2075 1907 2222 1945; x_wconf 89' lang='lat' dir='ltr'>habent</span> <span class='ocrx_word' id='word_1_677' title='bbox 2249 1908 2299 1945; x_wconf 91' lang='lat' dir='ltr'>ad</span> <span class='ocrx_word' id='word_1_678' title='bbox 2334 1908 2479 1946; x_wconf 90' lang='lat' dir='ltr'>intelle-</span> 
     </span>
     <span class='ocr_line' id='line_1_104' title="bbox 1402 1959 2480 2010; baseline 0.005 -15"><span class='ocrx_word' id='word_1_679' title='bbox 1402 1965 1509 1995; x_wconf 90' lang='lat' dir='ltr'>ctum</span> <span class='ocrx_word' id='word_1_680' title='bbox 1541 1959 1768 2009; x_wconf 91' lang='lat' dir='ltr'>possibilem</span> <span class='ocrx_word' id='word_1_681' title='bbox 1802 1966 1845 1997; x_wconf 93' lang='lat' dir='ltr'>ut</span> <span class='ocrx_word' id='word_1_682' title='bbox 1885 1959 2058 1998; x_wconf 90' lang='lat' dir='ltr'>activum</span> <span class='ocrx_word' id='word_1_683' title='bbox 2093 1961 2394 2010; x_wconf 89' lang='lat' dir='ltr'>quodammodo</span> <span class='ocrx_word' id='word_1_684' title='bbox 2429 1962 2480 2000; x_wconf 85' lang='lat' dir='ltr'>ad</span> 
     </span>
     <span class='ocr_line' id='line_1_105' title="bbox 1402 2011 2478 2063; baseline 0.006 -15"><span class='ocrx_word' id='word_1_685' title='bbox 1402 2011 1620 2060; x_wconf 89' lang='lat' dir='ltr'>passivum:</span> <span class='ocrx_word' id='word_1_686' title='bbox 1657 2013 1878 2050; x_wconf 90' lang='lat' dir='ltr'>secundum</span> <span class='ocrx_word' id='word_1_687' title='bbox 1913 2014 2022 2063; x_wconf 91' lang='lat' dir='ltr'>quod</span> <span class='ocrx_word' id='word_1_688' title='bbox 2058 2013 2279 2052; x_wconf 89' lang='lat' dir='ltr'>Aristoteles</span> <span class='ocrx_word' id='word_1_689' title='bbox 2307 2014 2409 2062; x_wconf 90' lang='lat' dir='ltr'>dicit,</span> <span class='ocrx_word' id='word_1_690' title='bbox 2437 2015 2478 2054; x_wconf 89' lang='lat' dir='ltr'>in</span> 
     </span>
     <span class='ocr_line' id='line_1_106' title="bbox 1402 2065 2476 2119; baseline 0.005 -17"><span class='ocrx_word' id='word_1_691' title='bbox 1402 2066 1448 2102; x_wconf 89' lang='grc' dir='ltr'>ΙΙΙ</span> <span class='ocrx_word' id='word_1_692' title='bbox 1468 2066 1514 2102; x_wconf 83' lang='lat' dir='ltr'>de</span> <span class='ocrx_word' id='word_1_693' title='bbox 1540 2065 1718 2104; x_wconf 81' lang='lat' dir='ltr'>Anima*</span> <span class='ocrx_word' id='word_1_694' title='bbox 1719 2096 1728 2112; x_wconf 97' lang='lat'>,</span> <span class='ocrx_word' id='word_1_695' title='bbox 1748 2067 1857 2116; x_wconf 91' lang='lat' dir='ltr'>quod</span> <span class='ocrx_word' id='word_1_696' title='bbox 1881 2068 2091 2118; x_wconf 83' lang='lat' dir='ltr'>intelligere</span> <span class='ocrx_word' id='word_1_697' title='bbox 2110 2067 2298 2118; x_wconf 83' lang='lat' dir='ltr'>quoddam</span> <span class='ocrx_word' id='word_1_698' title='bbox 2313 2071 2397 2119; x_wconf 83' lang='lat' dir='ltr'>pati</span> <span class='ocrx_word' id='word_1_699' title='bbox 2413 2075 2476 2108; x_wconf 83' lang='lat' dir='ltr'>est.</span> 
     </span>
     <span class='ocr_line' id='line_1_107' title="bbox 1402 2118 2478 2170; baseline 0.005 -15"><span class='ocrx_word' id='word_1_700' title='bbox 1402 2118 1485 2156; x_wconf 90' lang='lat' dir='ltr'>Pati</span> <span class='ocrx_word' id='word_1_701' title='bbox 1513 2127 1646 2157; x_wconf 88' lang='lat' dir='ltr'>autem</span> <span class='ocrx_word' id='word_1_702' title='bbox 1675 2118 1806 2170; x_wconf 89' lang='lat' dir='ltr'>ipsum</span> <span class='ocrx_word' id='word_1_703' title='bbox 1832 2120 2010 2170; x_wconf 90' lang='lat' dir='ltr'>patientis</span> <span class='ocrx_word' id='word_1_704' title='bbox 2029 2121 2314 2160; x_wconf 89' lang='lat' dir='ltr'>diversificatur</span> <span class='ocrx_word' id='word_1_705' title='bbox 2340 2134 2478 2160; x_wconf 90' lang='lat' dir='ltr'>secun-</span> 
     </span>
     <span class='ocr_line' id='line_1_108' title="bbox 1402 2171 2479 2226; baseline 0.005 -17"><span class='ocrx_word' id='word_1_706' title='bbox 1402 2171 1500 2210; x_wconf 91' lang='lat' dir='ltr'>dum</span> <span class='ocrx_word' id='word_1_707' title='bbox 1519 2172 1692 2210; x_wconf 90' lang='lat' dir='ltr'>diversas</span> <span class='ocrx_word' id='word_1_708' title='bbox 1710 2172 1856 2212; x_wconf 88' lang='lat' dir='ltr'>formas</span> <span class='ocrx_word' id='word_1_709' title='bbox 1875 2174 2094 2213; x_wconf 86' lang='lat' dir='ltr'>activorum</span> <span class='ocrx_word' id='word_1_710' title='bbox 2113 2174 2195 2212; x_wconf 91' lang='lat' dir='ltr'>sive</span> <span class='ocrx_word' id='word_1_711' title='bbox 2217 2174 2376 2226; x_wconf 90' lang='lat' dir='ltr'>species,</span> <span class='ocrx_word' id='word_1_712' title='bbox 2395 2184 2479 2215; x_wconf 72' lang='lat' dir='ltr'>non</span> 
     </span>
     <span class='ocr_line' id='line_1_109' title="bbox 1402 2226 2479 2268; baseline 0.005 -5"><span class='ocrx_word' id='word_1_713' title='bbox 1402 2226 1621 2264; x_wconf 89' lang='lat' dir='ltr'>secundum</span> <span class='ocrx_word' id='word_1_714' title='bbox 1658 2226 1921 2265; x_wconf 82' lang='lat' dir='ltr'>diversitatem</span> <span class='ocrx_word' id='word_1_715' title='bbox 1961 2240 2101 2266; x_wconf 88' lang='lat' dir='ltr'>eorum</span> <span class='ocrx_word' id='word_1_716' title='bbox 2138 2228 2178 2266; x_wconf 90' lang='lat' dir='ltr'>in</span> <span class='ocrx_word' id='word_1_717' title='bbox 2215 2240 2396 2268; x_wconf 91' lang='lat' dir='ltr'>numero.</span> <span class='ocrx_word' id='word_1_718' title='bbox 2435 2231 2479 2268; x_wconf 88' lang='lat' dir='ltr'>In</span> 
     </span>
     <span class='ocr_line' id='line_1_110' title="bbox 1402 2280 2478 2332; baseline 0.005 -16"><span class='ocrx_word' id='word_1_719' title='bbox 1402 2291 1484 2317; x_wconf 89' lang='lat' dir='ltr'>uno</span> <span class='ocrx_word' id='word_1_720' title='bbox 1504 2280 1610 2318; x_wconf 90' lang='lat' dir='ltr'>enim</span> <span class='ocrx_word' id='word_1_721' title='bbox 1637 2280 1794 2331; x_wconf 90' lang='lat' dir='ltr'>passivo</span> <span class='ocrx_word' id='word_1_722' title='bbox 1813 2281 1990 2332; x_wconf 90' lang='lat' dir='ltr'>sequitur</span> <span class='ocrx_word' id='word_1_723' title='bbox 2007 2281 2124 2320; x_wconf 91' lang='lat' dir='ltr'>simul</span> <span class='ocrx_word' id='word_1_724' title='bbox 2151 2295 2174 2320; x_wconf 89' lang='lat' dir='ltr'>a</span> <span class='ocrx_word' id='word_1_725' title='bbox 2201 2282 2360 2320; x_wconf 91' lang='lat' dir='ltr'>duobus</span> <span class='ocrx_word' id='word_1_726' title='bbox 2387 2280 2478 2322; x_wconf 64' lang='lat' dir='ltr'>acti÷</span> 
     </span>
     <span class='ocr_line' id='line_1_111' title="bbox 1401 2332 2478 2383; baseline 0.005 -14"><span class='ocrx_word' id='word_1_727' title='bbox 1401 2332 1470 2379; x_wconf 90' lang='lat' dir='ltr'>vis,</span> <span class='ocrx_word' id='word_1_728' title='bbox 1500 2333 1641 2371; x_wconf 91' lang='lat' dir='ltr'>scilicet</span> <span class='ocrx_word' id='word_1_729' title='bbox 1668 2334 1912 2374; x_wconf 87' lang='lat' dir='ltr'>calefaciente</span> <span class='ocrx_word' id='word_1_730' title='bbox 1931 2343 1969 2373; x_wconf 90' lang='lat' dir='ltr'>et</span> <span class='ocrx_word' id='word_1_731' title='bbox 1996 2335 2225 2383; x_wconf 87' lang='lat' dir='ltr'>desiccante,</span> <span class='ocrx_word' id='word_1_732' title='bbox 2254 2336 2422 2374; x_wconf 84' lang='lat' dir='ltr'>calefieri</span> <span class='ocrx_word' id='word_1_733' title='bbox 2441 2344 2478 2374; x_wconf 88' lang='lat' dir='ltr'>et</span> 
     </span>
     <span class='ocr_line' id='line_1_112' title="bbox 1401 2386 2478 2428; baseline 0.005 -5"><span class='ocrx_word' id='word_1_734' title='bbox 1401 2386 1603 2425; x_wconf 90' lang='lat' dir='ltr'>desiccari:</span> <span class='ocrx_word' id='word_1_735' title='bbox 1634 2400 1715 2426; x_wconf 91' lang='lat' dir='ltr'>non</span> <span class='ocrx_word' id='word_1_736' title='bbox 1748 2397 1881 2426; x_wconf 90' lang='lat' dir='ltr'>autem</span> <span class='ocrx_word' id='word_1_737' title='bbox 1916 2401 1940 2427; x_wconf 88' lang='lat' dir='ltr'>a</span> <span class='ocrx_word' id='word_1_738' title='bbox 1973 2389 2132 2427; x_wconf 89' lang='lat' dir='ltr'>duobus</span> <span class='ocrx_word' id='word_1_739' title='bbox 2168 2389 2478 2428; x_wconf 86' lang='lat' dir='ltr'>calefacientibus</span> 
     </span>
     <span class='ocr_line' id='line_1_113' title="bbox 1400 2440 2478 2493; baseline 0.006 -16"><span class='ocrx_word' id='word_1_740' title='bbox 1400 2440 1576 2490; x_wconf 90' lang='lat' dir='ltr'>sequitur</span> <span class='ocrx_word' id='word_1_741' title='bbox 1603 2441 1643 2479; x_wconf 91' lang='lat' dir='ltr'>in</span> <span class='ocrx_word' id='word_1_742' title='bbox 1672 2453 1754 2480; x_wconf 92' lang='lat' dir='ltr'>uno</span> <span class='ocrx_word' id='word_1_743' title='bbox 1782 2442 2018 2480; x_wconf 89' lang='lat' dir='ltr'>calefactibili</span> <span class='ocrx_word' id='word_1_744' title='bbox 2037 2443 2183 2493; x_wconf 85' lang='lat' dir='ltr'>duplex</span> <span class='ocrx_word' id='word_1_745' title='bbox 2210 2443 2388 2491; x_wconf 87' lang='lat' dir='ltr'>calefieri,</span> <span class='ocrx_word' id='word_1_746' title='bbox 2408 2443 2478 2483; x_wconf 85' lang='lat' dir='ltr'>sed</span> 
     </span>
     <span class='ocr_line' id='line_1_114' title="bbox 1400 2495 2481 2548; baseline 0.005 -17"><span class='ocrx_word' id='word_1_747' title='bbox 1400 2505 1527 2532; x_wconf 90' lang='lat' dir='ltr'>unum</span> <span class='ocrx_word' id='word_1_748' title='bbox 1561 2502 1731 2542; x_wconf 88' lang='lat' dir='ltr'>tantum;</span> <span class='ocrx_word' id='word_1_749' title='bbox 1767 2495 1840 2534; x_wconf 88' lang='lat' dir='ltr'>nisi</span> <span class='ocrx_word' id='word_1_750' title='bbox 1872 2496 1969 2534; x_wconf 88' lang='lat' dir='ltr'>forte</span> <span class='ocrx_word' id='word_1_751' title='bbox 2006 2496 2082 2534; x_wconf 91' lang='lat' dir='ltr'>sint</span> <span class='ocrx_word' id='word_1_752' title='bbox 2117 2496 2294 2535; x_wconf 90' lang='lat' dir='ltr'>diversae</span> <span class='ocrx_word' id='word_1_753' title='bbox 2329 2497 2481 2548; x_wconf 81' lang='lat' dir='ltr'>species</span> 
     </span>
     <span class='ocr_line' id='line_1_115' title="bbox 1400 2547 2478 2601; baseline 0.004 -16"><span class='ocrx_word' id='word_1_754' title='bbox 1400 2547 1548 2586; x_wconf 90' lang='lat' dir='ltr'>caloris.</span> <span class='ocrx_word' id='word_1_755' title='bbox 1587 2548 1692 2586; x_wconf 89' lang='lat' dir='ltr'>Cum</span> <span class='ocrx_word' id='word_1_756' title='bbox 1726 2548 1832 2587; x_wconf 90' lang='lat' dir='ltr'>enim</span> <span class='ocrx_word' id='word_1_757' title='bbox 1870 2551 1976 2588; x_wconf 90' lang='lat' dir='ltr'>calor</span> <span class='ocrx_word' id='word_1_758' title='bbox 2010 2550 2154 2600; x_wconf 88' lang='lat' dir='ltr'>duplex</span> <span class='ocrx_word' id='word_1_759' title='bbox 2189 2550 2308 2588; x_wconf 91' lang='lat' dir='ltr'>unius</span> <span class='ocrx_word' id='word_1_760' title='bbox 2335 2550 2478 2601; x_wconf 75' lang='lat' dir='ltr'>speciei</span> 
     </span>
     <span class='ocr_line' id='line_1_116' title="bbox 1399 2601 2477 2651; baseline 0.005 -13"><span class='ocrx_word' id='word_1_761' title='bbox 1399 2613 1482 2638; x_wconf 91' lang='lat' dir='ltr'>non</span> <span class='ocrx_word' id='word_1_762' title='bbox 1510 2601 1631 2651; x_wconf 88' lang='lat' dir='ltr'>possit</span> <span class='ocrx_word' id='word_1_763' title='bbox 1659 2614 1743 2640; x_wconf 88' lang='lat' dir='ltr'>esse</span> <span class='ocrx_word' id='word_1_764' title='bbox 1771 2602 1811 2640; x_wconf 92' lang='lat' dir='ltr'>in</span> <span class='ocrx_word' id='word_1_765' title='bbox 1844 2615 1926 2641; x_wconf 88' lang='lat' dir='ltr'>uno</span> <span class='ocrx_word' id='word_1_766' title='bbox 1960 2603 2154 2651; x_wconf 90' lang='lat' dir='ltr'>subiecto;</span> <span class='ocrx_word' id='word_1_767' title='bbox 2184 2612 2316 2642; x_wconf 89' lang='lat' dir='ltr'>motus</span> <span class='ocrx_word' id='word_1_768' title='bbox 2343 2611 2477 2643; x_wconf 87' lang='lat' dir='ltr'>autem</span> 
     </span>
     <span class='ocr_line' id='line_1_117' title="bbox 1400 2656 2479 2708; baseline 0.004 -16"><span class='ocrx_word' id='word_1_769' title='bbox 1400 2663 1629 2693; x_wconf 84' lang='lat' dir='ltr'>numeratur</span> <span class='ocrx_word' id='word_1_770' title='bbox 1656 2657 1874 2694; x_wconf 88' lang='lat' dir='ltr'>secundum</span> <span class='ocrx_word' id='word_1_771' title='bbox 1904 2656 2117 2695; x_wconf 90' lang='lat' dir='ltr'>terminum</span> <span class='ocrx_word' id='word_1_772' title='bbox 2145 2657 2195 2695; x_wconf 87' lang='lat' dir='ltr'>ad</span> <span class='ocrx_word' id='word_1_773' title='bbox 2219 2670 2360 2708; x_wconf 88' lang='lat' dir='ltr'>quern:</span> <span class='ocrx_word' id='word_1_774' title='bbox 2381 2657 2413 2696; x_wconf 91' lang='lat' dir='ltr'>si</span> <span class='ocrx_word' id='word_1_775' title='bbox 2431 2658 2479 2696; x_wconf 85' lang='lat' dir='ltr'>sit</span> 
     </span>
     <span class='ocr_line' id='line_1_118' title="bbox 1400 2708 2479 2762; baseline 0.004 -16"><span class='ocrx_word' id='word_1_776' title='bbox 1400 2708 1518 2746; x_wconf 90' lang='lat' dir='ltr'>unius</span> <span class='ocrx_word' id='word_1_777' title='bbox 1546 2709 1734 2759; x_wconf 91' lang='lat' dir='ltr'>temporis</span> <span class='ocrx_word' id='word_1_778' title='bbox 1762 2717 1799 2747; x_wconf 91' lang='lat' dir='ltr'>et</span> <span class='ocrx_word' id='word_1_779' title='bbox 1827 2709 2004 2748; x_wconf 87' lang='lat' dir='ltr'>eiusdem</span> <span class='ocrx_word' id='word_1_780' title='bbox 2027 2710 2200 2758; x_wconf 87' lang='lat' dir='ltr'>subiecti,</span> <span class='ocrx_word' id='word_1_781' title='bbox 2223 2723 2306 2749; x_wconf 90' lang='lat' dir='ltr'>non</span> <span class='ocrx_word' id='word_1_782' title='bbox 2339 2711 2479 2762; x_wconf 81' lang='lat' dir='ltr'>poterit</span> 
     </span>
     <span class='ocr_line' id='line_1_119' title="bbox 1400 2763 2479 2813; baseline 0.004 -14"><span class='ocrx_word' id='word_1_783' title='bbox 1400 2774 1484 2799; x_wconf 90' lang='lat' dir='ltr'>esse</span> <span class='ocrx_word' id='word_1_784' title='bbox 1517 2763 1661 2813; x_wconf 89' lang='lat' dir='ltr'>duplex</span> <span class='ocrx_word' id='word_1_785' title='bbox 1694 2763 1862 2801; x_wconf 89' lang='lat' dir='ltr'>calefieri</span> <span class='ocrx_word' id='word_1_786' title='bbox 1900 2763 1940 2801; x_wconf 91' lang='lat' dir='ltr'>in</span> <span class='ocrx_word' id='word_1_787' title='bbox 1978 2776 2060 2802; x_wconf 90' lang='lat' dir='ltr'>uno</span> <span class='ocrx_word' id='word_1_788' title='bbox 2097 2764 2283 2803; x_wconf 89' lang='lat' dir='ltr'>subiecto.</span> <span class='ocrx_word' id='word_1_789' title='bbox 2319 2766 2368 2803; x_wconf 91' lang='lat' dir='ltr'>Et</span> <span class='ocrx_word' id='word_1_790' title='bbox 2400 2765 2479 2804; x_wconf 85' lang='lat' dir='ltr'>hoc</span> 
     </span>
     <span class='ocr_line' id='line_1_120' title="bbox 1401 2815 2479 2869; baseline 0.004 -16"><span class='ocrx_word' id='word_1_791' title='bbox 1401 2815 1500 2862; x_wconf 92' lang='lat' dir='ltr'>dico,</span> <span class='ocrx_word' id='word_1_792' title='bbox 1534 2816 1607 2853; x_wconf 92' lang='lat' dir='ltr'>nisi</span> <span class='ocrx_word' id='word_1_793' title='bbox 1641 2815 1688 2853; x_wconf 91' lang='lat' dir='ltr'>sit</span> <span class='ocrx_word' id='word_1_794' title='bbox 1719 2816 1793 2854; x_wconf 87' lang='lat' dir='ltr'>alia</span> <span class='ocrx_word' id='word_1_795' title='bbox 1825 2816 1975 2867; x_wconf 91' lang='lat' dir='ltr'>species</span> <span class='ocrx_word' id='word_1_796' title='bbox 2002 2817 2156 2855; x_wconf 88' lang='lat' dir='ltr'>caloris:</span> <span class='ocrx_word' id='word_1_797' title='bbox 2186 2818 2285 2856; x_wconf 91' lang='lat' dir='ltr'>sicut</span> <span class='ocrx_word' id='word_1_798' title='bbox 2317 2818 2479 2869; x_wconf 85' lang='lat' dir='ltr'>ponitur</span> 
     </span>
     <span class='ocr_line' id='line_1_121' title="bbox 1401 2869 2478 2919; baseline 0.004 -13"><span class='ocrx_word' id='word_1_799' title='bbox 1401 2869 1441 2906; x_wconf 90' lang='lat' dir='ltr'>in</span> <span class='ocrx_word' id='word_1_800' title='bbox 1474 2869 1623 2908; x_wconf 89' lang='lat' dir='ltr'>semine</span> <span class='ocrx_word' id='word_1_801' title='bbox 1651 2871 1758 2907; x_wconf 83' lang='lat' dir='ltr'>calor</span> <span class='ocrx_word' id='word_1_802' title='bbox 1785 2869 1893 2919; x_wconf 89' lang='lat' dir='ltr'>ignis,</span> <span class='ocrx_word' id='word_1_803' title='bbox 1917 2871 2013 2908; x_wconf 89' lang='lat' dir='ltr'>caeli</span> <span class='ocrx_word' id='word_1_804' title='bbox 2040 2878 2078 2909; x_wconf 90' lang='lat' dir='ltr'>et</span> <span class='ocrx_word' id='word_1_805' title='bbox 2104 2871 2258 2910; x_wconf 86' lang='lat' dir='ltr'>animae</span> <span class='ocrx_word' id='word_1_806' title='bbox 2271 2872 2303 2910; x_wconf 66' lang='lat'>⁸.</span> <span class='ocrx_word' id='word_1_807' title='bbox 2334 2873 2393 2910; x_wconf 87' lang='lat' dir='ltr'>Ex</span> <span class='ocrx_word' id='word_1_808' title='bbox 2421 2871 2478 2910; x_wconf 90' lang='lat' dir='ltr'>di-</span> 
     </span>
     <span class='ocr_line' id='line_1_122' title="bbox 1401 2923 2478 2975; baseline 0.003 -15"><span class='ocrx_word' id='word_1_809' title='bbox 1401 2923 1579 2961; x_wconf 87' lang='lat' dir='ltr'>versitate</span> <span class='ocrx_word' id='word_1_810' title='bbox 1608 2923 1723 2972; x_wconf 89' lang='lat' dir='ltr'>igitur</span> <span class='ocrx_word' id='word_1_811' title='bbox 1749 2924 2070 2973; x_wconf 86' lang='lat' dir='ltr'>phantasmatum</span> <span class='ocrx_word' id='word_1_812' title='bbox 2102 2923 2310 2975; x_wconf 84' lang='lat' dir='ltr'>intelligere</span> <span class='ocrx_word' id='word_1_813' title='bbox 2333 2925 2478 2963; x_wconf 84' lang='lat' dir='ltr'>intelle-</span> 
     </span>
     <span class='ocr_line' id='line_1_123' title="bbox 1401 2976 2477 3028; baseline 0.004 -15"><span class='ocrx_word' id='word_1_814' title='bbox 1401 2984 1485 3014; x_wconf 92' lang='lat' dir='ltr'>ctus</span> <span class='ocrx_word' id='word_1_815' title='bbox 1512 2976 1706 3027; x_wconf 89' lang='lat' dir='ltr'>possibilis</span> <span class='ocrx_word' id='word_1_816' title='bbox 1734 2989 1815 3015; x_wconf 92' lang='lat' dir='ltr'>non</span> <span class='ocrx_word' id='word_1_817' title='bbox 1847 2977 2125 3028; x_wconf 88' lang='lat' dir='ltr'>multiplicatur</span> <span class='ocrx_word' id='word_1_818' title='bbox 2156 2977 2228 3016; x_wconf 90' lang='lat' dir='ltr'>nisi</span> <span class='ocrx_word' id='word_1_819' title='bbox 2257 2979 2477 3018; x_wconf 86' lang='lat' dir='ltr'>secundum</span> 
     </span>
     <span class='ocr_line' id='line_1_124' title="bbox 1402 3030 2477 3080; baseline 0.004 -13"><span class='ocrx_word' id='word_1_820' title='bbox 1402 3030 1646 3068; x_wconf 89' lang='lat' dir='ltr'>diversarum</span> <span class='ocrx_word' id='word_1_821' title='bbox 1665 3030 1885 3080; x_wconf 87' lang='lat' dir='ltr'>specierum</span> <span class='ocrx_word' id='word_1_822' title='bbox 1904 3030 2208 3080; x_wconf 87' lang='lat' dir='ltr'>intelligentiam:</span> <span class='ocrx_word' id='word_1_823' title='bbox 2228 3039 2272 3070; x_wconf 91' lang='lat' dir='ltr'>ut</span> <span class='ocrx_word' id='word_1_824' title='bbox 2298 3031 2477 3071; x_wconf 90' lang='lat' dir='ltr'>dicamus</span> 
     </span>
     <span class='ocr_line' id='line_1_125' title="bbox 1402 3083 2477 3135; baseline 0.003 -14"><span class='ocrx_word' id='word_1_825' title='bbox 1402 3084 1509 3134; x_wconf 90' lang='lat' dir='ltr'>quod</span> <span class='ocrx_word' id='word_1_826' title='bbox 1536 3084 1641 3122; x_wconf 88' lang='lat' dir='ltr'>aliud</span> <span class='ocrx_word' id='word_1_827' title='bbox 1670 3091 1727 3122; x_wconf 92' lang='lat' dir='ltr'>est</span> <span class='ocrx_word' id='word_1_828' title='bbox 1749 3083 1835 3122; x_wconf 87' lang='lat' dir='ltr'>eius</span> <span class='ocrx_word' id='word_1_829' title='bbox 1854 3083 2062 3134; x_wconf 85' lang='lat' dir='ltr'>intelligere</span> <span class='ocrx_word' id='word_1_830' title='bbox 2080 3092 2198 3135; x_wconf 90' lang='lat' dir='ltr'>prout</span> <span class='ocrx_word' id='word_1_831' title='bbox 2217 3084 2387 3135; x_wconf 84' lang='lat' dir='ltr'>intelligit</span> <span class='ocrx_word' id='word_1_832' title='bbox 2405 3086 2477 3124; x_wconf 85' lang='lat' dir='ltr'>ho-</span> 
     </span>
     <span class='ocr_line' id='line_1_126' title="bbox 1401 3137 2476 3188; baseline 0.002 -14"><span class='ocrx_word' id='word_1_833' title='bbox 1401 3137 1561 3183; x_wconf 88' lang='lat' dir='ltr'>minem,</span> <span class='ocrx_word' id='word_1_834' title='bbox 1595 3145 1632 3175; x_wconf 92' lang='lat' dir='ltr'>et</span> <span class='ocrx_word' id='word_1_835' title='bbox 1668 3146 1786 3188; x_wconf 89' lang='lat' dir='ltr'>prout</span> <span class='ocrx_word' id='word_1_836' title='bbox 1820 3137 1990 3187; x_wconf 88' lang='lat' dir='ltr'>intelligit</span> <span class='ocrx_word' id='word_1_837' title='bbox 2021 3149 2182 3188; x_wconf 89' lang='lat' dir='ltr'>equum.</span> <span class='ocrx_word' id='word_1_838' title='bbox 2217 3139 2295 3177; x_wconf 89' lang='lat' dir='ltr'>Sed</span> <span class='ocrx_word' id='word_1_839' title='bbox 2331 3139 2476 3176; x_wconf 86' lang='lat' dir='ltr'>horum</span> 
     </span>
     <span class='ocr_line' id='line_1_127' title="bbox 1401 3189 2476 3239; baseline 0.001 -11"><span class='ocrx_word' id='word_1_840' title='bbox 1401 3203 1528 3228; x_wconf 90' lang='lat' dir='ltr'>unum</span> <span class='ocrx_word' id='word_1_841' title='bbox 1557 3190 1763 3239; x_wconf 86' lang='lat' dir='ltr'>intelligere</span> <span class='ocrx_word' id='word_1_842' title='bbox 1783 3189 1899 3229; x_wconf 88' lang='lat' dir='ltr'>simul</span> <span class='ocrx_word' id='word_1_843' title='bbox 1925 3191 2109 3229; x_wconf 87' lang='lat' dir='ltr'>convenit</span> <span class='ocrx_word' id='word_1_844' title='bbox 2135 3191 2321 3230; x_wconf 88' lang='lat' dir='ltr'>omnibus</span> <span class='ocrx_word' id='word_1_845' title='bbox 2349 3191 2476 3229; x_wconf 85' lang='lat' dir='ltr'>homi-</span> 
     </span>
     <span class='ocr_line' id='line_1_128' title="bbox 1401 3244 2475 3295; baseline 0 -13"><span class='ocrx_word' id='word_1_846' title='bbox 1401 3244 1528 3282; x_wconf 89' lang='lat' dir='ltr'>nibus.</span> <span class='ocrx_word' id='word_1_847' title='bbox 1550 3245 1653 3293; x_wconf 87' lang='lat' dir='ltr'>Ergo</span> <span class='ocrx_word' id='word_1_848' title='bbox 1669 3245 1799 3282; x_wconf 91' lang='lat' dir='ltr'>adhuc</span> <span class='ocrx_word' id='word_1_849' title='bbox 1814 3253 1999 3294; x_wconf 90' lang='lat' dir='ltr'>sequetur</span> <span class='ocrx_word' id='word_1_850' title='bbox 2017 3245 2125 3295; x_wconf 92' lang='lat' dir='ltr'>quod</span> <span class='ocrx_word' id='word_1_851' title='bbox 2143 3245 2250 3283; x_wconf 88' lang='lat' dir='ltr'>idem</span> <span class='ocrx_word' id='word_1_852' title='bbox 2268 3244 2475 3294; x_wconf 86' lang='lat' dir='ltr'>intelligere</span> 
     </span>
     <span class='ocr_line' id='line_1_129' title="bbox 1401 3297 2192 3336; baseline -0.001 -1"><span class='ocrx_word' id='word_1_853' title='bbox 1401 3309 1568 3335; x_wconf 91' lang='lat' dir='ltr'>numero</span> <span class='ocrx_word' id='word_1_854' title='bbox 1597 3298 1644 3335; x_wconf 89' lang='lat' dir='ltr'>sit</span> <span class='ocrx_word' id='word_1_855' title='bbox 1672 3297 1790 3336; x_wconf 92' lang='lat' dir='ltr'>huius</span> <span class='ocrx_word' id='word_1_856' title='bbox 1817 3298 1989 3336; x_wconf 85' lang='lat' dir='ltr'>hominis</span> <span class='ocrx_word' id='word_1_857' title='bbox 2016 3306 2054 3336; x_wconf 92' lang='lat' dir='ltr'>et</span> <span class='ocrx_word' id='word_1_858' title='bbox 2081 3297 2192 3336; x_wconf 89' lang='lat' dir='ltr'>illius.</span> 
     </span>
    </p>

    <p class='ocr_par' dir='ltr' id='par_1_22' title="bbox 1402 3348 2476 3561">
     <span class='ocr_line' id='line_1_130' title="bbox 1455 3348 2474 3402; baseline 0.001 -14"><span class='ocrx_word' id='word_1_859' title='bbox 1455 3351 1607 3388; x_wconf 91' lang='lat' dir='ltr'>Adhuc.</span> <span class='ocrx_word' id='word_1_860' title='bbox 1628 3352 1844 3389; x_wconf 88' lang='lat' dir='ltr'>Intellectus</span> <span class='ocrx_word' id='word_1_861' title='bbox 1863 3350 2055 3402; x_wconf 86' lang='lat' dir='ltr'>possibilis</span> <span class='ocrx_word' id='word_1_862' title='bbox 2073 3348 2244 3399; x_wconf 85' lang='lat' dir='ltr'>intelligit</span> <span class='ocrx_word' id='word_1_863' title='bbox 2257 3350 2474 3398; x_wconf 88' lang='lat' dir='ltr'>hominem,</span> 
     </span>
     <span class='ocr_line' id='line_1_131' title="bbox 1404 3403 2476 3455; baseline 0.001 -14"><span class='ocrx_word' id='word_1_864' title='bbox 1404 3417 1485 3442; x_wconf 91' lang='lat' dir='ltr'>non</span> <span class='ocrx_word' id='word_1_865' title='bbox 1500 3405 1720 3442; x_wconf 89' lang='lat' dir='ltr'>secundum</span> <span class='ocrx_word' id='word_1_866' title='bbox 1733 3405 1843 3455; x_wconf 91' lang='lat' dir='ltr'>quod</span> <span class='ocrx_word' id='word_1_867' title='bbox 1858 3412 1914 3442; x_wconf 91' lang='lat' dir='ltr'>est</span> <span class='ocrx_word' id='word_1_868' title='bbox 1928 3404 1995 3442; x_wconf 84' lang='lat' dir='ltr'>hic</span> <span class='ocrx_word' id='word_1_869' title='bbox 2005 3404 2140 3450; x_wconf 86' lang='lat' dir='ltr'>homo,</span> <span class='ocrx_word' id='word_1_870' title='bbox 2158 3403 2226 3440; x_wconf 90' lang='lat' dir='ltr'>sed</span> <span class='ocrx_word' id='word_1_871' title='bbox 2241 3403 2476 3454; x_wconf 88' lang='lat' dir='ltr'>inquantum</span> 
     </span>
     <span class='ocr_line' id='line_1_132' title="bbox 1402 3455 2474 3508; baseline 0.001 -13"><span class='ocrx_word' id='word_1_872' title='bbox 1402 3466 1457 3495; x_wconf 89' lang='lat' dir='ltr'>est</span> <span class='ocrx_word' id='word_1_873' title='bbox 1477 3460 1589 3496; x_wconf 86' lang='lat' dir='ltr'>homo</span> <span class='ocrx_word' id='word_1_874' title='bbox 1610 3457 1843 3508; x_wconf 90' lang='lat' dir='ltr'>simpliciter,</span> <span class='ocrx_word' id='word_1_875' title='bbox 1864 3457 2082 3495; x_wconf 89' lang='lat' dir='ltr'>secundum</span> <span class='ocrx_word' id='word_1_876' title='bbox 2102 3455 2291 3494; x_wconf 91' lang='lat' dir='ltr'>rationem</span> <span class='ocrx_word' id='word_1_877' title='bbox 2321 3458 2474 3508; x_wconf 89' lang='lat' dir='ltr'>speciei.</span> 
     </span>
     <span class='ocr_line' id='line_1_133' title="bbox 1402 3510 2475 3561; baseline 0.002 -13"><span class='ocrx_word' id='word_1_878' title='bbox 1402 3512 1510 3549; x_wconf 88' lang='lat' dir='ltr'>Haec</span> <span class='ocrx_word' id='word_1_879' title='bbox 1524 3518 1657 3550; x_wconf 90' lang='lat' dir='ltr'>autern</span> <span class='ocrx_word' id='word_1_880' title='bbox 1673 3510 1768 3549; x_wconf 89' lang='lat' dir='ltr'>ratio</span> <span class='ocrx_word' id='word_1_881' title='bbox 1783 3522 1863 3549; x_wconf 90' lang='lat' dir='ltr'>una</span> <span class='ocrx_word' id='word_1_882' title='bbox 1882 3517 1948 3556; x_wconf 90' lang='lat' dir='ltr'>est,</span> <span class='ocrx_word' id='word_1_883' title='bbox 1968 3514 2334 3561; x_wconf 86' lang='lat' dir='ltr'>quantumcumque</span> <span class='ocrx_word' id='word_1_884' title='bbox 2351 3511 2475 3561; x_wconf 86' lang='lat' dir='ltr'>phan-</span> 
     </span>
    </p>
   </div>
   <div class='ocr_carea' id='block_1_16' title="bbox 1280 3598 1698 3633">
    <p class='ocr_par' dir='ltr' id='par_1_23' title="bbox 1280 3598 1698 3633">
     <span class='ocr_line' id='line_1_134' title="bbox 1280 3598 1698 3633; baseline 0.005 -10"><span class='ocrx_word' id='word_1_885' title='bbox 1280 3598 1314 3623; x_wconf 81' lang='lat'>60</span> <span class='ocrx_word' id='word_1_886' title='bbox 1333 3599 1498 3633; x_wconf 81' lang='lat' dir='ltr'>confutandal</span> <span class='ocrx_word' id='word_1_887' title='bbox 1519 3599 1648 3625; x_wconf 72' lang='lat' dir='ltr'>confutata</span> <span class='ocrx_word' id='word_1_888' title='bbox 1666 3600 1698 3625; x_wconf 87' lang='lat' dir='ltr'>D.</span> 
     </span>
    </p>
   </div>
   <div class='ocr_carea' id='block_1_17' title="bbox 1423 3631 2477 3669">
    <p class='ocr_par' dir='ltr' id='par_1_24' title="bbox 1423 3631 2477 3669">
     <span class='ocr_line' id='line_1_135' title="bbox 1423 3631 2477 3669; baseline 0 -8"><span class='ocrx_word' id='word_1_889' title='bbox 1423 3643 1458 3667; x_wconf 81' lang='lat'>⁴4</span> <span class='ocrx_word' id='word_1_890' title='bbox 1476 3634 1637 3669; x_wconf 73' lang='lat' dir='ltr'>numeratur}</span> <span class='ocrx_word' id='word_1_891' title='bbox 1657 3639 1809 3661; x_wconf 75' lang='lat' dir='ltr'>numeretur</span> <span class='ocrx_word' id='word_1_892' title='bbox 1827 3634 1856 3659; x_wconf 91' lang='lat' dir='ltr'>P.</span> <span class='ocrx_word' id='word_1_893' title='bbox 1946 3631 1982 3665; x_wconf 83' lang='lat'>46</span> <span class='ocrx_word' id='word_1_894' title='bbox 2001 3632 2112 3659; x_wconf 71' lang='lat' dir='ltr'>mlefieri</span> <span class='ocrx_word' id='word_1_895' title='bbox 2130 3642 2172 3660; x_wconf 85' lang='lat' dir='ltr'>om</span> <span class='ocrx_word' id='word_1_896' title='bbox 2193 3635 2304 3661; x_wconf 63' lang='lat' dir='ltr'>aDwx.</span> <span class='ocrx_word' id='word_1_897' title='bbox 2388 3643 2423 3668; x_wconf 82' lang='lat'>47</span> <span class='ocrx_word' id='word_1_898' title='bbox 2443 3636 2477 3661; x_wconf 76' lang='lat' dir='ltr'>sit</span> 
     </span>
    </p>
   </div>
   <div class='ocr_carea' id='block_1_18' title="bbox 924 3668 1614 3704">
    <p class='ocr_par' dir='ltr' id='par_1_25' title="bbox 924 3668 1614 3704">
     <span class='ocr_line' id='line_1_136' title="bbox 924 3668 1614 3704; baseline 0.003 -10"><span class='ocrx_word' id='word_1_899' title='bbox 924 3668 958 3694; x_wconf 85' lang='lat'>60</span> <span class='ocrx_word' id='word_1_900' title='bbox 978 3669 1228 3703; x_wconf 81' lang='lat' dir='ltr'>quantumcumque]</span> <span class='ocrx_word' id='word_1_901' title='bbox 1248 3670 1274 3695; x_wconf 88' lang='lat' dir='ltr'>in</span> <span class='ocrx_word' id='word_1_902' title='bbox 1293 3675 1536 3704; x_wconf 81' lang='lat' dir='ltr'>quantumcumque</span> <span class='ocrx_word' id='word_1_903' title='bbox 1554 3671 1614 3699; x_wconf 64' lang='lat' dir='ltr'>«W.</span> 
     </span>
    </p>
   </div>
   <div class='ocr_carea' id='block_1_19' title="bbox 2539 844 2729 874">
    <p class='ocr_par' dir='ltr' id='par_1_26' title="bbox 2539 844 2729 874">
     <span class='ocr_line' id='line_1_137' title="bbox 2539 844 2729 874; baseline 0.006 -8"><span class='ocrx_word' id='word_1_904' title='bbox 2539 844 2729 874; x_wconf 73' lang='lat' dir='ltr'>cap.v,1=,3,</span> 
     </span>
    </p>
   </div>
   <div class='ocr_carea' id='block_1_20' title="bbox 2515 869 2648 898">
    <p class='ocr_par' dir='ltr' id='par_1_27' title="bbox 2515 869 2648 898">
     <span class='ocr_line' id='line_1_138' title="bbox 2515 869 2648 898; baseline 0.008 -6"><span class='ocrx_word' id='word_1_905' title='bbox 2515 869 2590 892; x_wconf 79' lang='lat' dir='ltr'>s.&#39;l&#39;h.</span> <span class='ocrx_word' id='word_1_906' title='bbox 2602 870 2617 893; x_wconf 90' lang='grc' dir='ltr'>Ι.</span> <span class='ocrx_word' id='word_1_907' title='bbox 2627 877 2648 898; x_wconf 87' lang='lat'>7.</span> 
     </span>
    </p>
   </div>
   <div class='ocr_carea' id='block_1_21' title="bbox 2509 1757 2724 1784">
    <p class='ocr_par' dir='ltr' id='par_1_28' title="bbox 2509 1757 2724 1784">
     <span class='ocr_line' id='line_1_139' title="bbox 2509 1757 2724 1784; baseline 0 -3"><span class='ocrx_word' id='word_1_908' title='bbox 2509 1757 2724 1784; x_wconf 77' lang='grc' dir='ltr'>’8..’Πι1.8·</span> 
     </span>
    </p>
   </div>
   <div class='ocr_carea' id='block_1_22' title="bbox 2509 1784 2723 1813">
    <p class='ocr_par' dir='ltr' id='par_1_29' title="bbox 2509 1784 2723 1813">
     <span class='ocr_line' id='line_1_140' title="bbox 2509 1784 2723 1813; baseline 0 -7"><span class='ocrx_word' id='word_1_909' title='bbox 2509 1784 2536 1806; x_wconf 83' lang='lat' dir='ltr'>bi</span> <span class='ocrx_word' id='word_1_910' title='bbox 2540 1786 2562 1808; x_wconf 86' lang='lat' dir='ltr'>d.</span> <span class='ocrx_word' id='word_1_911' title='bbox 2571 1784 2633 1811; x_wconf 84' lang='lat' dir='ltr'>vm,</span> <span class='ocrx_word' id='word_1_912' title='bbox 2643 1789 2695 1811; x_wconf 76' lang='grc' dir='ltr'>νιιι,</span> <span class='ocrx_word' id='word_1_913' title='bbox 2700 1789 2723 1813; x_wconf 80' lang='grc'>9.</span> 
     </span>
    </p>
   </div>
   <div class='ocr_carea' id='block_1_23' title="bbox 2504 2076 2722 2126">
    <p class='ocr_par' dir='ltr' id='par_1_30' title="bbox 2504 2076 2722 2126">
     <span class='ocr_line' id='line_1_141' title="bbox 2504 2076 2722 2126; baseline 0 -27"><span class='ocrx_word' id='word_1_914' title='bbox 2504 2076 2588 2126; x_wconf 59' lang='lat' dir='ltr'>neap.</span> <span class='ocrx_word' id='word_1_915' title='bbox 2607 2083 2639 2104; x_wconf 79' lang='lat' dir='ltr'>iv,</span> <span class='ocrx_word' id='word_1_916' title='bbox 2659 2082 2686 2103; x_wconf 77' lang='lat' dir='ltr'>a:</span> <span class='ocrx_word' id='word_1_917' title='bbox 2701 2083 2722 2099; x_wconf 83' lang='grc' dir='ltr'>ι.</span> 
     </span>
    </p>
   </div>
   <div class='ocr_carea' id='block_1_24' title="bbox 2504 2880 2716 2909">
    <p class='ocr_par' dir='ltr' id='par_1_31' title="bbox 2504 2880 2716 2909">
     <span class='ocr_line' id='line_1_142' title="bbox 2504 2880 2716 2909; baseline 0 -5"><span class='ocrx_word' id='word_1_918' title='bbox 2504 2882 2514 2892; x_wconf 82' lang='grc'><strong>”</strong></span> <span class='ocrx_word' id='word_1_919' title='bbox 2522 2880 2559 2904; x_wconf 77' lang='lat' dir='ltr'>cs.</span> <span class='ocrx_word' id='word_1_920' title='bbox 2569 2881 2581 2904; x_wconf 88' lang='lat'>1</span> <span class='ocrx_word' id='word_1_921' title='bbox 2589 2881 2716 2909; x_wconf 67' lang='lat' dir='ltr'>1³..an</span> 
     </span>
    </p>
   </div>
   <div class='ocr_carea' id='block_1_25' title="bbox 2504 2906 2602 2935">
    <p class='ocr_par' dir='ltr' id='par_1_32' title="bbox 2504 2906 2602 2935">
     <span class='ocr_line' id='line_1_143' title="bbox 2504 2906 2602 2935; baseline 0 -5"><span class='ocrx_word' id='word_1_922' title='bbox 2504 2906 2602 2935; x_wconf 50' lang='lat' dir='ltr'>mund</span> 
     </span>
    </p>
   </div>
   <div class='ocr_carea' id='block_1_26' title="bbox 2740 3068 2768 4134">
    <p class='ocr_par' dir='ltr' id='par_1_33' title="bbox 2740 3068 2768 4134">
     <span class='ocr_line' id='line_1_144' title="bbox 2740 3068 2768 4134; baseline 0 0"><span class='ocrx_word' id='word_1_923' title='bbox 2740 3068 2768 4134; x_wconf 95' lang='lat' dir='ltr'> </span> 
     </span>
    </p>
   </div>
  </div>
 </body>
</html>
