2768 4134
40 596 49 604 ·
62 594 97 616 Cf.
114 599 136 615 n.
148 598 195 613 vm.

38 816 46 824 ·
61 813 130 835 Num.
144 819 172 834 vi.

35 952 44 960 ·
59 950 95 972 Cf.
112 955 133 971 n.
146 955 176 971 1x.

33 1436 41 1445 '
57 1434 93 1456 Cf.
109 1441 132 1456 n.
142 1441 164 1455 x.

31 1938 40 1946 ‘
55 1936 90 1958 Cf.
108 1942 131 1958 n.
142 1943 174 1958 xi.

288 298 359 334 170

334 363 402 394 VII.
427 361 521 392 Circa
543 358 624 390 illud
647 358 781 394 dictum,
799 357 890 398 quod
913 357 1095 388 intellectus
1117 357 1352 398 incomplexus,

278 404 545 448 apprehendendo
562 403 650 444 quod
672 403 751 444 quid
765 408 823 440 est,
841 402 1053 443 apprehendit
1073 402 1285 443 quidditatem
1306 402 1354 432 rei

279 454 311 482 in
336 450 476 492 quadam
500 448 746 489 comparatione
775 447 819 478 ad
852 455 938 478 rem:
962 452 993 478 et
1009 452 1149 488 propter
1174 448 1237 478 hoc
1260 447 1354 477 intel-

277 498 378 527 lectus
396 495 517 526 dicitur
525 503 590 534 per
604 503 640 524 se
653 503 780 533 semper
798 502 867 523 esse
882 502 988 528 verus,
1011 493 1086 522 licet
1101 492 1352 532 incomplexam,

277 542 328 572 vel
350 539 505 581 definitio,
528 548 594 568 non
618 538 661 569 sit
682 538 859 568 secundum
883 548 918 568 se
941 546 1019 567 vera
1043 537 1094 568 vel
1108 537 1218 578 salsa,
1244 537 1353 568 multi-

276 586 350 627 plex
366 584 506 615 occurrit
520 582 668 614 dubium.
689 583 835 615 Primum
851 583 868 599 ³*
888 588 936 614 est
952 582 1038 622 quia,
1060 582 1084 612 si
1102 582 1288 613 intellectus
1303 582 1354 612 in-

278 629 479 670 complexus,
503 628 687 669 intelligens
704 627 796 668 quod
812 627 891 668 quid
915 633 972 663 est,
990 626 1203 667 apprehendit
1225 626 1355 667 quiddi-

276 681 375 706 tatem
398 674 444 704 rei
466 674 501 704 in
517 672 659 714 quadam
681 672 925 713 comparatione
949 671 990 702 ad
1004 681 1084 707 rem,
1101 672 1248 712 sequitur
1263 670 1354 712 quod

276 721 310 751 in
321 719 487 752 intellectu
500 718 710 758 incomplexo
723 717 782 747 erit
794 717 979 757 complexio
992 722 1024 746 et
1036 716 1244 757 compositio.
1252 715 1355 754 Quod

277 763 568 796 contradictionem
593 762 746 803 implicat.
769 780 790 784 -
811 762 902 792 Patet
926 762 1170 802 consequentia.
1195 762 1283 800 Quia
1306 761 1354 792 di-

277 815 366 840 ctum
390 810 466 839 est*
490 807 701 848 complexum
724 806 813 837 nulla
836 806 896 836 alia
922 806 1046 837 ratione
1073 806 1113 837 ab
1142 806 1352 847 incomplexo
1379 822 1381 831 ι

276 854 401 886 differre
418 854 479 885 nisi
495 853 572 893 quia
587 853 621 883 in
643 852 716 892 ipso
734 851 918 891 designatur
934 851 1135 891 comparatio
1153 851 1354 892 incomplexi

277 899 317 930 ad
340 908 418 935 rem,
444 907 526 938 quae
550 907 618 928 non
643 896 828 936 designatur
851 905 909 936 per
932 896 1189 936 incomplexum.
1327 903 1329 905 ’

332 943 520 975 Secundum
532 944 548 959 ᾖ
565 948 612 973 est
628 942 714 982 quia,
734 946 769 972 ut
792 941 896 980 arguit
913 940 1050 972 Sanctus
1067 941 1214 972 Thomas
1234 941 1351 977 Prima,

277 999 307 1030 q.
325 999 398 1024 xvn,
416 998 444 1018 a.
463 988 492 1024 3,
510 987 690 1018 intellectus
706 986 796 1016 circa
816 985 904 1026 quod
918 986 997 1026 quid
1019 991 1067 1017 est
1090 997 1157 1017 non
1181 986 1352 1027 decipitur,

275 1034 352 1075 quia
377 1033 497 1063 directe
525 1032 728 1073 informatur
758 1030 972 1062 similitudine
1001 1031 1193 1072 quidditatis
1220 1031 1278 1062 rei.
1303 1031 1353 1062 Ex

275 1079 334 1109 hac
347 1079 435 1109 enim
446 1078 571 1108 ratione
583 1077 729 1116 sequitur
742 1075 832 1116 quod
844 1075 1027 1107 intellectus
1040 1086 1245 1117 cognoscens
1261 1075 1353 1117 quod

275 1122 354 1163 quid
370 1128 417 1154 est
428 1121 520 1153 nullo
533 1121 635 1152 modo
648 1126 756 1161 potest
771 1130 840 1151 esse
853 1119 960 1151 falsus.
978 1121 1055 1152 Non
1067 1122 1204 1162 quidem
1219 1126 1353 1163 propter

275 1167 550 1208 compositionem
565 1166 706 1207 partium
723 1164 921 1196 definitionis
940 1165 980 1197 ad
1003 1166 1162 1198 invicem:
1183 1167 1260 1207 quia
1283 1175 1352 1197 non

274 1212 392 1243 format
407 1211 632 1242 definitionem
648 1210 710 1241 nisi
725 1210 907 1241 secundum
926 1213 1260 1252 repraesentationem
1280 1220 1353 1252 spe-

274 1257 343 1288 ciei.
369 1257 445 1287 Non
469 1257 567 1288 etiam
596 1254 778 1286 secundum
809 1255 1055 1288 attributionem
1079 1257 1119 1289 ad
1145 1257 1179 1288 id
1202 1257 1256 1288 cui
1282 1266 1351 1287 non

274 1302 443 1333 convenit:
469 1301 546 1341 quia
568 1310 698 1341 semper
713 1300 893 1341 cognoscit,
911 1306 947 1331 ut
971 1301 1089 1333 dicitur
1111 1303 1175 1339 hic,
1196 1307 1352 1343 tanquam

273 1347 368 1378 huius
384 1346 622 1388 definitionem;
644 1351 676 1376 et
690 1345 736 1376 sic
752 1346 850 1376 etiam
867 1354 906 1376 ex
921 1347 1030 1387 specie
1046 1346 1082 1378 fit
1105 1347 1176 1378 talis
1193 1347 1350 1388 cognitio.

274 1392 360 1432 Ergo
385 1397 446 1422 etc.

329 1436 478 1468 Tertium
489 1437 506 1452 *
531 1441 579 1466 est
602 1435 678 1476 quia
694 1434 821 1466 videtur
840 1435 937 1466 etiam
954 1445 993 1467 ex
1009 1437 1070 1468 hac
1086 1443 1177 1478 parte
1191 1436 1350 1478 implicari

273 1481 496 1513 contradictio.
521 1480 607 1511 Nam
636 1481 662 1511 si
686 1481 810 1521 primae
841 1482 1024 1521 operationi
1054 1483 1210 1514 convenit
1236 1491 1295 1523 per
1317 1491 1352 1513 se

273 1525 516 1567 apprehendere
540 1524 753 1567 quidditatem
778 1535 854 1556 curn
879 1526 1019 1567 quadam
1043 1527 1290 1568 comparatione
1311 1526 1353 1558 ad

273 1572 305 1603 id
329 1578 365 1603 ut
388 1572 481 1602 cuius
505 1570 667 1612 quidditas
686 1570 950 1611 apprehenditur,
975 1581 1053 1612 ergo
1079 1578 1111 1603 et
1128 1582 1193 1613 per
1214 1582 1249 1603 se
1272 1582 1352 1603 con-

273 1617 361 1654 venit
376 1615 468 1657 quod
483 1621 597 1647 natum
613 1622 660 1646 est
684 1616 777 1656 sequi
794 1625 833 1646 ex
849 1615 902 1646 illa
919 1618 1175 1657 comparatione,
1191 1618 1275 1648 sicut
1299 1627 1351 1648 ac-

274 1661 350 1693 cidit
373 1662 407 1692 in
431 1660 573 1692 secunda
596 1661 798 1701 operatione.
829 1659 893 1692 Sed
925 1660 965 1692 ad
996 1661 1094 1693 talem
1124 1663 1352 1703 operationem

273 1712 347 1738 nata
363 1712 410 1737 est
433 1706 525 1747 sequi
550 1705 683 1736 falsitas:
700 1715 776 1736 curn
792 1705 914 1737 scilicet
929 1706 1183 1747 apprehenditur
1205 1713 1242 1738 ut
1258 1706 1351 1748 quid-

274 1751 354 1783 ditas
378 1751 514 1785 alicuius
537 1751 630 1782 cuius
656 1759 725 1781 non
757 1756 805 1781 est
833 1750 1006 1791 quidditas‚
1032 1757 1068 1782 ut
1097 1752 1288 1783 conceditur
1317 1753 1351 1783 in

273 1797 387 1828 littera.
405 1796 492 1837 Ergo
516 1795 661 1836 implicat
677 1794 783 1826 dicere
800 1796 892 1836 quod
915 1796 1071 1836 intelligat
1088 1806 1165 1828 cum
1188 1797 1242 1828 tali
1259 1807 1351 1828 com-

273 1842 449 1882 paratione,
467 1846 499 1872 et
514 1846 622 1871 tamen
638 1841 671 1871 in
689 1840 761 1881 ipso
778 1841 817 1871 sit
833 1839 953 1872 falsitas
968 1846 1094 1872 tantum
1113 1851 1172 1882 per
1190 1842 1351 1879 accidens,

273 1886 395 1917 scilicet
417 1886 542 1916 ratione
566 1885 719 1916 extranei.

329 1930 490 1969 Quartum
503 1930 520 1946 ⁴*
537 1936 585 1961 est
608 1930 695 1970 quia,
712 1934 748 1960 ut
764 1929 888 1960 dictum
905 1935 952 1960 est
968 1931 1117 1970 superius
1133 1932 1167 1962 in
1182 1931 1287 1970 prima
1302 1941 1351 1961 ra-

271 1976 371 2012 tione,
397 1976 511 2007 veritas
534 1975 642 2006 solum
667 1979 714 2004 est
745 1974 828 2005 circa
855 1975 1133 2014 compositionem
1163 1981 1195 2006 et
1221 1975 1352 2006 divisio-

271 2030 348 2051 nem
370 2020 564 2051 intellectus.
589 2019 676 2059 Ergo
694 2018 811 2049 falsum
828 2025 875 2049 est
892 2018 984 2059 quod
1006 2019 1060 2050 hic
1084 2019 1212 2056 dicitur,
1228 2021 1352 2052 scilicet

271 2064 362 2106 quod
386 2065 567 2096 intellectus
591 2073 795 2105 cognoscens
815 2063 904 2104 quod
923 2064 1003 2104 quid
1022 2069 1070 2095 est
1084 2075 1148 2105 per
1169 2075 1205 2096 se
1226 2075 1354 2107 semper

272 2115 319 2141 est
343 2119 449 2141 verus.

327 2155 410 2186 V111.
419 2153 471 2186 Ad
484 2152 678 2185 evidentiam
691 2152 788 2193 primi
797 2152 888 2184 dubii
900 2153 1149 2194 intelligendum
1163 2160 1221 2190 est,
1233 2156 1352 2195 primo,

271 2199 362 2240 quod
384 2199 562 2239 intelligere
582 2197 796 2239 quidditatem
818 2198 851 2228 in
871 2199 1116 2238 comparatione
1139 2199 1180 2230 ad
1200 2209 1270 2231 rem
1291 2200 1351 2231 du-

272 2245 397 2284 pliciter
420 2249 528 2285 potest
550 2242 698 2282 intelligi:
723 2242 845 2273 scilicet
869 2251 907 2272 ex
923 2248 1013 2283 parte
1034 2243 1079 2274 rei
1102 2243 1299 2282 intellectam
1321 2251 1353 2276 et

272 2298 311 2319 ex
334 2294 424 2329 parte
448 2287 538 2319 modi
562 2285 793 2327 cognoscendi.
819 2286 867 2317 Ex
886 2293 976 2327 parte
998 2288 1042 2318 rei
1067 2288 1249 2320 intellectae
1268 2290 1352 2321 acei-

272 2335 359 2374 pitur
382 2332 514 2374 quando
538 2333 608 2373 ipsa
632 2331 833 2372 comparatio
858 2337 906 2362 est
921 2332 1089 2363 obiectum
1105 2334 1292 2373 cognitum:
1313 2344 1352 2366 ex

272 2384 362 2419 parte
377 2387 455 2409 vero
471 2375 564 2409 modi
579 2375 800 2417 cognoscendi
815 2381 943 2407 tantum
959 2377 1118 2417 accipitur
1133 2378 1266 2418 quando
1282 2379 1353 2420 ipsa

273 2423 474 2464 comparatio
498 2431 566 2453 non
590 2421 777 2461 intelligitur
801 2420 945 2461 quidem,
970 2421 1027 2452 sed
1053 2422 1163 2462 ipsum
1186 2429 1297 2454 aetum
1321 2430 1354 2455 et

273 2467 410 2501 modum
433 2465 633 2507 intelligendi
649 2465 898 2496 concomitatur.
916 2466 1098 2507 Intelligere
1118 2468 1226 2508 primo
1249 2468 1352 2500 modo

274 2522 349 2544 cum
374 2513 618 2552 comparatione
636 2516 683 2542 est
698 2509 876 2551 intelligere
892 2511 956 2542 hoc
973 2511 1091 2542 habere
1107 2511 1147 2543 ad
1164 2512 1245 2544 illud
1261 2523 1353 2544 com-

273 2557 490 2598 parationem:
507 2562 539 2588 et
554 2557 618 2587 hoc
635 2561 682 2587 est
698 2565 902 2596 componere.
921 2555 984 2587 Sed
1000 2556 1146 2588 secundo
1162 2557 1267 2589 modo
1284 2568 1352 2590 non

274 2608 321 2633 est
344 2611 554 2642 componere,
579 2599 636 2632 sed
659 2601 768 2641 ipsum
782 2605 909 2631 tantum
928 2601 1174 2642 incomplexum
1195 2602 1303 2634 dicere
1321 2609 1354 2634 et

273 2647 461 2687 intelligere,
485 2656 553 2677 non
578 2655 636 2686 per
659 2645 909 2676 abstractionem
933 2646 1161 2678 omnimodam
1185 2657 1203 2678 a
1226 2657 1271 2685 re,
1295 2648 1352 2679 sed

273 2697 309 2722 ut
332 2691 545 2732 quidditatem
565 2691 672 2722 huius.
688 2690 825 2731 Propter
841 2691 906 2721 hoc
922 2691 1029 2732 inquit
1053 2691 1190 2723 Sanctus
1207 2692 1354 2724 Thomas

273 2735 364 2777 quod
386 2737 423 2768 in
445 2736 505 2767 hac
533 2735 754 2767 intellectione
784 2735 888 2776 ipsum
917 2735 1170 2777 incomplexam,
1195 2742 1227 2768 et
1253 2738 1354 2769 etiam

273 2781 428 2822 definitio,
455 2791 520 2811 non
545 2786 592 2812 est
614 2780 792 2812 secundum
820 2790 855 2811 se
883 2790 960 2811 vera
990 2781 1042 2812 vel
1062 2782 1179 2823 salsa:
1203 2782 1295 2819 idest,
1320 2782 1353 2814 id

273 2825 364 2867 quod
387 2835 444 2867 per
467 2826 565 2858 talem
589 2826 815 2866 operationem
840 2825 957 2857 dicitur
979 2832 1036 2858 aut
1058 2826 1257 2867 intelligitur,
1282 2837 1353 2860 non

274 2871 351 2902 dicit
362 2871 466 2912 ipsam
478 2871 757 2911 comparationem
770 2869 956 2907 formaliter,
965 2870 1041 2902 licet
1053 2871 1234 2903 intellectus
1244 2873 1352 2913 ipsum

273 2916 502 2956 comparative,
527 2921 686 2956 quantum
711 2915 750 2947 ad
778 2914 916 2947 modum
940 2916 1152 2956 intelligendi,
1177 2918 1351 2958 concipiat.

274 2960 315 2992 Et
339 2966 386 2991 est
410 2960 513 2991 simile
538 2961 567 2991 ei
591 2959 683 3001 quod
706 2959 823 2992 dicitur
846 2960 1007 2998 Potentia,
1025 2971 1056 3002 q.
1074 2971 1127 2998 vn,
1145 2971 1173 2992 a.
1195 2970 1244 2999 ιι,
1262 2963 1354 3004 quod

274 3005 405 3046 aliquae
427 3010 505 3036 sunt
528 3005 704 3036 relationes
729 3005 870 3036 rationis
893 3011 1125 3047 consequentes
1148 3007 1279 3038 modum
1304 3008 1352 3039 in-

275 3049 454 3092 telligendi,
478 3050 656 3081 secundum
679 3050 767 3091 quod
796 3050 909 3091 aliqua
933 3060 999 3082 non
1028 3051 1179 3082 habentia
1204 3052 1353 3084 ordinem

276 3095 361 3125 inter
383 3104 418 3125 se
437 3094 589 3128 ordinate
613 3095 854 3137 intelliguntur,
873 3095 948 3126 licet
964 3096 1146 3128 intellectus
1169 3107 1234 3128 non
1259 3098 1353 3129 intel-

275 3139 360 3181 ligat
383 3148 422 3170 ea
451 3140 571 3171 habere
601 3140 760 3176 ordinem,
785 3140 863 3181 quia
891 3145 969 3172 tunc
992 3146 1075 3172 esset
1087 3142 1214 3183 falsus.
1245 3142 1291 3173 lta
1319 3143 1353 3174 in

276 3185 445 3225 proposito
470 3184 646 3216 dicendum
670 3191 717 3216 est
736 3185 828 3226 quod
846 3185 1029 3217 intellectus
1053 3187 1085 3217 in
1110 3186 1214 3227 prima
1238 3197 1353 3228 opera-

276 3229 365 3260 tione
377 3229 558 3261 intellectus
570 3230 783 3271 apprehendit
794 3229 1007 3271 quidditatem
1020 3240 1096 3262 cum
1109 3231 1250 3273 quadarn
1262 3242 1354 3264 com-

277 3274 453 3313 paratione,
470 3273 681 3315 intelligendo
702 3275 807 3316 ipsam
830 3281 987 3316 tanquam
1011 3276 1108 3307 huius
1128 3276 1352 3317 quidditatem,

277 3317 316 3348 ad
333 3327 432 3358 quem
448 3319 585 3351 modurn
602 3319 803 3361 intelligendi
819 3321 1032 3361 consequitur
1048 3321 1204 3352 habitudo
1221 3322 1354 3353 rationis

278 3362 462 3402 quidditatis
486 3364 525 3395 ad
550 3363 582 3395 id
606 3365 699 3396 cuius
729 3370 776 3396 est
806 3364 984 3406 quidditas:
1010 3375 1078 3396 non
1106 3371 1215 3398 tamen
1240 3376 1354 3407 appre-

278 3406 389 3438 hendit
411 3408 515 3448 ipsam
539 3408 753 3449 quidditatem
775 3410 893 3441 habere
917 3411 1207 3451 comparationem.

334 3451 386 3482 Ad
409 3459 637 3492 argumentum
653 3464 742 3495 ergo,
759 3460 895 3495 negatur
911 3456 1157 3495 consequentia.
1173 3473 1197 3479 -
1212 3456 1263 3487 Ad
1279 3465 1355 3497 pro-

280 3495 445 3527 bationem
469 3496 584 3529 dicitur
600 3498 692 3539 quod
707 3509 775 3530 non
792 3499 930 3531 intendit
950 3499 1086 3531 Sanctus
1103 3500 1249 3532 Thomas
1265 3501 1356 3541 quod

281 3540 388 3579 ipsum
405 3541 494 3581 quod
511 3541 627 3574 dicitur
645 3544 925 3584 comparationem
942 3544 1086 3575 includat
1103 3550 1138 3576 ut
1153 3545 1283 3581 dictum,
1302 3552 1357 3577 aut

282 3584 378 3614 etiam
402 3584 578 3618 formaliter
594 3589 698 3628 ipsam
722 3589 755 3620 in
779 3599 836 3620 sua
851 3589 977 3620 ratione
992 3589 1147 3626 includat,
1164 3599 1233 3631 quo
1255 3590 1356 3622 modo

281 3628 489 3668 complexum
514 3631 590 3662 dicit
614 3634 907 3673 comparationem:
930 3633 987 3665 sed
1010 3634 1102 3675 quod
1124 3635 1158 3666 in
1181 3634 1284 3666 modo
1308 3635 1357 3666 in-

281 3672 444 3712 telligendi
458 3680 503 3704 est
517 3678 725 3716 comparatio.
739 3678 814 3708 Non
833 3679 920 3709 enim
934 3679 1115 3710 intellectus
1132 3680 1357 3720 incomplexus

877 280 1066 317 SUMMA
1096 279 1320 316 CONTRA
1348 278 1625 323 GENTILES,
1657 279 1768 316 CAP.
1788 280 1887 317 LIX.

1408 357 1489 387 dicit
1510 357 1680 388 hominem
1711 367 1782 389 esse
1810 359 1930 389 animal
1960 358 2127 394 rationale,
2151 356 2244 398 quod
2271 363 2355 389 esset
2383 359 2488 400 ipsam

1410 402 1691 441 comparationem
1707 402 1894 442 quidditatis
1914 403 1955 434 ad
1975 413 2043 434 rem
2060 402 2181 439 dicere;
2202 402 2281 433 licet
2293 403 2378 434 hanc
2393 403 2488 445 quid-

1410 445 1543 476 ditatem
1567 445 1790 486 apprehendat
1812 453 1849 478 ut
1871 448 2014 479 hominis
2042 446 2267 488 quidditatem,
2292 447 2488 488 inquantum

1410 490 1450 521 de
1462 491 1597 521 homine
1612 490 1697 521 hanc
1713 489 1832 523 format
1846 491 2073 524 definitionem
2088 492 2215 523 animal
2231 491 2407 529 rationale,
2419 503 2488 523 non

1410 541 1522 566 autern
1536 534 1576 566 de
1592 534 1715 575 lapide;
1728 536 1812 567 sicut
1827 542 1860 568 et
1873 546 1987 568 sensus
2002 538 2101 573 visus,
2117 537 2194 568 licet
2209 542 2387 577 cognoscat
2402 538 2489 568 albe-

1410 580 1521 611 dinem
1544 586 1580 610 ut
1603 580 1711 616 huius,
1737 581 1816 621 quia
1836 581 1997 613 iudicium
2014 583 2084 613 eius
2102 581 2143 613 ad
2162 582 2354 623 particulare
2378 581 2488 619 fertur,

1409 634 1477 655 non
1501 631 1611 655 tamen
1626 624 1706 656 dicit
1727 625 1792 656 hoc
1815 635 1886 657 esse
1900 626 2022 664 album,
2043 628 2137 668 quasi
2155 626 2420 658 conformitatem
2438 628 2490 658 sui

1409 670 1450 701 ad
1471 679 1541 700 rem
1564 669 1751 701 iudicando.

1466 714 1519 745 IX.
1548 714 1612 745 Pro
1642 714 1854 755 intelligentia
1884 724 2000 746 eorum
2028 725 2113 756 quae
2143 717 2182 747 in
2209 715 2355 747 secundo
2386 715 2489 747 dubio

1409 765 1587 800 tanguntur.
1605 760 1632 795 ’ζ
1657 759 1932 790 considerandum
1955 766 2004 791 est
2033 761 2135 804 quod,
2159 771 2237 792 cum
2259 761 2342 792 illud
2364 760 2490 792 dicatur

1408 805 1454 835 rei
1479 804 1655 835 convenire
1678 803 1862 835 secundum
1881 814 1916 835 se
1935 803 2027 844 quod
2046 806 2202 836 convenit
2219 806 2281 836 sibi
2296 816 2335 837 ex
2358 807 2490 847 propria

1408 850 1548 886 ratione;
1572 858 1631 889 per
1654 849 1806 880 accidens
1823 858 1914 886 vero,
1937 849 2005 880 sive
2029 858 2087 889 per
2105 849 2204 885 aliud.
2220 851 2313 891 quod
2335 852 2491 882 convenit

1408 894 1469 924 sibi
1492 904 1530 925 ex
1554 894 1666 934 aliquo
1684 894 1775 934 quod
1792 900 1839 925 est
1862 894 1902 924 ab
1926 894 1996 925 eius
2019 894 2146 925 ratione
2163 900 2370 927 extraneum:
2395 896 2490 927 intel—

1407 939 1531 970 lectum
1562 939 1811 980 incomplexam
1842 948 1912 970 esse
1943 948 2058 970 verum
2081 948 2141 979 per
2163 949 2197 970 se
2221 945 2270 971 est
2295 941 2416 981 ipsum,
2439 942 2490 972 in-

1409 990 1569 1025 quantum
1585 984 1775 1026 simpliciter
1786 983 2001 1025 quidditatem
2013 983 2239 1024 apprehendit,
2254 989 2292 1015 ut
2300 985 2363 1021 sic,
2375 995 2489 1017 verum

1408 1038 1492 1065 esse;
1517 1030 1651 1070 propria
1673 1029 1767 1064 enim,
1784 1030 1866 1060 ratio
1895 1029 1965 1060 eius
1997 1029 2145 1060 consistit
2167 1029 2202 1060 in
2229 1030 2490 1070 apprehensione

1408 1073 1606 1114 quidditatis.
1632 1074 1744 1115 Ipsum
1768 1080 1879 1106 autem
1909 1083 1979 1104 esse
2010 1073 2128 1104 falsum
2154 1082 2213 1114 per
2239 1073 2400 1111 accidens,
2423 1075 2490 1106 sive

1407 1128 1466 1160 per
1489 1118 1588 1156 aliud,
1605 1125 1654 1151 est
1676 1120 1787 1160 ipsum
1809 1117 1928 1150 falsum
1952 1127 2022 1150 esse
2045 1128 2086 1149 ex
2108 1118 2221 1159 aliqua
2241 1120 2420 1150 extrinseca
2440 1129 2491 1150 ra-

1407 1164 1498 1195 tione
1521 1164 1582 1195 sibi
1605 1163 1774 1196 adiuncta:
1799 1163 1923 1195 scilicet
1946 1172 1987 1195 ex
2004 1162 2216 1195 adiunctione
2239 1165 2490 1205 compositionis

1407 1208 1448 1240 ad
1471 1209 1654 1250 simplicem
1677 1208 1866 1250 quidditatis
1888 1208 2195 1250 apprehensionem.

1464 1253 1749 1287 Considerandum
1772 1253 1931 1290 secundo,
1951 1252 2044 1295 quod
2067 1254 2343 1294 compositionem
2366 1254 2492 1295 primae

1407 1299 1592 1339 operationi
1614 1299 1799 1331 intellectus
1822 1297 1993 1330 admisceri
2015 1297 2189 1339 dupliciter
2211 1298 2348 1339 intelligi
2369 1304 2490 1340 potest.

1407 1344 1484 1375 Uno
1514 1343 1628 1380 modo,
1653 1343 1847 1375 formaliter:
1873 1343 1949 1385 quia
1981 1342 2144 1380 videlicet,
2169 1342 2343 1374 formando
2374 1343 2491 1375 defini>—

1406 1389 1543 1425 tionem‚
1567 1389 1712 1430 aliquam
1735 1389 2001 1430 propositionem
2026 1387 2159 1419 formet.
2187 1388 2265 1420 Alio
2288 1388 2490 1426 mod0,.vir-

1406 1435 1550 1466 tualiter:
1567 1435 1645 1476 quia
1658 1434 1811 1466 videlicet
1825 1443 1864 1465 ex
1879 1434 1951 1475 ipsa
1964 1432 2163 1465 formatione
2185 1432 2396 1471 definitionis,
2415 1438 2492 1465 nata

1407 1485 1456 1511 est
1470 1480 1565 1521 sequi
1585 1480 1770 1521 propositio
1786 1487 1844 1521 per
1859 1478 2038 1510 secundam
2052 1478 2236 1510 intellectus
2251 1479 2490 1519 operationem.

1407 1525 1516 1556 Primo
1540 1525 1654 1562 modo,
1669 1525 1794 1566 primae
1809 1524 1995 1564 operationi
2009 1523 2194 1555 intellectus
2217 1524 2418 1564 compositio
2434 1523 2491 1556 ad·

1407 1570 1535 1601 misceri
1557 1580 1627 1602 non
1650 1575 1775 1611 potest:
1799 1578 1876 1600 nam
1899 1569 1926 1600 si
1953 1568 2137 1600 intellectus
2161 1567 2315 1600 formaret
2336 1570 2490 1610 proposi-

1407 1616 1532 1647 tionem
1548 1615 1583 1646 in
1598 1614 1786 1656 quidditatis
1801 1614 2074 1655 apprehensione,
2091 1618 2170 1654 puta
2186 1613 2213 1644 si
2228 1613 2360 1650 diceret,
2375 1613 2490 1645 Homo

1407 1665 1455 1692 est
1469 1660 1596 1691 animal
1611 1660 1787 1696 rationale,
1800 1659 1854 1690 illa
1869 1668 1939 1690 non
1955 1664 2039 1690 esset
2053 1658 2252 1700 simplicium
2266 1659 2489 1700 intelligentia,

1408 1706 1642 1746 compositioni
1673 1710 1706 1736 et
1735 1704 1886 1736 divisioni
1914 1704 2099 1736 intellectus
2127 1703 2305 1735 condivisa.
2334 1703 2490 1735 Secundo

1407 1757 1517 1782 autem
1539 1750 1654 1786 modo,
1677 1749 1810 1790 adiungi
1832 1749 1889 1780 tali
1912 1749 2096 1790 operationi
2120 1748 2398 1789 compositionem
2419 1757 2491 1780 non

1407 1801 1456 1827 est
1478 1795 1729 1827 inconveniens:
1745 1803 1823 1825 nam
1839 1803 1877 1824 ex
1893 1794 1958 1825 hoc
1981 1793 2073 1835 quod
2089 1793 2274 1825 intellectus
2289 1793 2329 1825 de
2353 1794 2491 1825 homine

1407 1841 1492 1872 hanc
1515 1839 1636 1871 format
1653 1838 1892 1874 definitionem,
1913 1839 2040 1870 animal
2060 1839 2237 1874 rationale,
2260 1839 2358 1870 habet
2379 1844 2418 1870 ut
2431 1847 2494 1880 per

1407 1885 1586 1917 secundam
1602 1885 1829 1926 operationem
1841 1884 1926 1915 hanc
1941 1884 2205 1925 propositionem
2219 1882 2361 1914 formare
2375 1884 2490 1924 possit,

1407 1930 1520 1961 Homo
1544 1935 1592 1961 est
1613 1929 1741 1960 animal
1756 1928 1941 1965 rationale;
1956 1935 1989 1960 et
2003 1929 2049 1960 sic
2065 1927 2107 1959 de
2130 1928 2210 1959 aliis.
2231 1926 2320 1959 Cum
2343 1936 2422 1969 ergo
2442 1927 2491 1960 di—

1407 1976 1490 2006 citur
1506 1974 1598 2015 quod
1613 1975 1648 2005 in
1671 1974 1776 2015 prima
1799 1974 1992 2014 operatione
2007 1972 2193 2004 intellectus
2207 1977 2317 2014 potest
2339 1981 2410 2005 esse
2432 1971 2492 2004 fal·

1407 2021 1483 2051 sitas
1506 2029 1565 2061 per
1590 2018 1742 2051 accidens
1769 2019 1894 2050 ratione
1921 2018 2174 2060 compositionis
2199 2016 2370 2055 admixtae,
2393 2017 2491 2049 intel*

1407 2065 1517 2105 ligitur
1546 2064 1587 2096 de
1615 2063 1816 2095 admixtione
1843 2064 2096 2104 compositionis
2125 2062 2264 2099 virtuali,
2288 2072 2358 2094 non
2379 2067 2492 2095 autem

1408 2109 1548 2140 formali.
1572 2109 1661 2140 Dum
1684 2110 1774 2140 enim
1797 2108 1982 2140 intellectus
2005 2108 2047 2140 de
2070 2107 2194 2140 circulo
2218 2108 2303 2139 hanc
2326 2106 2492 2140 definitio-

1407 2164 1495 2191 nem,
1500 2155 1623 2196 figura
1639 2154 1816 2196 quadrata,
1833 2154 1988 2195 concipit,
2008 2155 2042 2185 in
2065 2154 2126 2185 hac
2146 2153 2409 2194 apprehensione
2428 2153 2492 2185 vir-

1407 2199 1538 2231 tualiter
1563 2199 1741 2231 includitur
1764 2199 1925 2230 circulum
1955 2208 2024 2230 esse
2043 2199 2199 2240 figuram
2222 2198 2437 2240 quadratam:
2459 2204 2492 2230 et

1408 2244 1488 2275 dum
1511 2243 1630 2275 format
1651 2244 1735 2275 hanc
1751 2243 1989 2281 definitionem,
2005 2244 2132 2275 animal
2155 2243 2351 2279 insensibile,
2372 2243 2491 2275 virtu·-

1407 2289 1479 2320 liter
1494 2288 1671 2320 includitur
1685 2288 1823 2330 aliquod
1836 2289 1964 2320 animal
1977 2298 2048 2320 esse
2063 2287 2258 2320 insensibile.
2275 2288 2411 2329 Propter
2425 2288 2491 2320 hoa

1409 2333 1525 2365 dicitur
1537 2333 1654 2371 Prima,
1667 2343 1699 2375 q.
1712 2343 1788 2371 xvn,
1804 2344 1832 2365 a.
1847 2334 1878 2372 3,
1893 2333 1985 2375 quod
2001 2333 2193 2370 intellectus,
2201 2332 2390 2375 formando
2404 2332 2492 2364 hane

1409 2378 1642 2420 definitionem,
1670 2393 1683 2405 «
1700 2379 1834 2410 Animal
1857 2379 2023 2410 rationale
2045 2378 2233 2420 quadrupes
2247 2391 2276 2415 a»,
2300 2382 2350 2409 est
2361 2377 2490 2420 salsus,

1408 2423 1486 2464 quia
1493 2423 1610 2465 falsus
1621 2429 1670 2454 est
1681 2424 1715 2454 in
1722 2424 1912 2466 formando
1927 2424 2014 2455 hanc
2023 2423 2299 2465 propositionem,
2320 2436 2334 2450 ‹
2347 2422 2492 2463 Aliquod

1409 2468 1535 2499 animal
1559 2468 1726 2500 rationale
1741 2474 1789 2500 est
1803 2469 1992 2510 quadrupes
2007 2481 2035 2499 ι.
2060 2468 2102 2499 Et
2123 2467 2232 2504 Verit„
2249 2477 2282 2508 q.
2299 2477 2320 2503 1,
2341 2476 2369 2498 a.
2391 2475 2442 2505 ιι,
2456 2473 2492 2499 et

1410 2513 1420 2543 I
1438 2513 1538 2549 Sent„
1556 2512 1588 2544 d.
1605 2523 1667 2550 xix,
1685 2522 1718 2554 q.
1735 2523 1765 2549 v,
1785 2523 1813 2544 a.
1835 2521 1863 2550 ι,
1880 2513 1922 2546 ad
1937 2523 1969 2554 7,
1994 2513 2113 2545 dicitur
2135 2512 2228 2554 quod
2251 2511 2399 2554 definitio
2422 2521 2490 2544 non

1408 2562 1457 2588 est
1469 2558 1567 2600 falsa
1592 2558 1656 2589 nisi
1679 2558 1874 2600 inquantum
1902 2558 2161 2600 affirmationem
2175 2557 2307 2600 salsam
2334 2557 2490 2598 implicat.

1408 2603 1450 2634 Et
1472 2603 1525 2634 hic
1549 2602 1668 2634 dicitur
1690 2602 1782 2644 quod
1805 2603 1998 2639 intellectus,
2014 2601 2248 2645 cognoscendo
2266 2601 2491 2644 quidditatem,

1402 2657 1467 2689 per
1475 2647 1629 2679 accidens
1639 2652 1688 2679 est
1689 2647 1816 2690 salsus,
1830 2649 2024 2690 inquantum
2036 2648 2183 2690 definitio
2195 2646 2334 2679 includit
2344 2647 2503 2689 aliquam·

1408 2692 1682 2734 complexionem:
1697 2701 1784 2729 nam,
1796 2693 1864 2725 sive
1880 2694 1921 2724 sit
1935 2693 2126 2734 simpliciter
2141 2692 2220 2724 falsa
2239 2691 2399 2730 definitio,
2413 2693 2491 2734 quia

1408 2737 1558 2769 videlicet
1581 2738 1794 2778 componitur
1817 2747 1856 2769 ex
1879 2738 2025 2779 partibus
2042 2747 2112 2770 non
2133 2737 2398 2775 cohaerentibus;
2422 2738 2491 2769 slve

1408 2787 1558 2859 retpfecltu
1582 2783 1690 2835 huius,
1701 2783 1784 2859 tquia
1800 2782 1951 2859 vtigllelicet
1971 2793 2040 2814 non
2057 2789 2106 2860 etsit
2123 2783 2222 2860 hpius
2239 2781 2492 2860 dffvmess

1408 2837 1442 2859 es
1492 2837 1510 2858 a
1523 2837 1558 2858 sa
1580 2837 1642 2859 nisi
1665 2837 1699 2858 ra
1726 2837 1790 2859 one
1858 2837 1912 2860 sae
1936 2837 2071 2870 proposi
2098 2837 2143 2859 on
2156 2837 2171 2859 s
2194 2837 2229 2859 m
2335 2837 2346 2859 ι

1408 2872 1569 2909 inclusae;
1595 2878 1628 2903 et
1641 2872 1826 2904 intellectus
1844 2873 2059 2914 quidditatem
2081 2871 2331 2914 apprehendens
2353 2880 2422 2904 non
2443 2877 2491 2904 est

1408 2917 1507 2949 falsus
1530 2917 1591 2948 nisi
1616 2918 1742 2949 ratione
1766 2917 1863 2950 falsae
1891 2919 2144 2960 compositionis
2172 2918 2206 2949 in
2229 2917 2286 2949 tali
2308 2916 2491 2959 apprehen-

1408 2964 1501 2994 sione
1524 2962 1703 2994 virtualiter
1726 2963 1880 2994 inclusae.

1464 3007 1749 3039 Considerandum
1764 3009 1872 3045 tertio,
1892 3008 1985 3050 quod
2007 3008 2048 3040 de
2072 3008 2197 3039 ratione
2221 3006 2420 3048 quidditatis,
2439 3006 2492 3038 in·-

1409 3058 1568 3094 quantum
1593 3052 1794 3091 huiusmodi,
1817 3062 1886 3084 non
1911 3059 1959 3085 est
1981 3059 2018 3084 ut
2046 3053 2188 3094 aliquam
2212 3052 2490 3093 compositionem

1408 3098 1573 3138 importet.
1588 3097 1674 3129 Sunt
1689 3098 1778 3130 enim
1793 3098 1922 3139 aliquae
1938 3097 2144 3140 quidditates,
2157 3096 2280 3129 scillcet
2295 3095 2490 3139 quidda-teu

1408 3142 1660 3174 substantiarum
1675 3148 1906 3184 separatarum,
1923 3151 2008 3185 quae
2031 3143 2156 3175 nullam
2178 3142 2300 3174 habent
2322 3140 2490 3182 composi·

1408 3188 1551 3218 tionem:
1576 3196 1696 3228 neque,
1720 3188 1868 3229 inquam,
1884 3197 1924 3219 ex
1947 3188 2102 3229 partibus,
2126 3195 2204 3219 cum
2228 3186 2391 3227 simplices
2406 3185 2487 3221 sinu

1408 3241 1516 3273 neque
1533 3241 1610 3263 cum
1626 3233 1810 3274 supposito,
1828 3242 1869 3264 eo
1881 3233 1974 3274 quod
1989 3234 2023 3264 in
2038 3233 2117 3274 ipsis
2131 3241 2201 3263 non
2212 3230 2361 3262 differant
2375 3230 2490 3261 intrin-

1409 3287 1483 3309 sece
1499 3277 1591 3318 quod
1607 3277 1687 3318 quid
1711 3283 1759 3309 est
1779 3283 1811 3309 et
1833 3277 1867 3309 id
1888 3278 1982 3309 cuius
2003 3283 2062 3314 est,
2081 3282 2119 3309 ut
2133 3280 2222 3317 patet
2237 3275 2295 3306 VII
2314 3274 2488 3316 Metaphy-

1408 3322 1496 3354 sicae
1511 3323 1538 3353 *ἃ
1556 3322 1634 3353 Ideo
1651 3322 1833 3354 intellectus
1850 3331 2054 3364 cognoscens
2069 3320 2160 3362 quod
2179 3319 2260 3361 quid
2275 3325 2333 3357 est,
2348 3320 2489 3361 inquan-

1409 3373 1480 3398 tum
1496 3366 1697 3403 huiusmodi,
1713 3366 1895 3398 secundum
1911 3375 1946 3399 se
1961 3366 2085 3398 nullam
2100 3365 2198 3396 habet
2212 3365 2488 3406 compositionem

1410 3411 1594 3443 includere:
1620 3421 1697 3443 cum
1719 3421 1789 3443 non
1819 3412 1859 3443 sit
1882 3410 2080 3452 compositio
2110 3410 2144 3441 in
2172 3409 2341 3441 intellectu
2363 3418 2488 3451 cogno-

1410 3462 1521 3488 scente
1536 3466 1606 3488 rem
1621 3457 1804 3488 secundum
1822 3455 1922 3497 quod·
1937 3456 1974 3486 in
1994 3463 2028 3486 se
2052 3459 2110 3490 est,
2135 3454 2196 3485 nisi
2219 3463 2257 3485 ex
2272 3454 2380 3495 aliqua
2396 3463 2489 3486 com-

1411 3502 1574 3541 positione
1597 3502 1631 3533 in
1654 3510 1691 3533 re
1713 3502 1878 3533 existente.
1905 3498 2006 3538 Quod
2034 3499 2060 3530 si
2090 3498 2198 3539 aliqua
2228 3499 2374 3540 cognitio
2397 3498 2489 3540 quod

1412 3546 1491 3586 quid
1507 3552 1555 3577 est
1578 3546 1735 3587 implicite
1750 3544 2014 3586 complexionem
2037 3544 2213 3581 contineat,
2230 3544 2294 3575 hoc
2316 3553 2385 3575 non
2409 3552 2488 3575 con-

1411 3592 1500 3622 venit
1518 3591 1578 3622 sibi
1596 3592 1791 3632 inquantum
1808 3594 1856 3621 est
1879 3588 2028 3620 absolute
2050 3588 2196 3629 cognitio
2213 3587 2304 3630 quod
2319 3587 2399 3630 quid
2423 3594 2487 3620 est:

1412 3635 1468 3666 sed
1491 3636 1687 3676 inquantum
1710 3640 1764 3666 est2
1782 3633 1929 3675 cognitio
1952 3632 2043 3674 quod
2066 3633 2146 3674 quid
2176 3639 2224 3665 est
2246 3634 2293 3665 rei
2316 3633 2488 3665 materialis

1414 3686 1444 3711 et
1469 3681 1681 3721 compositae,
1699 3679 1792 3710 cuius
1815 3678 1960 3719 cognitio
1977 3687 2015 3709 ex
2031 3677 2162 3709 diversis
2178 3679 2316 3710 sumitur
2334 3678 2487 3719 partibus.

2517 762 2525 770 ·
2542 760 2612 782 Num.
2630 767 2672 784 vn.
2690 760 2732 782 Se·

2517 787 2632 813 cundum,-
2645 787 2676 809 cf.
2685 793 2709 809 n.
2718 793 2731 816 3

2518 814 2587 836 huius
2602 820 2682 842 parag.

2516 3324 2526 3334 ⁶
2537 3323 2561 3346 S.
2570 3323 2615 3347 Th.
2624 3324 2639 3346 l:
2648 3329 2668 3353 s:
2675 3323 2729 3347 md.

2516 3350 2558 3374 Vl,
2569 3357 2602 3374 νι.
2611 3357 2628 3378 4
2637 3356 2688 3380 sqq.
