2768 4134
0 470 11 482 '¹
23 469 81 498 Cap.
92 475 175 492 vani.

0 573 8 584 '
21 571 80 594 lbid.

21 3398 60 3423 Cf.
80 3399 213 3422 comment.

63 3432 112 3453 ut,
126 3425 178 3448 init.

24 3532 83 3562 esp.
96 3540 147 3563 seq.

25 3577 84 3608 Cap.
99 3585 213 3602 uxxvui.

27 3665 153 3695 Qu...
169 3674 190 3690 ι.

0 3659 15 3745 f

0 3761 10 3883 ἕ

695 279 884 317 SUMMA
914 280 1137 318 CONTRA
1165 281 1439 326 GENTILES,
1467 283 1563 320 LIB.
1584 284 1626 329 ΙΙ,
1657 283 1768 321 CAP.
1789 284 1997 322 LXXXVI.
2369 287 2442 324 535

241 367 334 393 nem
361 356 547 416 corporiS.
579 356 766 406 Operatio
785 365 918 395 autem
937 358 1090 396 animae
1110 359 1315 398 nutritivae
1370 368 1493 399 tutem
1512 361 1678 399 activam
1697 374 1798 411 quae
1818 370 1874 399 est
1902 362 1941 400 in
1959 362 2120 410 semine,
2141 363 2315 424 sequitur
2333 365 2442 415 quod

241 416 279 447 et
307 408 512 447 sensitivae
540 422 622 447 non
641 418 768 460 potest
787 423 870 448 esse
890 411 973 449 sine
1002 424 1178 472 corpore,
1208 421 1250 451 ut
1269 426 1315 451 ex
1371 426 1453 452 esse
1469 426 1587 452 suum
1601 414 1648 452 sit
1666 415 1892 465 dependens
1907 428 1930 453 a
1948 416 2118 463 materia,
2134 417 2231 455 sicut
2250 429 2333 455 esse
2353 418 2441 456 alia-

240 462 463 513 praemissis
478 463 498 485 *
525 470 640 513 patet.
672 464 858 513 Operatio
878 473 1011 502 autem
1030 465 1184 503 animae
1207 466 1315 504 intel-

241 515 401 554 lectivae
430 529 512 554 non
530 516 575 554 fit
601 529 673 566 per
691 529 885 577 organum
904 530 1153 568 corporeum,
1184 528 1226 557 ut
1251 533 1314 558 su-

241 582 313 620 pra
326 569 347 592 *
374 570 553 608 habitum
572 577 640 607 est.
670 570 786 619 Igitur
805 571 936 610 anima
955 572 1137 609 nutritiva
1165 580 1201 610 et
1229 585 1314 611 sen·

242 623 354 661 sitiva
381 635 453 673 per
478 623 769 673 generationem
789 625 962 674 corporis
989 633 1209 674 generatur:
1233 639 1314 665 non

242 684 375 715 autem
403 677 535 714 anima
562 676 802 715 intellectiva.
833 678 911 715 Sed
943 678 1133 716 traductio
1155 680 1314 718 seminis

241 730 292 768 ad
319 730 494 780 corporis
507 730 798 779 generationem
817 731 1028 770 ordinatur.
1049 731 1165 781 Igitur
1183 733 1315 771 anima

241 782 423 821 nutritiva
451 792 488 821 et
515 783 697 821 sensitiva
725 797 808 822 esse
836 784 1025 834 incipiunt
1052 798 1123 835 per
1156 787 1314 824 seminis

239 836 536 884 traductionem,
565 849 647 875 non
675 846 807 875 autem
835 838 1074 876 intellectiva.

293 890 447 928 Adhuc.
478 891 519 929 Si
552 891 684 929 anima
717 892 892 929 humana
924 903 995 942 per
1028 892 1314 930 traductionem

240 943 399 981 seminis
428 957 511 982 esse
539 944 736 995 inciperet,
766 946 842 983 hoc
870 957 951 982 non
974 954 1105 996 posset
1133 958 1216 984 esse
1242 945 1315 982 nisi

239 997 454 1047 dupliciter.
488 998 579 1036 Uno
613 998 747 1046 modo,
781 1006 824 1036 ut
856 998 1128 1048 intelligeretur
1162 1011 1246 1037 esse
1275 998 1315 1036 in

239 1050 388 1089 semine
415 1059 516 1098 actu,
545 1051 657 1101 quasi
675 1064 746 1102 per
764 1052 943 1090 accidens
961 1052 1086 1090 divisa
1108 1053 1157 1090 ab
1185 1052 1316 1090 anima

238 1104 466 1154 generantis,
496 1104 595 1142 sicut
627 1118 762 1143 semen
791 1105 976 1143 dividitur
1008 1118 1031 1144 3
1058 1118 1241 1156 corpore:
1273 1113 1316 1143 ut

238 1157 421 1196 videmus
449 1158 489 1196 in
517 1159 751 1197 animalibus
779 1158 961 1205 anulosis,
981 1171 1083 1209 quae
1102 1159 1231 1197 decisa
1259 1159 1314 1196 vi-

239 1219 348 1259 vunt,
378 1212 418 1250 in
438 1212 581 1262 quibus
600 1220 657 1250 est
684 1212 815 1250 anima
834 1225 914 1250 una
933 1212 972 1250 in
997 1221 1084 1251 actu
1106 1221 1143 1250 et
1169 1213 1314 1251 multae

239 1264 280 1303 in
307 1266 499 1316 potentia;
528 1265 654 1304 diviso
674 1274 807 1304 autem
825 1278 990 1316 corpore
1009 1266 1186 1304 animalis
1204 1278 1314 1316 prae-

239 1318 341 1366 dicti,
371 1320 412 1358 in
435 1319 607 1369 qualibet
625 1328 733 1370 parte
752 1319 908 1357 vivente
928 1319 1061 1370 incipit
1080 1319 1212 1358 anima
1230 1332 1313 1357 esse

239 1380 339 1411 actu.
360 1395 387 1401 —
407 1373 493 1411 Alio
513 1373 647 1420 modo,
674 1381 718 1410 ut
741 1373 970 1420 intelligatur
992 1373 1032 1410 in
1058 1373 1205 1410 semine
1229 1385 1313 1411 esse

238 1426 362 1464 virtus
398 1425 631 1477 productiva
668 1426 823 1464 animae
864 1426 1136 1464 intellectivae:
1179 1434 1222 1464 ut
1259 1426 1314 1464 510

237 1479 372 1518 anima
398 1479 628 1518 intellectiva
659 1488 830 1530 ponatur
862 1492 946 1518 esse
981 1479 1020 1517 in
1056 1476 1205 1517 semine
1238 1479 1313 1517 vir-

237 1540 331 1580 tute,
359 1534 428 1572 sed
456 1545 538 1571 non
567 1540 667 1570 actu.

291 1584 472 1624 Primum
489 1593 623 1623 autem
643 1586 788 1623 horum
807 1594 864 1623 est
890 1585 1141 1635 impossibile,
1170 1584 1314 1645 duplici

237 1639 398 1678 ratione.
429 1638 563 1677 Primo
591 1639 695 1688 quia,
725 1650 818 1676 cum
847 1638 979 1676 anima
1007 1638 1238 1676 intellectiva
1268 1637 1315 1675 sit

236 1691 514 1743 perfectissima
534 1691 758 1729 animarum
777 1699 814 1729 et
833 1691 1028 1730 maximae
1048 1690 1210 1737 virtutis,
1231 1690 1314 1728 eius

235 1745 444 1797 proprium
462 1744 697 1795 perfectibile
715 1753 772 1783 est
790 1757 934 1796 corpus
962 1745 1112 1783 habens
1130 1756 1315 1794 magnam

236 1796 501 1838 diversitatem
530 1798 571 1836 in
598 1798 763 1848 organis,
792 1810 864 1848 per
891 1811 993 1849 quae
1021 1805 1186 1849 possunt
1214 1799 1314 1836 mul-

43 1887 56 1901 ,
82 1890 85 1898 .
119 1888 144 1900 „
188 1854 190 1856 ’
237 1853 386 1904 tiplices
414 1852 499 1891 eius
526 1853 774 1903 operationes
801 1851 958 1902 expleri.
987 1852 1102 1890 Unde
1130 1864 1211 1890 non
1230 1859 1314 1912 pot-

236 1914 296 1945 est
329 1918 413 1944 esse
441 1906 550 1966 quod
578 1905 647 1944 fiat
679 1913 767 1944 actu
794 1905 835 1943 in
867 1905 1016 1943 semine
1043 1905 1191 1943 deciso:
1222 1905 1314 1954 quia

237 1971 311 1998 nec
339 1959 455 1997 etiam
479 1959 633 1997 animae
653 1959 860 1996 brutorum
879 1952 1139 2009 perfectorum
1159 1970 1230 2019 per
1247 1958 1314 1996 de·

238 2013 428 2053 cisionem
455 2012 770 2063 multiplicantur,
798 2019 917 2063 prout
945 2011 1127 2061 contingit
1160 2012 1200 2049 in
1233 2011 1314 2049 ani-

237 2065 406 2106 malibus
438 2066 621 2104 anulosis,
646 2089 671 2094 —
695 2066 879 2104 Secundo
908 2065 1012 2116 quia,
1045 2077 1138 2104 cum
1169 2065 1313 2103 intelle-

236 2128 333 2167 ctus,
361 2120 431 2170 qui
449 2128 506 2158 est
532 2118 691 2180 propria
709 2127 747 2157 et
774 2118 995 2169 principalis
1013 2118 1135 2157 virtus
1159 2118 1313 2157 animae

235 2173 501 2220 intellectivae‚
521 2185 601 2211 non
620 2173 667 2211 sit
685 2172 847 2210 alicuius
865 2172 982 2222 partis
1000 2171 1175 2222 corporis
1193 2180 1312 2218 actus,

237 2239 320 2266 non
347 2235 475 2278 potest
501 2226 623 2264 dividi
659 2239 729 2276 per
761 2226 940 2264 accidens
974 2226 1192 2264 secundum
1230 2238 1313 2263 cor·

236 2281 345 2333 poris
373 2280 620 2319 divisionem.
655 2280 768 2318 Unde
802 2291 874 2317 nec
907 2279 1038 2317 anima
1070 2279 1312 2317 intellectiva.

293 2335 523 2373 Secundum
552 2333 669 2372 etiam
693 2342 749 2371 est
776 2332 1027 2383 impossibile.
1049 2332 1180 2370 Virtus
1209 2332 1314 2370 enim

237 2388 364 2427 activa
391 2401 493 2438 quae
522 2395 578 2425 est
606 2386 645 2424 in
674 2387 834 2433 semine,
862 2386 937 2435 agit
955 2386 1006 2424 ad
1023 2385 1315 2435 generationem

1370 479 1460 505 rum
1493 468 1710 505 formarum
1738 468 2007 506 materialium.
2048 447 2170 508 Cuius
2203 471 2442 509 contrarium

1370 521 1522 570 supra*
1549 528 1750 558 ostensum
1779 529 1845 558 est.
1876 523 1995 560 Nullo
2025 522 2138 571 igitur
2157 525 2279 562 modo
2308 524 2440 563 anima
2469 531 2479 540 ‘

1337 589 1346 609 ς
1370 573 1598 611 intellectiva
1626 574 1854 623 producitur
1882 575 1922 612 in
1944 587 2027 613 esse
2046 588 2116 625 per
2134 578 2292 615 seminis
2310 578 2440 615 tradu-

1369 634 1550 664 cuonem.

1422 679 1612 730 Amplius.
1643 679 1784 718 Omnis
1811 680 1937 718 forma
1956 693 2056 730 quae
2085 682 2262 721 educitur
2288 684 2328 721 in
2357 698 2440 724 esse

1368 744 1439 782 per
1466 733 1650 771 materiae
1677 733 2051 781 transmutationem,
2071 743 2127 772 est
2154 736 2280 774 forma
2299 738 2439 777 educta

2508 530 2566 558 Cap.
2598 537 2669 553 vain
2676 548 2683 558 ,

2468 562 2546 580 cxxix.

1369 785 1418 824 de
1427 786 1598 836 potentia
1612 786 1808 824 materiae:
1822 787 1899 824 hoc
1913 787 2018 825 enim
2033 795 2089 824 est
2103 790 2305 827 materiam
2319 799 2439 830 trans·
2476 834 2479 836 v

1330 862 1355 877 10
1369 840 1521 886 mutari,
1537 840 1585 877 de
1599 840 1771 890 potentia
1784 839 1823 877 in
1839 847 1969 877 actum
1985 841 2129 878 reduci.
2144 842 2286 880 Anima
2308 853 2439 883 autem

1369 892 1598 931 intellectiva
1611 905 1693 930 non
1710 900 1838 943 potest
1852 893 1966 931 educi
1984 893 2034 931 de
2052 895 2224 944 potentia
2238 898 2436 936 materiae:

1370 946 1449 984 iam
1473 946 1578 984 enirn
1597 959 1715 997 supra
1727 946 1748 968 *
1776 954 1977 984 ostensum
1996 955 2053 984 est
2079 949 2188 998 quod
2207 948 2291 999 ipsa
2309 951 2439 989 anima
2466 961 2476 970 ·

1370 999 1598 1038 intellectiva
1630 999 1779 1037 excedit
1809 1008 1935 1038 totum
1970 1013 2085 1050 posse
2118 1001 2311 1049 materiae,
2345 1016 2438 1042 cum

1370 1053 1511 1091 habeat
1538 1053 1709 1103 aliquam
1737 1053 2006 1103 operationem
2033 1055 2182 1104 absque
2205 1056 2376 1104 materia,
2397 1066 2439 1095 ut

1331 1127 1353 1147 ις
1370 1106 1522 1156 supra*
1549 1114 1751 1144 ostensum
1779 1114 1846 1144 est.
1876 1108 1970 1144 Non
1997 1107 2110 1156 igitur
2137 1108 2268 1147 anima
2294 1109 2438 1148 intelle—

1369 1159 1469 1198 ctiva
1496 1160 1674 1198 educitur
1701 1160 1741 1197 in
1769 1172 1852 1197 esse
1871 1172 1941 1210 per
1966 1162 2328 1200 transmutationem
2356 1175 2438 1201 ma-

1368 1212 1497 1273 teriae.
1527 1214 1576 1251 Et
1603 1213 1667 1260 sic,
1696 1225 1825 1263 neque
1843 1225 1914 1264 per
1939 1214 2132 1252 actionem
2161 1215 2309 1253 virtutis
2337 1229 2437 1266 quae

1369 1273 1425 1304 est
1452 1278 1492 1303 111
1520 1267 1680 1304 semine.

1422 1320 1636 1358 Praeterea.
1666 1320 1784 1357 Nulla
1802 1318 1923 1357 virtus
1951 1320 2074 1358 activa
2093 1320 2168 1369 agit
2194 1323 2293 1359 ultra
2321 1335 2439 1360 suum

1328 1393 1354 1408 ,ο
1367 1385 1501 1422 genus.
1524 1374 1602 1412 Sed
1616 1372 1747 1411 anima
1761 1372 1988 1411 intellectiva
2007 1373 2155 1411 excedit
2172 1382 2299 1412 totum
2317 1387 2439 1424 genus

1368 1439 1595 1476 corporum:
1617 1439 1709 1464 curn
1724 1426 1863 1463 habeat
1883 1427 2150 1476 operationem
2170 1440 2287 1477 supra
2306 1429 2439 1466 omnia

1368 1491 1534 1530 corpora
1552 1481 1752 1526 elevatam,
1767 1491 1869 1529 quae
1884 1488 1940 1517 est
1959 1480 2176 1529 intelligere.
2193 1482 2311 1519 Nulla
2325 1481 2439 1530 igitur

1368 1532 1489 1570 virtus
1517 1545 1706 1582 corporea
1733 1541 1859 1583 potest
1885 1534 2102 1582 producere
2131 1534 2303 1572 animam
2331 1534 2439 1573 intel-

1369 1586 1559 1623 lectivam.
1581 1586 1658 1624 Sed
1678 1585 1806 1623 omnis
1825 1586 1923 1624 actio
1952 1586 2101 1624 virtutis
2120 1599 2221 1637 quae
2241 1595 2296 1624 est
2324 1587 2364 1625 in
2383 1601 2439 1626 se-

1329 1639 1487 1686 nmine,
1515 1647 1572 1676 est
1599 1651 1670 1688 per
1697 1639 1867 1688 aliquam
1887 1639 2070 1677 virtutem
2088 1652 2334 1689 corpoream:
2365 1641 2440 1690 agit

1369 1691 1475 1729 enim
1510 1692 1632 1729 virtus
1665 1691 1871 1729 formativa
1902 1692 2096 1730 mediante
2131 1693 2267 1742 triplici
2301 1695 2439 1740 calore,

1370 1745 1478 1795 ignis,
1507 1745 1613 1792 caeli,
1642 1752 1679 1782 et
1707 1745 1835 1782 calore
1863 1745 2028 1783 animae.
2054 1746 2148 1783 Non
2176 1745 2289 1794 igitur
2315 1754 2456 1795 potest·

1369 1798 1535 1850 produci
1562 1798 1602 1836 in
1630 1810 1714 1836 esse
1741 1798 1873 1836 anima
1900 1798 2128 1837 intellectiva
2157 1811 2228 1849 per
2259 1798 2441 1837 virtutem

1369 1865 1471 1903 quae
1499 1860 1556 1890 est
1583 1864 1622 1890 111
1651 1864 1812 1889 semine.

1330 1925 1355 1946 ,ο
1422 1907 1637 1943 Praeterea.
1667 1905 1892 1943 Ridiculum
1912 1913 1968 1942 est
1995 1905 2122 1943 dicere
2141 1905 2313 1955 aliquam
2333 1906 2439 1944 intel-

1368 1960 1572 1996 lectualem
1605 1958 1859 1996 substantiam
1892 1959 1954 1995 vel
1986 1970 2057 2008 per
2090 1958 2323 1996 divisionem
2356 1972 2438 1998 cor-

1368 2012 1474 2062 poris
1502 2011 1634 2058 dividi,
1654 2013 1716 2050 vel
1735 2011 1851 2049 etiarn
1870 2011 1920 2049 ab
1939 2011 2068 2061 aliqua
2093 2011 2231 2050 virtute
2250 2024 2439 2063 corporea

1367 2065 1558 2116 producis
1575 2065 1652 2103 Sed
1681 2064 1812 2103 anima
1831 2065 2006 2102 humana
2025 2072 2081 2102 est
2108 2066 2303 2115 quaedam
2331 2066 2438 2104 intel-

1368 2119 1538 2157 lectualis
1557 2117 1779 2166 substantia,
1798 2126 1842 2156 ut
1860 2118 2012 2168 supra*
2034 2126 2235 2156 ostensum
2254 2127 2320 2157 est.
2344 2121 2475 2158 Non·

1329 2191 1351 2212 ³⁵
1369 2172 1482 2222 131131·
1508 2180 1634 2223 potest
1661 2172 1736 2210 dici
1765 2172 1873 2221 quod
1902 2171 2095 2209 dividatur
2113 2184 2184 2222 per
2206 2172 2439 2211 divisionem

1369 2226 1538 2273 seminis,
1558 2238 1686 2276 neque
1706 2226 1814 2286 quod
1834 2226 2104 2275 producatur
2096 2238 2136 2263 111
2155 2238 2238 2263 0550
2258 2239 2281 2263 3
2299 2226 2438 2264 virtute

1369 2280 1493 2318 activa
1517 2291 1618 2330 quae
1639 2287 1695 2316 est
1723 2279 1762 2316 in
1782 2279 1942 2316 semine.
1964 2280 2012 2316 Et
2031 2279 2084 2316 sic
2103 2281 2211 2317 nullo
2230 2280 2352 2317 modo
2371 2292 2442 2330 per

1369 2332 1527 2371 seminis
1546 2332 1830 2370 traductionem
1851 2333 1982 2370 anima
2002 2333 2176 2370 humana
2194 2332 2326 2382 incipit
2344 2345 2438 2371 esse.

1423 2387 1637 2424 Praeterea.
1659 2386 1700 2424 Si
1718 2386 1914 2434 generatio
1934 2385 2095 2424 alicuius
2114 2393 2170 2423 est
2197 2389 2315 2424 03353
2332 2387 2440 2436 quod

238 2441 417 2480 animalis
444 2441 742 2478 transmutando
773 2452 934 2490 corpus:
964 2451 1046 2478 non
1073 2440 1178 2478 enim
1208 2439 1356 2482 aliter40
1369 2440 1515 2490 aliquid
1543 2440 1600 2486 sit,
1629 2439 1826 2490 corruptio
1855 2439 1938 2477 eius
1966 2439 2036 2476 erit
2068 2452 2184 2477 causa
2212 2440 2320 2489 quod
2348 2440 2442 2477 illud

237 2507 352 2545 agere
371 2502 499 2544 potest
513 2494 636 2531 virtus
651 2506 753 2544 quae
768 2501 825 2531 est
843 2493 883 2531 in
903 2493 1074 2531 materia.
1093 2493 1171 2531 Sed
1186 2492 1315 2531 omnis
1370 2506 1452 2532 esse
1490 2493 1650 2531 desinat.
1682 2493 1891 2543 Corruptio
1919 2500 2050 2530 autem
2076 2493 2250 2542 corporis
2277 2505 2358 2530 non
2387 2501 2442 2530 est

238 2549 366 2587 forma
384 2560 485 2598 quae
505 2547 639 2597 incipit
657 2560 742 2585 esse
761 2559 832 2597 per
849 2547 1214 2585 transmutationem
1233 2559 1314 2584 ma·
1371 2559 1487 2585 causa
1506 2547 1614 2596 quod
1634 2546 1765 2584 anima
1784 2547 1958 2584 humana
1977 2558 2060 2584 esse
2083 2546 2249 2585 desinat:
2280 2558 2372 2583 cum
2396 2546 2442 2583 sit

237 2601 368 2648 teriae,
387 2601 505 2639 habet
523 2613 606 2639 esse
625 2613 649 2638 a
667 2601 828 2639 materia
847 2601 1093 2651 dependens:
1122 2609 1315 2638 transmu-
1370 2599 1609 2646 immortalis,
1630 2608 1672 2637 ut
1690 2611 1807 2649 supra
1821 2599 1841 2622 *
1860 2606 2060 2637 ostensum
2079 2607 2145 2636 est.
2167 2599 2307 2648 Neque
2329 2599 2442 2648 igitur

237 2654 330 2694 tatio
364 2655 470 2693 enim
498 2653 682 2693 materiae
710 2654 859 2692 reducit
888 2666 976 2692 eam
999 2654 1048 2692 de
1077 2653 1248 2703 potentia
1275 2653 1315 2690 in
1369 2653 1565 2703 generatio
1594 2653 1767 2702 corporis
1787 2661 1842 2690 est
1870 2665 1986 2690 causa
2005 2653 2112 2702 quod
2137 2652 2267 2690 anima
2286 2652 2442 2702 incipiat

237 2716 382 2754 actum,
411 2716 449 2746 et
476 2708 531 2746 sic
557 2708 787 2746 terminatur
813 2708 863 2746 ad
891 2720 975 2745 esse
1003 2715 1091 2745 actu
1120 2706 1314 2753 materiae,
1329 2727 1354 2747 45
1370 2720 1466 2745 esse.
1492 2707 1569 2745 Sed
1598 2705 1788 2744 traductio
1807 2705 1966 2744 seminis
1985 2714 2040 2743 est
2065 2705 2225 2766 propria
2243 2718 2360 2743 causa
2378 2718 2441 2754 ge—

238 2762 350 2812 quod
377 2770 434 2799 est
461 2773 532 2811 per
558 2761 750 2799 unionem
768 2761 933 2807 formae;
954 2761 1071 2807 unde,
1092 2761 1122 2797 si
1150 2773 1221 2810 per
1239 2761 1316 2797 hoc
1370 2760 1579 2798 nerationis
1606 2759 1792 2810 corporis.
1822 2760 1915 2797 Non
1943 2766 1999 2796 est
2026 2759 2140 2820 igitur
2165 2758 2354 2797 traductio
2384 2771 2440 2796 se-

237 2815 357 2854 etiam
371 2814 528 2866 incipiat
546 2827 630 2853 esse
648 2815 797 2852 formae
816 2790 1048 2864 simpliciter,
1065 2826 1148 2852 esse
1166 2814 1314 2851 formae
1369 2813 1486 2851 minis
1513 2825 1630 2851 causa
1657 2812 1913 2862 generationis
1941 2812 2093 2850 animae
2121 2813 2161 2850 in
2190 2824 2283 2849 esse.

239 2879 324 2907 non
351 2868 422 2906 erit
450 2867 524 2906 nisi
552 2868 593 2906 in
621 2869 699 2915 hoc
722 2868 845 2918 quod
851 2875 907 2905 est
934 2866 1037 2905 uniri
1062 2867 1256 2914 materiae,
1278 2875 1315 2904 et
1422 2869 1498 2905 Per
1524 2867 1601 2905 hoc
1628 2874 1760 2904 autem
1784 2865 2000 2904 excluditur
2027 2878 2135 2903 error
2154 2865 2385 2916 Apollinaris
2405 2873 2441 2903 et

240 2922 295 2961 sic
323 2922 393 2960 erit
421 2922 641 2960 secundum
661 2934 744 2959 esse
773 2934 795 2959 a
823 2920 985 2959 materia
1004 2920 1241 2970 dependens.
1272 2919 1313 2958 Si
1368 2921 1598 2982 sequacium
1617 2920 1711 2967 eius,
1728 2919 1796 2970 qui
1815 2918 1994 2957 dixerunt
2012 2921 2158 2958 animas
2177 2921 2225 2957 ab
2244 2921 2441 2957 animabus

240 2976 355 3025 igitur
378 2975 510 3014 anima
528 2976 704 3013 humana
721 2975 962 3025 producatur
980 2974 1020 3011 in
1038 2986 1122 3012 esse
1149 2986 1220 3024 per
1237 2974 1312 3011 vir·
1328 2992 1354 3013 5⁰
1367 2975 1559 3025 generari,
1587 2975 1680 3011 sicut
1707 2987 1731 3011 a
1758 2975 1978 3023 corporibus
2005 2985 2168 3023 corpora
2187 2972 2217 3009 ⁵¹⁶.

2164 3068 2197 3100 43
2218 3067 2340 3094 habet...
2358 3072 2440 3093 mate-

293 3072 311 3098 6
329 3072 513 3107 generaturlg
514 3076 654 3098 enei-antur
672 3071 741 3096 YPc.
834 3069 866 3095 28
885 3069 1006 3104 possunt]
1026 3070 1129 3103 possint
1146 3070 1219 3095 YsG.
1311 3069 1344 3095 38
1363 3070 1515 3096 Secundum
1533 3070 1669 3102 Reincipit
1687 3069 1723 3101 N;
1737 3077 1792 3102 pro
1811 3070 1898 3100 etiam,
1914 3074 2001 3094 autem
2020 3069 2074 3094 ΝΖ.

239 3109 293 3135 riae
311 3109 372 3134 hom
391 3116 434 3134 om
454 3108 532 3133 ΝΥΖ.
621 3106 656 3139 45
675 3105 836 3139 terminatur]
857 3106 1043 3131 determinatur
1060 3105 1207 3131 aDWXPc.

295 3144 327 3170 15
347 3144 408 3170 Non
425 3142 526 3184 igitur]
530 3143 597 3169 Nam
616 3142 673 3169 EG.
759 3141 791 3167 26
811 3141 929 3167 educitur
941 3145 1007 3174 post
1025 3141 1052 3166 in
1070 3148 1130 3166 esse
1149 3141 1296 3166 aDWXPc.
1336 3144 1338 3146 '
1381 3148 1415 3165 20
1433 3148 1517 3182 genus
1535 3139 1686 3175 corporum]
1709 3148 1792 3173 genus
1814 3147 1972 3174 corporeum
1994 3140 2045 3170 ΒΡ,
2065 3147 2159 3172 corpus
2179 3139 2207 3164 Z.

497 3177 528 3204 25
547 3178 671 3204 virtutem
686 3181 750 3210 post
769 3184 922 3210 corpoream
941 3176 1062 3202 aDWPc.
1153 3184 1187 3209 47
1208 3177 1308 3202 animae
1327 3176 1354 3201 in
1372 3175 1442 3210 esse]
1462 3176 1576 3201 animam
1595 3176 1683 3201 inesse
1701 3174 1779 3210 (vel
1773 3184 1799 3200 m
1817 3174 1888 3210 esse)
1909 3176 1959 3200 αΧ.

238 3187 321 3215 'uper
338 3179 403 3205 ch
2300 3145 2329 3163 21
2353 3137 2439 3172 supra]

1003 3265 1341 3298 Commentario.
1370 3265 1684 3298 Fen-ariensis

1372 3349 1497 3380 scilicet
1512 3349 1674 3391 originem
1694 3353 1726 3379 et
1739 3348 1945 3378 decisionem.
1961 3346 2013 3377 Ad
2029 3347 2092 3377 hoc
2109 3347 2195 3377 enim
2212 3351 2248 3376 ut
2263 3344 2386 3397 aliquid
2403 3345 2443 3378 ab

1373 3394 1475 3424 altero
1491 3393 1616 3424 traduci
1635 3393 1768 3428 dicatur,
1780 3392 1954 3432 requiritur
1969 3390 2060 3431 quod
2079 3391 2118 3421 ab
2138 3400 2178 3421 eo
2195 3390 2372 3430 originetur
2386 3398 2445 3430 per

1374 3437 1575 3469 decisionem
1599 3443 1630 3468 et
1652 3437 1888 3478 separationem
1911 3435 2047 3466 alicuius
2076 3435 2282 3466 substantiae.
2310 3434 2445 3474 Propter

299 3362 447 3384 0510111111
471 3352 695 3384 determinavit
718 3351 855 3382 Sanctus
873 3350 1020 3380 Thomas
1044 3349 1084 3380 de
1108 3350 1234 3380 animae
1258 3348 1319 3380 du-

246 3364 435 3435 pratione,
451 3398 565 3438 incipit
580 3406 669 3428 nunc
687 3395 725 3427 de
742 3396 811 3427 eius
827 3394 1044 3436 productione
1059 3393 1273 3424 determinare
1291 3394 1318 3424 ὓ.

244 3442 342 3474 Circa
352 3443 418 3473 hoc
430 3448 540 3473 autem
550 3442 611 3472 tria
622 3440 842 3482 principaliter
854 3439 946 3470 facit:
960 3439 1066 3479 primo
1077 3439 1166 3469 enim
1177 3437 1320 3469 ostendit

245 3486 337 3529 quod
352 3496 422 3518 non
437 3486 615 3518 traducitur
631 3496 708 3517 cum
723 3485 862 3521 semine3
879 3483 1036 3520 secundo,
1053 3482 1145 3523 quod
1159 3491 1218 3523 per
1232 3491 1319 3513 crea-

244 3533 371 3564 tionem
385 3531 624 3572 producitur,
592 3532 624 3548 *·
648 3531 754 3567 tertio,
772 3529 902 3560 adducit
917 3529 1057 3559 rationes
1073 3526 1113 3558 ad
1129 3527 1320 3568 oppositum

414 3577 431 3593 Ι

246 3582 279 3608 et
301 3576 521 3659 {fugiantum
545 3619 587 3651 ad
609 3620 762 3660 primum,
787 3617 956 3649 sciendum
981 3626 1019 3647 ex
1043 3616 1189 3647 doctrina
1212 3615 1322 3646 Sancti

247 3665 397 3696 Thomae
421 3665 448 3695 11
465 3664 553 3695 Sent.
574 3663 604 3694 d.
624 3665 739 3700 xvnst,
765 3662 854 3704 quod
879 3661 1041 3693 traductio
1066 3661 1131 3691 duo
1156 3661 1320 3700 importat,

1374 3482 1476 3523 quod,
1504 3483 1530 3513 si
1558 3483 1682 3523 lignum
1712 3482 1745 3511 in
1773 3481 1881 3521 plures
1908 3485 2014 3520 partes
2042 3478 2211 3515 dividatur,
2235 3488 2304 3509 non
2328 3478 2445 3509 dicitur

1373 3536 1440 3558 una
1463 3536 1535 3567 pars
1559 3527 1599 3557 ab
1623 3526 1719 3557 altera
1742 3524 1881 3556 traduci.
1899 3525 1985 3565 quia,
2001 3524 2077 3555 lieet
2099 3524 2144 3554 ibi
2166 3524 2206 3554 sit
2229 3522 2361 3559 decisio,
2377 3532 2446 3554 non

1374 3576 1423 3602 est
1445 3576 1556 3602 tamen
1572 3571 1664 3611 01130
1681 3570 1778 3601 unius
1802 3570 1841 3600 ab
1857 3569 1927 3599 alia.
1952 3568 2105 3600 Similiter
2127 3569 2210 3608 ignis
2232 3568 2361 3608 genitus
2376 3577 2446 3598 non

1375 3615 1492 3646 dicitur
1515 3616 1554 3646 ab
1577 3615 1652 3655 igne
1674 3619 1847 3655 generante
1871 3614 2002 3654 proprie
2032 3612 2171 3644 traduci:
2196 3613 2283 3652 quia,
2306 3611 2382 3642 licet
2405 3612 2445 3642 ab

1374 3660 1447 3700 ipso
1472 3661 1630 3700 originem
1662 3659 1786 3695 habeat,
1817 3667 1885 3688 non
1915 3663 2024 3689 tamen
2053 3662 2101 3688 est
2122 3666 2181 3698 per
2209 3657 2446 3697 separationem

2492 960 2548 988 cap.
2563 966 2643 982 ικνιιι.

2465 1115 2475 1125 '¹
2490 1115 2549 1136 Ibid.

2491 2124 2547 2153 Cap.
2563 2130 2646 2146 vanr.

2470 2606 2478 2614 ¹
2494 2604 2550 2632 Cap.
2565 2610 2643 2626 Lnu.

2468 2779 2521 2801 'Cfi
2526 2779 2595 2805 Greg.
2602 2779 2681 2827 ἕξει,

2468 2804 2606 2832 deAnima(
2630 2811 2682 2833 13110

2468 2832 2493 2854 P.
2501 2832 2540 2854 G.
2555 2836 2613 2854 tom.
2629 2838 2681 2858 nv,

2467 2848 2682 2911 22⁵‘235ff5‘t‘52

2467 2911 2523 2933 Nat.
2549 2911 2635 2933 Homin
2622 2912 2680 2939 nir),

2470 2938 2511 2960 lib.
2533 2938 2562 2962 11.
2583 2944 2634 2965 cap.
2660 2943 2683 2959 vi

2468 2964 2627 3012 (C010nG¹·537
2639 2965 2680 2986 sub

2468 2997 2531 3013 nom.
2548 2991 2595 3012 Gre
2596 2992 2637 3020 g.)
