2768 4134
19 597 28 606 ·
43 595 53 617 1
69 595 99 616 de
107 594 174 616 Part.
182 593 237 614 Ani-

19 622 84 648 Μαι,
100 627 152 649 cap.
165 627 182 643 ι.

0 1770 27 1791 κ·
42 1769 98 1792 Vm
172 1775 231 1796 ..m

17 1804 40 1828 ,ς
56 1795 132 1820 arn.
156 1802 194 1825 .7.

14 1857 167 1914 iffi:

18 2445 30 2455 ·
44 2443 81 2466 Cf.
100 2443 236 2466 commem.

19 2475 127 2520 {ag-dibri,
133 2475 157 2492 n.
165 2476 188 2497 v,
195 2469 237 2491 Se-

21 2664 238 2689 ‘Cf-nmenCom-

19 2695 92 2743 iugietut.
115 2697 167 2720 etp.
189 2697 237 2718 ux,

25 3067 34 3078 ⁸
45 3066 70 3089 S.
75 3066 120 3088 Th.
129 3066 159 3088 de
165 3065 241 3094 Spiri-

23 3093 128 3125 trictibus
143 3092 239 3124 Creqtu-

25 3126 70 3147 ru,
79 3124 122 3142 ιη.
131 3125 152 3145 2,
168 3123 219 3150 ιιι-ιι.
231 3131 241 3135 -

25 3146 242 3222 ξμς-,ἕπε

27 3289 37 3299 '
52 3288 89 3310 Cf.
104 3294 127 3310 n.
138 3293 171 3309 vt.

26 3342 37 3352 ‘
52 3341 88 3363 Cf.
103 3347 127 3363 n.
139 3348 161 3363 v.

761 293 949 331 SUMMA
979 294 1200 332 CONTRA
1229 295 1504 341 GENTILES,
1533 297 1627 334 LIB.
1653 298 1692 342 ΙΙ,
1724 297 1835 334 CAP.
1856 299 1967 335 LVII.
2386 311 2462 347 407

263 370 376 430 igitur
413 369 561 429 animan
592 371 806 408 remanebit
843 384 986 422 corpus
1023 381 1059 409 et
1095 382 1222 423 partes
1255 374 1338 411 eius
1392 387 1535 424 corpus
1563 377 1623 412 vel
1652 388 1734 413 non
1763 388 1933 413 movere.
1965 376 2004 414 Si
2034 376 2145 425 igitur
2169 389 2249 415 non
2277 378 2410 416 unitur
2429 379 2463 416 ei

264 423 439 461 eiusdem
460 423 612 473 speciei.
635 425 721 461 Hoc
737 433 867 462 autem
883 434 939 463 est
958 426 1156 464 manifeste
1176 427 1335 464 falsum:
1391 428 1464 465 nisi
1493 428 1589 466 sicut
1617 437 1747 466 motor
1774 429 1919 475 mobili,
1940 430 2009 466 erit
2037 430 2076 467 in
2105 438 2289 480 potestate
2310 432 2461 469 animae

263 489 357 514 nam
386 489 476 514 caro
505 484 541 513 et
570 489 613 513 os
652 485 688 514 et
720 490 861 515 manus
890 487 927 516 et
955 479 1182 518 huiusmodi
1210 488 1337 530 partes
1392 481 1560 531 separari
1580 494 1602 518 a
1628 494 1790 532 corpore
1811 494 1902 519 cum
1922 483 2097 529 voluerit,
2128 492 2164 521 et
2192 484 2332 522 iterum
2361 485 2461 523 uniri

263 538 351 581 post
379 530 604 568 abscessum
624 531 777 568 animae
802 544 883 569 non
903 533 1085 571 dicuntur
1110 533 1183 571 nisi
1206 533 1337 584 aequi-
1392 534 1426 571 ei
1455 546 1547 571 cum
1574 535 1750 572 voluerit.
1782 536 1902 582 Quod
1930 544 2032 585 patet
2060 549 2142 574 esse
2170 537 2320 575 falsum.

263 583 404 630 voce*;
425 596 518 621 cum
533 583 628 620 nulli
643 585 784 622 harum
804 586 972 635 partium
991 586 1149 636 propria
1163 587 1336 636 operatio
1359 603 1367 622 ε
1446 587 1567 635 Quod
1594 596 1727 625 autem
1756 596 1797 625 ut
1826 589 1950 626 forma
1978 590 2134 639 propria
2152 591 2283 628 anima
2307 591 2460 641 corpori

263 637 371 684 adsit,
387 649 489 686 quae
505 637 675 686 speciem
691 639 952 689 consequitur.
969 641 1063 677 Non
1078 640 1191 689 igitur
1205 641 1337 678 unitur
1392 641 1557 686 uniatur,
1582 641 1635 678 sic
1655 641 1851 690 probatur.
1873 642 1968 679 Illud
1989 655 2068 691 quo
2089 643 2233 692 aliquid
2252 644 2296 681 fit
2323 645 2371 682 de
2390 657 2460 695 po-

263 691 395 728 anima
431 690 586 740 corpori
624 692 752 729 solum
791 692 888 730 sicut
924 701 1055 731 motor
1091 693 1236 740 mobili,
1274 695 1336 731 vel
1390 694 1507 731 tentia
1535 702 1622 731 ente
1651 702 1738 731 actu
1767 707 1846 740 ens,
1876 703 1932 731 est
1963 696 2088 733 forma
2121 705 2156 733 et
2189 706 2295 734 actus
2328 698 2457 747 ipsius.

263 745 360 782 sicut
389 745 511 780 homo
540 744 783 782 vestimento.
1392 748 1546 797 Corpus
1574 755 1706 784 autem
1733 760 1804 798 per
1831 747 1988 785 animan
2017 749 2060 793 fit
2088 757 2174 786 actu
2209 763 2276 788 ens
2314 751 2362 788 de
2390 764 2459 800 po-

317 797 469 834 Adhuc.
501 797 647 835 Mobile
668 810 748 835 non
777 799 894 836 habet
914 812 996 837 esse
1025 812 1095 849 per
1114 812 1231 837 suum
1251 812 1335 837 mo·
1390 800 1507 838 tentia
1535 800 1737 838 existente:
1767 803 1893 839 vivere
1929 804 2028 838 enim
2057 809 2108 839 est
2145 815 2222 840 esse
2253 804 2458 850 viventis*;

261 858 399 896 torem,
429 851 496 888 sed
526 852 778 890 solummodo
808 861 973 890 motum.
996 853 1036 891 Si
1064 853 1177 902 igitur
1205 853 1336 891 anima
1352 868 1377 883 10
1391 866 1525 892 semen
1545 862 1677 892 autem
1696 862 1784 892 ante
1804 853 2083 892 animationem
2103 864 2158 892 est
2177 856 2312 893 vivens
2332 859 2460 894 solum

261 904 418 942 uniatur
455 905 608 954 corpori
647 906 912 944 solummodo
938 914 980 944 ut
1015 915 1154 953 motor,
1193 919 1335 956 corpus
1390 907 1430 945 in
1459 907 1639 957 potentia,
1668 920 1739 957 per
1766 908 1938 946 animam
1967 916 2097 946 autem
2125 909 2168 946 fit
2196 909 2331 947 vivens
2359 919 2458 948 actu.

261 957 486 995 movebitur
512 958 673 1008 quidem
707 959 756 996 ab
789 959 931 1006 anima,
965 960 1033 997 sed
1067 972 1145 997 non
1179 959 1336 997 habebit
1391 962 1459 998 Est
1486 961 1598 1009 igitur
1626 961 1756 998 anima
1783 961 1909 998 forma
1937 962 2110 1011 corporis
2139 962 2307 1000 animati.

261 1024 344 1049 esse
374 1024 444 1061 per
472 1024 571 1049 eam.
602 1014 732 1050 Vivere
751 1019 874 1050 autem
895 1019 947 1050 es!
965 1014 1151 1063 quoddam
1182 1026 1259 1050 esse
1283 1015 1335 1050 vi·
1444 1014 1634 1064 Amplius.
1665 1014 1769 1062 Quia
1796 1022 1876 1052 tam
1904 1027 1987 1052 esse
2016 1027 2136 1065 quarn
2165 1015 2281 1053 etiam
2310 1017 2460 1066 operari

260 1067 377 1103 ventis
390 1065 421 1102 ²¹².
452 1066 545 1102 Non
574 1065 687 1114 igitur
705 1078 848 1115 corpus
867 1066 972 1103 vivet
999 1078 1069 1116 per
1097 1066 1280 1104 animam.
1391 1080 1471 1105 non
1510 1076 1565 1105 est
1603 1069 1731 1105 solum
1759 1068 1906 1106 formae
1936 1080 2063 1118 neque
2102 1070 2230 1106 solum
2266 1069 2459 1115 materiae,

314 1120 421 1156 Item.
465 1119 611 1157 Mobile
654 1131 783 1169 neque
823 1128 1029 1168 generatur
1066 1132 1136 1170 per
1170 1120 1336 1170 applica·
1352 1137 1374 1156 ις
1391 1122 1459 1159 sed
1487 1121 1694 1167 coniuncti,
1724 1134 1806 1159 esse
1836 1129 1872 1158 et
1905 1134 2016 1170 agere
2049 1122 2205 1159 duobus
2233 1122 2458 1169 attribuitur,

260 1172 408 1210 tionem
437 1172 600 1210 motoris
619 1172 669 1210 ad
698 1173 840 1222 ipsum,
861 1186 988 1223 neque
1018 1186 1088 1223 per
1115 1173 1198 1211 eius
1227 1186 1335 1223 sepa·
1391 1187 1562 1224 quorum
1591 1187 1718 1212 unum
1746 1187 1786 1212 se
1815 1174 1932 1212 habet
1950 1176 1999 1212 ad
2028 1177 2191 1213 alterum
2211 1175 2308 1213 sicut
2336 1176 2461 1214 forma

261 1226 451 1263 rationem
480 1226 758 1275 corrumpitur:
779 1239 871 1264 cum
901 1239 982 1264 non
1005 1227 1223 1277 dependeat
1251 1239 1335 1264 mo·
1391 1229 1440 1265 ad
1459 1228 1677 1265 materiam:
1699 1227 1864 1265 dicimus
1883 1228 1989 1265 enim
2007 1229 2115 1278 quod
2131 1230 2253 1266 homo
2269 1237 2325 1266 est
2343 1241 2460 1266 sanus

260 1279 335 1317 bile
374 1292 396 1317 a
434 1287 586 1317 motore
624 1279 844 1317 secundum
880 1293 974 1326 esse,
1011 1281 1078 1318 sed
1116 1281 1335 1318 secundum
1390 1293 1554 1331 corpore
1583 1289 1620 1318 et
1652 1281 1822 1327 sanitate,
1852 1289 1888 1318 et
1920 1282 2028 1331 quod
2062 1290 2117 1319 est
2149 1282 2272 1319 sciens
2305 1282 2460 1319 scientia

260 1333 603 1370 moveri‘tantum.
635 1333 675 1371 Si
705 1333 817 1382 igitur
844 1333 975 1371 anima
1003 1334 1159 1371 uniatur
1183 1333 1336 1383 corpori
1391 1342 1427 1371 et
1465 1334 1606 1380 anima,
1645 1347 1816 1384 quorum
1854 1334 2010 1372 scientia
2048 1343 2103 1372 est
2141 1335 2266 1372 forma
2307 1335 2458 1373 animae

260 1387 391 1424 solum
410 1394 452 1424 ut
472 1394 612 1433 motor,
633 1395 818 1436 sequetur
831 1387 940 1436 quod
959 1387 1000 1425 in
1015 1387 1162 1425 unione
1182 1387 1335 1425 animae
1351 1405 1377 1419 πο
1391 1387 1552 1434 scientis,
1583 1396 1619 1425 et
1647 1387 1787 1425 sanitas
1826 1388 1999 1437 corporis
2037 1388 2130 1426 sani.
2163 1388 2301 1426 Vivere
2329 1397 2460 1426 autem

260 1447 297 1478 et
323 1439 498 1490 corporis
527 1452 608 1477 non
637 1440 706 1477 erit
738 1440 868 1489 aliqua
899 1441 1105 1489 generatio,
1135 1453 1263 1490 neque
1297 1440 1335 1478 in
1391 1449 1428 1478 et
1455 1441 1594 1478 sentire
1614 1441 1831 1478 attribuitur
1849 1441 2001 1478 animae
2030 1450 2066 1478 et
2094 1442 2262 1491 corpori:
2293 1441 2460 1479 dicimur

260 1493 503 1542 separatione
532 1493 742 1543 corruptio.
773 1494 822 1530 Et
850 1493 905 1530 sic
933 1506 1050 1539 mors,
1080 1506 1181 1543 quae
1211 1493 1336 1531 consi·
1391 1494 1496 1531 enim
1525 1502 1562 1531 et
1590 1494 1720 1531 vivere
1740 1502 1777 1531 et
1805 1494 1943 1531 sentire
1968 1494 2099 1532 anima
2120 1503 2157 1532 et
2184 1507 2359 1544 corpore.
2382 1495 2459 1532 Sed

260 1545 321 1582 stit
349 1546 389 1583 in
419 1546 660 1596 separatione
690 1546 844 1584 animae
873 1554 910 1583 et
938 1547 1122 1596 corporis,
1154 1559 1234 1584 non
1267 1547 1337 1584 erit
1391 1547 1522 1584 anima
1550 1555 1680 1584 tamen
1710 1546 1807 1584 sicut
1825 1547 2015 1597 principio
2035 1548 2135 1585 vitae
2160 1556 2196 1585 et
2224 1560 2371 1585 sensus,
2393 1549 2460 1585 Est

259 1599 458 1649 corruptio
488 1599 676 1636 animalis.
709 1600 830 1646 Quod
859 1607 916 1636 est
948 1600 1148 1637 manifeste
1183 1600 1333 1636 falsum.
1391 1599 1504 1648 igitur
1531 1600 1661 1637 anima
1689 1601 1814 1637 forma
1842 1600 2026 1649 corporis.

312 1652 528 1692 Praeterea.
551 1653 682 1691 Omne
702 1664 869 1690 movens
888 1652 1062 1702 seipsum
1082 1653 1132 1690 ita
1160 1665 1200 1690 se
1220 1653 1337 1689 habet
1352 1670 1374 1690 ²5
1445 1653 1597 1690 Adhuc.
1629 1652 1809 1692 Similiter
1837 1665 1877 1690 se
1897 1652 2013 1690 habet
2036 1661 2114 1690 tota
2134 1653 2264 1691 anima
2283 1654 2462 1692 sensitiva

259 1705 369 1756 quod
396 1705 437 1743 in
465 1705 550 1756 ipso
579 1714 636 1743 est
663 1705 815 1743 moveri
835 1714 871 1743 et
899 1718 980 1743 non
999 1706 1162 1751 moveri,
1187 1714 1224 1743 et
1251 1718 1336 1743 mo·
1391 1706 1440 1743 ad
1469 1713 1596 1744 totum
1615 1718 1758 1755 corpus
1786 1705 1883 1743 sicut
1911 1718 1999 1755 pars
2023 1706 2072 1743 ad
2101 1714 2260 1755 partem.
2283 1708 2375 1744 Pars
2394 1720 2461 1744 au-

259 1771 352 1798 vere
371 1767 408 1798 et
426 1771 508 1797 non
527 1771 689 1798 movere
701 1759 731 1796 *.
753 1759 831 1797 Sed
851 1759 992 1806 anima,
1013 1760 1232 1797 secundum
1252 1760 1336 1797 Pla-
1390 1767 1470 1797 tem
1499 1759 1549 1796 ita
1577 1771 1618 1796 se
1647 1759 1763 1796 habet
1791 1759 1840 1796 ad
1870 1767 2019 1808 partem
2048 1760 2156 1808 quod
2185 1768 2241 1797 est
2274 1760 2398 1797 forma
2426 1768 2463 1797 et

259 1813 361 1851 tonis
398 1813 642 1863 opinionem,
681 1821 816 1850 movet
851 1825 994 1863 corpus
1032 1813 1130 1851 sicut
1170 1825 1336 1850 movens
1391 1821 1498 1850 actus
1527 1812 1629 1850 eius:
1659 1812 1766 1849 visus
1795 1812 1900 1850 enim
1921 1821 1976 1849 est
2003 1813 2128 1850 forma
2156 1821 2192 1850 et
2220 1821 2326 1850 actus
2347 1813 2460 1851 oculi.

260 1866 433 1917 seipsum
447 1866 479 1904 ²¹³.
510 1867 578 1903 Est
606 1878 697 1915 ergo
726 1866 766 1903 in
793 1874 981 1915 potestate
1001 1866 1154 1904 animae
1173 1879 1335 1904 movere
1391 1867 1494 1914 Ergo
1523 1866 1653 1903 anima
1682 1874 1737 1902 est
1764 1866 1889 1903 forma
1919 1873 1955 1903 et
1982 1874 2088 1903 actus
2116 1866 2300 1916 corporis.

314 1997 326 2016 ι
349 1991 406 2016 eius
426 1991 448 2015 Α
467 1990 554 2021 solus;
572 1997 624 2015 om.
718 1996 751 2014 ιο
770 1989 941 2014 solummodo
959 1988 1083 2019 NYZsG3
1102 1989 1200 2013 solum.
1291 1987 1324 2013 26
1343 1993 1369 2013 et
1388 1987 1504 2020 movere}
1525 1995 1632 2013 movere
1651 1988 1695 2013 Pc.

314 2033 326 2052 ι
347 2027 390 2052 vel
408 2027 431 2051 Α
450 2027 538 2055 solun
558 2031 591 2052 et.
683 2024 699 2050 8
718 2023 747 2050 fit
759 2028 825 2058 post
843 2030 902 2050 actu
921 2024 1066 2049 aDWXPc.
1156 2031 1172 2057 9
1192 2023 1324 2056 existente]
1346 2029 1406 2048 ente
1425 2023 1502 2049 NYZ.
1595 2023 1626 2048 13
1647 2023 1725 2048 etiam
1744 2024 1845 2056 operari
1865 2023 1963 2054 GXZb;
1983 2023 2083 2057 operari
2103 2024 2180 2048 etiam
2199 2023 2231 2055 Y,
2250 2025 2351 2056 operari
2370 2026 2461 2050 ceteri.

261 2070 291 2088 21
314 2061 469 2095 attribuitur]
490 2061 664 2087 attribuuntur
682 2060 714 2085 D.
806 2067 838 2084 22
859 2065 884 2085 et
901 2059 990 2084 vivere
1008 2060 1031 2084 Α
1049 2059 1136 2090 solus;
1155 2059 1252 2084 vivere.

507 2107 523 2120 6

1023 2174 1361 2207 Commentario.
1390 2174 1700 2206 Fert-ariensis

327 2306 425 2328 ostris
455 2295 634 2327 rationibus
659 2295 777 2335 quibus
801 2294 1104 2334 aliqui'probabant
1127 2294 1337 2324 substantiam

265 2308 581 2373 pintellectualem
609 2349 678 2370 non
701 2349 797 2380 posse
821 2348 890 2369 esse
913 2339 1058 2379 corporis
1078 2337 1227 2374 formam,
1247 2347 1336 2368 nunc

262 2385 304 2417 de
327 2386 538 2427 opinionibus
562 2384 665 2415 taliter
689 2385 895 2424 opinantium
922 2383 1063 2424 disputat
1087 2382 1223 2414 Sanctus
1247 2382 1338 2413 Tho·

1390 2300 1513 2330 mento‚
1539 2294 1595 2324 sed
1621 2295 1717 2324 homo
1743 2299 1835 2324 utens
1859 2293 2078 2332 indument0):
2097 2299 2210 2324 contra
2233 2294 2296 2323 hoc
2320 2294 2462 2334 arguitur

1392 2338 1573 2379 dupliciter.

1447 2383 1566 2414 Primo.
1593 2383 1789 2423 Sequeretur
1813 2382 1903 2422 quod
1929 2382 2031 2412 homo
2056 2387 2087 2412 et
2115 2382 2234 2412 animal
2265 2391 2332 2412 non
2357 2388 2462 2413 essent

262 2440 332 2462 mas
344 2432 371 2461 *ἃ
393 2430 488 2461 Circa
502 2430 566 2460 hoc
583 2434 693 2459 autem
718 2428 785 2459 duo
802 2427 887 2459 facit.
903 2428 1014 2458 Primo
1035 2437 1179 2468 namque
1198 2426 1339 2467 disputat

264 2481 378 2506 contra
393 2475 567 2515 opiniones
579 2474 832 2504 existimantium
849 2473 991 2503 animam
1006 2472 1246 2508 intellectivam,
1263 2481 1339 2512 pro-

264 2525 335 2560 pter
351 2528 451 2559 quam
474 2519 554 2549 haec
571 2524 619 2548 est
638 2524 729 2549 mota
752 2517 933 2553 difficultas,
958 2526 1028 2548 esse
1051 2517 1263 2547 substantiam
1279 2517 1340 2547 irn-

265 2563 478 2600 materialem;
491 2562 648 2600 secundo,
661 2568 774 2594 contra
785 2562 959 2602 opiniones
971 2562 1224 2592 existimantium
1236 2562 1340 2601 ipsam

266 2609 408 2649 aliquam
431 2607 631 2638 materialem
654 2607 903 2648 dispositionem
927 2616 1006 2643 esse,
1031 2615 1102 2646 cap.
1127 2616 1199 2636 an.

323 2653 418 2684 Circa
434 2653 577 2693 primum
593 2651 660 2683 duo
677 2651 752 2682 facit
764 2652 791 2688 ἓ,
808 2650 990 2682 secundum
1014 2650 1105 2691 quod
1124 2655 1236 2681 contra
1260 2649 1339 2680 duas

266 2698 410 2729 Platonis
425 2698 599 2738 opiniones
612 2696 762 2737 disputat.
780 2696 889 2726 Primo
905 2696 992 2726 enim
1008 2695 1152 2735 inquirit,
1165 2696 1215 2724 An
1228 2694 1340 2724 anima

267 2742 463 2774 intellectiva
491 2742 625 2782 corpori
655 2741 791 2771 uniatur
820 2745 947 2771 tantum
976 2746 1011 2770 ut
1034 2745 1151 2769 motor.
1176 2738 1339 2774 Secundo,

271 2789 387 2818 Utrum
412 2787 444 2817 in
470 2787 562 2817 nobis
576 2787 620 2817 sit
641 2786 792 2816 distincta
816 2785 856 2815 ab
879 2784 991 2815 anima
1014 2783 1196 2825 vegetativa
1216 2788 1248 2813 et
1268 2792 1340 2813 sen—

266 2833 372 2868 sitiva,
397 2832 430 2862 in
454 2832 559 2871 capite
581 2830 741 2870 sequenti.

324 2877 346 2907 1.
371 2876 542 2914 Quantum
565 2875 661 2915 igitur
685 2874 725 2904 ad
749 2874 906 2913 primum:
932 2882 1008 2903 cum
1027 2878 1151 2903 teneret
1166 2872 1258 2902 Plato
1275 2871 1343 2901 ani—

267 2931 355 2952 mam
378 2921 609 2951 intellectivam
638 2929 707 2950 non
738 2927 806 2948 esse
831 2917 970 2948 formam
1000 2916 1242 2947 substantialem
1270 2925 1342 2946 cor-

267 2966 355 3007 poris
382 2966 528 3002 humani,
552 2970 588 2995 ut
615 2969 764 2994 naturam
795 2962 938 2992 hominis
969 2962 1113 2998 salvaret,
1145 2960 1223 2991 dixit
1251 2959 1342 3000 quod

269 3011 399 3051 corpori
423 3011 534 3042 unitur
564 3015 691 3039 tantum
720 3017 778 3048 per
806 3012 994 3037 contactum
1020 3006 1156 3041 virtutis,
1179 3011 1216 3035 ut
1238 3009 1344 3035 narrat

270 3055 446 3095 Gregorius
469 3055 645 3095 Nysoenus,
667 3054 699 3084 in
715 3062 775 3083 suo
796 3052 879 3082 libro
903 3060 996 3092 quem
1021 3051 1060 3081 de
1083 3051 1201 3080 Anima
1216 3050 1304 3091 fecit
1314 3049 1341 3079 θ.

269 3100 406 3131 Dicebat
429 3100 517 3130 enim
545 3099 687 3129 animam
711 3106 780 3128 esse
809 3097 843 3126 in
872 3105 1009 3136 corpore
1036 3095 1121 3126 sicut
1150 3099 1284 3125 nautam
1308 3094 1340 3123 in

271 3145 357 3176 navi.
386 3144 510 3175 Contra
540 3152 638 3184 quarn
669 3142 868 3183 positionem
899 3149 1032 3180 arguere
1064 3140 1176 3170 volens
1207 3138 1343 3169 Sanctus

270 3190 426 3226 Thomas,
443 3190 549 3230 primo
566 3188 681 3228 probat
698 3185 789 3227 quod
809 3195 873 3216 non
891 3185 1005 3215 unitur
1020 3184 1131 3214 anima
1148 3183 1342 3214 intellectiva

271 3235 404 3275 corpori
429 3239 464 3264 ut
491 3238 600 3263 motor
627 3237 774 3267 tantum;
801 3229 957 3266 secundo,
981 3228 1073 3269 quod
1097 3228 1146 3259 illi
1171 3228 1285 3258 unitur
1308 3231 1343 3258 ut

262 3280 382 3321 forma
397 3280 424 3309 θ.

326 3323 495 3362 Quantum
519 3322 559 3353 ad
582 3322 735 3362 primum,
759 3319 873 3360 arguit
889 3318 1000 3359 primo
1016 3317 1063 3348 sic
1075 3318 1102 3347 ἦ
1127 3316 1280 3356 Sequitur
1304 3325 1342 3346 ex

271 3369 332 3399 hac
354 3368 518 3409 positione
543 3366 633 3407 quod
663 3366 765 3396 homo
795 3373 864 3394 non
892 3363 932 3393 sit
955 3371 1059 3393 unum
1085 3361 1283 3401 simpliciter,
1311 3366 1343 3391 et

271 3423 329 3454 per
353 3421 558 3452 consequens
573 3421 634 3442 nec
658 3419 715 3441 ens
739 3408 935 3448 simpliciter,
952 3406 1008 3437 sed
1028 3415 1084 3436 ens
1100 3415 1158 3446 per
1179 3404 1341 3435 accidens:

272 3458 349 3498 quia
372 3456 554 3488 secundum
578 3460 766 3486 contactum
790 3453 913 3483 virtutis
937 3461 1005 3482 non
1032 3450 1068 3480 fit
1094 3459 1198 3480 unum
1221 3449 1343 3489 simpli-

272 3503 360 3539 citer,
384 3507 421 3532 ut
444 3501 592 3541 superius
616 3506 664 3530 est
692 3505 872 3533 ostensum;
898 3507 936 3527 ex
960 3496 1066 3526 anima
1089 3500 1198 3525 autem
1217 3499 1249 3524 et
1272 3503 1343 3524 cor-

272 3556 352 3587 pore
375 3545 411 3577 fit
434 3546 547 3576 homo.
568 3545 643 3575 Hoc
666 3549 775 3575 autem
799 3548 847 3573 est
870 3541 1112 3572 inconveniens.
1138 3539 1224 3578 Ergo
1244 3543 1305 3568 etc.

329 3591 367 3621 11.
393 3591 426 3622 Si
449 3590 583 3626 dicatur,
601 3595 637 3619 ut
652 3589 779 3619 dicebat
802 3587 903 3622 Plato,
922 3584 1012 3625 quod
1035 3585 1136 3614 homo
1153 3592 1222 3613 non
1243 3588 1290 3613 est
1305 3592 1344 3613 ex

273 3636 381 3666 anima
397 3641 428 3666 et
452 3643 599 3674 corpore,
617 3633 673 3664 sed
694 3638 741 3663 est
765 3633 834 3672 ipsa
850 3631 961 3661 anima
979 3635 1071 3660 utens
1095 3637 1232 3668 corpore
1249 3627 1345 3667 (sicut

274 3680 387 3710 Petrus
410 3689 478 3710 non
503 3684 549 3710 est
579 3677 702 3718 aliquid
729 3677 949 3717 compositum
975 3684 1013 3704 ex
1037 3673 1170 3703 homine
1195 3677 1225 3702 et
1249 3670 1343 3702 indu-

1392 2428 1500 2468 aliqua
1523 2427 1684 2458 sensibilia
1715 2426 1902 2457 materialia:
1934 2427 2010 2466 quia
2033 2427 2140 2456 anima
2170 2435 2238 2456 non
2266 2432 2313 2456 est
2341 2426 2463 2467 aliquid

1392 2473 1543 2503 sensibile
1566 2472 1739 2502 materiale.
1764 2472 1839 2501 Hoc
1863 2476 1971 2501 autem
1996 2477 2042 2501 est
2066 2470 2192 2501 falsum.
2217 2471 2303 2511 Ergo
2328 2476 2387 2501 etc.

1448 2516 1610 2548 Secundo.
1635 2516 1718 2547 Sunt
1741 2516 1868 2555 aliquae
1892 2516 2097 2555 operationes
2121 2524 2313 2546 communes
2337 2516 2461 2545 animae

1393 2567 1425 2592 et
1448 2561 1588 2601 corpori,
1613 2566 1650 2591 ut
1677 2561 1800 2596 timere,
1824 2561 1927 2595 irasci,
1956 2561 2072 2590 sentire
2097 2565 2128 2589 et
2158 2558 2361 2589 huiusmodi:
2387 2569 2462 2590 cum

1392 2605 1539 2636 accidant
1562 2604 1742 2635 secundum
1759 2604 2061 2634 transmutationem
2084 2603 2218 2633 alicuius
2235 2602 2462 2634 determinatae

1393 2650 1490 2690 partis
1514 2649 1669 2689 corporis.
1695 2649 1782 2688 Ergo
1805 2653 1866 2679 etc.
1887 2666 1909 2669 —
1930 2648 2086 2678 Probatur
2109 2648 2352 2687 consequentia.
2377 2648 2462 2685 Quia

1393 2693 1593 2734 impossibile
1610 2698 1657 2723 est
1681 2692 1772 2733 quod
1795 2702 1909 2723 eorum
1933 2701 2016 2732 quae
2039 2697 2114 2721 sunt
2137 2691 2259 2722 diversa·
2282 2691 2462 2722 secundum

1394 2748 1473 2774 esse,
1490 2739 1530 2768 sit
1545 2738 1691 2777 operatio
1709 2747 1773 2767 una
1788 2736 1969 2767 secundum
1985 2735 2076 2776 quod
2097 2736 2258 2776 egreditur
2281 2737 2319 2766 ab
2336 2741 2461 2775 agente,

1394 2783 1468 2813 licet
1491 2783 1593 2822 possit
1616 2791 1685 2812 esse
1708 2792 1774 2812 una
1803 2791 1842 2812 ex
1871 2787 1960 2821 parte
1990 2781 2124 2821 operati.
2153 2780 2238 2811 Cum
2268 2781 2354 2810 enim
2378 2781 2462 2810 actio

1394 2833 1549 2867 sequatur
1572 2826 1711 2857 formam
1739 2832 1771 2856 et
1798 2826 1959 2862 virtutem,
1988 2830 2127 2865 oportet,
2152 2834 2293 2865 quorum
2317 2830 2391 2855 sunt
2415 2824 2462 2855 di-

1394 2881 1503 2903 versae
1527 2871 1650 2901 formae
1674 2876 1706 2901 et
1728 2871 1870 2907 virtutes,
1894 2870 1957 2900 sint
1980 2870 2076 2900 etiam
2100 2870 2243 2900 actiones
2266 2869 2418 2899 diversae.

1451 2916 1503 2946 111.
1536 2915 1570 2946 Si
1599 2915 1733 2951 dicatur,
1762 2914 1943 2946 secundum
1970 2914 2113 2944 Platonis
2142 2914 2341 2949 sententiam,
2373 2912 2463 2953 quod

1395 2960 1576 3001 praedictae
1599 2961 1805 3000 operationes
1822 2965 1896 2990 sunt
1912 2967 2103 2989 communes
2120 2958 2244 2988 animae
2261 2963 2292 2988 et
2307 2958 2462 2997 corporis,

1396 3006 1521 3036 animae
1538 3004 1672 3045 quidem
1694 3005 1778 3035 sicut
1792 3004 1963 3039 moventis,
1981 3003 2126 3042 corporis
2142 3008 2249 3033 autem
2269 3002 2351 3032 sicut
2366 3002 2461 3037 moti;

1395 3059 1464 3080 non
1488 3055 1535 3080 est
1558 3055 1667 3080 autem
1691 3049 1923 3079 inconveniens
1953 3047 2114 3078 moventis
2143 3052 2174 3077 et
2200 3047 2291 3082 moti,
2317 3046 2464 3086 quamvis

1395 3095 1458 3125 sint
1482 3094 1605 3124 diversa
1621 3093 1803 3124 secundum
1819 3102 1897 3129 esse,
1922 3090 2064 3122 eundem
2080 3100 2148 3121 esse
2172 3096 2296 3121 actum:
2313 3108 2336 3112 -
2352 3095 2464 3120 contra

1397 3139 1548 3179 arguitur.

1452 3183 1541 3214 Tum
1565 3182 1640 3222 quia
1663 3183 1770 3212 anima
1793 3181 1941 3211 sensitiva
1963 3190 2031 3211 non
2058 3189 2091 3210 se
2120 3179 2215 3209 habet
2238 3179 2271 3209 in
2294 3177 2463 3209 sentiendo

1397 3228 1480 3258 sicut
1503 3236 1600 3267 agens
1624 3232 1656 3257 et
1677 3235 1813 3257 movens
1837 3235 1964 3265 corpus
1984 3224 2041 3255 sed
2064 3225 2147 3254 sicut
2170 3233 2237 3263 quo
2261 3224 2385 3263 patiens
2408 3232 2464 3262 pa-

1396 3273 1473 3302 titur
1497 3282 1515 3302 a
1538 3271 1754 3302 sensibilibus:
1781 3269 1872 3309 quod
1898 3269 2098 3309 impossibile
2129 3274 2176 3298 est
2204 3277 2272 3298 esse
2302 3267 2464 3297 diversum

1396 3315 1578 3347 secundum
1602 3325 1670 3346 esse
1694 3325 1712 3345 a
1735 3315 1885 3355 patiente.
1912 3313 2061 3344 Carentia
2084 3313 2171 3343 enim
2198 3321 2293 3342 sensu
2317 3321 2385 3342 non
2408 3321 2465 3351 pa-

1396 3362 1519 3391 tiuntur
1534 3370 1553 3390 a
1569 3359 1772 3390 sensibilibus
1789 3368 1828 3388 eo
1845 3357 1946 3388 modo
1963 3357 2121 3397 passionis
2133 3357 2190 3396 qui
2205 3355 2244 3386 ad
2260 3355 2466 3386 sentiendum

1396 3405 1578 3445 requiritur.

1453 3449 1541 3480 Tum
1565 3449 1641 3489 quia
1664 3446 1843 3478 secundum
1868 3447 1931 3476 hoc
1955 3446 2060 3476 anima
2083 3445 2232 3475 sensitiva
2255 3444 2385 3474 habebit
2409 3444 2466 3474 ali—

1397 3503 1496 3534 quam
1519 3493 1744 3533 operationem
1769 3491 1946 3531 propriam:
1971 3490 2046 3520 licet
2069 3490 2157 3519 enim
2180 3494 2289 3519 motus
2313 3489 2352 3518 sit
2375 3498 2466 3519 com-

1397 3539 1505 3568 munis
1532 3543 1622 3567 actus
1650 3536 1810 3566 moventis
1838 3541 1869 3565 et
1898 3534 1990 3570 moti,
2019 3534 2079 3564 alia
2106 3539 2215 3564 tamen
2243 3534 2389 3573 operatio
2416 3533 2467 3563 ‘est

1398 3582 1501 3613 facere
1525 3587 1664 3617 motum,
1696 3586 1727 3611 et
1755 3580 1815 3610 alia
1845 3579 1992 3619 operatio
2023 3578 2166 3617 recipere
2189 3583 2327 3608 motum.
2356 3577 2398 3608 Et
2421 3578 2466 3607 sic

1397 3632 1550 3666 sequetur
1566 3625 1656 3666 quod
1671 3624 1800 3654 habebit
1815 3623 1979 3663 propriam
1995 3623 2240 3653 subsistentiam.
2258 3622 2299 3652 Et
2315 3630 2372 3662 per
2388 3631 2468 3652 con-

1397 3680 1535 3710 sequens
1551 3679 1618 3700 non
1635 3669 1815 3699 destruetur
1831 3667 1993 3698 destructo
2009 3676 2156 3707 corpore,
2181 3666 2237 3697 sed
2253 3667 2311 3696 erit
2333 3667 2467 3696 immor-

2488 810 2496 820 ·
2504 810 2660 837 Vid.supra.a
2670 816 2700 838 ¹3-
