2768 4134
75 1232 85 1241 ·
101 1230 158 1257 Cap.
173 1235 241 1250 xxm.

77 1338 84 1346 ·
100 1336 157 1364 Cap.
172 1341 220 1361 xxi,
231 1341 289 1356 xxn.

74 1498 84 1507 ·
99 1496 156 1524 Cap.
172 1501 230 1517 xxn.

75 1659 84 1668 ·
97 1657 135 1680 Cf.
150 1663 203 1685 cap.
220 1663 289 1678 xxul.

78 1925 88 1934 ·
102 1923 159 1951 Cap.
172 1929 247 1951 praec.

74 2549 83 2558 ·
99 2547 136 2569 Cf.
152 2546 286 2578 Commeat.

76 2580 95 2596 c.
111 2580 173 2601 xciv,
187 2578 239 2596 init.

326 278 398 315 136

914 272 1102 310 SUMMA
1132 271 1356 308 CONTRA
1385 270 1662 317 GENTILES,
1693 270 1806 308 CAP.
1826 272 1944 309 XLV.

596 430 1083 489 CAPITULUM
1121 427 1844 507 QUADRAGESIMUM
1880 428 2079 507 QUIN
2082 427 2264 484 TUM

1132 555 1162 586 A
1190 563 1251 585 11v
1275 564 1303 591 a,
1327 564 1418 595 marg
1441 553 1498 590 inf,
1524 554 1592 584 sine
1615 554 1723 585 titulo.

719 658 894 711 QUOD
930 655 1343 697 INTELLIGERE
1376 654 1479 695 DEI
1514 653 1631 694 EST
1666 653 1790 695 SUA
1823 654 2126 697 ESSENTIA

458 834 463 842 ,
508 823 511 827 ,
530 811 554 835 x
581 798 658 835 hoc
681 805 813 834 autem
833 795 940 846 quod
960 796 1068 832 Deus
1091 802 1148 841 est
1170 793 1395 843 intelligens,

342 861 354 897 «ζ
390 853 454 894 μ’)
469 856 491 899 ’,-
509 850 516 860 ’
544 850 718 900 sequitur
745 850 853 899 quod
878 861 996 886 suum
1024 847 1232 896 intelligere
1252 847 1299 884 sit
1325 860 1396 885 sua

342 901 362 952 ἐ,
391 900 511 956 „³522
544 904 720 942 essentia.

346 959 360 988 μ’
406 957 412 973 ”
424 972 431 979 >·
447 950 513 979 Ψ·
596 957 806 1006 Intelligere
826 955 931 993 enim
951 963 1008 993 est
1026 962 1134 992 actus
1153 954 1399 1005 intelligentis·

319 1011 359 1049 in
374 1011 459 1061 ipso
476 1011 652 1059 existens,
664 1022 746 1048 non
756 1010 796 1047 in
806 1009 912 1047 aliud
922 1007 1183 1047 extrinsecum
1193 1008 1394 1056 transiens,

319 1065 416 1102 sicut
444 1064 638 1102 calefactio
667 1063 799 1102 transit
826 1063 867 1100 in
895 1063 1139 1100 calefactum:
1170 1075 1252 1101 non
1289 1062 1395 1100 enim

318 1117 464 1168 aliquid
497 1117 640 1167 patitur
676 1116 908 1166 intelligibile
937 1129 985 1154 ex
1014 1117 1091 1154 hoc
1119 1117 1228 1167 quod
1261 1116 1396 1154 intelli-

317 1171 429 1220 gitur,
459 1172 527 1208 sed
553 1171 767 1220 intelligens
790 1169 1001 1220 perficitur.
1032 1169 1233 1220 Quicquid
1262 1178 1395 1208 autem

319 1233 375 1262 est
405 1224 444 1262 in
469 1225 566 1272 Deo,
593 1233 649 1262 est
677 1224 810 1262 divina
837 1223 1002 1262 essentia
1015 1223 1046 1260 *.
1072 1225 1283 1274 Intelligere
1303 1236 1395 1273 ergo

317 1278 391 1316 Dei
419 1286 474 1315 est
498 1278 631 1316 divina
659 1278 835 1324 essentia,
855 1286 892 1315 et
921 1277 1101 1315 divinum
1130 1290 1225 1326 esse,
1246 1286 1283 1315 et
1311 1277 1395 1328 ipse

317 1333 440 1369 Deus:
462 1344 556 1369 nam
576 1333 684 1370 Deus
706 1340 762 1370 est
790 1344 862 1370 sua
885 1331 1050 1369 essentia
1069 1339 1106 1369 et
1125 1344 1244 1370 suum
1263 1343 1348 1369 esse
1361 1331 1393 1369 *.

370 1386 584 1423 Praeterea.
623 1385 834 1435 Intelligere
871 1393 1122 1436 comparatur
1158 1386 1208 1424 ad
1250 1385 1395 1423 intelle-

317 1447 425 1477 ctum
453 1439 551 1477 sicut
580 1452 663 1477 esse
683 1440 731 1477 ad
752 1439 971 1477 essentiam.
1003 1439 1081 1477 Sed
1110 1451 1194 1477 esse
1214 1439 1394 1477 divinum

318 1501 373 1530 est
402 1492 485 1530 eius
510 1494 685 1540 essentia,
711 1501 753 1530 ut
781 1493 933 1544 supra*
960 1493 1171 1543 probatum
1196 1501 1263 1530 est.
1290 1494 1394 1542 Ergo

318 1555 355 1584 et
383 1546 591 1596 intelligere
611 1547 791 1585 divinum
819 1547 903 1585 eius
922 1546 1147 1585 intellectus.
1178 1548 1394 1585 Intellectus

318 1608 450 1638 autem
479 1601 635 1640 divinus
657 1609 713 1638 est
741 1600 814 1638 Dei
838 1600 1021 1638 essentia:
1052 1600 1145 1639 alias
1173 1609 1273 1639 esset
1297 1600 1395 1638 acci—

318 1654 415 1691 dens
443 1654 529 1692 Deo
540 1654 571 1692 *.
595 1655 760 1705 Oportet
782 1654 896 1703 igitur
924 1655 1031 1704 quod
1062 1654 1269 1703 intelligere
1297 1654 1394 1692 divi-

318 1719 415 1745 num
446 1715 492 1745 sit
520 1721 603 1746 eius
632 1717 807 1746 essentia.

373 1761 564 1811 Amplius.
594 1764 714 1800 Actus
738 1761 933 1799 secundus
957 1770 1013 1799 est
1041 1761 1246 1812 perfectior
1273 1773 1394 1811 quam

318 1823 426 1852 actus
453 1815 620 1865 primus:
651 1815 749 1853 sicut
781 1814 1039 1865 consideratio
1068 1827 1190 1865 quam
1223 1814 1392 1852 scientia.

319 1868 486 1906 Scientia
513 1877 645 1907 autem
674 1871 736 1907 vel
768 1868 982 1906 intellectus
1010 1868 1082 1906 Dei
1111 1877 1167 1906 est
1199 1868 1283 1918 ipsa
1311 1868 1395 1906 eius

318 1922 493 1968 essentia,
515 1922 545 1959 si
565 1930 621 1960 est
640 1922 864 1971 intelligens,
884 1930 928 1959 ut
953 1930 1154 1959 ostensum
1175 1921 1279 1958 est*:
1301 1933 1394 1959 cum

317 1977 422 2012 nulla
441 1975 624 2025 perfectio
643 1975 849 2015 conveniat
875 1975 909 2012 ei
929 1974 1204 2025 participative,
1235 1975 1303 2012 sed
1323 1986 1395 2024 per

369 2097 386 2120 4
406 2094 478 2114 actus
497 2096 561 2114 casu
581 2089 619 2113 Iu's
640 2089 719 2114 habet
737 2089 768 2113 Α.
857 2088 871 2113 5
891 2089 960 2113 aliud
979 2090 1001 2113 Α
1014 2089 1100 2119 solun
1120 2088 1227 2122 aliquid.

1314 2095 1331 2122 9
1350 2088 1498 2121 Intelligere
1506 2105 1514 2114 .
1521 2105 1528 2113 .
1536 2105 1544 2113 .

1452 792 1671 840 essentiam,
1706 801 1749 830 ut
1782 805 1829 830 ex
1865 793 2133 843 superioribus
2147 794 2168 816 ⁴²
2195 803 2311 845 patet.
2350 794 2392 833 Si
2420 794 2535 844 igitur

1452 860 1523 884 sua
1551 845 1809 884 consideratio
1829 859 1911 884 non
1931 846 1977 884 sit
1996 859 2067 884 sua
2096 848 2272 896 essentia,
2297 848 2444 899 aliquid
2464 848 2535 886 erit

1452 913 1523 938 sua
1543 900 1708 938 essentia
1726 899 1898 938 nobilius
1917 909 1954 938 et
1977 900 2194 950 perfectius.
2215 902 2265 939 Et
2283 901 2338 940 sic
2357 914 2439 940 non
2463 902 2534 940 erit

1451 954 1491 991 in
1519 953 1599 992 fine
1627 953 1874 1004 perfectionis
1903 961 1940 992 et
1966 953 2150 992 bonitatis
2164 954 2195 992 ²¹⁸.
2225 955 2339 992 Unde
2358 967 2440 994 non
2465 955 2534 994 erit

1418 1024 1428 1045 5
1450 1007 1638 1058 primum.

1504 1061 1659 1099 Adhuc.
1675 1061 1887 1111 Intelligere
1902 1070 1959 1100 est
1972 1070 2081 1100 actus
2095 1061 2347 1110 intelligentis.
2364 1061 2406 1100 Si
2419 1061 2535 1111 igitur

1450 1115 1560 1153 Deus
1579 1114 1794 1164 intelligens
1817 1127 1900 1153 non
1924 1115 1971 1153 sit
1995 1127 2114 1153 suum
2134 1114 2355 1165 intelligere,
2381 1123 2534 1166 oportet

1451 1169 1559 1219 quod
1598 1176 1850 1219 comparetur
1887 1169 1936 1207 ad
1969 1168 2101 1219 ipsum
2139 1168 2237 1206 sicut
2274 1168 2447 1219 potentia
2483 1169 2533 1207 ad

1451 1231 1594 1261 actum.
1617 1223 1665 1261 Et
1684 1222 1735 1261 ita
1755 1222 1795 1261 in
1815 1223 1902 1260 Deo
1922 1222 1992 1260 erit
2010 1222 2184 1273 potentia
2207 1231 2244 1260 et
2265 1230 2385 1261 actus.
2411 1222 2534 1271 Quod

1410 1293 1437 1308 ιο
1451 1285 1507 1315 est
1535 1276 1789 1327 impossibile,
1817 1284 1862 1314 ut
1889 1276 2043 1326 supra*
2070 1276 2282 1327 probatum
2311 1285 2378 1314 est.
2405 1318 2409 1322 ,

1504 1331 1612 1368 Item.
1639 1330 1782 1369 Omnis
1804 1329 2018 1368 substantia
2045 1338 2101 1368 est
2125 1339 2286 1381 propter
2304 1342 2419 1370 suam
2441 1342 2535 1381 ope-

1450 1384 1654 1422 rationem.
1686 1384 1727 1423 Si
1756 1383 1870 1433 igitur
1897 1383 2072 1434 operatio
2101 1383 2175 1422 Dei
2203 1383 2250 1422 sit
2277 1383 2383 1422 aliud
2412 1395 2535 1434 quam

1450 1438 1584 1476 divina
1612 1438 1838 1484 substantia,
1868 1437 1938 1476 erit
1965 1437 2056 1476 finis
2084 1437 2168 1476 eius
2196 1437 2343 1489 aliquid
2377 1437 2484 1476 aliud
2511 1449 2535 1476 a

1451 1505 1503 1530 se.
1526 1493 1574 1530 Et
1593 1492 1647 1530 sic
1665 1493 1775 1530 Deus
1794 1503 1877 1530 non
1896 1491 1966 1530 erit
1985 1504 2057 1530 sua
2075 1491 2246 1538 bonitas:
2268 1504 2361 1530 cum
2379 1491 2534 1530 bonum

1410 1565 1434 1587 ις
1451 1546 1656 1584 cuiuslibet
1684 1546 1730 1584 sit
1757 1545 1848 1584 finis
1876 1545 1960 1584 eius
1974 1545 2006 1583 *.

1507 1599 1547 1638 Si
1566 1607 1699 1638 autem
1719 1599 1900 1638 divinum
1920 1599 2129 1648 intelligere
2154 1607 2211 1637 est
2234 1598 2319 1637 eius
2343 1611 2439 1646 esse,
2466 1611 2534 1641 ne-¹

1451 1666 1557 1691 cesse
1585 1662 1642 1691 est
1661 1654 1771 1704 quod
1794 1653 2003 1702 intelligere
2028 1652 2112 1691 eius
2137 1652 2184 1691 sit
2212 1652 2388 1703 simplex,
2413 1660 2534 1691 aeter-

1451 1720 1549 1744 num
1583 1716 1620 1745 et
1648 1707 1886 1754 invariabile,
1916 1715 1953 1744 et
1985 1715 2073 1745 actu
2108 1714 2261 1745 tantum
2290 1706 2467 1754 existens,
2497 1713 2535 1744 et

1451 1760 1586 1799 omnia
1614 1773 1716 1811 quae
1749 1761 1798 1799 de
1832 1760 1967 1799 divino
2003 1772 2087 1799 esse
2115 1761 2279 1811 probata
2307 1768 2408 1799 sunt.
2438 1760 2534 1799 Non

1409 1832 1436 1848 ao
1450 1823 1506 1852 est
1521 1814 1634 1863 igitur
1649 1815 1757 1852 Deus
1776 1814 1815 1852 in
1834 1814 2008 1865 potentia
2026 1813 2251 1864 intelligens,
2271 1823 2338 1852 aut
2357 1814 2406 1852 de
2425 1826 2533 1853 novo

1450 1867 1596 1918 aliquid
1639 1868 1847 1917 intelligere
1889 1867 2093 1918 incipiens,
2131 1869 2194 1905 vel
2236 1880 2534 1920 quamcumque

1450 1921 1709 1959 mutationem
1742 1929 1809 1959 aut
1843 1921 2174 1972 compositionem
2207 1921 2247 1959 in
2285 1921 2544 1971 intelligendov

1450 1975 1610 2012 habens.

1563 2087 1678 2113 essentia
1695 2096 1739 2114 ουκ
1759 2087 1834 2115 BCF.
1921 2095 1954 2114 ιο
1973 2094 1999 2114 et
2017 2088 2084 2122 ipse]
2103 2095 2143 2114 est
2162 2089 2219 2123 ipse
2237 2089 2281 2116 Pe.
2368 2088 2400 2115 25
2420 2089 2535 2116 etiam-

316 2124 395 2157 ligere
414 2124 531 2150 divinum
550 2126 571 2149 Α
591 2125 676 2155 solus3
696 2124 840 2158 intelligere
858 2124 974 2149 divinum
988 2131 1049 2149 esse
1061 2124 1178 2149 divinum
1191 2129 1232 2149 est
1250 2123 1303 2155 BF,
1322 2123 1467 2157 intelligere
1486 2123 1603 2149 divinum
1622 2129 1663 2149 est
1682 2131 1742 2150 esse
1761 2123 1879 2150 divinum
1894 2130 1920 2150 et
1931 2123 1964 2156 D,
1977 2124 2122 2158 intelligere
2141 2125 2258 2151 divinum
2271 2132 2332 2151 esse
2344 2131 2385 2151 eat
2397 2125 2428 2159 E,
2440 2125 2535 2152 intelli·

315 2168 377 2192 gere
396 2160 512 2185 divinum
532 2166 573 2185 est
589 2160 680 2186 ceteri.

369 2204 387 2228 4
405 2197 430 2221 in
449 2195 509 2229 fine]
530 2195 643 2221 infinitae
656 2197 717 2222 ch.

315 2237 372 2264 pter
390 2232 470 2263 DZP;
488 2240 545 2266 per.
637 2239 669 2257 η
689 2231 768 2265 aliud]
793 2232 825 2256 ad
853 2232 921 2257 aliud
942 2239 967 2261 α,
993 2231 1090 2265 aliquid
1116 2231 1187 2257 aliud
1211 2231 1324 2257 ENZPc.

803 2203 819 2229 7
839 2195 998 2229 intelligens]
1018 2201 1058 2221 est
1077 2195 1227 2228 intelligens
1246 2201 1271 2221 et
1290 2195 1366 2221 YPd.

1418 2225 1527 2257 13⁷eius
1546 2231 1665 2262 NYZPc;
1684 2232 1717 2258 ei.

1454 2203 1471 2224 o
1490 2195 1516 2221 in
1536 2196 1592 2221 Deo
1610 2196 1659 2221 erit
1676 2195 1802 2230 potential
1821 2197 1938 2230 potentia
1956 2197 2005 2222 erit
2023 2195 2076 2230 (eet
2087 2196 2120 2231 Z)
2139 2197 2165 2223 in
2178 2197 2236 2223 Deo
2248 2196 2332 2224 ezec.

1808 2239 1823 2257 a
1841 2239 1872 2258 se
1890 2231 2005 2263 wan
2030 2232 2063 2258 ab
2085 2233 2153 2266 ipso.
2246 2232 2279 2260 1⁶
2298 2239 2339 2259 eat
2357 2233 2472 2265 GWsz
2490 2234 2534 2260 ait.

2418 2204 2460 2224 u.

317 2275 349 2300 ¹7
370 2268 441 2300 quod
461 2268 603 2301 intelligere
622 2268 678 2294 eius
698 2269 731 2293 sit
749 2268 863 2301 legimus
882 2274 942 2293 cum
956 2267 1118 2298 traditiones
1137 2267 1210 2301 quod
1229 2268 1286 2293 eiua
1305 2268 1339 2292 sit
1357 2268 1393 2298 Α;
1413 2268 1485 2293 inter
1503 2268 1575 2301 quod
1593 2271 1619 2293 et
1637 2268 1695 2293 eius
1714 2267 1820 2294 deletur
1838 2268 1912 2301 quod
1929 2268 2038 2294 videtur
2049 2268 2140 2302 fuisse
2157 2268 2221 2294 illud
2235 2269 2277 2294 ve!
2294 2269 2386 2302 etiaim
2404 2276 2535 2296 extensu

311 2307 390 2336 patet
409 2307 457 2328 aut
477 2304 620 2337 intelligere
639 2304 752 2337 deficere
769 2307 818 2328 aut
832 2304 889 2329 eius
901 2303 1051 2329 abundare.

1142 2303 1263 2336 simplex]
1283 2303 1435 2336 simpliciter
1448 2303 1497 2329 Pa.

1591 2311 1624 2329 20
1643 2309 1685 2329 est
1696 2304 1739 2330 lu'c
1751 2303 1848 2336 Euziu
1861 2311 1904 2330 om
1919 2311 1944 2334 α,
1959 2307 2025 2337 post
2036 2304 2108 2330 Deus
2122 2304 2252 2335 GWYPc,
2260 2308 2326 2338 post
2339 2305 2487 2339 intelligens
2499 2304 2533 2332 D.

1082 2400 1421 2435 Commenta-ia
1452 2401 1767 2436 Fen-ariensis

391 2508 505 2530 sranso
539 2499 629 2540 quod
660 2499 749 2530 Deus
774 2499 813 2530 sit
836 2499 1028 2540 intelligens,
1053 2498 1234 2530 ostenditur
1261 2499 1396 2530 ulterius

317 2508 482 2584 Oquod
505 2544 545 2574 sit
568 2554 664 2576 suum
688 2544 867 2585 intelligere
883 2545 910 2575 ³.
940 2543 1099 2585 Proponit
1125 2549 1234 2575 autem
1260 2544 1396 2576 conclu-

316 2589 443 2619 sionem
459 2588 596 2620 Sanctus
609 2589 755 2621 Thomas
771 2589 882 2621 dicens
897 2588 989 2630 quod
1004 2598 1047 2620 ex
1062 2589 1123 2619 hoc
1138 2588 1227 2630 quod
1242 2589 1333 2620 Deus
1348 2594 1396 2621 est

316 2633 511 2675 intelligens,
527 2635 676 2675 sequitur
689 2634 778 2676 quod
792 2643 887 2666 suum
905 2634 1090 2676 intelligere
1105 2639 1154 2665 est
1167 2643 1228 2665 sua
1245 2635 1394 2666 essentia.

371 2678 393 2709 I.
418 2678 462 2709 Et
476 2679 591 2721 arguit
599 2679 712 2720 primo
728 2680 785 2710 sic.
802 2678 971 2720 Quicquid
995 2684 1042 2710 est
1065 2679 1098 2710 in
1123 2678 1207 2716 Deo,
1224 2686 1271 2710 est
1287 2679 1395 2711 divina

316 2723 462 2754 essentia.
480 2723 544 2755 Sed
559 2724 738 2766 intelligere
755 2724 816 2756 Dei
840 2730 889 2755 est
905 2724 938 2755 in
953 2723 1044 2754 Deo:
1061 2733 1138 2755 cum
1161 2724 1201 2754 sit
1225 2725 1310 2756 actio
1333 2725 1394 2756 im-

315 2777 460 2806 manens,
484 2778 552 2800 non
577 2775 687 2801 autem
709 2774 927 2800 transmutans
942 2769 1051 2810 ipsum
1071 2768 1281 2810 intelligibile.
1307 2769 1394 2811 Ergo

315 2819 363 2843 est
385 2823 444 2845 sua
468 2814 616 2845 essentia.
641 2814 759 2845 Divina
786 2819 897 2845 autem
921 2814 1059 2844 essentia
1090 2820 1121 2845 et
1152 2813 1300 2845 divinum
1325 2823 1395 2846 esse

315 2863 362 2889 est
385 2859 455 2900 ipse
478 2859 579 2890 Deus.
603 2859 691 2900 Ergo
716 2864 776 2891 etc.

371 2903 628 2940 Advertendum‚
653 2913 729 2935 cum
760 2903 867 2944 inquit
897 2902 1034 2935 Sanctus
1065 2903 1212 2934 Thomas
1236 2904 1394 2944 quoniam

315 2957 358 2978 ex·
379 2948 442 2979 hoc
464 2948 553 2989 quod
575 2948 666 2980 Deus
689 2954 737 2980 est
760 2947 957 2990 intelligens,
981 2948 1129 2990 sequitur
1150 2957 1245 2979 suum
1275 2949 1394 2980 intelli-

314 3001 395 3034 gere
418 3002 488 3025 esse
509 3002 604 3024 suam
629 2993 812 3030 essentiam,
834 2993 927 3034 quod
944 2993 1009 3025 hoc
1033 3003 1239 3034 consequens
1259 3003 1327 3024 non
1345 3004 1393 3025 se-

316 3038 426 3078 quitur
449 3037 628 3069 formaliter
644 3048 683 3070 ex
707 3037 929 3070 antecedente.
954 3038 987 3070 Si
1012 3038 1100 3077 enim
1119 3044 1309 3079 sequeretur
1329 3038 1394 3070 for-

315 3083 450 3120 maliter,
474 3083 565 3114 Deus
595 3088 643 3114 est
671 3083 869 3125 intelligens,
894 3083 989 3125 Ergo
1018 3093 1113 3114 suum
1138 3083 1324 3125 inteIIigere
1348 3090 1395 3115 est

315 3137 375 3158 sua
393 3128 541 3164 essentia,
559 3134 638 3160 tunc
654 3129 687 3159 in
704 3129 796 3160 omni
816 3128 1015 3168 intelligente
1030 3128 1209 3169 intelligere
1226 3136 1308 3160 esset
1325 3130 1394 3160 eius

317 3174 462 3204 essentia.
483 3172 547 3204 Sed
565 3173 712 3214 sequitur
730 3179 858 3205 tantum
877 3174 976 3214 gratia
994 3174 1157 3210 materiae,
1182 3183 1219 3205 ex
1245 3183 1286 3204 eo
1303 3174 1393 3214 quod

317 3217 474 3259 quicquid
498 3223 546 3249 est
569 3219 602 3250 in
633 3218 706 3250 Deo
735 3224 783 3250 est
806 3218 906 3249 Deus.
936 3217 1031 3250 Unde
1059 3217 1092 3259 ly
1121 3219 1268 3260 sequitur
1291 3220 1393 3260 magis

317 3262 393 3293 dicit
404 3263 693 3294 concomitantiam
706 3272 805 3304 quam
818 3262 988 3294 formalem
1002 3262 1262 3303 dependentiam.
1274 3263 1393 3295 Sensus

318 3307 404 3338 enim
428 3314 474 3339 est
502 3307 593 3348 quod
623 3317 693 3339 esse
723 3307 957 3349 intelligentem
987 3308 1020 3338 in
1052 3307 1124 3339 Deo
1154 3309 1393 3340 concomitatur

317 3351 464 3383 identitas
487 3358 578 3383 actus
601 3352 803 3394 intelligendi
827 3362 903 3384 cum
927 3352 1136 3393 intelligente.

374 3395 411 3427 ll.
437 3397 595 3428 Secundo.
620 3397 700 3429 Esse
723 3396 871 3429 divinum
896 3403 944 3428 est
967 3397 1038 3428 eius
1061 3397 1207 3428 essentia.
1233 3397 1320 3438 Ergo
1344 3398 1392 3429 in·

318 3439 459 3480 telligere
479 3442 625 3473 divinum
646 3448 692 3473 est
712 3442 781 3473 eius
800 3442 992 3473 intellectus.
1018 3442 1105 3482 Ergo
1126 3447 1173 3473 est
1192 3442 1261 3473 eius
1286 3452 1393 3473 essen-

319 3484 371 3514 tia.
387 3502 409 3507 -
431 3485 537 3517 Prima
560 3487 795 3528 consequentia
818 3487 984 3529 probatur.
1009 3486 1094 3525 Quia
1119 3487 1162 3517 ita
1186 3493 1393 3528 comparatur

320 3528 495 3570 intelligere
519 3530 558 3562 ad
582 3531 782 3563 intellectum
807 3532 890 3563 sicut
919 3541 988 3563 esse
1019 3531 1059 3563 ad
1087 3532 1268 3563 essentiam.
1291 3551 1312 3555 -
1337 3532 1393 3564 Se-

322 3573 427 3603 cunda
449 3584 540 3605 vero:
567 3576 642 3615 quia
669 3576 852 3608 intellectus
883 3577 953 3608 eius
977 3582 1024 3608 est
1048 3576 1118 3607 eius
1142 3577 1292 3614 essentia3
1317 3586 1392 3608 cum

321 3616 448 3648 nullum
472 3619 619 3650 accidens
643 3621 682 3651 sit
706 3622 738 3651 in
763 3621 846 3652 Deo.

377 3661 563 3693 Notandum
588 3664 677 3704 quod
699 3664 875 3697 differentia
899 3672 946 3697 est
962 3666 1045 3697 inter
1064 3666 1270 3707 operationes
1294 3672 1393 3698 trans-

1450 2505 1565 2531 euntes
1589 2506 1620 2530 et
1643 2499 1869 2538 immanentes,
1894 2500 1971 2541 quia
2000 2506 2204 2532 transeuntes
2226 2510 2295 2532 non
2323 2506 2400 2532 sunt
2425 2499 2533 2543 perfe-

1449 2545 1575 2575 ctiones
1590 2545 1783 2576 intrinsecae
1795 2545 1929 2586 agentis,
1942 2544 1999 2576 sed
2010 2546 2177 2586 patientis;
2190 2546 2407 2578 immanentes
2421 2551 2532 2578 aute-

1449 2595 1524 2620 sunt
1539 2588 1758 2630 perfectiones
1773 2595 1805 2621 et
1821 2590 2021 2621 actualitates
2040 2590 2175 2631 agentis.
2196 2590 2238 2622 Et
2257 2600 2297 2622 ex
2311 2591 2377 2622 hoc
2393 2591 2532 2623 sumitur

1449 2633 1540 2675 quod
1563 2634 1752 2675 intelligere,
1772 2643 1858 2676 quae
1873 2640 1922 2666 est
1941 2636 2089 2676 operatio
2113 2636 2308 2672 immanens,
2324 2641 2533 2678 comparatur

1449 2679 1489 2710 ad
1512 2679 1715 2710 intellectum
1739 2680 1824 2711 sicut
1851 2689 1922 2711 esse
1946 2680 1986 2712 ad
2017 2682 2200 2713 essentiam.
2233 2680 2325 2712 Sicut
2348 2682 2438 2713 enim
2460 2690 2531 2713 esse

1448 2723 1525 2756 dicit
1560 2724 1709 2756 ultimam
1742 2724 1961 2757 actualitatem
1991 2731 2023 2756 et
2052 2725 2293 2767 perfectionem
2323 2726 2531 2758 intrinsecam

1448 2778 1506 2810 per
1522 2778 1622 2810 quam
1638 2769 1763 2811 aliquid
1779 2770 1979 2811 completive
1995 2776 2043 2802 est
2061 2771 2096 2803 in
2118 2780 2240 2813 genere
2261 2770 2398 2808 entium,
2417 2771 2462 2803 in
2480 2771 2531 2803 in·

1447 2814 1592 2855 telligere
1610 2820 1657 2846 est
1669 2815 1784 2846 ultima
1795 2814 1955 2856 perfectio
1966 2816 2151 2848 intellectus
2162 2816 2346 2854 intrinseca,
2358 2825 2418 2858 per
2429 2825 2530 2858 quam

1447 2859 1645 2900 completive
1669 2865 1702 2890 et
1725 2860 1894 2892 actualiter
1916 2866 1965 2892 est
1987 2861 2021 2892 in
2043 2870 2164 2902 genere
2187 2860 2453 2902 intelligibilium.
2476 2860 2530 2893 ln·

1447 2904 1596 2936 tellectus
1619 2905 1708 2936 enim
1732 2905 1956 2937 consideratus
1986 2911 2022 2937 ut
2052 2905 2248 2938 informatus
2276 2906 2386 2947 specie
2411 2905 2530 2938 inteni-

1446 2949 1536 2990 gibili
1561 2955 1688 2981 tantum
1712 2955 1744 2980 et
1767 2959 1836 2981 non
1860 2950 2027 2982 acmaliter
2049 2951 2243 2993 intelligens,
2267 2951 2461 2983 assimilatur
2482 2950 2530 2982 rei

1447 2994 1578 3025 habenti
1604 2994 1743 3026 formam
1767 2995 1801 3026 in
1825 2995 1883 3026 illo
1906 2996 2005 3036 priori
2035 3005 2103 3037 quo
2125 2995 2348 3028 consideratur
2373 3001 2411 3028 ut
2437 2995 2529 3028 unita

1446 3039 1600 3070 materiae
1624 3045 1656 3071 et
1678 3039 1828 3071 nondum
1861 3040 1941 3072 dans
1963 3040 2009 3072 illi
2041 3050 2110 3073 esse
2134 3041 2191 3073 sed
2220 3041 2422 3073 constituens

1446 3085 1555 3125 prium
1579 3085 1802 3126 susceptivum
1826 3094 1897 3116 esse
1908 3086 1935 3116 ⁰.
1961 3085 2050 3123 Ideo,
2067 3087 2151 3118 sicut
2174 3095 2224 3117 res
2240 3086 2364 3117 habens
2387 3084 2528 3117 formam

1445 3129 1479 3160 in
1492 3129 1549 3160 illo
1562 3130 1662 3170 priori
1675 3129 1857 3161 secundum
1872 3130 2057 3162 intellectus
2069 3131 2366 3163 considerationem
2376 3129 2527 3162 nondum

1447 3175 1544 3206 habet
1566 3174 1716 3206 ultimam
1740 3175 1959 3207 actualitatem
1979 3181 2012 3207 et
2034 3175 2270 3217 perfectionem
2294 3174 2387 3212 entis,
2411 3175 2456 3206 ita
2477 3175 2527 3207 in-

1446 3219 1595 3251 tellectus
1611 3220 1645 3251 in
1661 3219 1719 3251 illo
1738 3220 1838 3261 priori
1855 3225 1930 3252 ante
1947 3220 2128 3262 intelligere
2143 3219 2366 3252 consideratur
2386 3224 2423 3250 ut
2442 3229 2527 3252 non·

1447 3264 1526 3295 dum
1543 3264 1708 3305 complete
1723 3265 1756 3296 in
1773 3270 1848 3296 actu
1864 3265 1898 3296 in
1914 3274 2033 3306 genere
2057 3264 2318 3306 intelligibilium.
2342 3264 2403 3295 Per
2418 3265 2527 3306 ipsum

1446 3315 1556 3340 autem
1579 3309 1760 3350 intelligere
1787 3309 1972 3351 completur
2000 3310 2034 3341 in
2064 3314 2150 3346 actu,
2175 3315 2207 3341 et
2235 3308 2385 3350 amplius,
2409 3315 2446 3341 ut
2469 3310 2525 3348 sic,

1446 3355 1479 3385 in
1503 3354 1651 3395 potentia
1674 3363 1742 3386 non
1766 3360 1887 3386 manet.

1502 3399 1554 3430 111.
1584 3399 1704 3430 Tertio.
1730 3398 1764 3431 Si
1788 3408 1857 3430 non
1873 3403 1959 3430 esset
1981 3399 2037 3435 sic,
2054 3397 2178 3439 aliquid
2201 3403 2284 3429 esset
2308 3397 2370 3429 Dei
2389 3399 2526 3430 essentia

1445 3443 1621 3484 perfectius
1645 3450 1677 3475 et
1699 3443 1854 3475 nobilius.
1878 3443 1921 3475 Et
1943 3443 1989 3474 sic
2012 3443 2103 3474 Deus
2125 3452 2195 3474 non
2219 3448 2303 3474 esset
2325 3443 2470 3484 primum
2494 3449 2526 3475 et

1446 3487 1718 3529 perfectissimum
1741 3497 1808 3520 ens.
1825 3506 1848 3512 -
1866 3487 2024 3519 Ptobatur
2047 3488 2292 3529 consequentia.
2324 3487 2412 3527 Quia
2435 3494 2526 3520 actus

1446 3532 1609 3565 secundus
1621 3539 1670 3565 est
1685 3532 1860 3575 perfectior
1874 3537 1951 3564 actu
1962 3532 2082 3573 primo,
2095 3532 2180 3572 sicut
2191 3531 2409 3564 consideratio
2425 3542 2526 3574 quam

1446 3579 1594 3610 scientia:
1621 3577 1752 3615 scilicet,
1775 3577 1832 3608 ubi
1855 3582 1947 3608 actus
1976 3576 2140 3608 secundus
2169 3576 2296 3608 realiter
2320 3577 2526 3619 distinguitur

1447 3632 1464 3653 a
1488 3624 1606 3664 primo.
1637 3622 1701 3654 Sed
1724 3621 1858 3653 scientia
1890 3626 1922 3653 et
1949 3621 2133 3653 intellectus
2161 3621 2223 3653 Dei
2252 3627 2300 3653 est
2322 3621 2410 3654 idem
2434 3622 2525 3664 quod

1447 3668 1516 3699 eius
1540 3668 1688 3699 essentia.
1704 3666 1792 3707 Ergo
1807 3665 1862 3697 ille
1878 3671 1969 3698 actus
1986 3667 2045 3697 erit
2060 3665 2236 3707 perfectior
2252 3667 2390 3699 essentia
2406 3667 2524 3699 divina.

2562 795 2571 803 “
2587 793 2646 821 Cap.
2659 800 2727 816 xxm.

2561 955 2570 964 ·
2586 953 2623 976 et.
2631 959 2684 981 cap.
2693 959 2768 976 rxvm

2562 1280 2572 1289 '
2587 1278 2647 1307 cap.
2660 1284 2710 1301 xvi.

2561 1547 2572 1557 ⁶
2582 1545 2619 1570 Cf.
2628 1551 2680 1575 up.
2688 1552 2768 1568 xxxvii

2562 1579 2664 1596 xxxvm.

2556 3085 2565 3094 ·
2580 3082 2619 3106 Cf.
2637 3083 2768 3108 commem.

2556 3117 2577 3133 c.
2592 3118 2656 3141 un,
2671 3117 2695 3135 n.
2706 3117 2736 3134 tv.
