2768 4134
46 1795 56 1804 ·
66 1793 103 1815 Cf.
114 1800 133 1815 s.
144 1792 212 1814 Tim.
224 1798 261 1821 ¹3;

45 1820 99 1842 Did.
115 1820 156 1847 Vl,
170 1825 223 1846 xm,
238 1826 261 1846 4.

295 318 371 354 442

294 383 399 416 forma
422 386 453 411 et
467 380 600 410 materia
615 379 810 409 conveniant
825 378 860 408 in
875 387 944 408 uno
968 386 1047 413 esse,
1071 378 1105 407 in
1129 386 1197 417 quo
1221 376 1363 407 subsistit

293 425 468 457 substantia
490 423 672 463 composita
695 431 733 453 ex
756 422 894 452 materia*
913 427 945 452 et
967 420 1082 457 forma,
1114 430 1197 462 quae
1228 426 1276 452 est
1298 429 1363 451 una

293 467 472 506 secundum
489 476 567 503 esse,
584 465 675 506 quod
690 475 758 496 non
775 466 928 496 convenit
942 465 1104 505 principio
1121 464 1270 496 effectivo
1287 474 1363 496 cum

293 512 333 544 eo
358 512 410 542 cui
434 511 488 542 dat
511 519 589 541 esse.

346 554 551 586 Antecedens
586 563 663 584 vero
696 554 851 594 probatur
884 553 995 594 quoad
1025 559 1196 594 utramque
1228 558 1362 594 partem.

291 599 412 639 Quoad
437 600 577 639 primam
600 597 748 639 quidem:
774 598 860 639 quia,
888 598 915 629 si
946 597 1026 628 illud
1052 607 1121 629 non
1147 602 1258 639 posset
1287 597 1363 628 sub-

291 644 424 675 stantiae
443 642 600 683 spirituali
623 643 808 679 convenire,
827 643 891 673 hoc
911 651 971 682 pro
995 648 1086 673 tanto
1111 648 1195 674 esset
1217 642 1294 682 quia
1317 647 1365 672 est

290 688 475 723 subsistens,
495 692 536 718 ut
558 687 706 728 superius
730 693 778 718 est
796 687 990 728 probatum;
1007 688 1052 718 rei
1073 688 1161 717 enim
1180 686 1364 717 subsistenti

290 732 417 763 videtur
438 740 618 771 repugnare
642 736 679 762 ut
702 731 742 761 sit
764 731 962 772 principium
989 730 1124 762 formale
1148 729 1274 761 essendi
1296 739 1364 761 ma-

289 777 397 812 teriae,
422 776 515 816 quasi
538 784 607 807 esse
631 785 727 806 suum
751 776 999 806 communicans
1025 775 1188 806 materiae.
1213 773 1277 806 Sed
1299 774 1364 805 hoc

289 830 358 851 non
385 820 502 850 obstat.
525 819 612 858 Quia
634 829 704 850 non
731 820 921 850 inconvenit
946 818 1036 859 quod
1063 818 1150 849 idem
1174 819 1215 849 sit
1238 827 1307 849 esse
1329 819 1363 849 in

290 874 358 905 quo
382 864 525 895 subsistit
541 865 763 904 compositum
779 869 811 894 et
826 864 895 904 ipsa
911 863 1032 893 forma:
1051 872 1127 893 cum
1143 864 1364 903 compositum

288 918 358 940 non
381 909 421 938 sit
443 909 506 939 nisi
528 917 587 949 per
606 907 755 945 formam,
771 917 833 938 nec
849 916 995 938 seorsum
1010 912 1187 948 utrumque
1203 907 1364 943 subsistat,

290 959 322 984 et
336 962 395 994 per
418 961 623 992 consequens
640 961 708 983 esse
731 952 871 982 formam
895 951 1023 982 alterius
1046 960 1114 982 non
1138 951 1224 982 tollit
1239 952 1278 982 ab
1294 952 1364 992 ipsa

289 997 538 1029 subsistentiam.

346 1040 465 1079 Quoad
481 1039 657 1071 secundam
673 1049 750 1070 vero
766 1044 891 1079 partem
907 1039 1076 1079 probatur:
1095 1039 1181 1079 quia,
1198 1039 1224 1068 si
1241 1038 1363 1079 aliquid

288 1085 476 1126 prohiberet
502 1083 697 1114 substantiae
725 1083 897 1123 spiritualis
925 1089 956 1113 et
982 1083 1135 1113 materiae
1167 1092 1235 1113 esse
1258 1092 1364 1113 unum

289 1139 368 1165 esse,
392 1129 457 1159 hoc
479 1137 540 1168 pro
564 1133 654 1158 tanto
679 1132 763 1158 esset
786 1127 864 1167 quia
886 1132 962 1157 sunt
978 1126 1180 1157 diversorum
1195 1136 1362 1167 generum,

289 1179 321 1204 et
343 1173 398 1203 illa
421 1178 469 1202 est
491 1172 634 1210 nobilior
657 1172 835 1202 substantia
862 1180 962 1211 quam
987 1172 1136 1208 materia;
1161 1170 1365 1202 diversorum

289 1222 398 1248 autem
420 1225 578 1256 generum
601 1215 745 1246 diversus
774 1221 822 1246 est
849 1215 968 1246 modus
993 1215 1130 1252 essendi,
1148 1220 1180 1246 et
1194 1215 1365 1246 nobilioris

288 1261 484 1292 substantiae
506 1260 649 1291 nobilius
673 1266 721 1291 est
753 1269 831 1291 esse.
857 1259 921 1291 Sed
944 1260 1008 1291 hoc
1034 1269 1104 1290 non
1135 1260 1258 1290 obstat:
1287 1260 1364 1300 quia

287 1304 367 1337 illud
392 1314 460 1335 esse
493 1314 562 1335 non
595 1309 643 1335 est
674 1304 793 1335 eodem
823 1303 924 1335 modo
951 1304 1147 1335 substantiae
1180 1304 1363 1344 spiritualis,

288 1355 320 1380 et
353 1349 515 1379 materiae.
547 1349 604 1379 Est
635 1349 723 1379 enim
755 1349 908 1379 materiae
936 1354 973 1379 ut
998 1349 1197 1388 recipientis,
1230 1353 1262 1378 et
1288 1349 1363 1379 sub-

287 1395 363 1425 iecti
398 1393 437 1424 ad
468 1392 590 1433 aliquid
616 1393 710 1423 altius
743 1393 874 1423 elevati:
906 1394 1102 1423 substantiae
1129 1397 1239 1423 autem
1272 1393 1364 1433 spiri-

287 1439 382 1470 tualis
413 1443 450 1468 ut
479 1438 643 1477 principii,
678 1442 710 1467 et
739 1436 922 1468 secundum
954 1438 1104 1478 propriae
1128 1442 1260 1467 naturae
1284 1446 1364 1468 con-

286 1482 481 1523 gruentiam.

345 1527 374 1557 3.
387 1525 439 1556 Ad
452 1525 647 1557 evidentiam
659 1525 862 1566 probationis
877 1526 1001 1566 primae
1018 1526 1116 1566 partis
1132 1525 1362 1562 antecedentis,

288 1569 561 1601 considerandum
586 1569 686 1610 quod,
711 1570 737 1600 si
768 1579 836 1601 esse
852 1579 917 1610 per
938 1579 973 1601 se
998 1569 1174 1600 subsistens
1201 1569 1364 1610 accipere-

286 1624 360 1645 mus
384 1619 482 1655 prout
505 1613 592 1645 idem
616 1619 664 1644 est
680 1613 771 1654 quod
793 1614 856 1644 hoc
879 1613 1006 1654 aliquid
1027 1615 1159 1654 proprie
1183 1619 1363 1654 sumptum,

288 1658 380 1699 quod
403 1664 451 1689 est
474 1659 651 1689 subsistens
666 1658 870 1698 completum
886 1659 920 1688 in
934 1663 1049 1689 natura
1073 1658 1210 1688 alicuius
1232 1658 1363 1699 speciei,

288 1708 482 1744 repugnaret
504 1703 620 1743 utique
643 1703 830 1734 subsistenti
846 1712 916 1734 esse
940 1702 1080 1734 formam
1103 1702 1240 1733 alicuius
1262 1707 1364 1733 mate-

288 1749 371 1778 riae:
389 1747 480 1787 quod
496 1747 584 1777 enim
600 1752 647 1777 est
662 1747 697 1777 in
713 1756 747 1776 se
763 1747 968 1788 completum
984 1747 1017 1777 in
1034 1747 1154 1787 specie,
1170 1756 1240 1777 non
1255 1752 1364 1786 potest

290 1801 358 1822 esse
386 1801 459 1832 pars
482 1791 611 1822 alterius
638 1791 769 1831 speciei,
793 1796 830 1822 ut
852 1791 969 1822 dicitur
992 1790 1051 1821 VII
1074 1791 1321 1832 Metaphysicae
1336 1792 1362 1821 ἦ

289 1835 353 1867 Sed
369 1836 414 1866 sic
428 1845 499 1866 non
522 1835 639 1875 accipit
662 1835 726 1866 hoc
750 1835 825 1866 loco
842 1835 979 1866 Sanctus
995 1834 1141 1866 Thomas
1159 1845 1229 1866 esse
1252 1845 1311 1875 per
1330 1845 1364 1866 se

289 1880 475 1916 subsistens,
500 1878 556 1910 sed
573 1884 679 1920 prout
700 1879 846 1910 excludit
868 1879 1105 1909 inhaerentiam
1132 1879 1308 1910 accidentis
1334 1885 1366 1909 et

279 1925 419 1967 formae
435 1923 625 1954 materialis.
639 1923 694 1954 Sic
706 1923 794 1953 enim
810 1923 982 1953 subsistere
996 1928 1043 1953 est
1059 1923 1178 1953 habere
1191 1932 1260 1954 esse
1273 1923 1364 1953 inde-

287 1967 434 2009 pendens
449 1977 468 1998 a
491 1968 637 1998 subiecto
655 1972 687 1997 et
701 1968 844 1998 materia.
862 1967 959 1998 Unde
974 1968 1081 1997 anima
1097 1967 1294 1998 intellectiva
1316 1966 1363 1997 di-

288 2013 372 2044 citur
387 2012 574 2048 subsistens,
591 2012 668 2052 quia
690 2012 788 2042 habet
803 2021 873 2042 esse
889 2021 908 2042 a
927 2012 1062 2042 materia
1075 2021 1146 2042 non
1163 2011 1363 2051 dependens,

288 2067 329 2088 eo
346 2055 437 2097 quod
460 2065 528 2086 non
552 2056 592 2086 sit
614 2056 767 2086 immersa
788 2056 952 2092 materiae,
975 2065 1037 2086 nec
1061 2055 1102 2086 de
1124 2056 1272 2096 potentia
1295 2065 1363 2086 ma-

287 2101 386 2132 teriae
409 2101 449 2131 sit
472 2099 598 2131 educta.
616 2099 669 2131 Sic
692 2105 803 2131 autem
827 2100 1012 2130 subsistenti
1027 2109 1096 2130 non
1119 2105 1278 2141 repugnat
1295 2109 1363 2130 esse

287 2145 486 2186 principium
509 2144 646 2175 formale
662 2143 789 2175 essendi
812 2145 979 2175 materiae:
1004 2149 1113 2185 potest
1129 2145 1216 2175 enirn
1241 2143 1363 2185 aliquid

288 2199 385 2221 suum
408 2198 477 2220 esse
500 2188 677 2220 formaliter
701 2189 944 2220 communicare
968 2189 1131 2225 materiae,
1157 2193 1189 2219 et
1211 2194 1321 2220 tamen
1345 2198 1364 2218 a

288 2235 420 2266 materia
443 2243 512 2264 non
535 2233 718 2274 dependere
741 2233 923 2264 secundum
948 2242 1027 2264 esse.

345 2278 442 2310 Circa
464 2278 641 2309 secundam
664 2283 790 2318 partem
805 2277 1025 2310 antecedentis
1049 2283 1081 2308 et
1104 2278 1174 2309 eius
1197 2278 1363 2318 probatio-

287 2332 376 2359 nem,
393 2322 627 2353 attendendum
650 2322 741 2362 quod
764 2323 872 2353 anima
895 2322 1100 2358 intellectiva,
1124 2331 1201 2352 cum
1224 2323 1265 2352 sit
1288 2322 1363 2352 sub-

289 2367 404 2398 stantia
427 2377 445 2397 a
467 2367 600 2397 materia
622 2376 692 2397 non
715 2366 903 2408 dependens
922 2365 1105 2397 secundum
1128 2375 1208 2403 esse,
1224 2367 1365 2407 pertinet

289 2411 400 2451 aliquo
416 2410 517 2441 modo
542 2410 582 2441 ad
605 2410 754 2442 ordinem
778 2411 1028 2442 substantiarum
1051 2410 1313 2442 immaterialium
1333 2415 1365 2441 et

289 2455 568 2487 intellectualium.
594 2454 718 2485 Omnes
741 2461 850 2486 autem
874 2455 954 2486 aliae
978 2455 1102 2486 formae
1130 2455 1363 2491 substantiales,

291 2509 367 2531 cum
390 2499 570 2530 secundum
596 2508 664 2530 esse
689 2510 706 2530 a
730 2500 863 2530 materia
886 2499 1100 2540 dependeant,
1118 2499 1363 2540 educanturque

291 2544 331 2575 de
354 2544 500 2584 potentia
526 2543 688 2580 materiae,
720 2543 760 2575 ad
788 2543 937 2575 ordinem
964 2553 1073 2575 rerum
1102 2544 1305 2575 sensibilium
1333 2548 1364 2574 et

290 2588 505 2619 materialium
532 2589 668 2618 omnino
692 2589 864 2628 pertinent.
889 2587 967 2619 Inde
989 2589 1140 2629 provenit
1163 2587 1264 2629 quod,
1288 2597 1364 2619 cum

290 2633 424 2665 materia
439 2632 548 2673 aliqua
563 2631 667 2663 forma
683 2633 839 2664 materiali
854 2631 1058 2670 informatur,
1071 2642 1140 2664 non
1152 2632 1268 2664 dicitur
1283 2632 1365 2664 trahi

289 2676 331 2708 ad
354 2675 476 2718 aliquid
498 2677 674 2717 superioris
692 2676 813 2708 ordinis
838 2682 870 2708 et
893 2677 1024 2708 elevari:
1042 2686 1119 2708 cum
1142 2682 1208 2708 tam
1232 2677 1365 2708 materia

291 2731 390 2762 quam
405 2720 511 2752 forma
533 2720 704 2752 materialis
728 2720 768 2752 ad
791 2720 933 2752 eundem
956 2730 1065 2752 rerum
1095 2721 1244 2752 ordinem
1267 2721 1366 2762 perti-

289 2771 398 2797 neant.
423 2765 510 2796 Cum
534 2771 644 2797 autem
663 2774 720 2806 per
744 2766 885 2796 animam
908 2765 1139 2798 intellectivam
1162 2765 1365 2802 informatur,

290 2810 424 2841 trahitur
447 2809 487 2841 ad
506 2819 575 2841 esse
599 2810 773 2850 superioris
786 2809 925 2840 ordinis:
945 2811 1022 2851 quia
1037 2811 1144 2842 anima
1159 2810 1365 2846 intellectiva,

291 2855 343 2886 cui
359 2864 456 2885 suum
479 2864 549 2886 esse
571 2853 753 2885 secundum
779 2854 930 2895 propriae
957 2860 1090 2886 naturae
1119 2855 1366 2895 congruentiam

290 2899 453 2936 convenit,
469 2899 609 2940 pertinet
623 2897 664 2930 ad
685 2908 788 2939 genus
804 2898 1074 2936 immaterialium,
1091 2898 1183 2940 quod
1199 2908 1303 2940 genus
1320 2904 1367 2930 est

290 2943 438 2984 superius
465 2948 497 2974 et
527 2942 655 2984 dignius
683 2951 802 2983 genere
830 2942 1039 2974 sensibilium.
1073 2943 1150 2974 Non
1180 2949 1228 2974 est
1257 2948 1366 2974 autem

290 2988 524 3019 inconveniens
547 2986 581 3018 id
607 2987 699 3028 quod
726 2992 774 3019 est
803 2986 963 3018 inferioris
990 2987 1122 3024 ordinis,
1149 2988 1230 3018 trahi
1255 2987 1366 3028 aliquo

290 3031 392 3063 modo
416 3037 447 3063 et
471 3031 588 3063 elevari
619 3031 659 3063 ad
693 3031 858 3072 quandam
887 3031 1168 3072 participationem
1193 3033 1367 3072 superioris

292 3075 429 3108 ordinis:
454 3075 603 3108 videmus
619 3077 707 3108 enim
722 3077 757 3107 in
772 3076 867 3107 nobis
883 3076 1089 3116 cogitativam
1104 3077 1266 3113 virtutem,
1283 3085 1366 3117 quae

291 3120 332 3152 ad
347 3126 495 3152 naturam
507 3121 694 3152 sensitivam
708 3121 858 3161 pertinet,
874 3125 1008 3160 propter
1019 3120 1084 3152 hoc
1097 3120 1188 3161 quod
1202 3121 1236 3152 in
1253 3120 1367 3152 eadem

292 3166 430 3196 essentia
453 3165 580 3196 animae
604 3174 680 3196 cum
703 3164 872 3196 intellectu
895 3163 1065 3202 radicatur,
1089 3164 1130 3196 ad
1154 3165 1296 3206 aliquam
1319 3175 1368 3196 ra-

292 3210 389 3240 tionis
412 3209 663 3250 intellectusque
683 3209 966 3250 participationem
982 3208 1109 3246 elevari,
1126 3208 1205 3240 dum
1228 3210 1367 3250 particu-

293 3253 374 3284 lares
389 3253 632 3294 propositiones
648 3253 776 3290 format,
793 3253 1068 3293 ratiocinaturque
1088 3253 1171 3284 circa
1187 3254 1367 3294 singularia.

293 3297 428 3338 Propter
450 3298 531 3330 haec
547 3307 624 3338 ergo
648 3298 732 3328 bene
748 3298 856 3338 inquit
871 3297 1007 3329 Sanctus
1030 3297 1176 3328 Thomas
1191 3297 1283 3338 quod
1298 3307 1367 3329 esse

294 3342 489 3373 substantiae
517 3342 688 3382 spiritualis
714 3341 919 3374 informantis
948 3342 1116 3373 materiam
1139 3347 1188 3372 est
1216 3343 1369 3374 materiae

294 3390 450 3426 tanquam
472 3386 605 3418 subiecti
628 3386 672 3417 ad
695 3386 820 3427 aliquid
843 3386 942 3418 altius
965 3386 1091 3418 elevati.

350 3429 401 3461 111.
427 3429 522 3461 Circa
545 3436 654 3461 autem
669 3435 777 3461 totum
797 3429 991 3461 antecedens
1014 3435 1046 3461 et
1069 3431 1138 3461 eius
1161 3430 1368 3471 probationes

296 3474 392 3505 simul
415 3473 587 3506 dubitatur.
610 3474 746 3506 Videtur
770 3475 857 3506 enim
881 3484 920 3506 ex
936 3474 1029 3506 dictis
1052 3474 1146 3515 sequi
1168 3474 1260 3515 quod
1282 3474 1368 3506 idem

297 3518 338 3548 sit
360 3527 430 3549 esse
451 3519 486 3549 in
509 3528 576 3559 quo
600 3519 742 3550 subsistit
757 3519 865 3550 anima
881 3518 1084 3555 intellectiva,
1101 3523 1134 3550 et
1148 3519 1368 3559 compositum

299 3570 338 3591 ex
360 3562 429 3602 ipsa
453 3568 484 3593 et
506 3564 648 3600 materia,
673 3564 730 3604 qui
754 3569 802 3595 est
825 3564 938 3594 homo.
954 3563 1030 3594 Hoc
1046 3568 1154 3597 autem
1173 3572 1242 3595 non
1264 3563 1370 3603 placet

300 3604 410 3646 Scoto,
426 3606 460 3637 in
481 3606 617 3645 Quarto,
634 3606 665 3638 d.
690 3617 773 3644 xum,
791 3617 823 3648 q.
840 3618 860 3645 1,
878 3612 910 3639 et
925 3608 959 3639 in
981 3606 1252 3646 Quolibetalibus‚
1271 3616 1302 3647 q.
1319 3617 1367 3638 11:

300 3648 402 3680 immo
426 3656 537 3682 contra
559 3651 624 3682 hoc
646 3651 867 3692 multipliciter
890 3652 1003 3692 arguit.

764 301 953 338 SUMMA
981 299 1205 336 CONTRA
1232 298 1508 343 GENTILES,
1537 298 1631 335 LIB.
1653 299 1694 344 Π,
1725 298 1836 335 CAP.
1856 299 2025 337 LXVIII.

1473 376 1515 406 Et
1530 377 1648 417 primo,
1665 377 1711 407 sic
1723 377 1750 407 ἦ
1772 376 1875 407 Omne
1897 386 1955 408 ens
1968 377 2064 409 habet
2077 379 2213 419 aliquod
2227 389 2296 411 esse
2304 381 2490 421 proprium.

1417 419 1540 455 Homo,
1558 425 1594 451 ut
1608 420 1716 457 homo,
1733 426 1781 451 est
1795 420 1932 461 aliquod
1946 429 2023 452 ens:
2038 431 2104 452 non
2121 427 2246 454 tantum
2258 425 2380 456 anima.
2394 425 2490 466 Ergo

1417 464 1513 495 habet
1534 464 1669 505 aliquod
1691 474 1759 496 esse
1775 465 1961 505 proprium,
1978 470 2010 496 et
2025 475 2091 496 non
2115 471 2241 497 tantum
2265 477 2334 500 esse
2350 469 2491 501 animae.

1475 508 1627 539 Secundo
1637 509 1663 538 ’ἱ
1674 508 1714 539 In
1727 509 1789 539 hoc
1801 508 1929 540 videtur
1939 508 2089 549 (Sanctus
2100 510 2259 551 Thomas)
2267 512 2493 544 contradicere

1418 553 1479 584 sibi
1495 553 1564 594 ipsi.
1585 552 1673 589 Quia
1689 553 1757 594 ipse
1771 557 1858 584 tenet
1871 553 1960 589 alibi,
1974 553 2096 585 scilicet
2111 554 2156 585 IV
2170 555 2269 592 Sent„
2283 555 2314 587 d.
2327 565 2412 594 xmx,
2425 566 2457 598 q.
2469 567 2490 593 1,

1419 607 1447 628 a.
1468 605 1496 634 ι,
1513 597 1573 638 qu⁸
1589 604 1616 634 ι,
1634 596 1675 628 ad
1690 605 1722 636 4,
1738 597 1826 638 quod
1844 610 1859 624 ‹
1878 602 1983 629 status
2005 599 2135 630 animae
2150 599 2183 630 in
2201 609 2341 641 corpore
2358 605 2406 631 est
2413 610 2493 641 per-

1409 642 1539 684 fectior
1561 651 1658 682 quam
1673 646 1778 673 status
1793 641 1863 673 eius
1885 647 1981 673 extra
2000 652 2129 684 corpus,
2146 643 2224 684 quia
2244 649 2292 675 est
2306 653 2391 685 pars
2406 654 2494 676 com-

1413 685 1526 727 positi,
1551 691 1583 716 et
1597 686 1703 717 omnis
1712 695 1796 726 pars
1811 691 1859 716 est
1874 686 2054 718 materialis
2070 693 2215 728 respectu
2235 689 2336 720 totius
2355 702 2382 719 ».
2403 689 2494 721 Tunc

1419 730 1576 772 arguitur
1590 730 1647 760 sic.
1668 729 1766 766 Quod
1779 730 1875 761 habet
1887 730 2033 762 totaliter
2047 731 2131 763 idem
2146 742 2215 763 esse
2222 733 2409 774 proprium,
2428 743 2493 764 non

1419 780 1467 805 est
1490 774 1710 815 imperfectius
1733 784 1775 804 ex
1797 774 1859 805 hoc
1881 774 1953 805 solo
1984 775 2072 816 quod
2102 786 2167 807 non
2191 776 2411 808 communicat
2435 777 2495 808 alii

1420 818 1503 849 illud
1529 826 1615 849 esse:
1645 827 1718 848 cum
1739 818 1901 860 perfectio
1930 819 2129 850 naturaliter
2148 827 2440 862 praes-apponatur
2465 821 2495 852 ei

1419 863 1507 904 quod
1521 868 1569 893 est
1583 862 1826 893 communicare
1834 863 2084 904 perfectionem.
2101 863 2174 900 Sed,
2185 874 2250 906 per
2260 870 2300 902 te,
2317 866 2430 896 anima
2446 870 2494 896 to—

1419 907 1531 938 taliter
1551 907 1647 938 habet
1661 906 1745 938 idem
1767 916 1837 938 esse
1858 912 2012 947 separata
2035 913 2068 938 et
2089 909 2282 940 coniuncta:
2304 909 2406 941 immo
2426 919 2496 941 esse

1418 951 1506 993 quod
1517 956 1566 982 est
1577 951 1678 982 totale
1689 960 1758 982 esse
1771 950 1913 982 hominis
1928 951 2059 992 quando
2076 953 2337 984 communicatur
2350 954 2494 995 corpori.

1418 996 1513 1037 Ergo
1545 996 1615 1036 ipsa
1646 995 1679 1026 in
1708 995 1800 1026 nullo
1833 1000 1881 1026 est
1908 995 2132 1037 imperfectior
2151 1006 2219 1037 pro
2246 1006 2285 1028 eo
2312 997 2401 1039 quod
2428 1007 2494 1029 non

1419 1040 1639 1071 communicat
1661 1039 1744 1070 idem
1768 1049 1837 1070 esse
1860 1040 2003 1080 corpori.
2028 1039 2132 1071 Cuius
2160 1041 2352 1082 oppositum
2379 1040 2494 1072 dixisti.

1474 1084 1586 1115 Tertio
1599 1085 1627 1114 ³.
1651 1083 1850 1124 Sequeretur
1865 1083 1956 1124 quod
1971 1084 2079 1115 anima
2093 1093 2163 1116 non
2178 1090 2262 1116 esset
2275 1084 2496 1126 imperfectior

1417 1128 1452 1158 in
1476 1127 1614 1159 essendo
1638 1137 1738 1168 quam
1753 1128 1867 1159 homo.
1884 1128 1959 1159 Hoc
1977 1133 2025 1159 est
2043 1128 2170 1160 falsum.
2190 1129 2278 1170 Ergo
2301 1134 2362 1160 etc.
2377 1146 2400 1156 ψ
2415 1129 2495 1160 Pro-

1417 1173 1511 1203 batur
1534 1173 1785 1212 consequentia:
1811 1173 1887 1213 quia
1913 1173 2065 1204 habentia
2087 1172 2176 1204 idem
2199 1182 2268 1205 esse
2291 1178 2368 1204 sunt
2389 1182 2495 1214 aeque

1418 1216 1561 1258 perfecta
1583 1217 1618 1247 in
1642 1216 1790 1247 essendo.

1473 1260 1599 1298 Quarto
1611 1261 1638 1291 ³.
1663 1261 1743 1292 Esse
1763 1261 1939 1302 compositi
1957 1262 2190 1302 corrumpitur:
2208 1263 2285 1302 quia
2300 1271 2367 1292 non
2387 1267 2497 1294 manet

1418 1314 1487 1335 esse
1510 1305 1610 1335 totius
1637 1305 1702 1335 nisi
1724 1310 1857 1335 maneat
1879 1310 1982 1336 totum
2004 1305 2126 1339 habens
2149 1305 2234 1336 illud
2256 1312 2342 1343 esse;
2365 1311 2398 1336 et
2420 1306 2494 1337 uni-

1417 1348 1581 1379 versaliter
1608 1349 1732 1380 nullius
1755 1358 1823 1380 esse
1847 1349 1977 1380 actuale
2000 1349 2130 1380 videtur
2151 1359 2284 1381 manere
2311 1349 2407 1387 idem,
2431 1349 2496 1384 nisi

1418 1398 1569 1424 manente
1591 1393 1649 1424 illo
1674 1393 1763 1434 quod
1785 1393 1960 1424 actualiter
1973 1394 2069 1424 habet
2091 1393 2174 1424 illud
2188 1403 2266 1426 esse.
2290 1393 2370 1424 Esse
2385 1399 2495 1424 autem

1418 1438 1545 1469 animae
1569 1442 1617 1468 est
1638 1437 1894 1478 incorruptibile.
1911 1438 1998 1478 Ergo
2013 1447 2084 1468 non
2101 1443 2151 1468 est
2163 1438 2252 1470 idem
2276 1447 2345 1469 esse
2367 1439 2495 1469 animae

1419 1487 1451 1512 et
1474 1490 1543 1512 esse
1565 1481 1720 1512 hominis.

1471 1525 1608 1566 Propter
1622 1526 1703 1557 haec
1720 1525 1888 1566 distinguit
1909 1526 1991 1566 ipse,
2012 1526 2068 1556 ubi
2091 1535 2198 1567 supra,
2221 1526 2256 1557 iu
2280 1526 2495 1569 Quolibetali·

1415 1569 1486 1605 bus,
1503 1569 1544 1600 de
1560 1569 1684 1610 duplici
1699 1579 1779 1606 esse,
1791 1571 1944 1610 inquiens
1960 1569 2052 1610 quod
2068 1569 2240 1612 dupliciter
2256 1570 2360 1611 accipi
2374 1576 2494 1612 potest.

1421 1614 1494 1644 Uno
1518 1614 1626 1650 modo,
1646 1624 1711 1655 pro
1729 1623 1767 1644 eo
1784 1624 1848 1655 quo
1866 1614 1978 1654 primo
1986 1614 2184 1656 formaliter
2199 1614 2325 1656 aliquid
2339 1614 2462 1646 recedit
2474 1623 2495 1646 a

1418 1667 1484 1688 non
1510 1666 1598 1688 esse:
1613 1663 1646 1689 et
1658 1659 1721 1689 hoc
1736 1663 1786 1689 est
1803 1658 1887 1689 illud
1902 1667 1968 1700 per
1982 1658 2071 1699 quod
2085 1658 2213 1700 aliquid
2226 1663 2276 1690 est
2289 1664 2386 1690 extra
2401 1658 2495 1690 intel·

1418 1702 1534 1733 lectum
1558 1707 1591 1733 et
1608 1703 1790 1743 potentiam
1813 1712 1894 1734 suae
1921 1711 2051 1733 causae.
2069 1703 2145 1734 Alio
2161 1702 2270 1739 modo,
2287 1713 2355 1744 pro
2379 1703 2493 1734 ultimo

1417 1751 1503 1782 actu,
1521 1747 1575 1777 cui
1589 1746 1713 1778 scilicet
1728 1757 1794 1778 non
1813 1747 1945 1778 advenit
1963 1747 2083 1788 aliquis
2105 1747 2191 1778 alius
2213 1752 2306 1779 actus
2322 1747 2405 1779 dans
2427 1757 2496 1780 esse

1417 1790 1624 1831 simpliciter;
1647 1796 1679 1822 et
1708 1791 1813 1832 ipsum
1835 1791 1958 1823 dicitur
1982 1791 2175 1832 simpliciter
2199 1791 2319 1823 habere
2347 1801 2417 1823 esse
2442 1791 2497 1823 em·

1411 1834 1523 1875 primo
1545 1835 1696 1866 convenit
1718 1845 1787 1866 esse
1809 1835 1856 1866 sic
1879 1835 2019 1873 dictum;
2035 1835 2158 1876 primo,
2179 1835 2322 1876 inquam,
2338 1835 2387 1868 sic
2408 1836 2498 1879 quod

1417 1889 1483 1909 non
1499 1879 1543 1909 sit
1564 1879 1667 1910 alicui
1681 1879 1779 1910 alteri
1795 1879 1881 1911 ratio
1902 1879 2029 1910 essendi
2045 1880 2103 1910 illo
2127 1888 2205 1910 esse.
2223 1878 2413 1912 Secundum
2430 1880 2496 1923 pri-

1416 1932 1509 1954 mum
1524 1923 1674 1960 modum,
1691 1924 1862 1955 cuiuslibet
1875 1923 1959 1954 entis
1974 1928 2070 1954 extra
2094 1923 2292 1954 intellectum
2308 1929 2341 1954 et
2361 1932 2496 1956 causam

1417 1971 1464 1998 est
1480 1967 1656 2007 proprium
1680 1976 1758 1999 esse.
1783 1967 1953 2005 Quantum
1976 1976 2054 1998 vero
2079 1967 2120 1998 ad
2142 1967 2324 1999 secundum
2346 1966 2496 2005 modim,

1415 2011 1522 2042 solum
1547 2011 1761 2052 compositum
1771 2012 1958 2054 perfectum
1977 2011 2011 2042 in
2026 2012 2133 2052 specie
2146 2012 2242 2044 habet
2259 2021 2328 2043 esse
2341 2012 2498 2053 simlici·

1417 2061 1487 2086 ter:
1497 2064 1581 2096 pars
1593 2061 1701 2087 autem
1714 2057 1784 2088 eius
1797 2056 1920 2087 dicitur
1933 2065 2004 2088 esse
2013 2066 2078 2097 per
2092 2056 2245 2088 accidens
2261 2056 2496 2094 tantummodo,

1417 2099 1477 2136 vel,
1502 2100 1610 2142 magis
1625 2101 1776 2142 proprie,
1794 2100 2038 2142 participative,
2055 2110 2120 2142 per
2140 2100 2228 2133 istud
2249 2110 2318 2132 esse
2342 2099 2451 2133 totius.

1474 2143 1523 2174 Ex
1546 2145 1595 2175 his
1611 2144 1698 2175 elicit
1713 2143 1791 2176 duo.
1807 2145 1955 2176 Primum
1979 2150 2037 2182 est,
2054 2144 2145 2186 quod
2167 2145 2279 2176 anima
2300 2144 2497 2177 intellectiva

1418 2193 1466 2219 est
1482 2198 1546 2229 per
1566 2198 1601 2219 se
1623 2198 1691 2226 ens,
1711 2189 1823 2230 primo
1848 2188 1945 2220 modo
1969 2189 2157 2230 accipiendo
2185 2197 2274 2221 esse:
2297 2198 2364 2221 non
2388 2190 2497 2221 autem

1416 2233 1559 2263 secundo
1577 2233 1684 2270 modo,
1703 2234 1767 2265 nisi
1782 2233 1960 2274 improprie
1979 2238 2011 2264 et
2032 2233 2208 2265 secundum
2232 2234 2319 2275 quid.
2335 2251 2360 2257 -
2374 2233 2498 2266 Secun-

1418 2276 1497 2308 dum
1517 2282 1574 2314 est,
1591 2277 1682 2318 quod
1690 2278 1831 2320 sor-»nae
1853 2283 1885 2309 et
1906 2278 2006 2310 totius
2030 2287 2096 2309 non
2120 2283 2168 2310 est
2191 2278 2275 2310 idem
2298 2287 2367 2310 esse
2382 2278 2496 2320 primo

1417 2321 1525 2358 modo,
1549 2322 1607 2353 sed
1635 2322 1715 2353 bene
1736 2322 1880 2354 secundo
1910 2321 2027 2353 modo:
2060 2322 2136 2354 licet
2162 2331 2228 2354 non
2259 2322 2372 2354 eodem
2397 2322 2496 2354 modo

1417 2365 1460 2397 sit
1483 2366 1660 2408 utriusque,
1684 2366 1742 2398 sed
1763 2367 1863 2398 totius
1870 2366 1994 2408 primo,
2007 2366 2118 2406 partis
2133 2371 2241 2399 autem
2254 2365 2495 2409 participative.

1473 2410 1528 2442 lv.
1552 2409 1604 2442 Ad
1619 2411 1717 2442 huius
1732 2410 1928 2442 difficultatis
1944 2410 2151 2449 evidentiam,
2167 2411 2227 2443 tria
2241 2415 2317 2442 sunt
2333 2409 2494 2448 facienda:

1418 2455 1535 2495 primo,
1552 2455 1798 2495 impugnabitur
1813 2455 1963 2486 brevibus
1978 2455 2059 2486 haec
2076 2455 2166 2487 Scoti
2184 2455 2320 2496 positio;
2337 2454 2494 2492 secundo,

1418 2499 1630 2530 declarabitur
1645 2501 1767 2540 positio
1783 2499 1892 2531 Sancti
1907 2499 2058 2530 Thomae
2069 2500 2101 2536 ’ς
2117 2500 2224 2537 tertio,
2247 2499 2497 2540 respondebitur

1418 2543 1460 2575 ad
1482 2549 1672 2584 argumenta
1686 2545 1713 2575 ⁹.

1474 2587 1644 2626 Quantum
1667 2587 1708 2619 ad
1730 2588 1885 2628 primum,
1901 2588 2045 2628 arguitur
2061 2593 2174 2619 contra
2189 2588 2273 2618 hanc
2296 2588 2496 2629 positionem

1418 2631 1600 2673 dupliciter.
1625 2632 1734 2664 Primo
1751 2633 1807 2664 sic.
1825 2632 2028 2673 Supponitur
2049 2633 2168 2673 primo,
2193 2631 2285 2672 quod
2308 2631 2424 2670 forma,
2439 2641 2496 2665 an-

1419 2682 1552 2718 tequam
1570 2677 1723 2708 materiae
1738 2676 1897 2714 adveniat,
1913 2676 2042 2708 nullum
2057 2686 2126 2708 esse
2149 2677 2266 2708 habeat
2285 2682 2360 2709 actu
2381 2677 2417 2709 in
2438 2684 2496 2709 m·

1419 2726 1506 2752 tura:
1531 2722 1609 2762 quia
1631 2730 1700 2753 non
1717 2726 1765 2752 est
1788 2726 1875 2753 extra
1897 2721 2079 2762 potentiam
2094 2730 2172 2752 suae
2195 2729 2312 2752 causae
2333 2721 2397 2753 nisi
2418 2729 2496 2755 em

1419 2766 1454 2796 in
1476 2766 1610 2797 materia
1633 2765 1836 2806 producitun
1863 2766 1927 2797 nisi
1955 2765 2094 2797 velimus
2121 2773 2246 2806 ponere
2273 2764 2395 2797 formas
2424 2773 2495 2797 esse

1421 2815 1495 2842 ante
1507 2811 1666 2847 materias,
1681 2809 1773 2851 quod
1783 2810 1975 2851 reprobatur
1989 2819 2010 2840 a
2023 2809 2236 2850 philosopho,
2251 2809 2310 2840 ΧΠ
2322 2809 2496 2851 Metaplffr-

1420 2855 1507 2886 sicae
1526 2855 1553 2885 ἦ
1577 2872 1601 2877 -
1623 2854 1827 2896 Supponitur
1850 2853 2006 2891 secund0‚
2031 2853 2123 2895 quod
2153 2854 2190 2885 in
2219 2853 2338 2885 eodem
2363 2853 2496 2887 instanti

1420 2899 1499 2930 reali
1522 2908 1590 2939 quo
1614 2898 1719 2931 forma
1740 2898 1871 2931 advenit
1891 2898 2055 2935 materiae,
2078 2898 2285 2931 constituitur
2307 2903 2340 2929 et
2364 2897 2496 2932 resultat

1422 2943 1644 2984 compositum
1668 2952 1706 2974 ex
1729 2943 1863 2975 materia
1885 2948 1917 2975 et
1939 2943 2056 2980 forma,
2080 2947 2112 2974 et
2134 2941 2216 2974 illud
2237 2942 2356 2983 accipit
2370 2951 2451 2975 esse.

1477 2987 1574 3019 Tunc
1590 2987 1734 3028 arguitur
1749 2988 1805 3019 sic.
1821 2987 1859 3019 In
1882 2986 2000 3020 eodem
2014 2987 2146 3019 instanti
2168 2986 2275 3018 forma
2296 2986 2407 3019 unimr
2428 2994 2496 3020 mt-

1421 3032 1530 3068 ter-iae,
1555 3037 1587 3063 et
1609 3037 1658 3063 est
1680 3033 1902 3073 compositum
1926 3042 1965 3064 ex
1991 3032 2125 3064 materia
2147 3036 2180 3063 et
2206 3030 2320 3063 forma.
2351 3030 2440 3071 Ergo
2461 3031 2497 3064 in

1421 3076 1540 3107 eodem
1563 3077 1696 3108 instanti
1714 3076 1820 3108 forma
1834 3077 1952 3117 accipit
1975 3085 2045 3108 esse
2067 3076 2193 3107 actuale
2209 3081 2241 3108 et
2263 3075 2495 3116 compositum.

1422 3120 1496 3158 Sed,
1520 3130 1578 3162 per
1600 3126 1643 3158 te,
1667 3121 1728 3152 ista
1756 3118 1826 3152 esse
1855 3121 1990 3153 actualis
2017 3121 2206 3152 existentiae
2234 3125 2311 3152 sunt
2336 3119 2494 3153 distinctu.

1422 3165 1510 3206 Ergo
1533 3166 1568 3196 in
1592 3164 1710 3197 eodem
1731 3165 1863 3197 instanti
1885 3165 1925 3197 ab
1941 3175 2008 3197 una
2023 3164 2129 3197 forma
2144 3170 2220 3196 sunt
2239 3163 2306 3196 duo
2325 3172 2406 3197 esse.
2420 3161 2495 3195 Hoc

1422 3214 1470 3241 est
1493 3209 1620 3241 falsum.
1645 3209 1732 3250 Ergo
1751 3208 1886 3250 aliquod
1908 3210 2171 3250 praemissorum.
2187 3208 2264 3240 Non
2278 3207 2422 3249 primum
2438 3215 2495 3239 an-

1421 3253 1590 3286 tecedens:
1615 3263 1655 3285 ex
1678 3253 1823 3286 secundo
1839 3254 2022 3295 supposito.
2037 3253 2108 3285 Nec
2123 3253 2227 3294 prima
2247 3251 2494 3292 consequentia:

1422 3307 1461 3330 ex
1484 3299 1591 3338 primo
1615 3303 1648 3330 et
1670 3297 1816 3330 secundo
1838 3299 2022 3339 supposito.
2045 3298 2134 3338 Ergo
2156 3297 2265 3329 minor
2286 3295 2494 3336 subsumpta:

1422 3352 1507 3383 quae
1531 3347 1597 3374 erat
1615 3347 1671 3374 tua
1694 3343 1826 3384 positio.
1841 3359 1866 3366 -
1879 3342 2038 3374 Ptobatur
2053 3341 2172 3374 falsitas
2186 3340 2428 3380 consequentis.
2443 3340 2496 3372 Ab

1422 3396 1489 3419 una
1511 3386 1617 3418 forma
1641 3391 1688 3418 est
1709 3391 1837 3419 tantum
1859 3396 1946 3418 unus
1975 3385 2108 3419 effectus
2135 3383 2294 3417 formalis:
2319 3393 2386 3416 una
2408 3385 2497 3417 enim

1423 3430 1539 3462 albedo
1559 3430 1635 3462 facit
1650 3440 1754 3463 unum
1770 3440 1840 3462 esse
1855 3431 1975 3463 album.
1991 3429 2057 3462 Sed
2071 3436 2140 3461 esse
2155 3427 2288 3461 actualis
2312 3429 2497 3462 existentiae

1423 3480 1472 3506 est
1495 3474 1628 3506 effectus
1651 3474 1795 3507 formalis
1818 3474 1953 3507 formae.
1969 3473 2056 3514 Ergo
2072 3473 2112 3504 ab
2135 3482 2200 3504 uua
2224 3471 2329 3504 forma
2352 3474 2412 3506 erit
2425 3478 2496 3506 tan-

1423 3524 1494 3552 tum
1517 3528 1623 3551 unum
1646 3528 1716 3551 esse
1739 3519 1875 3551 actuale.
1898 3517 1975 3550 Non
1998 3517 2058 3548 erit
2073 3525 2150 3557 ergo
2166 3515 2256 3548 aliud
2278 3527 2348 3548 esse
2370 3516 2496 3550 actuale

1423 3563 1558 3601 formae,
1582 3569 1615 3595 et
1637 3562 1724 3599 aliud
1747 3572 1817 3595 esse
1839 3561 1965 3597 actuale
1988 3561 2174 3601 compositi.

1479 3617 1509 3638 2.
1526 3607 1690 3639 Secundo.
1711 3607 1831 3640 Anima
1852 3605 2046 3639 intellectiva
2063 3605 2161 3637 habet
2175 3605 2263 3640 aliud
2280 3615 2350 3638 esse
2371 3605 2495 3637 actuale

1364 3662 1370 3669 ·
1424 3652 1463 3683 ab
1479 3661 1550 3684 esse
1565 3651 1751 3692 compositi.
1774 3650 1862 3691 Ergo
1883 3655 1951 3683 tam
1973 3650 2043 3690 ipsa
2065 3659 2165 3690 quam
2188 3650 2410 3691 compositum
2436 3649 2495 3681 erit

2519 388 2528 397 ¹
2542 386 2569 408 In
2611 389 2678 413 uari„
2692 385 2734 409 fol.

2521 413 2579 435 nSv
2617 413 2734 442 eri-1407).

2519 523 2527 532 ·
2543 521 2604 543 Ibid.

2522 1089 2532 1098 ·
2565 1085 2736 1114 uolib.,rx,fol.

2522 1120 2547 1142 ²5
2568 1113 2629 1137 Ven.
2640 1113 2714 1142 1497).

2521 1269 2531 1280 ·
2545 1267 2604 1290 [bid.

2763 2269 2768 2332 ἑ

2762 2336 2768 2374 l

2521 2507 2532 2517 ·
2547 2505 2618 2528 Num.
2627 2511 2651 2527 v.

2521 2551 2531 2560 ·
2546 2548 2617 2572 Num.
2627 2553 2667 2571 vn.

2523 2862 2532 2871 ·
2547 2860 2573 2884 s.
2587 2859 2632 2883 Tu.
2647 2859 2700 2883 lect.
2710 2865 2734 2890 ῃ

2523 2887 2576 2911 Did.
2586 2886 2628 2915 xl,
2637 2891 2674 2915 ιιι,
2682 2892 2703 2915 5.
