2768 4134
82 2822 91 2831 ‘
106 2820 176 2842 Num,
188 2826 226 2842 vn.

83 2868 92 2876 ·
106 2866 241 2894 F01.u3v.,
251 2866 295 2887 col.

83 2899 94 2914 2
110 2892 176 2918 (Ven.
189 2894 260 2921 1497).

327 283 397 319 188

320 372 403 403 quae
426 370 493 391 non
511 365 557 390 est
573 358 740 399 praeterita
763 362 818 387 aut
843 355 960 392 futura,
977 355 1033 386 sed
1056 364 1217 396 praesens,
1242 359 1331 394 patet
1354 363 1392 383 ex

319 405 487 447 praedictis
504 403 594 443 quod
610 407 657 433 est
669 402 847 432 verissima:
866 401 942 441 quia
957 406 1033 431 sunt
1048 400 1081 430 in
1098 400 1295 435 aeternitate,
1309 408 1393 438 quae

319 456 366 481 est
388 458 538 479 mensura
562 456 722 487 praesens.
740 445 804 477 Sed
819 447 845 476 si
865 455 941 476 cum
964 445 1028 476 hoc
1051 445 1284 485 intelligeretur
1303 443 1394 483 quod

318 495 387 524 talis
414 502 564 523 mensura
593 501 742 532 praesens
773 492 813 521 sit
843 496 972 530 tempus
1002 490 1097 520 nobis
1125 498 1286 530 praesens,
1312 493 1394 518 esset

318 538 405 569 falsa.
429 537 529 573 Sicut,
550 545 626 567 cum
651 535 766 566 dicitur
790 535 882 575 quod
906 535 1018 565 Sortes
1041 539 1089 565 est
1111 534 1246 570 animal,
1268 534 1294 563 si
1312 533 1393 563 nihil

317 581 403 614 aliud
427 581 622 621 intelligatur
646 590 746 621 quam
761 580 852 621 quod
877 586 924 610 est
946 579 1127 610 substantia
1151 579 1297 609 animata
1321 587 1394 608 sen-

316 627 426 662 sibilis,
447 635 560 656 verum
585 625 715 656 dicitur:
741 626 766 655 si
790 630 899 655 autem
920 624 1115 664 intelligatur
1138 623 1228 664 quod
1253 628 1300 653 est
1322 623 1394 652 talis

316 671 491 702 substantia
514 670 671 701 sensibilis
696 679 779 710 quae
803 675 851 700 est
874 670 1015 704 brutum,
1040 667 1156 699 dicitur
1180 667 1306 698 falsum.

372 716 420 746 Ex
435 716 499 746 hoc
523 720 611 756 patet
626 715 727 755 quod,
748 724 824 745 cum
841 713 966 750 dicitur,
984 713 1060 743 Non
1077 713 1249 743 existentia
1266 712 1299 742 in
1317 717 1393 742 tem-

311 770 396 802 pore
413 760 504 791 nobis
515 760 694 800 praesenti,
710 760 778 789 sive
785 759 910 800 futura
927 763 985 789 aut
1000 757 1192 798 praeterita,
1210 757 1394 787 coexistunt

316 806 398 841 Deo,
424 805 463 836 ad
487 814 619 835 sensum
643 813 766 839 verum,
792 813 891 843 quem
915 802 1053 833 intendit
1074 802 1211 832 Sanctus
1235 801 1392 837 Thomas,

316 860 384 881 non
401 855 531 890 oportet
550 849 728 889 intelligere
745 848 836 888 quod
852 848 915 878 sint
938 847 1034 877 simul
1058 855 1135 877 curn
1159 846 1231 876 Deo
1255 846 1288 876 in
1304 855 1393 876 nunc

317 894 520 930 aeternitatis,
533 894 608 924 licet
623 894 688 924 hoc
705 893 744 923 sit
758 902 882 927 verum,
899 891 956 922 sed
970 891 1087 922 sufficit
1107 890 1286 931 intelligere
1302 889 1393 930 quod

317 939 414 970 simul
429 944 504 970 sunt
520 939 554 969 in
570 938 678 978 aliqua
693 947 844 968 mensura
861 936 1039 968 durationis
1056 945 1140 975 quae
1160 940 1208 966 est
1230 944 1392 975 praesenS,

317 993 545 1025 quaecumque
574 984 613 1013 sit
641 983 708 1018 illa;
734 980 962 1012 descendendo
990 986 1099 1010 autem
1123 979 1163 1010 ad
1186 979 1393 1020 particulares

317 1026 494 1063 mensuras,
511 1034 559 1059 est
574 1037 686 1058 verum
704 1026 742 1057 de
759 1027 820 1056 hac
836 1035 986 1056 mensura
1003 1034 1086 1065 quae
1103 1030 1150 1055 est
1166 1024 1345 1060 aeternitas,
1358 1025 1391 1054 in

318 1083 382 1114 qua
405 1073 515 1104 omnia
540 1082 607 1102 esse
624 1072 757 1106 habent;
774 1071 867 1106 sicut,
885 1079 961 1100 cum
978 1069 1104 1105 dicitur,
1122 1069 1235 1100 Sortes
1253 1074 1301 1099 est
1320 1069 1392 1098 ani-

318 1119 393 1153 mal,
407 1128 475 1148 non
488 1122 618 1157 oportet
629 1116 669 1147 ad
681 1116 849 1146 veritatem
864 1114 1100 1155 propositionis
1110 1113 1289 1154 intelligere
1301 1113 1393 1153 quod

318 1164 358 1193 sit
387 1163 451 1193 hoc
475 1161 591 1192 animal
621 1160 712 1201 quod
742 1165 788 1190 est
821 1160 935 1195 homo,
960 1159 1109 1199 quamvis
1139 1168 1208 1189 non
1236 1158 1277 1188 sit
1305 1157 1393 1188 aliud

317 1207 436 1238 animal
460 1215 559 1246 quarn
583 1206 695 1236 homo.
721 1204 864 1243 Quando
891 1211 1001 1235 autern
1025 1203 1143 1234 dicitur
1166 1202 1257 1244 quod
1280 1203 1393 1233 omnia

318 1252 500 1282 coexistunt
524 1251 595 1281 Deo
621 1250 653 1280 in
678 1254 747 1280 tota
771 1249 974 1284 aeternitate,
999 1247 1206 1279 descenditur
1228 1246 1269 1278 ad
1295 1247 1394 1288 parti-

318 1296 459 1327 cularem
475 1304 660 1326 mensuram
677 1304 761 1335 quae
778 1299 826 1325 est
841 1295 1024 1325 aeternitas:
1049 1298 1082 1324 et
1101 1298 1150 1324 est
1172 1302 1286 1324 sensus
1302 1291 1394 1333 quod

318 1350 387 1372 esse
411 1341 561 1371 omniurn
585 1345 616 1370 et
639 1349 708 1370 esse
732 1339 794 1370 Dei
818 1344 893 1370 sunt
915 1339 949 1370 in
973 1339 1033 1369 hac
1056 1338 1218 1378 praesenti
1241 1346 1393 1368 mensura

317 1385 494 1416 durationis
511 1394 594 1425 quae
612 1390 658 1415 est
681 1384 862 1419 aeternitas,
877 1393 947 1414 non
965 1383 1088 1414 habens
1112 1388 1228 1423 partes,
1249 1382 1306 1413 sed
1325 1387 1394 1413 tota

317 1430 413 1461 simul
437 1430 585 1460 existens.
610 1429 651 1460 Et
681 1434 730 1460 est
752 1429 857 1460 simile
880 1429 965 1460 sicut
991 1428 1018 1459 si
1041 1427 1200 1459 diceretur
1228 1426 1269 1458 de
1300 1427 1394 1458 Sorte

318 1474 409 1515 quod
432 1479 479 1505 est
501 1474 563 1505 hoc
586 1474 712 1504 animal
734 1473 823 1515 quod
845 1478 893 1504 est
915 1473 1023 1504 homo.

374 1519 404 1550 6.
430 1519 463 1551 Si
494 1525 603 1550 autem
629 1524 802 1559 quaeratur
831 1524 952 1554 utrum,
983 1517 1166 1549 secundum
1193 1517 1394 1558 positionem

318 1564 426 1595 Sancti
450 1563 610 1599 Thomae,
627 1573 716 1595 nunc
731 1563 838 1594 Adam
857 1563 1014 1594 coexistat
1033 1562 1116 1599 Deo,
1134 1567 1166 1593 et
1188 1562 1334 1593 similiter
1353 1561 1395 1592 de

318 1609 531 1640 Antichristo:
560 1627 583 1631 -
609 1607 824 1649 respondetur
846 1606 938 1649 quod
965 1607 998 1649 ly
1022 1616 1110 1638 nunc
1137 1612 1246 1648 potest
1270 1607 1395 1647 impor-

317 1659 384 1684 tare
406 1659 536 1694 tempus
560 1662 598 1684 ex
622 1659 712 1694 parte
736 1652 970 1694 propositionis
994 1651 1214 1692 significantis,
1238 1656 1395 1692 tanquam

317 1698 467 1729 videlicet
490 1707 676 1729 mensuram
707 1698 846 1729 veritatis
875 1697 993 1738 ipsius:
1019 1702 1051 1727 et
1080 1701 1190 1737 potest
1218 1696 1395 1737 importare

317 1748 446 1783 tempus
470 1752 508 1773 ex
533 1748 621 1783 parte
637 1743 683 1773 rei
699 1741 905 1783 significatae,
922 1747 1078 1782 tanquam
1093 1741 1195 1782 ipsius
1218 1750 1287 1772 esse
1303 1750 1395 1772 men-

317 1797 439 1818 suranS.
464 1787 573 1818 Primo
598 1787 710 1824 modo,
735 1797 847 1818 sensus
870 1793 918 1818 est
941 1786 1033 1827 quod
1055 1787 1089 1817 in
1113 1787 1175 1817 isto
1200 1795 1288 1817 nunc
1315 1786 1396 1817 haec

318 1832 500 1872 propositio
525 1838 572 1862 est
595 1842 680 1868 vera,
705 1832 809 1863 Adam
833 1831 985 1863 coexistit
1002 1831 1085 1862 Deo.
1110 1831 1152 1862 Et
1175 1836 1254 1862 tunc
1278 1829 1396 1862 dicitur

318 1876 409 1917 quod
425 1882 473 1907 est
488 1886 618 1907 verum:
644 1877 720 1918 quia
736 1877 852 1913 Adam,
870 1882 902 1908 et
917 1882 1048 1916 tempus
1063 1876 1097 1906 in
1113 1885 1182 1916 quo
1199 1881 1266 1907 erat
1281 1884 1396 1907 verum

318 1921 425 1952 dicere
449 1921 552 1952 Adam
574 1926 630 1957 est,
649 1922 802 1953 convenit
818 1931 894 1953 cum
911 1921 983 1952 Deo
1005 1921 1037 1951 in
1060 1929 1213 1952 mensura
1236 1920 1396 1961 praesenti

318 1975 402 2006 quae
415 1971 462 1996 est
474 1967 654 2001 aeternitas,
668 1967 780 1997 utiam
793 1966 942 1997 diximus.
953 1983 975 1988 —
987 1965 1141 1996 Secundo
1153 1963 1266 2001 modo,
1283 1974 1397 1996 sensus

318 2016 366 2042 est
388 2010 480 2051 quod
502 2020 571 2042 esse
588 2011 650 2042 Dei
670 2016 702 2041 et
717 2010 823 2042 Adam
839 2017 914 2042 sunt
929 2011 963 2042 in
987 2010 1050 2041 hoc
1074 2010 1206 2041 instanti
1228 2010 1396 2050 temporis.

318 2055 359 2086 Et
382 2061 462 2086 tunc
485 2055 601 2086 dicitur
617 2055 708 2096 quod
724 2061 772 2086 est
787 2055 915 2087 falsum.
938 2073 962 2078 -
981 2055 1023 2086 Et
1046 2054 1192 2086 similiter
1215 2054 1333 2086 dicitur
1356 2054 1397 2086 de

317 2100 384 2131 istis
398 2101 688 2141 propositionibus,
701 2100 835 2141 Semper
847 2100 959 2131 omnia
974 2099 1162 2131 coexistunt
1176 2099 1259 2134 Deo,
1276 2099 1396 2130 Omnia

319 2145 531 2176 aeternaliter
545 2145 730 2176 coexistunt
741 2145 822 2181 Deo,
839 2151 880 2181 et,
897 2145 1016 2175 Omnia
1028 2150 1106 2175 sunt
1112 2145 1302 2186 praesentia
1313 2144 1396 2180 Deo,

320 2195 351 2220 et
375 2189 414 2220 de
438 2189 605 2220 similibus.

375 2234 414 2264 X.
439 2234 492 2265 Sic
509 2243 586 2274 ergo
609 2235 772 2266 intellecta
791 2234 955 2275 positione
972 2233 1080 2265 Sancti
1097 2234 1257 2270 Thomae,
1273 2233 1398 2265 nullam

320 2279 439 2319 patitur
467 2278 674 2310 calumniam.
699 2279 805 2310 Immo
836 2288 969 2309 necesse
997 2284 1045 2309 est
1075 2278 1121 2309 sic
1150 2284 1272 2309 tenere.
1296 2278 1399 2316 Quod

321 2322 490 2354 manifeste
506 2323 634 2354 ostendi
657 2329 766 2364 potest
787 2323 847 2354 hac
871 2324 1006 2354 ratione.
1023 2322 1156 2360 Quaero
1174 2324 1276 2354 enim:
1293 2341 1316 2346 -
1331 2323 1398 2354 Aut

321 2376 434 2398 verum
458 2372 505 2398 est
528 2377 627 2404 nunc,
652 2367 691 2398 ad
715 2377 846 2398 sensum
871 2367 1005 2403 dictum,
1030 2373 1066 2397 ut
1089 2367 1210 2398 scilicet
1234 2366 1274 2398 ad
1297 2372 1399 2398 aeter-

321 2412 456 2443 nitatem
485 2411 521 2442 fit
553 2412 676 2448 relatio.
701 2412 792 2453 quod
821 2411 928 2444 Adam
956 2412 1104 2442 coexistit
1134 2412 1218 2447 Deo,
1247 2417 1279 2443 et
1305 2412 1397 2442 Anti—

323 2457 472 2487 christus:
498 2462 553 2487 aut
576 2466 645 2488 non
668 2463 715 2488 est
738 2466 852 2488 verum
876 2456 967 2497 quod
995 2457 1161 2492 coexistat,
1185 2455 1243 2487 sed
1271 2461 1399 2487 tantum

323 2500 415 2542 quod
441 2500 547 2532 Adam
573 2502 719 2532 coextitit
749 2507 780 2533 et
809 2501 900 2542 quod
927 2501 1146 2532 Antichristus
1175 2501 1341 2532 coexistet.
1366 2501 1400 2532 Si

323 2545 417 2576 detur
443 2546 596 2586 primum,
621 2547 757 2578 habetur
787 2547 1005 2587 propositum.
1030 2545 1063 2577 Si
1091 2545 1272 2577 secundum
1295 2545 1399 2582 detur,

324 2600 400 2631 ergo
424 2590 458 2621 in
482 2591 668 2622 aeternitate
684 2596 732 2622 est
747 2591 957 2631 praeteritum
974 2596 1006 2621 et
1021 2589 1179 2621 futurum.
1200 2590 1289 2621 Nihil
1312 2591 1400 2621 enim

324 2635 440 2666 dicitur
455 2636 663 2675 praeteritum
679 2641 735 2666 aut
751 2635 898 2667 futurum
914 2636 948 2666 in
963 2634 1077 2666 ordine
1093 2634 1135 2666 ad
1149 2635 1292 2675 aliquam
1309 2644 1401 2666 suam

324 2679 528 2710 durationem
552 2680 611 2711 nisi
638 2679 690 2710 illa
716 2679 843 2711 duratio
874 2680 990 2711 habeat
1013 2680 1047 2710 in
1071 2689 1104 2710 se
1137 2680 1344 2720 praeteritum
1370 2685 1402 2711 et

324 2724 484 2755 futurum:
502 2731 538 2756 ut
561 2725 594 2755 in
618 2730 766 2765 ternpore
783 2730 880 2765 patet.
898 2724 961 2756 Sed
978 2725 1042 2756 hoc
1065 2725 1183 2755 rationi
1207 2725 1402 2755 aeternitatis

324 2775 493 2809 repugnat.
519 2769 606 2810 Ergo
631 2775 692 2800 etc.

380 2814 433 2845 XI.
458 2813 510 2845 Ad
533 2814 672 2855 primam
688 2814 848 2845 rationem
865 2814 898 2844 in
915 2814 1107 2854 oppositum
1119 2814 1146 2850 ἦ
1164 2823 1247 2854 quae
1263 2814 1403 2845 sumitur

325 2868 362 2889 ex
379 2858 490 2894 Scoto,
508 2859 541 2889 in
558 2859 678 2895 Primo,
696 2858 726 2889 d.
737 2868 832 2889 xxxix
844 2859 871 2894 *,
889 2863 976 2898 patet
995 2858 1116 2889 solutio
1133 2867 1171 2889 ex
1191 2857 1294 2890 dictis.
1312 2858 1403 2890 Con-

325 2903 449 2935 ceditur
472 2903 560 2934 enim
584 2902 686 2944 quod,
710 2903 793 2934 sicut
816 2903 1032 2934 Antichristus
1056 2909 1103 2933 est
1126 2912 1278 2943 praesens
1301 2909 1403 2934 aeter-

324 2948 426 2984 nitati,
452 2948 527 2988 quia
554 2948 676 2979 scilicet
698 2949 885 2979 aeternitate
906 2952 1109 2978 mensuratur
1132 2953 1287 2988 tanquam
1311 2958 1403 2979 men-

325 3002 397 3023 sura
412 2991 635 3032 inadaequata,
653 3001 736 3033 quae
753 2998 800 3023 est
816 3002 967 3023 mensura
983 3001 1150 3032 praesens3
1168 2993 1211 3023 ita
1227 3002 1340 3023 verum
1357 2998 1405 3024 est

325 3036 431 3068 dicere
446 3036 537 3077 quod
553 3037 770 3068 Antichristus
782 3042 838 3071 est,
852 3037 943 3073 idest,
956 3042 1167 3067 mensuratur
1181 3037 1294 3078 aliqua
1304 3047 1404 3078 prae—

325 3081 409 3112 senti
424 3091 588 3118 mensura,
605 3081 727 3113 scilicet
750 3082 947 3118 aeternitate,
964 3090 1024 3121 pro
1041 3087 1189 3122 tempore
1205 3082 1239 3113 in
1261 3092 1329 3123 quo
1345 3083 1406 3114 erit

325 3136 439 3158 verum
464 3126 570 3158 dicere
595 3126 686 3167 quod
705 3126 921 3157 Antichristus
941 3131 999 3157 est.
1021 3125 1111 3157 Sicut
1135 3132 1245 3158 autem
1268 3136 1337 3158 non
1357 3133 1405 3158 est

326 3180 440 3202 verum
471 3170 563 3211 quod
589 3171 630 3202 sit
653 3171 687 3202 in
711 3176 860 3211 tempore
882 3171 976 3202 nobis
1000 3171 1171 3210 praesenti,
1198 3171 1241 3202 ita
1265 3181 1334 3203 non
1357 3178 1406 3203 est

327 3225 441 3246 verum
465 3215 556 3256 quod
579 3216 620 3246 sit
635 3224 787 3256 praesens
803 3215 875 3247 Deo
899 3216 933 3246 in
949 3221 1097 3255 tempore
1117 3216 1213 3246 nobis
1232 3217 1404 3256 praesenti,

327 3266 483 3300 tanquam
507 3260 759 3301 praesentialitas
782 3260 852 3291 eius
876 3259 917 3291 ad
940 3260 1048 3291 Deum
1071 3266 1220 3300 tempore
1244 3262 1406 3301 praesenti

328 3311 541 3336 mensuretur.

383 3349 435 3380 Ad
459 3349 600 3380 eundem
617 3350 714 3380 etiarn
729 3358 862 3380 sensum
878 3348 1068 3380 conceditur
1083 3348 1175 3389 quod
1195 3349 1314 3380 Omnia
1330 3355 1406 3381 sunt

324 3395 512 3435 praesentia
541 3399 572 3424 et
596 3394 678 3424 nihil
701 3398 748 3425 est
761 3393 932 3435 futurum,
956 3393 1078 3424 scilicet
1106 3394 1287 3425 secundum
1315 3394 1407 3435 quod

330 3439 403 3469 Deo
415 3445 446 3469 et
463 3439 640 3469 aeternitati
653 3444 896 3479 comparantur:
911 3438 996 3472 licet.
1013 3438 1195 3469 secundum
1208 3439 1299 3479 quod
1315 3448 1404 3470 com-

330 3489 483 3522 parantur
506 3484 656 3523 tempori,
681 3493 749 3514 non
777 3483 887 3514 omnia
914 3482 977 3513 sint
1001 3483 1191 3522 praesentia.
1219 3483 1275 3514 sed
1299 3483 1407 3524 aliqua

333 3527 396 3557 sint
419 3528 588 3567 praeterita
611 3533 642 3558 et
666 3527 774 3568 aliqua
797 3528 860 3559 sint
883 3526 1001 3558 futura.

391 3572 506 3602 Utrum
528 3578 638 3603 autern
661 3572 776 3603 debeat
806 3572 995 3613 simpliciter
1018 3577 1050 3603 et
1080 3571 1228 3603 absolute
1259 3572 1406 3609 concedi,

335 3615 551 3646 Antichristus
574 3621 630 3652 est,
650 3622 682 3647 et
705 3616 797 3657 quod
822 3616 942 3648 Omnia
965 3621 1042 3648 sunt
1059 3616 1248 3657 praesentia
1272 3622 1304 3647 et
1326 3617 1409 3648 nihil

333 3664 384 3690 est
396 3660 571 3700 futurum:
594 3661 710 3692 dicitur
733 3661 824 3702 quod
848 3671 925 3692 non.
950 3660 1047 3699 Quia.
1067 3670 1144 3692 cum
1168 3670 1236 3692 esse
1259 3667 1290 3692 et
1312 3671 1408 3701 prae-

897 276 1087 314 SUMMA
1116 274 1339 312 CONTRA
1368 273 1646 321 GENTILES,
1677 276 1788 314 CAP.
1808 277 1943 314 LXVI.

1447 362 1522 384 sens
1545 363 1623 389 esse,
1640 355 1787 386 absolute
1811 361 1990 397 sumptum,
2007 355 2188 387 secundum
2213 363 2404 389 consuetam
2427 359 2526 400 signi-

1448 396 1636 429 ficationem
1665 399 1820 440 importet
1848 410 1918 431 esse
1948 402 1982 431 in
2009 406 2158 442 ternpore
2187 398 2365 441 praes'enu'3
2390 408 2422 433 et
2444 404 2526 434 nihil

1448 448 1589 482 ponatur
1611 444 1646 474 in
1668 443 1723 474 illa
1745 445 1972 485 propositione
1995 455 2054 486 per
2078 445 2170 486 quod
2191 446 2296 486 possit
2319 446 2525 479 determinari

1448 486 1488 517 ad
1504 488 1741 519 aeternitatem:
1757 488 1965 521 denotaretur
1981 495 2013 520 et
2027 490 2264 521 Antichristum
2280 496 2312 521 et
2327 492 2439 522 omnia
2455 502 2525 523 esse

1447 532 1480 562 in
1497 537 1645 572 tempore
1660 534 1831 573 praesenti.
1845 533 1932 565 Cum
1952 540 2061 565 autem
2077 535 2194 565 dicitur
2209 535 2301 576 quod
2314 535 2435 567 Omnia
2450 542 2527 568 sunt

1442 577 1634 616 praesentia
1657 577 1740 612 Deo,
1756 583 1813 608 aut
1827 578 1918 619 quod
1937 578 2057 610 Omnia
2080 580 2267 610 coexistunt
2280 580 2362 615 Deo,
2380 581 2457 621 quia
2476 591 2525 612 ra-

1447 621 1538 651 tione
1560 621 1646 652 illius
1669 622 1800 652 termini
1822 622 1894 653 Deo
1916 629 2026 663 potest
2051 624 2187 665 intelligi
2218 625 2470 665 praesentialitas
2494 631 2526 657 et

1448 666 1658 696 coexistentia
1674 675 1743 696 esse
1758 667 1792 697 in
1816 667 1924 708 aliqua
1939 677 2092 699 mensura
2115 670 2285 700 communi
2301 670 2374 700 Deo
2390 675 2422 701 et
2439 679 2526 701 crea-

1447 716 1548 746 turae,
1574 720 1658 751 quae
1681 716 1730 741 est
1752 712 1932 747 aeternitas,
1962 712 2039 743 ideo
2068 719 2178 754 potest
2207 714 2355 745 absolute
2387 715 2526 746 concedi

1448 760 1635 795 utrumque.

1503 800 1572 830 XII.
1597 800 1645 830 Ex
1661 809 1730 840 quo
1754 806 1842 840 patet
1865 799 2011 831 defectus
2025 802 2160 833 rationis
2183 802 2284 840 Scoti,
2301 803 2377 834 loco
2401 804 2525 845 praeal-

1448 844 1565 885 legato,
1589 854 1666 875 cum
1689 844 1822 876 deducit
1844 845 1946 886 quod,
1962 845 1992 876 si
2013 846 2141 887 aliquid
2154 847 2315 888 fiituruvn
2335 853 2384 879 est
2398 849 2432 879 in
2450 854 2526 880 actu

1449 894 1594 930 respectu
1624 890 1698 925 Dei,
1727 889 1920 931 simpliciter
1942 895 1990 920 est
2019 890 2052 920 in
2083 896 2170 927 actu,
2195 897 2227 922 et
2256 892 2453 933 impossibile
2480 899 2528 924 est

1448 934 1551 974 ipsum
1564 939 1680 975 postea
1699 935 1783 975 poni
1799 935 1832 965 in
1848 939 1943 966 actu:
1966 935 2043 975 quia
2058 935 2147 976 quod
2161 935 2285 967 dicitur
2297 938 2365 968 tale
2380 944 2526 979 respectu

1447 988 1567 1010 causae
1584 980 1726 1020 primae,
1750 980 1943 1021 simpliciter
1959 985 2069 1020 potest
2091 980 2156 1010 dici
2180 981 2255 1011 tale.

1504 1024 1594 1054 Patet
1617 1025 1705 1056 enirn
1722 1024 1813 1066 quod
1835 1025 1916 1056 illud
1939 1035 2008 1056 non
2024 1026 2183 1066 sequitur:
2209 1026 2341 1062 scilicet,
2357 1026 2385 1057 si
2405 1027 2527 1069 aliquid

1448 1067 1595 1100 futurum
1618 1075 1666 1100 est
1689 1070 1724 1100 in
1747 1075 1822 1101 actu
1851 1076 2001 1110 respectu
2026 1069 2099 1106 Dei,
2120 1069 2212 1110 quod
2232 1070 2273 1101 sit
2295 1071 2329 1101 in
2353 1076 2428 1102 actu
2451 1072 2528 1103 sim-

1447 1113 1573 1153 pliciter
1596 1119 1628 1144 et
1651 1114 1798 1145 absolute
1821 1114 2001 1156 loquendo.
2019 1114 2237 1156 Assumptum
2255 1120 2365 1146 autem
2388 1115 2430 1147 ad
2450 1125 2528 1158 pro-

1447 1157 1614 1189 bationem
1637 1158 1722 1190 illius
1746 1168 1815 1190 non
1837 1159 1935 1190 habet
1957 1160 2125 1190 veritatem
2145 1158 2279 1201 quando
2306 1169 2368 1201 pro
2395 1160 2529 1192 diversis

1447 1203 1607 1234 mensuris
1631 1203 1820 1244 intelligitur
1842 1204 1934 1245 quod
1957 1203 2074 1235 dicitur
2097 1203 2137 1235 de
2160 1213 2195 1235 re
2219 1213 2296 1235 eum
2319 1211 2470 1246 respectu
2487 1206 2529 1238 ad

1447 1248 1585 1287 primam
1610 1257 1752 1284 causam,
1773 1254 1805 1279 et
1828 1249 1920 1289 quod
1942 1248 2060 1279 dicitur
2077 1248 2118 1279 de
2141 1258 2176 1280 re
2199 1249 2399 1290 simpliciter,
2420 1257 2458 1282 ut
2480 1257 2530 1282 est

1447 1292 1482 1322 in
1505 1293 1688 1333 proposito.
1707 1293 1792 1324 Nam
1816 1303 1893 1324 cum
1917 1293 2044 1330 dicitur,
2061 1293 2139 1324 Hoc
2144 1294 2305 1336 futurum
2322 1295 2415 1326 nobis
2430 1299 2480 1326 est
2492 1296 2527 1327 in

1447 1341 1523 1368 actu
1548 1342 1694 1378 respectu
1717 1337 1790 1374 Dei,
1808 1337 1991 1369 verificatur
2007 1347 2067 1379 pro
2082 1347 2236 1370 mensura
2258 1340 2420 1380 praesenti
2443 1349 2529 1381 quae

1449 1387 1496 1412 est
1526 1383 1710 1414 aeternitas:
1739 1392 1815 1413 cum
1845 1388 1954 1414 autem
1983 1382 2131 1415 absolute
2162 1383 2290 1420 dicitur,
2317 1384 2396 1415 Hoc
2422 1390 2472 1416 est
2492 1386 2528 1416 in

1448 1431 1534 1462 actu,
1551 1427 1741 1468 intelligitur
1763 1437 1823 1468 pro
1847 1428 2009 1468 praesenti
2031 1437 2184 1459 mensura
2207 1437 2292 1470 quae
2315 1434 2364 1460 est
2387 1435 2528 1472 tempus.

1449 1471 1526 1502 Ideo
1539 1472 1682 1512 primum
1699 1478 1746 1503 est
1764 1482 1888 1509 verum,
1905 1472 2087 1504 secundum
2103 1478 2151 1503 est
2162 1471 2290 1504 falsum.
2303 1473 2345 1504 Et
2356 1479 2531 1516 propterea

1448 1516 1528 1547 nihil
1551 1517 1703 1557 prohibet
1718 1517 1799 1558 quin
1821 1516 1969 1548 futurum
1992 1518 2088 1548 nobis
2111 1518 2215 1558 possit
2236 1519 2317 1559 poni
2340 1519 2374 1549 in
2397 1525 2483 1551 actu.

1496 1571 1526 1592 2.
1543 1561 1635 1593 Patet
1650 1563 1746 1593 etiam
1763 1571 1802 1593 ex
1817 1562 1935 1594 eodem
1947 1561 2162 1593 fundamento
2178 1562 2300 1594 solutio
2313 1563 2354 1594 ad
2368 1563 2464 1595 aliam
2479 1573 2531 1596 ra-

1449 1606 1573 1637 tionem
1598 1606 1687 1638 Scoti
1703 1607 1731 1643 ⁹,
1755 1617 1832 1638 curn
1855 1608 1898 1638 ait
1921 1607 2022 1648 quod,
2037 1608 2068 1639 si
2085 1607 2187 1638 sessio
2209 1617 2281 1639 mea
2305 1608 2457 1650 [futura]
2481 1613 2533 1641 est

1444 1660 1603 1692 praesens
1618 1652 1807 1683 aeternitati
1829 1652 1863 1683 in
1887 1661 1957 1683 esse
1979 1652 2181 1688 existentiae,
2198 1653 2269 1693 ipsa
2284 1662 2375 1684 nunc
2387 1659 2436 1685 est
2447 1662 2530 1696 pro·

1449 1695 1548 1727 ducta
1565 1696 1598 1727 in
1614 1696 1672 1727 illo
1689 1704 1775 1728 esse:
1789 1697 1867 1738 quia
1880 1697 1963 1728 nihil
1973 1697 2067 1728 aliud
2081 1707 2103 1728 a
2119 1697 2191 1728 Deo
2206 1697 2303 1729 habet
2316 1707 2386 1730 esse
2401 1699 2436 1730 in
2451 1703 2531 1731 tem-

1444 1741 1541 1782 poris
1547 1741 1652 1781 fluxu
1669 1742 1733 1773 nisi
1755 1741 1799 1773 sit
1814 1741 2015 1783 productum
2031 1751 2052 1773 a
2067 1742 2139 1773 Deo
2155 1742 2335 1774 secundum
2351 1743 2435 1774 illud
2449 1753 2529 1775 me.

1508 1786 1599 1816 Patet
1622 1787 1710 1817 enim
1734 1786 1815 1818 illud
1842 1796 1911 1818 non
1941 1788 2046 1828 sequi.
2077 1786 2164 1825 Quin
2193 1796 2262 1818 non
2292 1787 2410 1819 dicitur
2438 1788 2531 1830 quod

1451 1831 1551 1862 sessio
1567 1840 1641 1862 mea
1656 1831 1698 1862 sit
1720 1841 1871 1872 praesens
1895 1831 1967 1863 Deo
1983 1832 2018 1862 in
2033 1831 2098 1862 hoc
2118 1832 2280 1872 praesenti
2297 1838 2458 1874 tempore,
2473 1832 2532 1865 sed

1451 1876 1485 1906 in
1508 1875 1617 1917 aliqua
1647 1885 1800 1907 mensura
1829 1876 1990 1917 praesenti
2013 1885 2098 1917 quae
2121 1882 2169 1907 est
2198 1877 2380 1908 aeternitas.
2405 1877 2533 1910 Dicitur

1451 1926 1561 1951 autem
1581 1929 1650 1951 esse
1674 1929 1763 1952 nunc
1786 1920 1946 1962 producta
1967 1921 2115 1951 absolute
2135 1920 2269 1962 quando
2287 1921 2385 1953 habet
2403 1919 2476 1954 esee
2496 1923 2533 1954 in

1450 1971 1600 2006 ternpore
1623 1965 1784 2006 praesenti
1808 1965 2012 1996 locutionem
2034 1971 2254 1996 mensurante.
2420 1975 2425 1978 ⁴
2479 1992 2482 1993 γ
2501 1978 2505 1980 ·

1508 2009 1538 2041 3.
1559 2010 1651 2041 Patet
1669 2010 1767 2053 etiarn
1791 2019 1830 2041 ex
1853 2009 1947 2041 dictis
1969 2009 2091 2041 solutio
2113 2010 2248 2041 rationis
2269 2010 2400 2042 alterius
2415 2011 2444 2048 “,
2467 2019 2534 2053 ῃ

1451 2055 1595 2095 arguitur
1611 2054 1703 2095 quod
1725 2060 1804 2086 tunc
1826 2064 1896 2086 non
1919 2064 1989 2086 esse
2012 2055 2059 2086 rei
2081 2063 2151 2086 non
2173 2054 2348 2096 praecedet
2370 2065 2453 2093 esse,
2473 2055 2534 2092 sed

1451 2099 1549 2131 simul
1572 2105 1676 2130 erunt.
1701 2099 1743 2130 Et
1763 2099 1812 2130 sic
1835 2099 2087 2131 contradictoria
2110 2105 2206 2130 erunt
2227 2100 2325 2131 simul
2347 2109 2433 2132 vera.

1508 2144 1635 2175 Dicitur
1658 2144 1747 2175 enim
1774 2144 1865 2185 quod
1888 2143 2037 2175 absolute
2067 2153 2136 2175 non
2167 2150 2216 2176 est
2243 2143 2431 2183 dicendum,
2455 2145 2534 2178 Non

1452 2198 1521 2220 esse
1540 2189 1589 2219 rei
1603 2193 1652 2220 est
1666 2188 1766 2220 simul
1783 2198 1856 2220 curn
1881 2198 1950 2220 esse
1973 2189 2086 2230 ipsius,
2106 2188 2184 2230 quia
2206 2189 2272 2220 hoc
2294 2188 2470 2223 referrent
2493 2189 2537 2222 ad

1451 2239 1582 2274 tempus
1605 2243 1768 2274 praesens,
1784 2239 1817 2265 et
1832 2234 1878 2265 sic
1893 2233 2114 2275 implicaretur
2129 2233 2355 2266 contradictio.
2371 2234 2436 2266 Sed
2450 2235 2537 2268 bene

1452 2287 1565 2309 verum
1589 2283 1637 2309 est
1657 2278 1748 2319 quod
1772 2284 1848 2309 sunt
1871 2278 1968 2309 simul
1990 2279 2025 2309 in
2050 2278 2295 2319 comparatione
2314 2279 2355 2310 ad
2373 2279 2483 2312 Deum
2496 2284 2538 2311 -et

1452 2323 1485 2353 in
1509 2324 1707 2359 aeternitate,
1727 2332 1811 2364 quae
1830 2323 1928 2354 simul
1949 2323 2074 2364 absque
2091 2323 2298 2354 successione
2316 2324 2445 2366 attingit
2465 2332 2538 2356 eene

1453 2372 1486 2398 et
1507 2377 1576 2398 non
1599 2377 1670 2398 esse
1692 2368 1749 2398 rei.

1509 2411 1559 2443 De
1574 2411 1832 2443 contradictoriis
1848 2417 1958 2443 autem
1974 2412 2254 2452 propositionibus
2269 2421 2441 2454 nunquam
2456 2421 2539 2444 con-

1454 2455 1639 2487 cedendum
1663 2462 1711 2487 est
1734 2455 1826 2497 quod
1849 2457 1913 2487 sint
1935 2456 2033 2487 simul
2056 2466 2162 2494 verae,
2187 2457 2284 2488 etiam
2306 2456 2349 2488 ad
2370 2457 2481 2489 Deum
2503 2464 2539 2490 et

1454 2501 1676 2532 aeternitatem
1699 2510 1749 2532 res
1773 2500 2009 2542 comparando:
2035 2510 2165 2542 semper
2187 2502 2276 2532 enirn
2299 2501 2398 2533 altera
2412 2510 2537 2545 propo·

1455 2546 1528 2576 sitio
1553 2551 1600 2577 est
1623 2545 1711 2577 falsa.
1740 2545 1828 2577 Cum
1855 2546 1944 2576 einim
1971 2545 2099 2582 dicitur,
2128 2546 2348 2578 Antichristus
2370 2551 2419 2578 est
2435 2555 2538 2589 prae·

1454 2599 1529 2623 sens
1551 2590 1634 2626 Deo,
1659 2590 1878 2621 Antichristus
1894 2599 1960 2621 non
1977 2595 2025 2621 est
2042 2600 2203 2631 praesens
2217 2591 2301 2626 Deo,
2324 2592 2474 2633 negativa
2489 2597 2540 2623 est

1455 2634 1543 2666 falsa.
1559 2653 1582 2658 -
1598 2634 1752 2667 Similiter
1764 2644 1841 2666 cum
1856 2635 1984 2671 dicitur,
2001 2635 2220 2666 Antichristus
2235 2645 2302 2666 non
2318 2641 2368 2667 aet
2381 2636 2416 2667 in
2431 2641 2538 2668 ader-

1457 2680 1567 2715 nitate‚
1595 2679 1673 2710 falsa
1697 2685 1745 2710 est
1774 2679 1957 2720 propositio
1987 2681 2136 2720 negative
2167 2686 2312 2721 sumpta:
2340 2680 2458 2712 falsum
2489 2687 2539 2712 eet

1457 2725 1545 2756 enim
1561 2723 1653 2765 quod
1675 2733 1744 2755 non
1761 2724 1801 2755 sit
1815 2733 1967 2765 praesens
1988 2723 2072 2761 Deo.
2089 2730 2122 2756 et
2137 2724 2228 2766 quod
2243 2734 2312 2756 non
2337 2726 2455 2758 habeat
2466 2734 2540 2758 este

1455 2770 1489 2800 in
1513 2769 1710 2800 aeternitate.
1735 2768 1799 2800 Sed
1822 2769 1849 2800 si
1873 2769 1927 2800 illa
1950 2769 2134 2810 propositio
2158 2770 2360 2811 acciperetur
2381 2771 2416 2802 in
2438 2779 2539 2802 seam

1457 2813 1659 2849 affirmativo,
1672 2821 1709 2845 ut
1720 2819 1804 2845 esset
1815 2823 1939 2850 sensus.
1956 2814 2178 2846 Antichristus
2188 2823 2254 2846 non
2267 2819 2325 2850 est,
2338 2814 2432 2852 idest,
2443 2815 2541 2847 nabet

1458 2868 1524 2890 non
1549 2868 1627 2894 esse,
1653 2859 1686 2889 in
1709 2859 1913 2895 aeternitate,
1929 2859 1974 2890 ita
1989 2858 2082 2899 quod
2104 2859 2326 2900 praedicatum
2342 2865 2426 2891 esset
2440 2869 2539 2901 nega-

1457 2904 1562 2935 tivum
1584 2904 1652 2934 sive
1679 2903 1854 2940 infinitum,
1881 2904 2064 2944 propositio
2095 2909 2207 2935 autem
2237 2903 2434 2942 affirmativa,
2457 2910 2542 2936 tune

1458 2954 1595 2989 utraque
1608 2953 1692 2980 esset
1703 2957 1791 2979 vera:
1809 2948 2025 2980 Antichristus
2041 2948 2129 2980 enim
2145 2949 2180 2980 in
2191 2949 2378 2980 aeternitate
2394 2954 2427 2981 et
2441 2949 2543 2981 babet

1459 3002 1529 3024 esse
1552 2998 1584 3024 et
1605 2993 1701 3024 habet
1716 3002 1784 3024 non
1801 3002 1881 3028 esse,
1898 2993 2094 3034 inquantum
2111 2994 2280 3025 aeternitas
2296 2994 2393 3025 simul
2411 2993 2542 3036 attingit

1459 3043 1491 3068 et
1514 3038 1584 3069 eius
1608 3047 1678 3069 esse
1701 3043 1734 3068 et
1749 3038 1819 3068 eius
1841 3047 1910 3068 non
1934 3047 2014 3069 esse.
2039 3037 2102 3070 Sed
2118 3043 2199 3069 tunc
2218 3037 2452 3079 constat,quod
2467 3046 2541 3071 nm

1459 3088 1534 3114 sunt
1549 3081 1818 3114 contradictoriae
1834 3083 2091 3123 propositiones:
2109 3091 2185 3114 cum
2202 3089 2340 3124 utraque
2351 3082 2540 3114 animadve

1459 3132 1615 3158 sumatur.

1516 3171 1549 3203 Si
1573 3177 1683 3203 autem
1706 3171 1831 3203 dicatur
1854 3170 1946 3212 quod
1969 3172 2009 3203 ab
2026 3171 2215 3203 affirmativa
2229 3171 2270 3204 de
2285 3170 2471 3212 praedicato
2489 3171 2539 3202 in·

1460 3215 1553 3248 finito
1577 3222 1634 3248 aut
1657 3222 1775 3257 negato
1794 3216 1879 3247 valet
1901 3215 1943 3247 ad
1964 3217 2148 3258 negativam
2172 3216 2214 3248 de
2235 3215 2421 3258 praedicato
2443 3215 2538 3247 finito

1461 3266 1516 3292 aut
1539 3260 1709 3297 affirmato,
1734 3261 1818 3292 valet
1841 3261 1940 3297 enim,
1961 3260 2022 3292 Est
2040 3261 2191 3296 iniustus,
2213 3260 2310 3302 Ergo
2334 3269 2401 3291 non
2424 3265 2474 3291 est
2488 3261 2541 3292 iu-

1459 3311 1547 3342 stus:
1562 3311 1594 3337 et
1609 3315 1667 3346 per
1685 3314 1892 3346 consequens
1907 3306 2005 3337 etiam
2021 3306 2115 3342 valet,
2130 3304 2241 3336 Habet
2261 3314 2328 3335 non
2348 3314 2426 3341 esse,
2442 3305 2543 3347 Ergo,

1462 3360 1527 3381 non
1551 3350 1647 3382 habet
1668 3357 1756 3386 esse:
1779 3355 1812 3381 et
1834 3350 1891 3386 sic,
1918 3350 1943 3381 si
1967 3349 2154 3381 affirmativa
2177 3355 2225 3380 est
2248 3358 2332 3385 vera,
2357 3349 2455 3380 etiam
2482 3359 2540 3382 ne-

1460 3395 1566 3435 gativa
1589 3401 1636 3426 est
1660 3404 1748 3426 vera:
1765 3413 1789 3418 —
1804 3394 1921 3427 dicitur
1943 3394 2036 3435 quod
2057 3393 2112 3425 illa
2134 3394 2245 3433 regula
2271 3399 2360 3425 tenet
2383 3395 2439 3426 ubi
2462 3403 2543 3436 ριό·

1461 3440 1581 3480 positio
1604 3440 1748 3480 aliquam
1771 3447 1957 3471 mensuram
1979 3439 2136 3479 temporis
2155 3439 2318 3479 importat.
2342 3438 2429 3478 Quia
2452 3439 2540 3470 enim

1461 3484 1495 3515 in
1519 3494 1587 3516 uno
1611 3490 1760 3525 tempore
1783 3493 1852 3515 non
1875 3488 2014 3524 possunt
2027 3492 2098 3514 esse
2121 3483 2219 3514 simul
2242 3484 2395 3524 opposita
2412 3483 2540 3524 praedi-

1462 3534 1532 3560 cata
1555 3534 1588 3560 et
1611 3537 1681 3560 esse
1705 3538 1742 3560 ac
1765 3537 1834 3560 non
1849 3536 1919 3559 esse
1935 3526 2082 3558 eiusdem
2097 3528 2153 3564 rei,
2170 3527 2257 3564 ideo,
2274 3537 2351 3559 cum
2366 3528 2463 3560 alicui
2478 3537 2539 3569 pro

1462 3583 1531 3604 uno
1555 3579 1704 3614 tempore
1727 3572 1912 3604 attribuitur
1934 3571 2155 3613 praedicatum
2181 3572 2347 3604 infinitum
2376 3574 2444 3604 sive
2470 3582 2545 3609 non,

1463 3627 1544 3654 esse,
1575 3623 1707 3659 oportet
1735 3622 1772 3648 ut
1801 3626 1862 3657 pro
1893 3615 2011 3647 eodem
2041 3622 2189 3657 tempore
2220 3618 2260 3648 ab
2287 3627 2328 3650 eo
2352 3617 2540 3649 excludatur

1463 3662 1686 3703 praedicatum
1709 3660 1838 3692 finitum
1861 3666 1894 3692 et
1923 3669 1994 3692 esse
2019 3661 2066 3692 illi
2089 3662 2290 3702 oppositum.
2322 3662 2399 3693 Non
2429 3667 2540 3693 autem

2556 1602 2639 1625 ‘Loe-
2653 1602 2692 1625 eit.
