2742 4152
13 3485 26 3497 ²
39 3485 75 3509 Cf.
94 3485 230 3517 Continent.

15 3517 67 3542 up.
76 3519 112 3542 m,
121 3516 173 3535 um.

864 268 1052 306 SUMMA
1081 269 1303 307 CONTRA
1331 271 1606 321 GENTILES,
1637 273 1747 311 CAP.
1768 274 1830 311 IV.

2401 290 2440 315 11

792 423 1375 481 CAPITULUM
1437 428 1913 504 QUARTUM

310 542 485 595 QUOD
509 540 777 583 VERITAS
800 539 1153 592 DIVINORUM
1177 540 1263 580 AD
1288 540 1468 593 QUAM
1490 542 1844 585 NATURALIS
1867 545 2054 587 RATIO
2078 549 2400 591 PERTINGIT

525 613 1010 655 CONVENIENTER
1043 611 1383 653 HOMINIBUS
1418 612 1756 655 CREDENDA
1789 615 2179 660 PROPONITUR

266 768 281 793 ,¹
347 760 352 763 -
396 759 435 785 ss,
450 750 567 777 upum
593 737 707 787 igitur
738 738 896 776 veritate
932 737 1155 776 divinorum
1194 736 1328 774 intelli-

262 789 281 843 }
464 791 640 841 gibilium
659 791 856 839 existente,
871 803 952 829 una
970 791 1020 828 ad
1034 802 1156 840 quam
1171 789 1329 828 rationis

269 866 280 889 κ,
464 845 662 896 inquisitio
690 845 906 896 pertingere
932 852 1071 895 potest,
1091 845 1208 881 altera
1227 855 1329 893 quae

278 908 282 912 ’
397 908 434 935 ,·‘=
466 911 585 938 omne
612 899 814 949 ingenium
846 899 1045 936 humanae
1073 896 1232 935 rationis
1265 909 1328 934 ex-

252 951 364 1000 cedit,
384 961 550 1003 utraque
577 952 855 991 convenienter
872 950 1057 990 divinitus
1075 950 1227 988 homini
1249 962 1329 988 cre-

251 1006 382 1045 denda
395 1007 639 1057 proponitur.
660 1007 748 1044 Hoc
761 1013 895 1044 autem
909 1004 958 1043 de
972 1004 1036 1042 illa
1053 1004 1183 1054 primo
1203 1011 1329 1042 osten-

252 1060 430 1099 dendum
449 1069 506 1098 est
523 1072 626 1111 quae
644 1058 884 1110 inquisitioni
912 1057 1070 1096 rationis
1092 1057 1228 1108 pervia
1246 1070 1330 1095 esse

251 1121 398 1164 potest:
428 1126 478 1152 ne
506 1114 602 1152 forte
630 1113 744 1151 alicui
771 1112 962 1158 videatur,
991 1124 1039 1149 ex
1067 1123 1148 1162 quo
1182 1111 1330 1149 ratione

251 1166 388 1206 haberi
405 1175 542 1218 potest,
561 1167 701 1206 frustra
719 1166 759 1204 id
778 1164 1062 1216 supernaturali
1080 1164 1329 1216 inspiratione

253 1220 496 1259 credendum
523 1220 708 1259 traditum
737 1232 832 1258 esse.

280 1312 283 1313 γ
308 1274 720 1325 Sequerenturautem
734 1273 806 1312 tria
824 1271 1138 1311 inconvenientia
1153 1271 1184 1309 si
1199 1272 1329 1310 huius-

243 1327 364 1366 modi
381 1326 523 1367 veritas
541 1328 794 1366 solummodo
813 1326 952 1365 rationi
971 1325 1204 1376 inquirenda
1218 1326 1330 1364 relin-

252 1389 449 1432 queretur.
469 1383 605 1421 Unum
625 1389 682 1420 est
709 1381 818 1432 quod
845 1379 982 1431 paucis
1009 1379 1238 1418 hominibus
1257 1380 1330 1418 Dei

253 1434 422 1484 cognitio
450 1435 603 1474 inesset.
632 1436 668 1473 A
689 1434 816 1473 fructu
844 1434 951 1472 enim
980 1433 1175 1472 studiosae
1204 1433 1331 1484 inqui-

253 1487 413 1537 sitionis,
433 1489 501 1539 qui
529 1497 586 1527 est
607 1488 783 1527 inventio
811 1487 992 1533 unitatis,
1020 1486 1180 1538 plurimi
1207 1486 1330 1538 impe-

253 1541 415 1582 diuntur
436 1542 559 1581 tribus
577 1543 627 1581 de
654 1542 793 1581 causis.
814 1541 991 1590 Quidam
1018 1540 1214 1591 siquidem
1242 1553 1331 1591 pro·

252 1603 339 1646 pter
364 1596 648 1646 complexionis
674 1595 1025 1647 indispositionem,
1045 1607 1093 1632 ex
1112 1607 1192 1645 qua
1219 1595 1331 1633 multi

253 1650 478 1688 naturaliter
514 1657 605 1687 sunt
636 1649 853 1701 indispositi
882 1649 932 1687 ad
961 1649 1186 1687 sciendum:
1225 1649 1332 1686 unde

253 1704 362 1741 nullo
391 1702 520 1742 studio
549 1703 598 1741 ad
627 1703 705 1741 hoc
732 1702 949 1754 pertingere
967 1710 1128 1753 possent
1155 1710 1199 1740 ut
1226 1714 1332 1740 sum-

253 1768 368 1795 mum
398 1756 566 1807 gradum
598 1757 798 1795 humanae
831 1755 1061 1806 cognitionis
1093 1755 1332 1806 attingerent,

253 1809 324 1860 qui
350 1809 391 1848 in
423 1810 699 1859 cognoscendo
727 1811 860 1849 Deum
887 1809 1071 1848 consistit.
1101 1832 1127 1837 -
1157 1809 1332 1857 Quidam

252 1875 350 1902 vero
363 1863 633 1914 impediuntur
641 1863 866 1902 necessitate
879 1863 935 1902 rei
948 1863 1155 1902 familiaris.
1168 1863 1334 1913 Oportet

253 1917 366 1955 enim*
380 1929 464 1955 esse
483 1917 583 1955 inter
596 1917 779 1956 homines
798 1917 951 1967 aliquos
965 1917 1034 1968 qui
1051 1917 1333 1966 temporalibus

253 1970 569 2009 administrandis
601 1970 791 2019 insistant,
811 1970 889 2020 qui
923 1978 1075 2009 tantum
1107 1978 1264 2021 tempus
1292 1971 1333 2009 in

254 2023 334 2062 otio
354 2024 678 2075 contemplativae
697 2023 957 2074 inquisitionis
976 2036 1058 2063 non
1081 2032 1241 2075 possent
1269 2037 1333 2062 ex-

253 2077 426 2128 pendere
441 2086 484 2116 ut
497 2077 548 2116 ad
563 2090 768 2116 summum
781 2077 975 2127 fastigium
989 2079 1188 2117 humanae
1208 2077 1333 2128 inqui-

254 2130 403 2170 sitionis
430 2131 701 2182 pertingerent,
730 2131 872 2169 scilicet
899 2131 973 2169 Dei
1000 2131 1276 2180 cognitionem.
1306 2154 1332 2159 —

254 2184 431 2232 Quidam
459 2192 591 2222 autem
621 2184 889 2235 impediuntur
915 2184 1076 2235 pigritia.
1111 2185 1172 2222 Ad
1201 2185 1331 2234 cogni-

253 2238 403 2276 tionem
417 2237 524 2276 enim
544 2250 683 2276 eorum
698 2251 800 2288 quae
815 2239 864 2276 de
884 2239 971 2276 Deo
990 2238 1088 2276 ratio
1103 2237 1332 2288 investigare

253 2298 392 2343 potest,
421 2292 544 2330 multa
571 2303 902 2342 praecognoscere
931 2299 1103 2342 oportet:
1133 2304 1224 2330 cum
1254 2292 1332 2330 fere

254 2343 372 2383 totius
399 2345 671 2395 philosophiae
690 2345 950 2384 consideratio
973 2346 1024 2383 ad
1043 2344 1118 2384 Dei
1145 2345 1332 2395 cognitio-

254 2410 348 2437 nem
367 2398 585 2445 ordinetur;
605 2407 766 2450 propter
793 2399 902 2449 quod
925 2398 1205 2449 metaphysica,
1230 2411 1332 2449 quae

255 2451 357 2489 circa
389 2451 523 2490 divina
553 2460 742 2500 versatur,
772 2451 872 2490 inter
897 2452 1171 2503 philosophiae
1204 2460 1333 2502 partes

253 2504 392 2543 ultima
405 2513 582 2543 remanet
595 2505 839 2544 addiscenda.
857 2504 921 2544 Sic
935 2518 1027 2555 ergo
1046 2518 1127 2543 non
1147 2505 1220 2543 nisi
1239 2518 1332 2543 curn

254 2570 399 2608 magno
419 2559 551 2597 labore
571 2558 688 2597 studii
706 2560 756 2598 ad
780 2559 999 2610 praedictae
1018 2559 1187 2597 veritatis
1206 2559 1332 2609 inqui-

254 2611 436 2650 sitionem
455 2612 650 2662 perveniri
667 2621 805 2663 potest.
822 2614 956 2661 Quem
975 2612 1137 2663 quidem
1156 2613 1333 2651 laborem

253 2665 371 2716 pauci
398 2666 529 2704 subire
556 2668 694 2704 volunt
722 2679 795 2717 pro
828 2679 963 2705 amore
997 2666 1190 2712 scientiae,
1220 2666 1333 2704 cuius

254 2727 385 2757 tamen
413 2719 610 2758 mentibus
637 2720 847 2758 hominum
881 2721 1098 2758 naturalem
1132 2722 1241 2758 Deus
1275 2719 1332 2757 in-

255 2773 374 2811 seruit
401 2773 628 2824 appetitum.

1383 745 1472 786 post
1504 739 1665 787 longum
1692 746 1847 789 tempus
1874 740 2141 789 pertingerent.
2170 743 2277 781 Tum
2296 754 2450 794 propter

1385 790 1502 828 huius
1534 791 1701 829 veritatis
1733 793 2045 842 profunditatem,
2075 795 2124 832 ad
2152 808 2272 845 quam
2299 798 2450 847 capien-

1385 843 1477 881 dam
1491 856 1561 894 per
1578 845 1685 882 viam
1705 845 1861 883 rationis
1880 858 1961 884 non
1976 847 2048 884 nisi
2062 856 2150 897 post
2168 850 2327 897 longum
2347 863 2451 889 exer-

1384 896 1517 934 citium
1560 897 1769 936 intellectus
1806 900 2003 937 humanus
2043 900 2207 939 idoneus
2248 902 2450 941 invenitur.

1351 958 1362 979 ⁵
1384 950 1492 988 Tum
1521 951 1637 990 etiam
1668 960 1827 1003 propter
1854 955 1975 991 multa
2007 966 2108 1003 quae
2144 955 2451 1005 praeexiguntur,

1385 1011 1427 1041 ut
1463 1004 1611 1042 dictum
1648 1014 1714 1043 est.
1752 1007 1861 1044 Tum
1898 1006 2014 1044 etiam
2045 1016 2203 1057 propter
2239 1009 2315 1046 hoc
2346 1011 2453 1059 quod

1384 1065 1560 1108 tempore
1588 1058 1809 1107 iuventutis,
1837 1060 1935 1097 dum
1972 1060 2132 1098 diversis
2161 1061 2332 1099 motibus
2368 1076 2453 1113 pas-

1385 1110 1541 1149 sionum
1570 1112 1700 1151 anima
1717 1113 1890 1160 fluctuat,
1911 1125 1992 1151 non
2011 1122 2067 1151 est
2085 1122 2174 1164 apta
2192 1115 2241 1152 ad
2259 1122 2339 1152 tam
2358 1119 2454 1155 altae

1384 1164 1552 1203 veritatis
1580 1166 1852 1215 cognitionem,
1882 1168 1950 1204 sed
1978 1169 2016 1204 in
2046 1169 2263 1217 quiescendo
2288 1171 2339 1217 fit
2361 1184 2453 1220 pru-

1346 1233 1372 1248 10
1385 1219 1475 1256 dens
1503 1225 1536 1256 et
1562 1221 1692 1266 sciens,
1721 1228 1763 1257 ut
1791 1220 1929 1258 dicitur
1956 1220 1995 1258 in
2018 1222 2286 1271 V11Physic.*
2314 1224 2454 1262 Rema-
2481 1222 2492 1267 ζ

1385 1280 1492 1310 neret
1520 1272 1632 1321 igitur
1658 1274 1877 1312 humanum
1910 1286 2043 1323 genuS,
2063 1274 2094 1312 si
2118 1276 2199 1313 sola
2218 1276 2373 1315 rationis
2391 1277 2455 1315 via

1386 1326 1435 1364 ad
1450 1327 1581 1364 Deum
1595 1328 1912 1376 cognoscendum
1926 1335 2081 1378 pateret,
2098 1328 2138 1366 in
2156 1329 2334 1368 maximis
2348 1330 2454 1380 igno-

1386 1379 1528 1417 rantiae
1546 1380 1731 1418 tenebris:
1756 1393 1849 1418 cum
1868 1381 1941 1419 Dei
1959 1381 2137 1430 cognitio,
2157 1394 2258 1432 quae
2276 1384 2454 1422 homines

1386 1433 1556 1471 maxime
1583 1434 1771 1484 perfectos
1799 1442 1836 1472 et
1863 1434 1990 1472 bonos
2017 1434 2113 1483 facit,
2146 1448 2226 1473 non
2263 1437 2333 1474 nisi
2371 1437 2454 1488 qui-

1347 1506 1370 1526 15
1386 1487 1555 1524 busdam
1582 1487 1728 1537 paucis,
1758 1496 1794 1525 et
1821 1487 1881 1525 his
1910 1487 2026 1526 etiam
2053 1496 2140 1538 post
2167 1491 2351 1540 temporis
2374 1493 2454 1528 lon-

1386 1540 1602 1589 gitudinem
1629 1541 1861 1591 proveniret.

1441 1593 1620 1631 Tertium
1649 1593 1928 1632 inconveniens
1955 1603 2012 1632 est
2038 1596 2147 1644 quod
2179 1595 2457 1646 investigationi

1387 1647 1546 1685 rationis
1565 1648 1763 1685 humanae
1789 1649 2022 1699 plerumque
2049 1649 2188 1686 falsitas
2215 1650 2456 1699 admiscetur,

1386 1709 1547 1752 propter
1560 1700 1796 1739 debilitatem
1810 1701 2021 1740 intellectus
2040 1702 2160 1740 nostri
2179 1702 2218 1740 in
2237 1703 2456 1752 iudicando,

1347 1771 1375 1786 ιο
1388 1762 1426 1793 et
1451 1755 1772 1806 phantasmatum
1799 1755 2110 1805 permixtionem.
2146 1757 2194 1794 Et
2228 1756 2316 1795 ideo
2353 1758 2458 1807 apud

1388 1810 1533 1847 multos
1561 1809 1602 1847 in
1629 1807 1869 1848 dubitatione
1898 1817 2142 1847 remanerent
2169 1822 2214 1848 ea
2242 1822 2343 1860 quae
2371 1819 2460 1848 sunt

1388 1862 1506 1900 etiam
1533 1861 1734 1900 verissime
1762 1862 2038 1910 demonstrata,
2068 1863 2164 1901 dum
2187 1863 2269 1901 vim
2297 1864 2458 1902 demon-

1388 1915 1581 1954 strationis
1610 1915 1806 1964 ignorant;
1837 1924 1873 1954 et
1900 1916 2108 1967 praecipue
2136 1929 2227 1954 cum
2254 1917 2410 1955 videant
2437 1931 2459 1955 a

1388 1969 1550 2008 diversis
1583 1968 1652 2019 qui
1684 1969 1875 2019 sapientes
1911 1969 2104 2017 dicuntur,
2133 1970 2285 2008 diversa
2317 1971 2457 2008 doceri.

1348 2038 1372 2060 ις
1388 2024 1490 2061 Inter
1517 2024 1640 2061 multa
1659 2023 1775 2060 etiam
1803 2036 1896 2061 vera
1923 2036 2023 2074 quae
2043 2023 2367 2072 demonstrantur,
2388 2025 2457 2062 im-

1388 2075 1574 2115 miscetur
1610 2076 1820 2127 aliquando
1862 2077 2006 2127 aliquid
2043 2078 2194 2125 falsum,
2233 2078 2341 2127 quod
2378 2090 2458 2116 non

1388 2131 1688 2178 demonstratur,
1709 2130 1778 2168 sed
1797 2130 1925 2180 aliqua
1952 2131 2143 2180 probabili
2165 2132 2227 2168 vel
2255 2130 2459 2181 sophistica

1388 2183 1537 2222 ratione
1574 2183 1767 2231 asseritur,
1806 2196 1907 2234 quae
1945 2184 2140 2222 interdum
2182 2185 2459 2222 demonstratio

1388 2245 1600 2288 reputatur.
1632 2238 1680 2275 Et
1699 2237 1788 2275 ideo
1809 2237 1979 2288 oportuit
1997 2250 2067 2288 per
2093 2237 2199 2275 viam
2221 2237 2312 2275 fidei
2339 2237 2457 2275 fixam

1348 2308 1374 2328 ιο
1388 2291 1659 2330 certitudinem
1679 2299 1716 2328 et
1734 2303 1876 2341 puram
1894 2291 2095 2329 veritatem
2115 2291 2162 2329 de
2187 2291 2302 2329 rebus
2322 2291 2460 2328 divinis

1388 2344 1617 2384 hominibus
1646 2344 1831 2382 exhiberi.

1443 2398 1656 2436 Salubriter
1675 2410 1766 2447 ergo
1793 2397 1926 2436 divina
1944 2397 2114 2448 providit
2132 2397 2336 2435 clementia
2354 2405 2396 2435 ut
2415 2410 2461 2435 ea

1388 2451 1506 2490 etiam
1534 2463 1636 2502 quae
1655 2451 1752 2489 ratio
1781 2451 2009 2500 investigare
2036 2458 2172 2500 potest,
2193 2450 2270 2488 fide
2294 2452 2459 2489 tenenda

1387 2504 1645 2556 praeciperet:
1666 2513 1710 2542 ut
1729 2504 1782 2542 sic
1797 2517 1936 2542 omnes
1955 2505 2003 2542 de
2017 2504 2115 2541 facili
2134 2512 2292 2554 possent
2306 2504 2458 2542 divinae

1349 2574 1372 2595 ις
1388 2557 1615 2608 cognitionis
1634 2557 1838 2609 participes
1867 2570 1961 2606 esse,
1987 2565 2023 2596 et
2051 2557 2198 2607 absque
2222 2557 2458 2596 dubitatione

1388 2620 1426 2650 et
1454 2624 1596 2650 errore.

1442 2665 1545 2702 Hinc
1559 2673 1616 2702 est
1634 2665 1744 2714 quod
1762 2667 1896 2716 Ephes.
1914 2677 1948 2702 1v
1960 2668 1983 2690 ¹⁷
2003 2664 2155 2702 dicitur:
2175 2666 2260 2702 Iam
2282 2678 2355 2702 non
2378 2677 2457 2701 am-

1387 2719 1516 2756 buletis
1543 2720 1635 2756 sicut
1662 2725 1696 2756 et
1713 2725 1842 2769 gentes
1861 2718 2053 2756 ambulant
2080 2719 2117 2754 in
2146 2720 2307 2755 vanitate
2332 2730 2458 2754 sensus

1386 2774 1455 2818 sui,
1485 2773 1644 2810 tenebris
1681 2774 1917 2810 obscuratum
1945 2773 2118 2809 habentes
2145 2771 2374 2808 intellectum.
2408 2771 2456 2807 Et

309 2825 546 2866 Secundum
567 2827 848 2866 inconveniens
883 2835 941 2865 est
968 2827 1077 2878 quod
1105 2826 1157 2864 illi
1185 2826 1253 2876 qui
1282 2827 1331 2864 ad
1346 2827 1512 2865 wIsaiae
1541 2838 1599 2863 1.1v
1615 2829 1660 2862 ¹³:
1680 2826 1827 2863 Ponam
1849 2827 2038 2863 universos
2045 2825 2151 2873 filios
2178 2830 2258 2861 tuos
2285 2824 2408 2861 doctos
2431 2836 2455 2860 a

254 2880 472 2930 praedictae
500 2881 669 2919 veritatis
696 2880 963 2919 inventionem
990 2879 1247 2930 pervenirent,
1267 2879 1332 2918 vix

309 2993 326 3019 6
345 2995 507 3029 proponitur]
526 2996 631 3028 ponitur
650 2996 700 3020 αΧ.
791 2994 843 3029 illa]
863 2995 909 3020 illo
928 2995 1003 3020 αΧΥ.
1094 2994 1111 3019 8
1130 2995 1197 3020 forte
1221 3002 1264 3020 om
1285 2995 1332 3020 Gc.

253 3031 343 3055 ventio
357 3033 422 3063 post
438 3031 553 3056 veritatis
571 3031 640 3056 GPc.
731 3029 916 3064 impediuntur}
941 3030 1108 3055 inveniuntur
1131 3030 1188 3062 BH,
1207 3030 1337 3055 invenitur

253 3071 328 3091 turae
346 3066 395 3092 εΗ.
487 3074 521 3100 29
540 3074 633 3091 eorum
651 3073 694 3091 om
715 3066 766 3091 αΧ.

255 3106 332 3127 netur
350 3109 393 3127 om
413 3102 470 3133 EG,
494 3102 574 3127 addit
591 3109 675 3134 supra
695 3101 845 3135 marginem
864 3101 984 3134 scriptor
1002 3101 1046 3126 W.

311 3137 325 3162 3
344 3136 413 3171 post]
434 3137 507 3171 prius
526 3138 558 3169 G,
577 3138 651 3170 prius
670 3142 732 3170 post
749 3137 794 3162 Pe.
885 3136 902 3162 6
922 3137 999 3162 etiam
1019 3144 1062 3162 om
1081 3136 1151 3162 GPc.

255 3173 322 3198 niret
333 3173 455 3206 BCNpH.

255 3209 436 3234 certitudinem
455 3214 480 3234 et
497 3208 600 3242 puram]
620 3207 670 3234 fixa
689 3208 841 3234 certitudine
859 3208 944 3241 ipsam
963 3208 1008 3234 Pe.

861 3067 926 3091 ratio
943 3064 1108 3099 investigare]
1128 3066 1194 3091 ratio
1212 3066 1362 3099 investigari
1380 3065 1486 3099 erW,
1511 3065 1667 3098 investigare
1686 3073 1739 3090 non
1758 3065 1789 3096 N,
1809 3064 1956 3096 investigari
1981 3071 2034 3088 non
2052 3063 2080 3089 Z.

1141 3108 1172 3133 41
1195 3100 1384 3135 inventionem]
1404 3101 1579 3134 cognitionem
1598 3102 1639 3126 vel
1659 3100 1834 3125 inventionem
1854 3099 2027 3129 otZsGWch,
2046 3098 2219 3130 cognitionem
2239 3098 2269 3123 N.

1244 3143 1276 3162 12
1296 3137 1382 3162 Deum
1400 3144 1444 3163 om
1463 3137 1559 3169 BHpF.

542 3180 574 3198 22
594 3173 673 3198 etiam
687 3175 753 3205 post
763 3172 902 3198 verissime
916 3172 961 3203 Pc,
973 3180 1016 3197 om
1030 3172 1167 3203 DEGWZ,
1179 3172 1256 3198 nobis
1271 3173 1350 3198 etiam
1362 3173 1387 3199 b.

1098 3215 1134 3240 4⁰
1153 3208 1210 3233 LIV
1229 3208 1273 3233 Ita
1290 3208 1339 3239 Pc;

1388 2881 1565 2916 Domino.

2011 2999 2045 3024 ¹4
2064 2991 2141 3025 enim]
2164 2999 2222 3017 cum
2246 3001 2270 3017 α.
2366 2991 2397 3016 15
2416 2991 2454 3016 in-

1998 3035 2031 3052 20
2050 3027 2202 3060 cognitionis
2227 3035 2269 3052 om
2293 3027 2387 3060 BpFH,
2409 3035 2453 3052 na-

2190 3062 2222 3087 30
2241 3071 2299 3087 cum
2317 3081 2324 3087 .
2335 3081 2342 3088 .
2354 3082 2361 3088 .
2385 3062 2453 3087 ordi-

1426 3001 1455 3019 ιι
1478 2993 1574 3028 autem]
1598 2994 1668 3019 enim
1690 2993 1722 3025 D,
1743 2999 1831 3018 tamen
1851 2993 1920 3019 GPc.

1355 3030 1401 3063 pF.
1497 3037 1530 3064 19
1549 3029 1667 3063 possent]
1691 3034 1804 3063 possunt
1829 3029 1902 3054 CEZ.

2136 3132 2168 3158 16
2187 3133 2341 3167 proveniret]
2362 3140 2452 3166 perve-

1652 3136 1683 3161 15
1703 3135 1754 3169 his]
1774 3135 1863 3168 paucis
1882 3134 1988 3159 addunt
2006 3135 2048 3159 Pc.

2376 3167 2452 3192 fixam

1478 3180 1511 3206 29
1529 3171 1653 3205 oportuit]
1673 3171 1789 3204 oportuit
1803 3171 1873 3204 quod
1893 3169 1930 3203 (et
1943 3169 2112 3194 nihilominus
2125 3168 2247 3202 exhiberi)
2267 3176 2292 3194 α.

1357 3208 1414 3233 vm
1432 3208 1537 3234 codices
1555 3210 1582 3233 et
1599 3208 1615 3233 b
1634 3206 1689 3241 (liiii
1707 3207 1804 3232 lectum
1823 3205 1886 3240 uiii).

1021 3296 1359 3329 Commentaria
1388 3296 1699 3329 Fen-ariensis

312 3403 461 3425 ost-oum
483 3394 625 3425 ostendit
647 3393 784 3425 Sanctus
800 3393 947 3424 Thomas
969 3393 1135 3434 duplicem
1155 3403 1224 3425 esse
1247 3395 1330 3424 veri-

259 3405 412 3470 Ptatem
434 3438 474 3470 de
496 3439 580 3475 Deo,
596 3448 685 3469 nunc
708 3438 848 3469 modum
871 3437 1140 3469 manifestationis
1160 3439 1329 3479 utriusque

259 3484 396 3514 veritatis
411 3483 551 3514 declarat
562 3485 589 3513 *.
610 3483 706 3514 Circa
720 3484 785 3514 hoc
809 3489 918 3514 autem
942 3482 1009 3513 duo
1034 3482 1123 3513 facit:
1147 3484 1265 3524 primo,
1289 3483 1330 3514 de

255 3528 358 3559 modo
381 3527 650 3559 manifestationis
672 3527 863 3559 huiusmodi
886 3528 1033 3558 absolute
1056 3527 1264 3564 determinat3
1281 3537 1330 3558 se-

256 3572 377 3609 cundo,
401 3573 630 3613 comparative,
652 3581 722 3612 cap.
746 3582 800 3603 vn.
815 3590 839 3595 —
860 3571 955 3603 Circa
977 3572 1120 3612 primum
1144 3571 1211 3603 duo
1235 3571 1329 3603 facit:

255 3618 374 3658 primo,
398 3617 590 3648 determinat
613 3616 653 3647 de
682 3616 786 3647 modo
819 3616 1008 3647 huiusmodi
1039 3621 1198 3657 quantum
1222 3622 1269 3647 est
1292 3626 1331 3647 ex

256 3667 347 3703 parte
374 3661 537 3698 docentis3
565 3661 722 3697 secundo,
749 3661 789 3692 de
815 3662 888 3702 ipso
914 3666 1074 3702 quantum
1101 3666 1149 3692 est
1175 3670 1214 3691 ex
1241 3667 1331 3701 parte

1384 3393 1587 3429 addiscentis,
1612 3402 1682 3433 cap.
1706 3402 1748 3421 VI.
1764 3408 1787 3412 -—
1803 3389 1895 3421 Circa
1911 3389 2052 3429 primum
2067 3386 2132 3417 duo
2149 3385 2238 3416 facit:
2254 3386 2371 3426 primo,
2388 3386 2452 3426 agit

1385 3438 1425 3469 de
1447 3437 1550 3469 modo
1575 3446 1689 3468 eorum
1714 3444 1796 3476 quae
1822 3433 2006 3465 naturaliter
2035 3431 2075 3462 de
2102 3431 2174 3461 Deo
2199 3431 2352 3470 cognosci
2375 3439 2451 3470 pos-

1384 3488 1473 3519 sunt;
1497 3481 1652 3518 secundo,
1677 3480 1716 3511 de
1739 3478 1840 3510 modo
1860 3486 1973 3509 eorum
1989 3485 2072 3516 quae
2094 3475 2270 3505 naturalem
2293 3474 2452 3505 rationem

1386 3526 1546 3559 excedunt
1558 3527 1584 3556 θ.

1441 3571 1464 3602 Ι.
1490 3570 1658 3609 Quantum
1682 3568 1722 3599 ad
1744 3568 1896 3608 primum,
1915 3574 1956 3595 ne
1980 3563 2062 3594 forte
2086 3563 2190 3598 alicui.
2207 3569 2243 3594 ut
2266 3563 2381 3603 inquit,
2404 3564 2451 3593 vi-

1386 3616 1507 3651 deatur,
1533 3624 1571 3645 ex
1596 3623 1662 3654 quo
1686 3613 1755 3643 talis
1779 3612 1891 3641 veritas
1914 3609 2036 3639 ratione
2063 3608 2173 3638 haberi
2195 3613 2312 3648 potest,
2336 3606 2451 3638 frustra

1385 3659 1618 3701 supernaturali
1640 3656 1847 3696 inspiratione
1872 3652 2063 3684 credendam
2085 3651 2232 3683 traditam
2256 3661 2334 3689 esse,
2357 3652 2451 3692 ponit
