2768 4134
42 1606 50 1615 ·
65 1604 101 1626 Cf.
118 1610 241 1632 cap-LXIX.

44 1872 53 1881 '¹
67 1871 124 1899 Cap.
139 1877 169 1893 ιι.

42 2479 51 2488 ·
65 2477 101 2499 Cf.
125 2478 257 2500 Comment.

42 2510 92 2532 cap.
103 2511 164 2531 xnvr,
180 2505 231 2526 init.

48 3244 56 3252 ·
73 3242 110 3265 et.
125 3249 147 3265 n.
159 3250 179 3265 v.

48 3292 57 3302 ·
72 3291 107 3313 Cf.
123 3298 146 3314 n.
162 3298 197 3319 ni,
212 3299 242 3314 iv.

288 306 367 341 404

289 384 414 410 unum
435 369 666 419 simpliciter.
699 369 798 405 Sunt
817 367 922 404 enirn
943 379 1069 404 unum
1094 367 1133 404 in
1153 368 1304 415 agendo
1327 376 1362 404 et

287 424 485 474 patiendo:
506 422 615 472 quod
630 433 710 459 non
726 429 782 458 est
797 433 879 458 esse
900 433 1027 458 unum
1042 420 1276 471 simpliciter.
1298 421 1362 458 Sic

287 477 392 514 enim
421 475 559 512 dicitur
578 487 693 511 unum
723 473 928 523 quomodo
957 481 994 512 et
1013 487 1088 511 ens.
1110 475 1205 512 Esse
1230 482 1361 512 autem

287 542 402 579 agens
431 541 511 566 non
541 527 727 576 significat
756 539 838 564 esse
869 527 1101 577 simpliciter.
1139 528 1251 566 Unde
1290 540 1361 565 nec

286 595 369 620 esse
398 594 524 620 unum
553 581 592 618 in
622 581 774 629 agendo
799 589 854 618 est
874 593 957 619 esse
978 594 1105 619 unum
1125 581 1358 631 simpliciter.
1383 596 1392 615 s

340 637 473 673 Unum
502 643 634 672 autern
663 634 884 684 simpliciter
902 634 1097 684 tripliciter
1115 634 1268 672 dicitur:
1299 636 1361 672 vel

286 690 383 726 sicut
411 689 651 732 indivisibile;
683 689 746 725 vel
775 687 873 725 sicut
901 690 1141 732 continuum;
1175 690 1234 725 vel
1264 687 1360 725 sicut

285 743 393 793 quod
409 750 465 779 est
485 744 629 779 ratione
649 754 776 779 unum.
794 742 853 778 Ex
873 741 1086 779 substantia
1101 749 1233 779 autern
1253 741 1360 779 intel-

285 796 436 834 lectuali
457 803 493 832 et
512 807 675 845 corpore
696 807 778 832 non
797 803 923 844 potest
942 795 1026 832 fieri
1045 807 1173 832 unum
1188 795 1298 845 quod
1315 795 1361 832 sit

285 848 532 887 indivisibile:
564 856 716 899 oportet
745 848 850 886 enim
870 848 964 886 illud
992 861 1075 886 esse
1095 848 1359 898 compositum
1377 866 1402 880 10

285 915 331 940 ex
361 903 529 940 duobus.
559 903 701 952 Neque
730 902 871 939 iterum
900 902 1008 951 quod
1035 901 1082 938 sit
1110 902 1358 940 continuum:

285 955 378 1007 quia
406 963 533 1006 partes
562 955 736 993 continui
770 963 938 1005 quantae
976 962 1077 992 sunt.
1115 955 1362 1005 Relinquitur

285 1010 397 1059 igitur
425 1009 705 1059 inquirendum
734 1017 867 1045 utrum
897 1021 942 1046 ex
972 1008 1184 1046 substantia
1217 1008 1360 1047 intelle·

285 1063 399 1101 ctuali
420 1071 455 1100 et
475 1075 638 1112 corpore
657 1062 778 1112 possit
798 1062 851 1099 sic
880 1061 963 1100 fieri
984 1074 1111 1100 unum
1135 1062 1232 1099 sicut
1252 1063 1359 1112 quod

286 1125 341 1154 est
370 1117 517 1154 ratione
546 1128 684 1153 unum.
1377 1130 1399 1150 ις

339 1171 397 1207 Ex
426 1170 582 1207 duobus
612 1177 743 1206 autem
772 1168 1093 1219 permanentibus
1122 1181 1204 1206 non
1233 1168 1275 1206 fit
1295 1169 1360 1206 ali-

285 1223 379 1273 quid
409 1224 556 1261 ratione
586 1235 712 1260 unum
741 1222 813 1260 nisi
843 1223 940 1260 sicut
960 1235 1006 1260 ex
1035 1222 1160 1260 forma
1184 1223 1360 1260 substan-

284 1276 361 1314 tiali
389 1285 426 1314 et
453 1276 628 1314 materia:
654 1289 701 1314 ex
730 1276 943 1314 substantia
963 1276 1069 1314 enim
1098 1284 1135 1314 et
1163 1276 1360 1314 accidente

284 1343 365 1368 non
384 1330 428 1367 fit
456 1330 604 1368 ratione
624 1342 768 1376 unum;
789 1342 870 1368 non
890 1329 996 1367 enim
1018 1338 1073 1367 est
1101 1330 1240 1367 eadem
1265 1329 1360 1367 ratio

284 1386 445 1422 hominis
473 1393 510 1421 et
538 1385 623 1422 albi.
662 1384 750 1421 Hoc
785 1383 899 1433 igitur
933 1383 1211 1433 inquirendum
1250 1383 1404 1421 telin-²0

284 1438 425 1488 quitur,
463 1446 596 1475 utrum
635 1438 848 1475 substantia
885 1437 1149 1477 intellectualis
1187 1437 1362 1487 corporis

284 1491 446 1529 alicuius
475 1492 600 1529 forma
629 1491 887 1529 substantialis
916 1503 999 1529 esse
1028 1491 1160 1541 possit.

337 1545 500 1583 Videtur
541 1553 672 1582 autem
716 1545 991 1582 rationabiliter
1028 1545 1362 1583 considerantibus

285 1600 361 1637 hoc
389 1611 472 1636 esse
502 1599 740 1649 impossibile
754 1599 784 1635 *.

339 1654 396 1690 Ex
426 1652 580 1690 duabus
609 1652 715 1690 enim
744 1652 966 1690 substantiis
995 1659 1082 1690 actu
1112 1652 1363 1690 existentibus
1378 1669 1402 1689 ις

285 1719 366 1744 non
394 1714 519 1756 potest
547 1705 631 1743 fieri
666 1706 809 1756 aliquid
845 1718 991 1743 unum:
1022 1713 1129 1743 actus
1158 1705 1263 1743 enim
1296 1718 1362 1743 cu-

285 1759 437 1797 iuslibet
465 1767 520 1796 est
548 1759 586 1797 id
615 1772 696 1809 quo
732 1759 781 1796 ab
819 1760 937 1797 altero
967 1758 1223 1807 distinguitur.
1262 1759 1361 1797 Sub-

286 1813 422 1851 stantia
441 1821 573 1851 autem
593 1812 855 1850 intellectualis
875 1820 930 1850 est
950 1813 1160 1850 substantia
1177 1820 1263 1850 actu
1284 1813 1360 1850 exi-

286 1875 399 1913 stens,
420 1875 462 1903 ut
482 1879 528 1904 ex
547 1866 767 1916 praemissis
781 1866 802 1888 ‘¹‘
830 1874 1000 1916 apparet.
1023 1866 1205 1904 Similiter
1228 1873 1359 1903 autem

286 1929 322 1957 et
350 1932 504 1969 corpus.
526 1921 620 1957 Non
649 1919 761 1968 igitur
779 1927 905 1969 potest
931 1919 1076 1969 aliquid
1106 1932 1233 1957 unum
1262 1919 1357 1965 fieri,
1376 1936 1400 1954 ιο

285 1981 327 2011 ut
354 1973 517 2019 videtur,
539 1986 585 2010 ex
605 1972 818 2010 substantia
847 1972 1089 2010 intellectuali
1114 1981 1151 2010 et
1179 1984 1355 2021 corpore.

339 2087 352 2112 3
370 2095 451 2112 unum
472 2086 604 2117 GENXY;
623 2094 683 2111 esse
701 2094 794 2112 unum.

283 2123 332 2148 nisi
352 2123 425 2149 an.

339 2166 370 2184 ιο
390 2157 527 2192 Sequetur]
548 2158 671 2191 Sequitur
690 2156 783 2184 CFbP.

283 2194 341 2228 phis
360 2194 404 2220 W.
497 2202 529 2219 πο
548 2194 650 2227 corpori
670 2194 692 2218 Α
711 2194 795 2224 solus3
816 2201 868 2219 om.

884 2094 902 2117 4
921 2085 989 2120 esse]
1011 2093 1071 2111 esse
1092 2094 1173 2111 unum
1195 2086 1225 2111 D.

518 2121 551 2147 26
571 2122 667 2155 aliquid
687 2129 730 2147 om
749 2122 781 2153 D,
800 2122 907 2155 aliquod
928 2122 970 2147 Pc.
1063 2121 1097 2148 28
1116 2121 1213 2156 autern]
1232 2129 1296 2147 vero
1316 2122 1358 2148 pc.

876 2157 907 2183 13
928 2157 991 2183 illud
1010 2158 1058 2189 W;
1078 2159 1112 2183 id.

1048 2282 1385 2316 Commentaria

341 2392 488 2413 osteum
519 2381 742 2412 determinavit
770 2381 905 2413 Sanctus
940 2381 1086 2412 Thomas
1118 2381 1158 2412 de
1188 2381 1365 2412 substantia

289 2394 550 2458 Pintellectuali
582 2432 741 2468 quantum
766 2426 805 2457 ad
830 2427 899 2458 eius
922 2432 1081 2463 naturam,
1105 2427 1219 2467 incipit
1237 2426 1277 2457 de
1297 2427 1366 2466 ipsa

286 2478 445 2514 quantum
462 2471 501 2502 ad
525 2472 683 2502 unionem
707 2472 776 2502 eius
792 2471 833 2502 ad
857 2481 976 2512 corpus
993 2471 1205 2502 determinare
1219 2472 1244 2501 ’ἃ
1271 2470 1366 2502 Circa

285 2518 350 2549 hoc
374 2523 483 2549 autem
507 2515 573 2547 duo
599 2515 689 2547 facit:
708 2516 824 2557 primo,
850 2515 991 2547 ostendit
1007 2516 1148 2557 aliquam
1165 2516 1365 2547 intellectua-

286 2563 350 2594 lem
374 2562 584 2593 substantiam
608 2562 692 2592 uniri
716 2561 860 2602 corpori3
888 2561 1044 2598 secundo,
1069 2560 1211 2592 ostendit
1240 2566 1366 2602 praeter

285 2609 367 2639 hanc
392 2616 460 2638 esse
484 2606 560 2637 alias
585 2606 776 2646 corporibus
800 2615 867 2636 non
892 2607 1008 2642 unitas,
1034 2615 1104 2646 cap.
1122 2615 1183 2636 xer.

341 2652 510 2691 Quantum
535 2650 574 2681 ad
598 2652 750 2692 primum,
776 2650 842 2681 duo
868 2650 958 2682 facit:
988 2652 1105 2691 primo,
1131 2650 1273 2682 ostendit
1296 2651 1363 2681 ani-

284 2707 371 2728 mam
388 2696 578 2727 rationalem
594 2697 679 2727 uniri
695 2696 843 2736 corpori;
864 2695 1021 2732 secundo,
1038 2696 1171 2736 inquirit
1187 2695 1276 2736 quali
1292 2705 1364 2727 cor—

285 2743 355 2784 pori
379 2742 519 2777 uniatur,
544 2750 614 2781 cap.
632 2751 681 2771 xc,
714 2773 717 2776 .

340 2786 435 2818 Circa
458 2786 602 2827 primum
625 2787 683 2816 tria
711 2784 802 2816 facit:
836 2785 953 2826 primo,
985 2785 1048 2825 agit
1073 2784 1113 2816 de
1141 2786 1210 2826 ipsa
1237 2785 1361 2816 unione

285 2833 411 2862 animae
435 2830 649 2862 intellectivae
674 2829 714 2860 ad
739 2839 858 2871 corpus
882 2829 1063 2860 secundum
1079 2839 1131 2866 se;
1149 2830 1305 2866 secundo,
1323 2829 1362 2860 de

285 2877 454 2908 duratione
467 2876 568 2917 ipsius
581 2881 654 2906 ante
671 2881 702 2906 et
718 2880 793 2915 post
809 2875 977 2911 unionem,
995 2884 1065 2915 cap.
1078 2885 1184 2911 Lxx1x;
1203 2876 1309 2911 tertio,
1323 2874 1363 2906 de

285 2923 353 2953 eius
378 2921 595 2962 productione
620 2920 738 2951 dictam
766 2920 924 2950 unionem
956 2925 1118 2956 causante,
1143 2929 1213 2960 cap.
1239 2929 1362 2951 rxxxvx.

340 2966 435 2997 Circa
463 2966 605 3007 primurn
637 2965 703 2996 duo
736 2963 827 2995 facit:
859 2965 977 3004 primo,
1002 2964 1194 2995 determinat
1223 2964 1263 2996 de
1294 2965 1364 3005 ipsa

285 3012 462 3042 substantia
491 3011 617 3041 animae
648 3009 862 3041 intellectivae
894 3010 1019 3046 unitae3
1052 3009 1208 3046 secundo,
1234 3009 1273 3040 de
1304 3019 1364 3050 po-

286 3057 392 3087 tentiis
417 3056 496 3092 eius,
521 3065 604 3096 quae
635 3060 711 3086 sunt
737 3054 919 3085 intellectus
942 3054 1104 3094 possibilis
1129 3060 1159 3086 et
1182 3054 1364 3085 intellectus

287 3110 394 3142 agens,
419 3110 488 3141 cap.
508 3110 613 3131 Lxxrn.

342 3145 511 3183 Quantum
535 3144 575 3175 ad
599 3145 751 3186 primum,
777 3143 843 3174 duo
868 3142 960 3173 facit:
986 3144 1103 3183 primo,
1128 3143 1270 3174 ostendit
1285 3143 1365 3185 quid

289 3191 321 3221 in
345 3191 404 3221 hac
428 3189 615 3220 difficultate
644 3190 683 3220 sit
708 3188 933 3224 manifestum
958 3188 1114 3224 secundo,
1137 3189 1215 3228 quid
1243 3189 1283 3219 sit
1306 3188 1366 3220 du-

290 3235 389 3271 bium,
414 3235 497 3265 circa
522 3234 668 3265 medium
692 3233 869 3274 praesentis
893 3233 1026 3273 capituli
1039 3234 1064 3263 ’ἃ

345 3279 367 3310 1.
389 3279 558 3317 Quantum
583 3279 622 3310 ad
647 3279 800 3320 primum,
817 3284 987 3318 ponuntur
1010 3282 1073 3308 tres
1097 3277 1326 3309 conclusiones
1338 3279 1365 3308 ἦ

291 3323 437 3362 Quarum
469 3325 572 3364 prima
603 3329 663 3354 est:
698 3322 886 3354 Substantia
915 3322 1143 3353 intellectualis
1175 3332 1239 3353 non
1259 3328 1368 3363 potest

293 3369 379 3399 uniri
403 3369 536 3410 corpori
554 3378 617 3409 per
640 3367 771 3398 modum
796 3367 974 3398 mixtionis.

348 3414 511 3444 Probatur
530 3414 650 3454 primo.
668 3413 852 3444 Substantia
876 3411 1102 3443 intellectualis
1126 3420 1194 3441 non
1219 3421 1368 3442 commu-

293 3459 377 3488 nicat
402 3459 435 3489 in
459 3459 591 3489 materia
615 3467 690 3488 curn
716 3457 954 3497 corporalibus:
981 3465 1057 3488 cum
1080 3457 1120 3486 sit
1139 3456 1367 3487 immaterialis.

295 3503 378 3542 Ergo
392 3512 458 3533 non
472 3502 511 3533 ad
523 3503 662 3533 invicem
675 3502 858 3533 alterantur.
877 3502 963 3542 Ergo
977 3510 1045 3532 non
1058 3501 1244 3531 miscentur.
1257 3519 1279 3523 -
1291 3500 1369 3532 Pro-

295 3547 385 3576 batur
401 3548 503 3587 prima
521 3548 763 3588 consequentia.
781 3547 867 3585 Quia
884 3556 950 3577 non
968 3546 1127 3586 contingit
1145 3555 1213 3576 esse
1230 3546 1368 3576 invicem

295 3590 422 3621 alterata
446 3592 506 3621 nisi
530 3601 613 3631 quae
639 3592 884 3622 communicant
907 3592 940 3622 in
957 3591 1099 3626 materia,
1125 3599 1209 3631 quae
1233 3596 1370 3630 possunt

296 3644 364 3665 esse
387 3636 487 3665 activa
512 3642 542 3666 et
566 3637 689 3676 passiva
707 3636 747 3667 ad
762 3637 912 3667 invicem.
930 3654 952 3658 -
969 3634 1119 3666 Secunda
1135 3644 1269 3675 quoque
1294 3644 1369 3675 pro-

297 3680 397 3709 batur.
415 3679 499 3716 Quia
513 3689 594 3719 quae
608 3681 783 3711 miscentur
796 3686 925 3721 oportet
938 3680 978 3711 ad
991 3681 1131 3711 invicem
1148 3689 1216 3710 esse
1230 3679 1368 3710 alterata.

1318 2093 1352 2118 ¹4
1371 2086 1408 2112 sic
1427 2087 1449 2111 A
1473 2086 1560 2117 solun
1585 2094 1638 2112 om.

797 290 986 327 SUMMA
1016 290 1238 326 CONTRA
1267 289 1543 334 GENTILES,
1572 290 1667 326 LIB.
1690 291 1730 335 II,
1761 290 1872 327 CAP.
1895 292 1989 328 LVI.

1472 368 1624 405 Adhuc.
1662 369 1808 406 Forma
1843 377 1879 406 et
1914 370 2074 407 materia
2107 371 2147 408 in
2176 373 2318 410 eodem
2352 386 2492 422 genere

1417 421 1678 459 continentur:
1709 434 1829 460 omne
1850 422 1954 460 enim
1974 435 2098 471 genus
2116 436 2187 473 per
2209 433 2339 463 actum
2368 435 2405 464 et
2423 440 2492 477 po-

1416 474 1574 512 tentiam
1604 474 1799 512 dividitur.
1831 476 2050 514 Substantia
2072 486 2203 515 autern
2233 478 2493 518 intellectualis

1417 535 1453 564 et
1482 540 1624 577 corpus
1661 537 1750 565 sunt
1779 529 1932 567 diversa
1968 542 2121 578 genera.
2162 532 2255 568 Non
2293 531 2406 580 igitur
2437 534 2492 570 vi-

1416 581 1529 618 detur
1556 581 1738 631 possibile
1767 594 1895 620 unum
1923 595 2006 620 esse
2034 584 2203 621 formam
2232 585 2397 622 alterius.

1471 635 1661 684 AmpliuS.
1685 635 1816 673 Omne
1834 635 1928 673 illud
1948 637 2059 674 cuius
2079 650 2161 675 esse
2182 646 2238 675 est
2262 638 2301 675 in
2321 639 2492 685 materia,

1416 695 1568 737 oportet
1597 700 1679 725 esse
1709 689 1916 726 materiale.
1947 690 2024 728 Sed
2051 690 2082 727 si
2110 691 2322 728 substantia
2350 692 2493 729 intelle·

1416 741 1550 778 ctualis
1569 749 1625 778 est
1652 743 1778 779 forma
1797 743 1982 792 corporis,
2004 752 2155 793 oportet
2174 745 2283 795 quod
2307 757 2390 783 esse
2410 746 2493 783 eius

1417 795 1462 832 sit
1491 795 1531 832 in
1560 795 1720 832 materia
1749 796 1956 845 corporali:
1988 809 2069 834 non
2098 798 2205 836 enim
2233 811 2316 836 esse
2344 799 2492 837 formae

1416 856 1471 886 est
1499 857 1651 898 praeter
1679 861 1762 886 esse
1791 849 1986 887 materiae.
2019 850 2212 900 Sequetur
2244 852 2357 900 igitur
2384 853 2493 903 quod

1416 902 1629 940 substantia
1657 902 1919 940 intellectualis
1948 915 2030 940 non
2063 903 2110 941 sit
2142 904 2417 952 immaterialis,
2451 914 2493 944 ut

1416 956 1569 1006 supra*
1597 963 1798 994 ostensum
1827 964 1893 993 est.
2024 1000 2026 1002 ¹
2415 1005 2420 1008 ἡ

1470 1010 1576 1047 Item.
1598 1009 1839 1059 Impossibile
1855 1017 1912 1047 est
1930 1009 2024 1047 illud
2041 1010 2152 1048 cuius
2172 1019 2332 1049 esseest
2350 1011 2391 1051 in
2409 1024 2492 1051 cor-

1416 1075 1523 1112 pore,
1561 1075 1643 1100 esse
1672 1076 1695 1100 a
1723 1075 1887 1114 corpore
1917 1072 2151 1113 separatum.
2182 1066 2397 1103 Intellectus
2426 1078 2493 1103 au-

1416 1124 1495 1153 tem
1515 1116 1732 1154 ostenditur
1750 1130 1773 1154 a
1791 1116 2036 1167 philosophis
2051 1130 2134 1155 esse
2150 1126 2349 1168 separatus
2367 1131 2391 1156 a
2409 1130 2493 1157 cor·

1416 1182 1523 1219 pore,
1553 1177 1590 1207 et
1617 1170 1725 1219 quod
1754 1182 1884 1220 neque
1914 1178 1969 1208 est
1990 1183 2140 1221 -corpus
2160 1184 2289 1222 neque
2313 1172 2434 1210 virtus
2454 1171 2494 1210 in

1416 1235 1592 1273 corpore.
1627 1224 1721 1261 Non
1759 1231 1814 1261 est
1847 1224 1960 1273 igitur
1987 1224 2250 1263 intellectualis
2282 1225 2495 1264 substantia

1416 1277 1542 1314 forma
1557 1277 1746 1327 corporis:
1764 1277 1817 1315 sic
1833 1277 1938 1315 enim
1953 1291 2037 1316 esse
2051 1279 2135 1316 eius
2150 1287 2248 1316 esset
2263 1279 2302 1316 in
2317 1291 2493 1330 corpore.

1472 1330 1625 1368 Adhuc.
1671 1331 1794 1368 Cuius
1837 1343 1919 1369 esse
1963 1339 2019 1369 est
2060 1345 2274 1370 commune
2317 1333 2493 1383 corpori,

1418 1392 1570 1434 oportet
1590 1393 1626 1421 et
1654 1384 1924 1434 operationem
1943 1386 2098 1436 corpori
2117 1398 2374 1424 communem
2393 1398 2493 1424 esse:

1418 1438 1736 1488 unumquodque
1779 1438 1885 1476 enim
1923 1438 1998 1487 agit
2035 1440 2256 1478 secundum
2293 1440 2402 1490 quod
2440 1448 2497 1478 est

1418 1503 1506 1535 ens;
1537 1503 1610 1529 nec
1645 1492 1766 1529 virtus
1795 1491 1995 1542 operativa
2023 1492 2077 1531 rei
2105 1500 2232 1543 potest
2267 1505 2350 1531 esse
2379 1493 2496 1533 subli-

1418 1545 1521 1583 mior
1549 1557 1668 1595 quam
1699 1545 1782 1583 eius
1815 1546 1991 1592 essentia,
2026 1559 2119 1585 cum
2155 1547 2276 1585 virtus
2309 1546 2496 1585 essentiae

1418 1598 1607 1649 principia
1635 1607 1909 1650 consequatur.
1941 1599 1981 1638 Si
2002 1608 2134 1639 autem
2153 1599 2369 1639 substantia
2388 1599 2495 1638 intel-

1418 1651 1589 1690 lectualis
1623 1651 1670 1690 sit
1701 1653 1827 1690 forma
1860 1653 2045 1703 corporis,
2079 1661 2234 1704 oportet
2269 1654 2378 1704 quod
2411 1666 2495 1692 esse

1418 1705 1501 1743 eius
1527 1706 1574 1743 sit
1592 1705 1664 1743 sibi
1683 1714 1720 1743 et
1746 1706 1900 1756 corpori
1919 1718 2152 1745 commune:
2178 1719 2226 1745 ex
2244 1707 2370 1745 forma
2389 1707 2496 1745 enim

1417 1767 1455 1796 et
1491 1759 1652 1797 materia
1689 1759 1733 1797 fit
1770 1759 1915 1810 aliquid
1953 1772 2080 1798 unum
2119 1760 2352 1811 simpliciter,
2386 1761 2496 1811 quod

1417 1820 1473 1850 est
1502 1813 1722 1850 secundum
1751 1825 1834 1850 esse
1863 1826 2003 1851 unum.
2025 1813 2108 1851 Erit
2127 1813 2240 1862 igitur
2259 1821 2296 1851 et
2319 1813 2495 1864 operatio

1416 1865 1651 1904 substantiae
1689 1865 1953 1904 intellectualis
1991 1866 2215 1904 communis
2253 1866 2420 1918 corpori,
2459 1875 2496 1905 et

1414 1919 1536 1957 virtus
1551 1919 1634 1956 eius
1650 1919 1771 1956 virtus
1791 1918 1830 1956 in
1847 1931 2022 1970 corpore.
2040 1920 2160 1968 Quod
2179 1932 2227 1958 ex
2240 1920 2462 1971 praemissis
2473 1921 2496 1944 ‘⁸

1413 1980 1517 2022 patet
1536 1985 1619 2010 esse
1649 1972 1899 2023 impossibile.

1732 2085 1764 2111 16
1784 2086 1880 2120 aliquid
1904 2086 1927 2111 Α
1952 2086 2038 2117 solus;
2064 2094 2118 2113 om.
2213 2093 2246 2121 ¹9
2265 2095 2318 2112 non
2336 2086 2374 2122 fit]
2397 2094 2451 2113 non
2469 2086 2499 2113 fit

1205 2157 1236 2183 15
1257 2166 1272 2183 a
1291 2158 1454 2191 philosophis
1474 2158 1543 2191 esse]
1564 2166 1578 2183 a
1597 2157 1712 2191 physicis
1731 2166 1791 2184 esse
1810 2158 1878 2189 DPc,
1901 2166 1962 2184 esse
1980 2166 1996 2184 a
2014 2158 2130 2192 physicis
2149 2166 2209 2184 esse
2228 2166 2256 2190 α,
2273 2166 2334 2186 esee
2351 2167 2368 2186 ι
2380 2158 2498 2192 philoso-

1416 2283 1728 2316 Fen-ariensis

1475 2381 1635 2413 Secundo.
1653 2382 1747 2420 Quae
1762 2382 1950 2419 miscentur,
1965 2382 2124 2413 mixtione
2146 2382 2212 2413 iam
2236 2381 2328 2419 facta,
2345 2391 2414 2413 non
2429 2391 2498 2414 ma-

1418 2433 1497 2458 nent
1520 2432 1595 2458 actu
1619 2427 1676 2457 sed
1699 2428 1816 2458 virtute
1839 2432 1976 2458 tantum.
2001 2427 2088 2467 Ergo
2112 2432 2174 2458 etc.
2189 2445 2213 2450 —
2227 2427 2386 2458 Probatur
2409 2433 2498 2459 ante-

1419 2471 1547 2503 cedens.
1569 2471 1657 2503 Tum
1674 2473 1760 2512 quia,
1777 2473 1803 2503 si
1818 2477 1998 2508 manerent,
2014 2481 2084 2503 non
2104 2477 2187 2503 esset
2201 2472 2328 2509 mixtio,
2344 2471 2402 2504 sed
2418 2482 2498 2504 con-

1419 2515 1504 2548 fusio
1529 2522 1666 2548 tantum.
1692 2516 1780 2547 Tum
1805 2517 1901 2548 etiarn
1921 2517 2029 2557 signo:
2055 2517 2132 2557 quia
2155 2526 2275 2557 corpus
2296 2517 2435 2548 mixtum
2458 2526 2498 2548 ex

1419 2562 1587 2592 elementis
1604 2561 1732 2592 nullum
1748 2561 1880 2592 illorum
1897 2567 1954 2592 est.
1971 2579 1994 2584 -
2009 2560 2256 2602 Consequentia
2271 2570 2407 2602 quoque
2421 2570 2498 2603 pro-

1419 2606 1521 2637 batur.
1542 2605 1628 2644 Quia
1651 2606 1847 2637 substantiae
1870 2605 2104 2637 intellectuales
2127 2611 2204 2637 sunt
2225 2606 2497 2647 incorruptibiles.

1475 2651 1512 2682 11.
1529 2651 1581 2682 Ad
1597 2650 1793 2682 evidentiam
1816 2651 1914 2681 huius
1936 2651 2182 2691 propositionis,
2202 2650 2296 2688 Quae
2311 2651 2497 2688 miscentur,

1417 2696 1577 2727 mixtione
1599 2696 1665 2727 iam
1680 2696 1790 2738 facta,
1808 2705 1874 2726 non
1900 2701 2033 2726 manent
2053 2700 2130 2727 actu
2151 2695 2209 2727 sed
2223 2696 2343 2728 virtute
2361 2701 2497 2732 tantum,

1418 2746 1454 2771 ut
1475 2741 1516 2771 de
1539 2741 1702 2772 elementis
1727 2741 1759 2771 in
1785 2740 1888 2771 mixto
1906 2745 2009 2781 patet,
2031 2740 2201 2772 sciendum
2226 2740 2318 2781 quod
2340 2741 2399 2772 ista
2421 2750 2498 2782 pro-

1418 2786 1537 2826 positio
1563 2786 1701 2817 sumitur
1724 2795 1762 2816 ex
1787 2785 1989 2826 philosopho
2013 2785 2047 2816 in
2071 2784 2153 2816 libro
2177 2785 2217 2816 de
2234 2785 2455 2817 Generatione
2469 2785 2497 2822 ³,
2525 2793 2535 2802 ·

1418 2830 1474 2861 ubi
1497 2836 1585 2861 tenet
1602 2831 1634 2861 in
1651 2839 1724 2861 vera
1747 2831 1905 2861 mixtione
1929 2836 2081 2870 oportere
2104 2829 2368 2871 unumquodque
2391 2830 2495 2862 misci-

1417 2875 1531 2906 bilium
1556 2875 1732 2916 corrumpi,
1749 2880 1782 2906 et
1797 2884 1835 2906 ex
1859 2874 1936 2915 ipsis
1960 2875 2005 2906 sic
2029 2875 2189 2915 corruptis
2212 2874 2347 2916 aliquod
2366 2875 2498 2907 tertium

1417 2921 1572 2960 generari.
1597 2920 1734 2961 Propter
1756 2918 1848 2960 quod
1871 2919 1978 2960 inquit
2001 2920 2035 2950 in
2051 2918 2232 2951 Secundo*
2248 2919 2350 2961 quod,
2366 2920 2393 2950 si
2407 2924 2499 2960 gutta

1418 2966 1484 2996 vini
1500 2965 1588 2996 mille
1613 2965 1779 3005 amphoris
1803 2973 1907 3005 aquae
1931 2970 2125 3005 apponatur,
2142 2973 2210 2996 non
2226 2963 2263 2996 fit
2278 2974 2354 2996 vera
2372 2965 2497 3002 mixtio,

1418 3010 1475 3041 sed
1499 3010 1680 3051 corruptio:
1707 3010 1784 3050 quia
1806 3008 1957 3040 videlicet
1979 3014 2069 3050 gutta
2085 3009 2152 3040 vini
2175 3009 2319 3050 speciem
2334 3009 2452 3040 amittit
2467 3014 2500 3040 et

1419 3056 1452 3086 in
1477 3063 1595 3096 aquam
1619 3059 1866 3091 transmutatum
1892 3055 1926 3085 in
1949 3054 2106 3085 mixtione
2137 3059 2247 3085 autem
2276 3063 2346 3085 non
2369 3058 2499 3095 oportet

1418 3108 1524 3131 unum
1540 3098 1748 3130 miscibilium
1764 3099 1796 3129 in
1814 3097 1902 3129 aliud
1917 3098 2073 3135 converti,
2089 3097 2147 3130 sed
2169 3103 2301 3139 oportet
2323 3103 2498 3139 utrumque

1420 3144 1586 3185 corrumpi
1610 3149 1642 3174 et
1664 3143 1698 3174 in
1722 3143 1887 3185 quoddam
1911 3142 2058 3174 medium
2082 3152 2260 3174 commune
2283 3141 2438 3174 converti.

1478 3198 1508 3219 2.
1533 3188 1715 3227 Quomodo
1738 3194 1849 3219 autem
1873 3187 2021 3220 dicantur
2047 3187 2218 3219 miscibilia
2245 3187 2281 3218 in
2302 3187 2406 3218 mixto
2433 3185 2498 3216 vir-

1421 3239 1488 3265 tute
1517 3242 1660 3269 manere,
1686 3232 1857 3273 dupliciter
1887 3242 1905 3263 a
1936 3232 2116 3264 Thomistis
2145 3231 2327 3273 exponitur.
2355 3229 2499 3268 Quidam

1422 3279 1510 3310 enim
1533 3278 1578 3308 sic
1602 3278 1786 3318 intelligunt
1802 3276 1893 3319 quod
1909 3287 1948 3308 ex
1965 3277 2171 3318 qualitatibus
2193 3275 2431 3307 elementorum
2450 3284 2498 3306 re-

1422 3323 1526 3354 missis
1550 3322 1681 3354 resultat
1705 3322 1841 3364 qualitas
1863 3321 1971 3353 media
1999 3321 2126 3353 realiter
2156 3320 2339 3360 composita
2366 3329 2404 3350 ex
2428 3329 2499 3360 par-

1422 3367 1506 3398 tibus
1519 3366 1718 3398 diversarum
1730 3367 1903 3403 rationum,
1916 3371 2032 3407 utpote
2048 3365 2169 3396 habens
2185 3363 2307 3404 aliquid
2323 3363 2500 3395 formaliter

1423 3411 1463 3443 de
1479 3412 1586 3443 calore
1611 3418 1642 3442 et
1666 3411 1789 3452 aliquid
1813 3411 1852 3442 de
1876 3410 2057 3451 frigiditate,
2075 3414 2106 3440 et
2121 3409 2167 3439 sic
2183 3408 2223 3439 de
2240 3409 2324 3439 aliis:
2350 3409 2392 3439 ita
2409 3408 2500 3449 quod

1423 3456 1623 3498 quandoque
1647 3466 1712 3488 una
1737 3457 1806 3487 eius
1829 3465 1902 3497 pars
1925 3453 2102 3486 intenditur
2125 3458 2157 3484 et
2180 3453 2239 3484 alia
2262 3454 2444 3490 remittitur,
2468 3458 2500 3484 et

1423 3501 1604 3532 secundum
1629 3501 1692 3532 hoc
1715 3500 1853 3532 mixtum
1883 3499 1985 3539 magis
2008 3498 2249 3538 appropinquat
2278 3497 2318 3529 ad
2348 3498 2412 3529 hoc
2435 3497 2499 3529 ele-

1423 3551 1572 3577 mentum
1596 3546 1647 3576 vel
1670 3545 1762 3576 illud.

1479 3590 1586 3621 Habet
1602 3595 1710 3621 autern
1727 3590 1806 3620 haec
1823 3588 1936 3629 opinio
1953 3586 2203 3618 fundamentum
2220 3596 2258 3618 ex
2273 3586 2379 3618 verbis
2391 3586 2499 3617 Sancti

1425 3635 1584 3666 Thomae.
1609 3634 1730 3670 Primo,
1755 3633 1831 3674 quia
1853 3632 1959 3663 Prima
1980 3631 2082 3668 Parte,
2108 3642 2138 3672 q.
2165 3641 2272 3668 Lxxvx,
2297 3641 2324 3662 a.
2347 3639 2379 3669 4,
2404 3630 2444 3662 ad
2467 3640 2499 3671 4,

1424 3680 1530 3720 inquit
1547 3678 1637 3720 quod
1658 3678 1690 3709 in
1708 3678 1809 3708 mixto
1835 3682 1967 3707 manent
1989 3676 2162 3718 qualitates
2180 3675 2340 3717 propriae
2363 3675 2500 3706 elemen-

2523 1928 2534 1939 ·
2542 1926 2602 1956 c-p.
2610 1932 2665 1949 ιιιι
2672 1932 2725 1956 eqq.

2563 2791 2600 2814 De
2633 2790 2691 2814 Gn.

2526 2818 2606 2846 Com,
2616 2819 2636 2844 1.
2647 2824 2670 2846 x,
2680 2824 2700 2847 5.

2718 2793 2744 2814 e!

2527 2926 2536 2936 ·
2549 2925 2588 2948 ΑΙ.
2602 2924 2644 2947 lib.
2654 2923 2674 2952 l,
2687 2928 2740 2951 etp.

2525 2952 2574 2979 eit..
2587 2956 2611 2974 n.
2620 2956 2644 2980 9.
