2768 4134
868 282 1056 320 SUMMA
1085 285 1307 325 CONTRA
1336 289 1610 340 GENTlLES,
1641 293 1751 331 CAP.
1778 296 1874 332 XCI.

271 361 458 391 naturaliter
473 361 597 401 appetit
611 361 782 401 proprium
797 361 933 391 bonum.
951 362 1044 399 Quae
1062 365 1149 395 enim
1161 368 1347 405 cognitione

272 410 391 441 carent,
408 406 578 446 proprium
594 406 720 436 bonum
736 411 895 446 appetunt
915 408 1060 446 appetitu
1084 418 1173 440 mere
1196 412 1347 448 naturali3

273 459 357 490 quae
369 455 479 480 autem
491 451 611 480 habent
622 450 845 490 cognitionem
857 451 1042 481 sensitivam
1054 458 1190 489 tantum,
1199 461 1234 484 ut
1245 456 1347 492 bruta,

272 504 370 525 suum
385 495 512 525 bonum
528 501 687 535 appetunt
709 494 857 535 appetitu
881 495 1050 531 sensitiv0;
1075 507 1158 537 quae
1175 504 1283 528 autem
1299 510 1348 530 ra-

272 540 397 570 tionem
420 540 550 576 habent,
574 545 611 569 ut
633 539 793 574 homines,
818 539 965 579 appetitu
994 541 1141 571 rationali
1165 544 1350 574 naturaliter

273 585 444 624 proprium
467 585 592 615 bonum
615 589 785 624 appetunt.
832 591 834 593 ’

330 628 425 660 Circa
447 629 536 659 illam
559 629 833 669 propositionem,
850 629 973 658 Amans
989 627 1033 658 ad
1047 634 1191 659 amatum
1207 640 1242 661 se
1256 631 1350 661 habet

271 674 357 704 sicut
371 673 416 704 ad
430 673 464 703 id
479 673 567 714 quod
581 678 630 704 est
643 673 756 714 aliquo
780 671 877 702 modo
902 682 1002 703 unum
1027 681 1099 703 cum
1124 674 1203 714 ipso,
1221 675 1350 706 adverte

273 717 364 758 quod
387 726 500 748 amans
522 717 699 757 aliquando
723 727 799 748 cum
830 723 938 747 amato
963 723 1010 747 est
1034 726 1138 748 unum
1161 727 1219 758 per
1243 729 1349 750 essen-

271 763 360 799 tiam,
385 762 469 792 sicut
491 771 568 792 cum
592 762 665 802 quis
689 768 775 792 amat
797 762 956 802 seipsum;
982 762 1158 802 aliquando
1182 769 1230 793 est
1246 773 1349 794 unum

271 807 323 838 vel
346 806 528 837 secundum
552 807 810 842 similitudinem,
829 806 880 837 vel
897 816 1108 848 quacumque
1131 807 1192 837 alia
1215 809 1348 845 unitate,

272 852 356 882 sicut
371 860 448 882 cum
463 861 550 882 unus
566 851 679 882 artifex
695 857 780 882 amat
804 851 904 882 alium
927 851 1084 883 artificem
1103 852 1248 882 eiusdem
1265 854 1349 884 artis.

271 895 324 927 Ad
346 905 493 927 amorem
516 905 594 936 ergo
618 906 687 927 non
710 897 883 937 requiritur
906 905 1034 937 semper
1057 897 1137 927 unio
1168 898 1350 929 secundum

271 941 497 972 substantiam:
522 941 579 972 sed
594 941 712 972 sufficit
726 942 807 972 unio
823 940 1005 972 secundum
1026 940 1281 979 similitudinem,
1298 943 1349 974 vel

271 986 335 1016 alio
351 987 470 1026 quovis
485 985 598 1017 modo.
615 987 658 1017 Et
673 985 748 1018 ideo
766 986 889 1018 dictum
906 992 954 1018 est
970 985 1061 1028 quod
1077 995 1188 1017 amans
1205 996 1238 1017 se
1254 988 1350 1018 habet

272 1035 308 1061 ut
330 1030 441 1072 aliquo
466 1030 563 1061 modo
589 1041 689 1062 unum
713 1041 786 1062 cum
808 1035 930 1072 >amato,
947 1041 1016 1062 non
1040 1036 1150 1062 autem
1171 1041 1299 1072 semper
1314 1039 1350 1063 ut

271 1085 376 1106 unum
400 1076 599 1116 simpliciter.

328 1119 423 1151 Circa
447 1120 480 1151 id
503 1119 596 1161 quod
619 1120 743 1152 dictum
767 1125 824 1156 est,
853 1120 986 1157 Quanto
1010 1121 1044 1151 id
1068 1120 1153 1151 unde
1172 1130 1288 1151 amans
1304 1127 1351 1152 est

272 1174 373 1195 unum
389 1174 462 1196 cum
486 1170 596 1196 amato
621 1171 669 1196 est
691 1165 806 1201 maius,
823 1170 916 1196 tanto
940 1174 1009 1196 esse
1032 1166 1242 1196 intensiorem
1258 1176 1349 1196 amo-

272 1218 350 1245 rem,
364 1209 609 1247 attendendum,
622 1219 661 1241 ex
677 1210 823 1242 doctrina
839 1209 948 1241 Sancti
964 1210 1115 1241 Thomae
1131 1210 1281 1241 Secunda
1293 1210 1349 1241 Se-

271 1253 408 1291 cundae,
428 1264 460 1294 q.
479 1264 553 1285 xxvi
565 1256 593 1291 “,
611 1261 643 1285 et
665 1255 706 1286 111
723 1254 822 1291 Sent„
844 1254 875 1285 d.
892 1264 965 1286 xxix
981 1255 1026 1291 ”‚
1049 1255 1139 1296 quod
1155 1255 1219 1286 hoc
1235 1265 1349 1286 verum

270 1298 368 1330 estin
384 1298 498 1330 ordine
523 1299 563 1329 ad
585 1299 667 1331 illud
683 1300 808 1331 bonum
826 1299 917 1341 quod
936 1301 1075 1340 pertinet
1098 1300 1138 1332 ad
1162 1301 1249 1331 illam
1270 1310 1349 1331 con-

269 1343 494 1378 ijmcfionem5
510 1344 594 1375 sicut
613 1345 783 1375 intensiori
797 1343 915 1376 affectu
930 1345 1003 1385 quis
1018 1345 1087 1376 vult
1103 1346 1348 1385 consanguineo

269 1388 397 1419 bonum
419 1389 565 1419 naturale
588 1398 689 1429 quam
711 1389 789 1420 velit
809 1389 1036 1426 commilitoni,
1058 1391 1135 1431 quia
1159 1391 1348 1421 coniunctio

269 1433 422 1464 naturalis
445 1433 579 1473 originis
595 1440 642 1465 est
657 1435 762 1465 maior
777 1435 1010 1466 coniunctione
1026 1435 1169 1466 militiae.
1194 1435 1235 1466 Et
1255 1435 1348 1466 intel-

269 1477 438 1518 ligendum
454 1483 512 1514 est,
530 1478 719 1519 simpliciter
741 1479 922 1520 loquendo.
946 1479 1033 1518 Quia
1056 1480 1238 1511 secundum
1258 1480 1348 1520 quid,

269 1531 309 1554 ex
323 1522 437 1563 aliquo
456 1522 626 1560 accidenti,
650 1529 760 1564 potest
782 1523 928 1556 accidere
951 1529 988 1555 ut
1010 1525 1115 1556 maior
1137 1530 1170 1556 et
1192 1526 1350 1556 intensior

269 1566 403 1598 affectus
435 1568 592 1599 habeatur
617 1567 658 1599 ad
687 1569 796 1600 minus
823 1570 1029 1600 coniunctos.
1061 1569 1156 1601 Unde
1183 1571 1349 1611 subiungit

269 1611 407 1645 Sanctus
425 1612 573 1644 Thomas
596 1612 688 1653 quod
715 1613 878 1644 interdum
902 1623 999 1644 amor
1019 1615 1077 1655 qui
1100 1620 1148 1645 est
1170 1625 1212 1646 ex
1235 1615 1348 1656 aliqua

265 1656 430 1698 passione,
444 1657 492 1698 fit
508 1657 670 1689 intensior
691 1667 807 1689 amore
828 1659 886 1700 qui
907 1663 956 1689 est
977 1668 1020 1690 ex
1043 1660 1191 1690 naturali
1207 1660 1347 1702 origine,

269 1699 347 1732 lim
357 1701 502 1744 facilius
524 1707 688 1734 transeat:
711 1704 870 1744 contingit
893 1704 981 1734 enim
997 1709 1035 1735 ut
1050 1704 1166 1745 aliquis
1181 1713 1221 1735 ex
1236 1714 1348 1745 super-

267 1747 420 1777 veniente
435 1747 487 1777 siti
502 1747 661 1779 intensius
675 1754 808 1789 appetat
823 1747 918 1779 dulce
934 1749 1048 1779 vinum
1065 1749 1125 1780 sibi
1141 1750 1347 1790 propositum

268 1797 302 1822 et
323 1790 471 1822 oblatum
496 1801 596 1832 quam
619 1793 902 1834 consanguineum
925 1799 982 1824 aut
1005 1794 1158 1825 amicum.

323 1835 379 1867 lv.
403 1835 554 1868 Occurrit
576 1842 688 1868 autem
711 1837 849 1869 dubium
873 1844 1034 1879 quantum
1050 1838 1091 1869 ad
1106 1839 1266 1870 rationem
1283 1848 1347 1880 qua

266 1881 424 1921 probatur
438 1886 603 1913 amantem
625 1891 660 1914 se
682 1882 801 1914 habere
824 1883 864 1914 ad
888 1889 1032 1915 amatum
1048 1884 1132 1914 sicut
1146 1883 1187 1914 ad
1201 1883 1235 1914 id
1256 1883 1347 1924 quod

267 1930 318 1957 eet
337 1933 444 1957 unum
467 1926 578 1967 aliquo
602 1925 705 1958 modo
729 1937 806 1958 cum
831 1928 915 1968 ipso.
946 1928 994 1959 Ex
1018 1929 1085 1959 istis
1109 1929 1197 1959 enim
1221 1927 1347 1959 duabus

266 1971 559 2010 propositionibus,
583 1973 705 2002 Amare
728 1977 776 2003 est
799 1973 881 2004 velle
902 1973 1022 2004 bonum
1045 1973 1156 2006 amati,
1178 1979 1220 2009 et,
1241 1974 1347 2003 Unus-

267 2014 404 2056 quisque
426 2016 626 2047 naturaliter
648 2016 718 2047 vult
734 2017 910 2058 proprium
926 2017 1057 2054 bonum,
1081 2017 1161 2048 nihil
1186 2017 1274 2049 aliud
1297 2027 1347 2048 se—

267 2059 380 2100 quitur
394 2068 494 2101 quam
518 2060 610 2102 quod
634 2062 861 2103 unusquisque
883 2063 1071 2094 naturaliter
1093 2068 1179 2093 amat
1202 2072 1253 2093 se:
1277 2071 1346 2092 non

267 2110 378 2136 autem
401 2105 549 2146 sequitur
578 2105 670 2146 quod
699 2116 811 2138 amans
834 2116 868 2138 se
892 2107 1009 2138 habeat
1031 2107 1071 2138 ad
1095 2114 1240 2139 amatum
1263 2107 1348 2138 sicut

267 2149 308 2180 ad
330 2149 365 2181 id
387 2149 479 2190 quod
501 2156 550 2182 est
573 2161 679 2182 unum
703 2161 780 2182 cum
803 2151 887 2191 ipso.

322 2193 405 2225 Item
427 2203 497 2226 non
519 2194 648 2227 videtur
671 2196 763 2236 quod
786 2196 969 2236 propositio
994 2205 1012 2226 a
1036 2195 1197 2237 Dionysio
1217 2201 1347 2237 sumpta

267 2239 308 2270 sit
329 2238 371 2270 ad
394 2241 612 2281 propositum.
637 2240 778 2271 Intentio
794 2241 883 2271 enim
898 2240 1007 2272 Sancti
1023 2240 1173 2272 Thomae
1190 2247 1238 2272 est
1253 2241 1346 2282 loqui

266 2282 308 2314 de
322 2284 448 2315 unione
463 2286 602 2316 amantis
618 2290 650 2316 et
664 2286 762 2316 amati
778 2295 863 2326 quae
886 2285 1050 2326 praecedit
1073 2295 1233 2317 amorem:
1258 2286 1346 2317 unde

266 2337 306 2359 ex
334 2329 560 2370 magnitudine
591 2330 661 2361 eius
690 2330 780 2361 unde
806 2340 917 2361 amans
943 2331 1055 2361 unitur
1081 2336 1201 2367 amato,
1229 2332 1346 2372 accipit

265 2373 484 2405 intensionem
512 2375 641 2405 amoris.
673 2375 859 2416 Propositio
888 2381 998 2406 autem
1029 2375 1189 2417 Dionysii,
1212 2376 1345 2412 scilicet,

265 2419 370 2450 Amor
391 2423 440 2450 est
462 2419 511 2450 vis
534 2420 670 2456 unitiva,
694 2430 762 2452 non
785 2419 975 2460 intelligitur
997 2419 1037 2451 de
1061 2421 1185 2451 unione
1215 2430 1345 2461 praece-

266 2462 365 2494 dente
387 2473 548 2494 amorem:
573 2464 651 2506 quia
673 2464 808 2496 effectus
831 2474 900 2495 non
923 2471 972 2496 est
995 2471 1070 2496 ante
1094 2475 1185 2496 suam
1203 2475 1344 2496 causam.

266 2507 354 2549 Ergo
377 2517 447 2539 non
471 2514 519 2539 est
541 2509 582 2540 ad
604 2511 823 2550 propositum.

324 2561 355 2583 2.
371 2553 424 2584 Ad
439 2553 634 2585 evidentiam
650 2556 746 2594 primi
762 2554 862 2590 dubii,
876 2553 1110 2585 attendendum
1123 2555 1240 2595 primo,
1253 2554 1345 2595 quod

266 2596 440 2638 dupliciter
461 2603 570 2638 potest
584 2599 719 2641 intelligi
735 2599 858 2641 aliquid
874 2599 1060 2630 naturaliter
1074 2599 1158 2630 velle
1174 2601 1343 2640 proprium

266 2642 402 2674 bonum.
428 2642 504 2673 Uno
527 2643 641 2680 modo,
658 2646 735 2684 quia
758 2645 927 2686 proprium
947 2644 1073 2675 bonum
1089 2645 1158 2675 vult
1174 2650 1206 2675 et
1221 2645 1344 2685 appetit

266 2691 341 2718 actu
356 2688 505 2724 naturali,
517 2698 586 2719 non
603 2695 712 2722 autem
729 2695 804 2721 actu
819 2689 937 2720 libero:
956 2699 996 2720 eo
1009 2689 1111 2720 modo
1125 2699 1192 2730 quo
1206 2689 1343 2720 dicimus

265 2731 435 2763 hominem
451 2732 637 2764 naturaliter
652 2735 735 2766 velle
750 2734 995 2766 beatitudinem.
1007 2752 1030 2757 —
1046 2734 1121 2765 Alio
1138 2734 1250 2770 modo,
1268 2734 1343 2774 quia

265 2775 308 2807 ad
321 2778 493 2818 proprium
508 2778 635 2809 bonum
650 2779 747 2811 habet
757 2779 982 2810 habitudinem
994 2779 1174 2809 naturalem
1187 2785 1341 2819 tanquam

265 2821 307 2852 ad
323 2822 489 2853 obiectum
513 2832 626 2854 suum:
652 2832 693 2855 eo
716 2823 818 2855 modo
835 2834 904 2865 quo
921 2823 1059 2855 dicimus
1082 2825 1188 2854 visum
1211 2823 1341 2854 tendere

264 2867 453 2898 naturaliter
474 2868 510 2898 in
533 2868 675 2906 visibile;
699 2870 796 2900 habet
819 2870 907 2900 enim
931 2869 1080 2900 ordinem
1097 2868 1137 2899 ad
1153 2869 1276 2899 visibile
1293 2878 1341 2899 se-

265 2911 412 2942 cundum
439 2917 587 2943 naturam
617 2923 720 2950 suam,
745 2914 821 2954 quia
845 2920 893 2945 est
923 2914 1176 2955 apprehensivus
1199 2913 1339 2949 visibilis,

264 2965 335 2987 non
357 2962 467 2987 autern
492 2956 652 2988 audibilis.

320 3001 565 3032 Attendendum
590 3002 746 3040 secundo,
771 3002 862 3044 quod
880 3003 1054 3044 proprium
1086 3002 1204 3032 bonum
1235 3002 1340 3043 dupli—

265 3045 345 3076 citer
367 3047 533 3086 possimus
555 3047 712 3088 accipere.
743 3048 820 3079 Uno
850 3047 964 3083 modo,
989 3053 1026 3078 ut
1049 3048 1228 3087 opponitur
1250 3047 1339 3077 bono

265 3089 471 3122 accidentali:
501 3101 568 3132 quo
591 3091 694 3123 modo
725 3092 864 3124 dicimus
894 3092 1049 3123 rationale
1074 3097 1106 3122 et
1128 3092 1246 3121 risibile
1271 3101 1339 3122 esse

264 3136 436 3175 proprium
459 3136 601 3167 hominis
625 3137 762 3174 bonum,
782 3137 965 3168 albedinem
986 3146 1063 3167 vero
1087 3146 1155 3166 non
1179 3145 1248 3166 esse
1263 3145 1339 3176 pro-

263 3180 373 3220 prium
396 3181 538 3211 hominis
562 3182 821 3213 bonum-Alio
844 3182 958 3218 modo,
982 3187 1019 3212 ut
1048 3182 1226 3221 opponitur
1249 3181 1338 3210 bono

264 3224 372 3255 alieno
396 3231 427 3256 et
450 3231 618 3257 extraneo:
650 3235 691 3257 eo
721 3227 825 3258 modo
853 3236 922 3267 quo
953 3226 1090 3257 dicimus
1121 3226 1154 3256 id
1185 3225 1275 3265 quod
1299 3225 1338 3254 ab

264 3269 375 3310 aliquo
399 3270 584 3311 possidetur
606 3280 675 3302 esse
699 3273 869 3312 proprium
893 3272 973 3307 eius,
998 3276 1030 3301 et
1053 3279 1152 3300 omne
1176 3269 1266 3309 quod
1282 3269 1338 3299 ali-

264 3314 357 3345 cuius
373 3315 690 3356 quomodocumque
706 3322 755 3347 est
770 3326 839 3347 esse
854 3317 970 3356 ipsius;
995 3320 1032 3345 ut
1054 3315 1116 3344 isto
1133 3313 1234 3344 modo
1251 3313 1337 3343 idem

263 3359 304 3389 sit
319 3358 426 3390 dicere
441 3361 611 3400 proprium
635 3361 762 3392 bonum
786 3362 922 3392 alicuius
947 3359 1036 3400 quod
1051 3359 1170 3389 bonum
1186 3367 1291 3388 suum.

319 3403 356 3434 ln
385 3404 445 3435 ista
474 3414 552 3445 ergo
583 3406 820 3446 propositione,
853 3403 1110 3445 Unumquodque
1140 3401 1338 3432 naturaliter

264 3448 334 3478 vult
342 3450 517 3489 proprium
532 3450 662 3486 bonum,
679 3451 835 3491 accipitur
851 3449 1048 3480 naturaliter
1058 3446 1202 3477 secundo
1219 3445 1335 3481 modo;

264 3498 296 3523 et
310 3493 455 3524 similiter
471 3495 616 3525 secundo
633 3495 735 3525 modo
754 3494 927 3535 proprium
944 3493 1073 3523 bonum.
1098 3491 1140 3521 Et
1162 3497 1208 3520 est
1224 3499 1335 3520 sensus

264 3537 356 3577 quod
378 3538 643 3580 unumquodque
664 3549 723 3580 per
738 3549 834 3570 suum
851 3538 1031 3578 appetitum
1047 3535 1143 3565 habet
1157 3533 1335 3564 naturalem

264 3582 413 3614 ordinem
429 3583 469 3614 ad
485 3584 611 3614 bonum
628 3583 719 3624 quod
735 3589 783 3614 est
803 3583 913 3623 aliquo
937 3580 1037 3611 modo
1061 3588 1157 3617 suurn
1181 3585 1336 3618 tanquam

264 3626 304 3657 ad
326 3628 505 3668 principale
529 3629 726 3668 appetitum:
751 3637 820 3658 non
851 3633 958 3658 autem
983 3625 1022 3655 ad
1051 3625 1175 3654 bonum
1207 3622 1335 3673 alterius

263 3671 459 3711 inquantum
483 3674 620 3703 omnino
644 3673 787 3703 alienum
811 3677 867 3702 est.
896 3670 982 3701 Cum
1006 3669 1093 3699 enim
1117 3672 1276 3707 appetitus
1295 3671 1335 3695 sit

407 3735 501 3759 Surum
520 3734 631 3758 Con-rna
650 3733 783 3757 Gai-”rium
803 3732 834 3756 D.
849 3731 963 3756 'raonis
982 3730 1050 3754 Tou.
1066 3729 1083 3753 l.

2391 315 2466 352 249

1402 369 1567 400 inclinatio
1585 380 1788 412 consequens
1805 373 1942 406 formam
1958 376 2004 407 rei
2019 383 2075 407 aut
2089 379 2267 410 naturalem
2283 387 2339 411 aut
2354 391 2468 423 appre-

1402 413 1551 450 hensam;
1576 415 1669 446 detur
1692 423 1800 447 autem
1823 425 1955 450 naturae
1978 421 2142 453 inclinatio
2166 423 2206 454 ad
2229 425 2352 456 bonum
2366 427 2468 467 ipsius

1403 462 1545 493 naturae,
1570 459 1652 490 sicut
1674 460 1772 500 lapidi
1800 461 1892 492 datur
1914 464 2078 496 inclinatio
2109 467 2147 497 ad
2170 468 2280 499 locum
2315 470 2467 503 deorsum

1403 502 1479 540 quia
1495 502 1587 532 locus
1610 503 1663 534 ille
1688 510 1735 534 est
1757 507 1843 544 gravi
1867 509 2076 546 conveniens;
2099 517 2130 541 et
2146 512 2245 543 brutis
2264 514 2356 545 datur
2375 516 2467 547 incli-

1403 546 1492 575 natio
1516 547 1664 577 sensitiva
1687 548 1727 578 ad
1749 551 2013 590 prosequendum
2029 555 2119 593 quod
2134 556 2192 586 sibi
2209 561 2404 590 conveniens
2419 566 2467 591 est

1404 589 1585 620 secundum
1601 601 1747 628 sensum;
1769 599 1800 624 et
1815 595 1958 625 similiter
1981 597 2105 629 homini
2129 599 2220 631 datur
2241 603 2403 635 rationalis
2417 606 2466 635 in-

1405 633 1535 663 clinatio
1559 634 1599 664 ad
1622 636 1686 666 boc
1709 642 1746 666 ut
1768 647 1825 677 per
1847 639 2005 670 rationem
2029 642 2086 672 sibi
2116 643 2155 673 de
2185 649 2368 678 necessariis
2390 658 2465 688 pro-

1404 677 1523 708 videat:
1548 681 1693 719 sequitur
1709 682 1799 721 quod
1815 688 1927 713 natura
1944 685 2113 716 cuiuslibet
2128 690 2287 728 appetitus
2303 692 2467 724 ordinatur

1405 727 1436 751 et
1459 722 1631 758 inclinatur
1654 725 1687 755 in
1711 726 1835 756 bonum
1861 729 2039 767 appetentis
2063 731 2171 771 aliquo
2190 734 2289 764 modo
2312 741 2466 777 tanquam

1403 767 1438 796 in
1461 776 1557 797 suum
1581 770 1757 809 principale
1781 771 1955 802 obiectum.
1981 773 2074 804 Unde
2098 781 2138 811 et,
2163 779 2292 816 quando
2313 782 2384 819 quis
2398 783 2467 813 vult

1405 810 1500 841 alicui
1525 812 1660 848 bonum,
1677 814 1740 845 hoc
1759 821 1806 846 est
1822 817 1898 855 quia
1913 816 2005 847 illum
2022 819 2074 849 cui
2090 820 2157 849 vult
2172 821 2295 853 bonum
2312 826 2467 856 existimat

1404 861 1559 896 tanquam
1584 858 1719 889 alterum
1743 868 1791 896 se;
1813 866 1844 890 et
1868 862 1913 891 sic
1937 861 2060 893 bonum
2077 864 2167 903 quod
2189 865 2234 896 illi
2253 867 2319 898 vult
2343 876 2389 900 est
2412 870 2467 900 ali-

1405 909 1472 940 quo
1496 901 1597 932 modo
1616 903 1664 933 sui
1687 904 1798 943 ipsius,
1817 911 1949 946 propter
1967 907 2122 939 unionem
2141 910 2241 949 ipsius
2257 920 2330 942 cum
2348 914 2403 943 illo
2419 924 2467 944 se-

1405 945 1549 976 cundum
1576 946 1736 978 affectum.
1768 950 1856 981 Bene
1885 959 1961 990 ergo
1989 951 2028 981 ad
2055 953 2141 983 hunc
2168 964 2298 985 sensum
2324 958 2469 996 procedit

1404 990 1484 1019 ratio
1509 990 1616 1021 Sancti
1637 992 1785 1024 Thomae
1809 995 1868 1025 sic:
1892 995 2014 1025 Amans
2037 997 2105 1027 vult
2128 998 2252 1029 bonum
2276 1002 2382 1032 amati.
2406 1002 2468 1032 Sed

1404 1034 1553 1065 voluntas
1576 1046 1642 1066 non
1667 1036 1766 1068 fertur
1786 1039 1847 1069 nisi
1867 1040 1899 1069 in
1916 1040 2039 1070 bonurn
2057 1042 2147 1082 quod
2170 1049 2217 1074 est
2239 1044 2347 1085 aliquo
2368 1046 2468 1076 modo

1404 1079 1551 1110 volentis.
1576 1081 1662 1121 Ergo
1686 1092 1796 1113 amans
1819 1084 1888 1114 vult
1918 1085 2041 1115 bonum
2073 1088 2169 1117 amati
2199 1088 2391 1128 inquantum
2422 1097 2468 1121 est

1404 1124 1514 1163 aliquo
1546 1125 1645 1156 modo
1669 1128 1814 1158 amantis.
1839 1128 1902 1159 Sed
1925 1130 1988 1159 boc
2011 1139 2078 1161 non
2103 1137 2150 1162 est
2172 1133 2232 1162 nisi
2256 1135 2330 1173 quia
2358 1135 2467 1175 aliquo

1404 1168 1505 1199 modo
1523 1179 1632 1200 amans
1649 1176 1680 1201 et
1695 1178 1837 1202 amatum
1853 1179 1927 1203 sunt
1943 1183 2056 1205 unum.
2081 1175 2167 1216 Ergo
2190 1187 2299 1208 amans
2322 1179 2362 1209 ad
2382 1189 2468 1210 ama-

1404 1218 1474 1243 tum
1501 1223 1534 1244 se
1561 1215 1656 1245 habet
1685 1217 1767 1247 sicut
1791 1217 1830 1247 ad
1852 1217 1885 1247 id
1909 1219 1998 1258 quod
2022 1225 2069 1250 est
2098 1221 2338 1261 aliquo-modo
2365 1233 2468 1254 unum

1405 1267 1480 1288 cum
1503 1268 1586 1298 ipso.

1462 1303 1491 1333 3.
1516 1303 1684 1341 Quantum
1708 1305 1750 1335 ad·
1778 1305 1913 1336 alterum
1945 1306 2090 1344 dubium,
2115 1310 2383 1342 considerandum
2410 1318 2467 1349 est,

1404 1356 1442 1377 ex
1458 1348 1603 1379 doctrina
1619 1349 1880 1380 SanctiThomae
1896 1351 2000 1381 Prima
2016 1352 2193 1390 Secundae,
2206 1364 2237 1395 q.
2250 1365 2355 1393 xxvm,
2372 1367 2399 1387 a.
2416 1365 2425 1386 1
2439 1358 2466 1394 *‚

1403 1392 1494 1432 quod
1506 1393 1546 1423 ad
1562 1403 1706 1424 amorem
1718 1395 1831 1434 triplex
1844 1396 2005 1426 concurrit
2018 1398 2096 1427 unio
2110 1400 2242 1429 amantis
2259 1409 2334 1430 cum
2349 1407 2466 1432 amato.

1403 1437 1475 1468 Una
1492 1438 1612 1468 scilicet
1628 1439 1823 1478 praecedens
1839 1449 1982 1470 amorem
1999 1446 2153 1481 tanquam
2170 1444 2238 1474 eius
2255 1454 2362 1475 causa:
2384 1455 2466 1486 quae

1403 1488 1451 1512 est
1467 1483 1546 1513 unio
1563 1488 1618 1513 aut
1634 1483 1813 1514 secundum
1829 1485 2048 1522 substantiam,
2065 1487 2147 1517 sicut
2163 1497 2237 1518 cum
2253 1489 2367 1529 aliquis
2383 1496 2468 1520 amat

1402 1536 1450 1562 se;
1475 1533 1530 1557 aut
1553 1527 1733 1558 secundum
1756 1528 2008 1566 similitudinem,
2033 1530 2115 1561 sicut
2141 1541 2216 1562 cum
2242 1533 2356 1573 aliquis
2383 1540 2468 1564 amat

1403 1571 1549 1602 alterum.
1562 1590 1584 1594 —
1596 1572 1667 1602 Alia
1684 1578 1731 1602 est
1746 1572 1926 1603 secundum
1941 1573 2107 1605 affectum:
2124 1585 2206 1615 quae
2223 1583 2269 1607 est
2285 1587 2384 1608 amor.
2400 1578 2468 1609 No-

1402 1617 1504 1646 minat
1527 1617 1614 1647 enim
1638 1626 1733 1647 amor
1756 1618 2025 1657 complacentiam
2049 1619 2211 1659 quandam
2234 1626 2265 1651 et
2292 1623 2468 1661 coaptatio-

1402 1671 1478 1692 nem
1490 1661 1651 1701 appetitus
1664 1662 1696 1691 in
1709 1662 1891 1702 appetibile.
1903 1680 1922 1684 —
1936 1662 2044 1693 Tertia
2057 1670 2103 1694 est
2115 1673 2316 1705 consequens
2328 1666 2367 1696 ad
2379 1676 2470 1705 amo—v

1402 1715 1485 1737 rem:
1511 1711 1543 1736 et
1558 1712 1607 1736 est
1622 1707 1702 1736 unio
1719 1706 1825 1742 realis;
1850 1707 1974 1747 quaerit
1999 1709 2084 1738 enim
2108 1718 2218 1738 amans
2241 1719 2309 1739 rem
2332 1716 2468 1741 amatam

1402 1751 1462 1781 sibi
1486 1751 1579 1781 unire
1602 1750 1727 1780 realiter
1750 1756 1909 1791 quantum
1933 1757 2048 1791 potest.

1458 1795 1553 1826 Unde
1577 1794 1668 1835 quod
1684 1795 1801 1826 dicitur
1817 1805 1834 1825 a
1850 1795 2020 1836 Dionysio,
2037 1796 2126 1836 quod
2150 1807 2245 1827 amor
2267 1803 2314 1828 est
2335 1799 2382 1829 vis
2398 1799 2468 1828 uni-

1403 1840 1479 1876 tiva,
1506 1840 1696 1880 intelligitur
1722 1839 1898 1870 formaliter
1929 1846 1960 1870 et
1990 1842 2165 1877 causative,
2197 1847 2243 1872 est
2274 1843 2360 1872 enim
2390 1844 2467 1873 unio

1402 1884 1563 1925 quaedam
1587 1885 1723 1915 amantis
1746 1890 1777 1915 et
1800 1885 1906 1920 amati,
1931 1890 1961 1915 et
1985 1891 2093 1916 causat
2121 1886 2294 1917 unionem:
2323 1888 2468 1927 quamvis

1402 1930 1498 1960 etiam
1522 1929 1741 1960 antecedentis
1765 1930 1866 1969 possit
1889 1928 1951 1959 dici
1975 1930 2021 1960 vis
2045 1930 2175 1967 unitiva,
2204 1936 2357 1971 tanquam
2380 1932 2467 1962 vide—

1401 1974 1477 2004 licet
1500 1983 1768 2014 praesupponens
1792 1974 1947 2004 unionem
1971 1973 2132 2014 quandam
2156 1976 2290 2005 amantis
2310 1981 2341 2005 et
2360 1977 2464 2006 amati.

1402 2018 1538 2059 Propter
1553 2019 1617 2049 hoc
1634 2028 1710 2059 ergo
1726 2019 1808 2048 bene
1825 2017 1956 2048 adduxit
1971 2018 2105 2049 Sanctus
2114 2019 2256 2049 Thomas
2273 2019 2371 2060 quod,
2389 2020 2464 2060 quia

1402 2073 1513 2094 amans
1537 2073 1571 2093 se
1594 2064 1690 2093 habet
1717 2062 1756 2093 ad
1783 2068 1925 2092 amatum
1949 2063 2031 2093 sicut
2053 2063 2092 2093 ad
2116 2062 2149 2093 id
2172 2063 2261 2103 quod
2284 2069 2331 2094 est
2354 2064 2462 2104 aliquo

1401 2108 1503 2139 modo
1528 2118 1631 2138 unum
1655 2117 1731 2138 cum
1754 2108 1837 2147 ipso,
1862 2116 2064 2147 consequens
2084 2113 2130 2138 est
2146 2108 2235 2147 quod
2250 2109 2330 2138 ratio
2346 2109 2462 2139 amoris

1402 2154 1556 2184 consistat
1571 2153 1604 2182 in
1620 2153 1684 2182 hoc
1700 2151 1790 2192 quod
1805 2151 1936 2182 affectus
1952 2153 2046 2182 unius
2062 2152 2170 2182 tendat
2184 2153 2217 2182 in
2230 2152 2364 2183 alterum
2380 2153 2462 2183 sicut

1400 2198 1434 2228 in
1454 2207 1558 2228 unum
1582 2206 1657 2227 cum
1681 2197 1752 2237 ipso
1776 2196 1886 2236 aliquo
1909 2196 2019 2231 modo,
2037 2196 2126 2232 idest,
2144 2196 2233 2236 quod
2248 2197 2288 2226 sit
2303 2197 2460 2237 quaedam

1401 2243 1481 2273 unio
1498 2241 1677 2272 secundum
1693 2240 1842 2271 affectum
1861 2241 1995 2271 amantis
2019 2246 2050 2270 et
2070 2241 2174 2271 amati.
2195 2241 2236 2271 Et
2251 2241 2326 2271 huic
2350 2247 2461 2272 aucto-

1400 2288 1474 2318 ritas
1498 2287 1644 2327 Dionysii
1668 2286 1866 2326 astipulatur,
1891 2285 2023 2316 dicentis
2046 2285 2135 2325 quod
2159 2295 2250 2315 amor
2265 2291 2312 2316 est
2327 2287 2373 2316 vis
2389 2287 2460 2316 uni-

1400 2333 1464 2363 tiva
1487 2331 1672 2361 formaliter.

1456 2377 1586 2406 Falsum
1611 2385 1687 2415 ergo
1711 2375 1882 2405 assumitur
1897 2375 1930 2404 in
1946 2374 2142 2404 obiectione:
2167 2374 2287 2404 scilicet
2303 2374 2392 2414 quod
2410 2375 2459 2404 in-

1399 2422 1502 2452 tentio
1525 2421 1632 2451 Sancti
1656 2420 1803 2450 Thomae
1827 2420 1866 2449 sit
1888 2419 1977 2458 loqui
2002 2418 2041 2448 de
2065 2419 2186 2448 unione
2210 2427 2292 2458 quae
2316 2428 2458 2448 amorem

1400 2465 1571 2506 praecedit.
1597 2465 1700 2494 Immo
1724 2464 1868 2504 loquitur
1890 2462 1930 2493 de
1954 2463 2075 2493 unione
2091 2472 2174 2502 quae
2189 2467 2237 2492 est
2252 2463 2458 2493 essentialiter

1399 2520 1501 2541 amor.

1453 2554 1505 2584 Ad
1521 2554 1746 2594 probationem
1763 2552 1878 2582 dicitur
1893 2551 1982 2591 quod
1998 2561 2035 2581 ex
2050 2550 2270 2590 magnitudine
2287 2551 2355 2581 eius
2371 2551 2457 2581 unde

1398 2608 1508 2629 amans
1532 2598 1641 2628 unitur
1663 2602 1780 2631 amato,
1801 2597 1902 2636 arguit
1924 2596 2139 2625 intensionem
2163 2595 2281 2625 amoris
2303 2600 2456 2634 tanquam

1398 2654 1436 2674 ex
1456 2641 1676 2682 magnitudine
1693 2650 1806 2671 causae
1822 2650 1956 2680 arguens
1980 2639 2233 2679 magnitudinem
2257 2638 2398 2669 effectus.
2423 2638 2455 2668 Si

1398 2689 1484 2719 enim
1500 2696 1591 2718 amor
1607 2687 1684 2716 unio
1702 2684 1859 2725 quaedam
1876 2683 2055 2714 secundum
2071 2683 2221 2714 affectum
2238 2689 2294 2718 est,
2311 2683 2455 2722 sequitur

1397 2732 1497 2773 quod,
1521 2737 1643 2771 quanto
1666 2730 1699 2760 id
1723 2729 1811 2770 quod
1838 2727 2024 2759 huiusmodi
2051 2729 2206 2758 unionem
2230 2733 2337 2757 causat
2360 2726 2455 2756 fuerit

1397 2778 1509 2812 maius,
1523 2781 1611 2806 tanto
1628 2775 1686 2805 erit
1702 2774 1805 2804 maior
1820 2774 1900 2804 unio
1917 2778 1948 2803 et
1963 2773 2008 2802 sic
2024 2773 2127 2803 maior
2142 2777 2173 2802 et
2188 2771 2342 2801 intensior
2353 2779 2453 2800 amor.

1396 2821 1489 2853 Unde
1505 2830 1572 2851 non
1589 2820 1684 2849 valet:
1710 2819 1756 2848 Ex
1780 2817 1999 2857 magnitudine
2023 2817 2091 2847 eius
2115 2816 2200 2846 unde
2224 2815 2359 2845 sumitur
2373 2815 2452 2844 unio

1395 2867 1497 2906 arguit
1512 2865 1728 2895 intensionem
1751 2863 1879 2898 amoris,
1904 2862 1989 2901 Ergo
2013 2861 2156 2901 loquitur
2171 2860 2211 2890 de
2227 2860 2347 2890 unione
2363 2867 2453 2898 prae-

1396 2911 1529 2942 cedente
1552 2917 1706 2939 amorem.

1450 2955 1573 2985 Dicitur
1604 2959 1712 2983 tamen
1743 2950 1841 2991 quod,
1866 2951 1892 2980 si
1922 2950 2018 2980 etiam
2048 2950 2232 2989 loqueretur
2261 2947 2300 2977 de
2330 2947 2452 2977 unione

1394 3008 1538 3030 amorem
1562 2996 1781 3038 praecedente,
1806 2994 1911 3025 adhuc
1934 2994 2114 3034 propositio
2138 2992 2285 3032 Dionysii
2309 2996 2390 3021 esset
2412 2990 2452 3020 ad

1393 3044 1606 3085 propositum.
1631 3041 1716 3079 Quia
1739 3039 1966 3078 intelligeretur
1990 3037 2080 3078 quod
2098 3046 2189 3067 amor
2207 3041 2254 3066 est
2269 3035 2315 3065 vis
2330 3035 2452 3065 unitiva

1393 3087 1619 3122 antecedentis,
1642 3085 1733 3120 idest,
1758 3084 1913 3114 unionem
1944 3081 2103 3122 quandam
2136 3080 2268 3110 amantis
2299 3084 2330 3109 et
2356 3079 2451 3109 amati

1394 3140 1669 3174 praesupponens
2404 3167 2410 3173 ·

1448 3178 1487 3207 V.
1503 3176 1629 3212 Quarto
1642 3175 1668 3204 *.
1689 3174 1789 3204 Amor
1804 3181 1873 3202 non
1893 3175 2049 3210 repugnat
2067 3169 2138 3199 Deo
2158 3167 2336 3198 secundum
2355 3172 2451 3197 ratio-

1392 3231 1468 3252 nem
1492 3230 1567 3251 suae
1584 3219 1712 3259 speciei.
1729 3217 1814 3256 Ergo
1831 3221 1878 3246 est
1892 3216 1925 3245 in
1941 3215 2023 3254 ipso.
2040 3231 2062 3235 —
2077 3213 2233 3242 Probatur
2247 3211 2449 3241 antecedens.

1393 3267 1467 3297 Non
1484 3269 1640 3305 repugnat
1655 3263 1776 3293 ratione
1797 3260 1927 3290 obiecti:
1954 3258 2028 3298 quia
2051 3257 2215 3287 obiectum
2231 3256 2299 3285 eius
2323 3261 2370 3285 est
2392 3256 2451 3285 bo-

1392 3320 1482 3341 nurn.
1506 3310 1574 3339 Nec
1598 3308 1719 3338 ratione
1743 3304 1832 3335 modi
1855 3313 1888 3334 se
1911 3301 2046 3332 habendi
2070 3300 2110 3330 ad
2136 3300 2229 3330 illud:
2258 3300 2334 3339 quia
2360 3309 2451 3329 amor

1393 3360 1440 3385 est
1462 3355 1507 3384 rei
1529 3363 1597 3383 non
1613 3353 1718 3382 minus
1735 3359 1808 3380 cum
1830 3349 1971 3382 habetur,
1989 3345 2044 3376 sed
2066 3345 2176 3384 magis,
2201 3344 2275 3384 quia
2297 3342 2334 3373 fit
2356 3344 2450 3373 nobis

1391 3399 1516 3429 affinius
1540 3406 1615 3428 cum
1643 3396 1789 3429 habetur;
1814 3394 1887 3423 licet
1916 3400 1972 3431 per
2001 3389 2149 3420 accidens
2179 3388 2368 3428 oppositum
2394 3387 2451 3418 ali—

1391 3442 1522 3483 quando
1538 3441 1669 3475 accidat,
1683 3437 1812 3479 quando
1828 3436 1947 3467 scilicet
1962 3434 2143 3474 experimur
2157 3431 2279 3472 aliquid
2293 3432 2327 3461 in
2343 3437 2449 3461 amato

1391 3487 1481 3527 quod
1496 3490 1652 3526 repugnat
1668 3483 1778 3513 amori.
1804 3480 1987 3511 Declaratur
2003 3487 2040 3508 ex
2056 3482 2149 3507 motu
2164 3477 2198 3506 in
2213 3477 2308 3506 rebus
2322 3481 2450 3506 natura-

1390 3532 1482 3566 libus,
1500 3531 1555 3569 qui
1580 3538 1617 3559 ex
1640 3526 1878 3567 propinquitate
1901 3523 1940 3553 ad
1962 3521 2061 3552 finem
2083 3520 2268 3551 intenditur.
2285 3520 2371 3560 Ergo
2388 3526 2448 3550 etc.

1445 3572 1687 3604 Advertendum
1705 3569 1803 3611 quod,
1820 3574 1855 3598 ut
1870 3567 1974 3597 statim
1998 3566 2119 3596 dictum
2144 3570 2191 3595 est
2205 3566 2233 3600 *,
2250 3564 2290 3594 ad
2305 3574 2449 3594 amorem

1389 3620 1496 3658 aliqua
1519 3616 1680 3657 praecedit
1703 3615 1782 3645 unio
1804 3619 1957 3651 tanquam
1978 3610 2095 3640 amoris
2111 3618 2216 3644 causa,
2233 3617 2316 3648 quae
2332 3614 2380 3639 est
2395 3614 2451 3639 aut

1389 3662 1567 3693 secundum
1597 3659 1803 3690 substantiam
1833 3662 1887 3686 aut
1916 3653 2094 3685 secundum
2124 3653 2367 3683 similitudinem
2396 3658 2451 3683 aut

2275 3714 2307 3739 32

2495 1357 2555 1378 'Ad
2570 1363 2589 1379 2.

2478 3167 2487 3176 ·
2502 3166 2537 3188 cf.
2553 3172 2576 3189 n.
2588 3172 2622 3193 ιιι,
2638 3166 2689 3188 init.

2476 3569 2486 3579 ·
2501 3568 2571 3590 Num.
2582 3574 2613 3594 ιν,
2627 3574 2648 3596 3.
