2768 4134
31 2665 42 2676 ·
55 2664 113 2692 Cap.
124 2669 206 2687 xxxix.

733 280 922 318 SUMMA
950 280 1172 318 CONTRA
1201 280 1476 327 GENTILES,
1504 283 1598 319 LlB.
1620 284 1660 330 Il,
1691 285 1801 322 CAP.
1824 287 1904 333 XL,
1925 288 2020 324 XLI.

277 361 392 397 Immo,
418 361 493 401 quia
518 370 614 401 agens
643 360 781 391 intendit
808 360 988 400 producere
1020 359 1158 390 formam
1182 359 1350 389 limitatam

276 412 307 436 et
330 406 574 442 individuatam‚
598 405 742 446 disponit
771 406 937 436 materiam
970 411 1005 435 ut
1035 405 1075 435 sit
1105 405 1350 445 proportionata

276 450 399 481 formae
424 451 528 481 taliter
552 451 715 481 limitatae.

331 495 426 526 Unde
450 501 584 536 negatur
600 495 703 535 prima
720 495 962 535 consequentia,
979 495 1004 524 si
1021 493 1175 525 inferatur
1191 493 1230 524 de
1248 493 1351 534 prima

275 549 371 570 causa
395 540 609 571 distinctionis
633 539 827 570 formarum:
853 540 927 570 licet
951 539 990 569 sit
1013 549 1098 576 vera,
1122 538 1290 578 loquendo
1310 537 1349 567 de
1384 544 1386 546 ’

275 594 371 615 causa
395 584 593 616 secundaria.
618 585 727 624 Agens
752 585 838 614 enim
863 590 910 614 est
933 585 1036 624 prima
1061 593 1155 614 causa
1171 583 1351 614 individua-

274 630 382 665 tionis,
400 631 476 670 quia
499 628 637 660 intendit
661 628 841 669 producere
867 628 1003 659 formam
1027 628 1222 669 singularem
1248 632 1279 658 et
1301 627 1350 657 in-

275 674 488 705 dividuatam:
513 674 645 704 materia
669 680 778 705 autem
802 679 850 704 est
873 673 1061 704 secundaria
1085 683 1191 710 causa,
1212 673 1350 713 inquan-

274 725 345 749 tum
360 728 468 759 agenS‚
485 718 658 749 intendens
673 729 730 757 sua
747 719 873 749 actione
890 719 1071 759 producere
1094 719 1177 748 hanc
1200 717 1349 752 formam,

275 763 418 804 disponit
441 764 607 794 materiam
625 770 660 794 ut
676 765 715 794 sit
732 765 930 794 conveniens
946 773 1006 804 pro
1022 763 1077 794 tali
1094 762 1207 793 forma.
1224 781 1246 784 —
1263 761 1349 792 Cum

274 814 383 838 autem
407 808 552 844 infertur,
576 808 670 849 Ergo
686 809 826 850 formae
840 813 1021 849 sequuntur
1037 807 1265 848 dispositiones
1281 816 1350 837 ma-

274 853 386 888 teriae,
411 853 611 889 conceditur,
636 854 661 884 si
693 855 732 884 sit
761 863 874 884 sensus
905 853 944 884 de
969 852 1082 884 ordine
1106 861 1174 892 quo
1204 851 1278 882 finis
1301 851 1349 882 se—

274 898 384 938 quitur
408 907 445 928 ea
469 908 553 939 quae
577 904 652 928 sunt
676 898 715 929 ad
738 897 838 929 finem
862 897 1044 929 secundum
1067 897 1216 928 ordinem
1233 906 1350 927 execu-

273 942 388 973 tionis:
414 949 549 984 negatur
576 949 685 974 autem
716 943 848 983 sequela
872 942 912 973 de
936 942 1048 973 ordine
1073 951 1141 982 quo
1164 941 1349 972 ordinatum

274 987 314 1018 ad
342 987 442 1018 finem
473 989 619 1028 sequitur
649 987 747 1018 finem
779 987 959 1018 secundum
984 986 1132 1017 ordinem
1159 987 1349 1017 intentionis

274 1033 407 1072 agent-is.

330 1077 382 1108 111.
411 1078 532 1108 Tertio.
557 1077 660 1108 Multa
684 1082 760 1108 sunt
782 1078 820 1107 ab
845 1077 985 1107 invicem
1014 1075 1162 1106 distincta
1191 1076 1224 1106 in
1254 1076 1349 1106 rebus

274 1131 358 1162 quae
373 1132 442 1153 non
458 1128 595 1163 possunt
611 1132 650 1153 ex
666 1122 891 1162 praeexistenti
907 1121 1040 1152 materia
1056 1119 1134 1152 fieri.
1152 1121 1238 1160 Ergo
1256 1126 1316 1151 etc.
1327 1139 1349 1142 —

273 1167 364 1197 Patet
388 1167 632 1207 consequentia.
657 1167 744 1204 Quia
768 1166 931 1197 distinctio
955 1175 1063 1196 rerum
1086 1175 1156 1196 non
1179 1171 1287 1206 potest
1312 1175 1349 1196 ex

273 1212 405 1242 materia
429 1213 599 1252 provenire
622 1212 683 1242 nisi
707 1212 739 1242 in
764 1211 826 1242 illis
849 1220 933 1251 quae
965 1220 1003 1241 ex
1034 1211 1257 1251 praeexistenti
1282 1220 1349 1240 ma-

273 1257 352 1287 teria
376 1256 468 1287 fiunt.

332 1301 471 1339 Quarto.
496 1301 709 1342 Supponitur‚
734 1301 759 1331 si
783 1301 916 1331 materia
940 1300 979 1330 sit
1003 1310 1099 1330 causa
1123 1299 1348 1336 distinctionis,

274 1346 364 1386 quod
378 1343 519 1387 “oportet
541 1355 665 1387 ponere
688 1346 836 1376 materias
859 1346 892 1375 in
918 1355 951 1376 se
975 1355 1044 1375 esse
1061 1344 1235 1375 distinctas.
1253 1344 1349 1375 Tunc

273 1392 328 1422 sic.
354 1391 488 1432 Aliquid
507 1391 595 1422 aliud
611 1396 658 1421 est
674 1399 769 1421 causa
789 1390 1003 1421 distinctionis
1027 1390 1247 1420 materiemm:
1273 1390 1350 1430 quia

2393 291 2463 328 361

1375 362 1378 396 I
1403 360 1521 391 habent
1545 371 1674 393 causam
1705 365 1754 394 sui
1785 375 1869 402 esse;
1895 376 1978 406 quae
2008 374 2127 405 autem,
2151 370 2299 401 habentia
2329 372 2378 401 sui
2402 381 2470 402 esse

1375 397 1378 449 l
1404 414 1544 442 causam,
1562 406 1811 447 distinguuntur,
1824 411 1943 441 habent
1959 419 1989 442 et
2006 422 2134 444 causam
2151 424 2226 445 suae
2246 415 2469 447 distinctionis.

1403 449 1490 500 Ergo
1514 451 1617 489 prima
1641 461 1735 483 causa
1759 454 1972 486 distinctionis
1995 467 2101 488 rerum
2125 469 2192 489 non
2216 466 2323 500 potest
2339 470 2406 491 esse
2423 460 2470 491 di-

1404 500 1534 524 versitas
1558 496 1718 527 materiae.

1462 538 1594 574 Quinto.
1621 540 1744 571 Omnes
1768 552 1816 572 res
1841 545 2020 582 procedunt
2044 556 2060 576 a
2085 547 2155 578 Deo
2184 557 2241 588 per
2270 549 2468 580 intellectum

1403 588 1561 622 agentem.
1588 584 1684 624 Igitur
1708 592 1782 616 sunt
1805 597 1822 616 a
1846 588 1917 618 Deo
1941 590 2052 620 viliora
2075 598 2206 631 propter
2221 594 2364 624 meliora.
2382 595 2467 635 Ergo

1375 651 1378 662 ,
1402 627 1550 657 materias
1574 628 1725 668 produxit
1741 637 1872 670 propter
1888 632 2017 670 formas,
2035 641 2066 664 et
2081 646 2147 666 non
2164 647 2181 667 e
2198 646 2364 669 converso·
2381 640 2467 679 Ergo

1403 671 1566 702 distinctio
1591 674 1772 713 specierum
1795 676 1828 705 in
1852 677 1956 713 rebus,
1981 688 2064 718 quae
2089 686 2134 710 est
2162 690 2218 720 per
2248 682 2376 720 formas,
2400 693 2467 714 non

1403 722 1450 746 est
1474 723 1607 756 propter
1630 720 1806 756 materiam,
1823 721 1878 750 sed
1895 722 1995 761 magis
2014 726 2163 755 materiae
2187 732 2260 756 sunt
2283 734 2405 758 creatae
2421 728 2468 759 di-

1374 753 1378 976 ‘
1403 761 1537 791 stinctae
1562 767 1597 792 ut
1621 761 1752 793 diversis
1775 763 1887 794 formis
1911 768 2114 798 conveniant.
2137 787 2159 791 —
2182 769 2337 801 Probatur
2365 774 2468 812 prima

1403 807 1646 846 consequentia.
1672 807 1758 845 Quia
1776 814 1840 839 tam
1859 810 2038 842 intellectus
2056 821 2153 851 quam
2170 820 2281 844 natura
2297 816 2359 855 agit
2375 817 2467 847 vilius

1402 856 1535 890 propter
1558 852 1685 888 melina
1702 858 1733 882 et
1757 863 1823 883 non
1841 863 1858 884 e
1875 863 2047 885 converso:
2073 866 2147 887 cum
2172 865 2242 897 agat
2265 866 2394 899 propter
2410 862 2467 891 bo-

1402 904 1492 925 num.
1520 913 1543 917 -
1570 896 1719 926 Secunda
1750 898 1846 928 etiam
1876 904 1972 938 patet.
2008 900 2094 938 Quia
2125 901 2227 932 forma
2257 909 2303 933 est
2330 905 2469 935 nobilior

1403 945 1544 970 materia.
2004 977 2010 981 ι

1458 985 1523 1015 Pan
1547 995 1611 1015 noc
1635 991 1754 1022 autem,
1779 987 1884 1027 inquit
1912 988 2046 1019 Sanctus
2070 989 2225 1027 Thomas,
2250 992 2361 1031 opinio
2384 994 2469 1023 Ana-

1402 1039 1540 1070 xagorae
1564 1030 1754 1061 excluditur.

1459 1074 1521 1105 Ubi
1546 1074 1778 1106 advertendum
1796 1076 1895 1116 quod,
1913 1077 1987 1107 licet
2010 1078 2214 1119 Anaxagoras
2237 1082 2381 1119 posuerit
2397 1091 2470 1112 cau-

1401 1128 1470 1149 sam
1487 1125 1647 1160 agentem‚
1664 1120 1768 1151 voluit
1791 1126 1898 1151 tamen
1923 1128 1959 1152 ut
1983 1122 2144 1154 distinctio
2168 1125 2306 1164 partium
2325 1127 2470 1157 materia-

1402 1164 1484 1195 lium
1513 1165 1771 1205 praeexigeretur
1801 1165 1999 1196 distinctioni
2030 1177 2152 1205 rerum,
2177 1169 2219 1199 ita
2250 1170 2339 1210 quod
2368 1172 2471 1211 prima

1402 1219 1498 1240 causa
1514 1209 1730 1240 distinctionis
1752 1211 1785 1240 in
1806 1211 1900 1241 rebus
1917 1217 1998 1241 esset
2014 1212 2174 1243 distinctio
2191 1213 2315 1245 illarum
2331 1216 2470 1255 partium

1402 1253 1632 1285 materialium:
1658 1256 1749 1295 quasi
1779 1265 1875 1295 agens
1906 1265 1973 1286 non
2004 1263 2111 1296 posset
2140 1257 2301 1289 distinctas
2324 1269 2373 1290 res
2396 1270 2471 1300 pro-

1374 1287 1377 1336 l
1401 1299 1520 1330 ducere
1540 1300 1602 1330 nisi
1619 1299 1786 1330 distinctae
1810 1300 1882 1331 illae
1906 1306 2010 1340 partes
2033 1303 2191 1332 naturales
2215 1305 2469 1344 praeexisterent.

1402 1343 1502 1382 Quod
1526 1354 1601 1375 sane
1626 1354 1695 1375 esse
1720 1345 1847 1381 falsum,
1873 1355 1910 1376 ex
1934 1346 2198 1385 praecedentibus
2224 1349 2400 1379 rationibus
2425 1356 2471 1380 est

1403 1394 1580 1420 ostensum.

1350 1485 1645 1527 ,zw—

575 1636 1062 1692 CAPITULUM
1099 1637 1822 1709 QUADRAGESIMUM
1857 1637 2178 1693 PRIMUM

1251 1756 1280 1786 A
1315 1756 1355 1787 38

1370 1766 1388 1785 v
1426 1756 1509 1787 bis).

815 1839 990 1891 QUOD
1025 1839 1375 1880 DISTINCTIO
1410 1840 1627 1882 RERUM
1659 1840 1789 1882 NON
1825 1840 1939 1882 EST

744 1902 1027 1942 PROPTER
1067 1902 1643 1944 CONTRARIETATEM
1683 1903 2008 1945 AGENTIUM

485 2027 508 2053 x
536 2015 758 2065 praemissis
787 2015 903 2052 etiarn
924 2015 1076 2052 ostendi
1094 2023 1221 2065 potest
1241 2016 1348 2065 quod

275 2019 482 2221 Β
498 2081 616 2106 causa
630 2067 882 2106 distinctionis
905 2081 1036 2106 rerum
1056 2081 1137 2106 non
1153 2077 1208 2106 est
1223 2069 1348 2106 diver-

499 2122 599 2168 sitas,
620 2130 686 2159 aut
714 2122 831 2160 etiam
859 2122 1108 2160 contrarietas
1136 2122 1345 2171 agentium.

554 2176 594 2213 Si
623 2175 729 2213 enim
758 2176 899 2213 diversi
934 2184 1090 2225 agentes
1125 2189 1171 2213 ex
1204 2176 1348 2226 quibus

274 2227 448 2279 procedit
477 2241 608 2267 rerum
637 2229 848 2275 diversitas,
868 2238 958 2267 sunt
982 2229 1146 2268 ordinati
1174 2231 1222 2267 ad
1253 2230 1349 2267 invi·
1374 2245 1382 2264 ς

275 2295 373 2329 cem,
402 2290 555 2333 oportet
583 2284 692 2333 quod
721 2283 838 2320 huius
867 2283 1013 2321 ordinis
1041 2283 1087 2321 sit
1114 2283 1244 2334 aIIqua
1269 2297 1349 2322 una

274 2348 407 2375 causa:
438 2349 532 2374 narn
560 2338 682 2374 multa
702 2349 783 2374 non
803 2337 992 2375 uniuntur
1011 2337 1083 2374 nisi
1101 2349 1172 2387 per
1190 2337 1349 2387 aliquod

274 2402 413 2428 unum.
444 2390 493 2428 Et
521 2389 575 2427 sic
603 2390 696 2430 illud
726 2390 910 2428 ordinans
939 2399 996 2428 est
1021 2391 1149 2441 prima
1177 2404 1294 2429 causa
1314 2400 1350 2429 et

275 2455 355 2481 una
382 2443 635 2481 distinctionis
664 2456 807 2481 rerum.
838 2444 879 2482 Si
907 2457 1001 2482 vero
1030 2444 1171 2482 diversi
1195 2454 1350 2492 agentes

275 2509 355 2535 non
385 2497 460 2534 sint
487 2497 537 2534 ad
565 2497 734 2535 invicem
762 2498 938 2544 ordinati,
967 2511 1181 2536 concursus
1210 2511 1349 2537 eorum

275 2551 326 2588 ad
354 2550 615 2589 diversitatem
643 2563 776 2589 rerum
795 2552 1091 2601 producendam
1112 2553 1181 2590 erit
1198 2565 1269 2602 per
1288 2566 1348 2591 ac-

275 2603 419 2642 cidens.
441 2603 642 2642 Distinctio
663 2604 776 2654 igitur
794 2618 925 2643 rerum
945 2605 1015 2643 erit
1033 2607 1207 2644 casualis.
1226 2607 1349 2644 Cuius

275 2657 511 2695 contrarium
542 2670 659 2708 supra
678 2658 698 2680 ²¹⁶
726 2667 927 2696 ostensum
956 2668 1023 2696 est.

327 2712 434 2749 Item.
465 2713 500 2748 A
527 2711 689 2749 diversis
708 2713 833 2750 causis
853 2725 934 2750 non
954 2713 1139 2750 ordinatis
1158 2726 1240 2750 non
1259 2726 1348 2763 pro-

273 2765 417 2802 cedunt
445 2765 605 2803 effectus
634 2765 810 2812 ordinati,
830 2766 903 2803 nisi
930 2767 1026 2803 forte
1054 2779 1125 2816 per
1152 2767 1346 2804 accidens:

273 2817 426 2856 diversa
454 2818 571 2865 enirn,
591 2819 825 2868 inquantum
844 2819 1085 2866 huiusmodi,
1106 2832 1187 2857 non
1206 2821 1350 2858 faciunt

273 2883 412 2909 unum.
442 2873 521 2910 Res
548 2880 680 2910 autem
709 2872 906 2910 distinctae
934 2873 1187 2910 inveniuntur
1205 2875 1348 2912 habere

273 2924 453 2962 ordinem
481 2926 531 2963 ad
558 2925 727 2963 invicem
756 2938 838 2963 non
866 2927 1084 2964 casualiter:
1119 2939 1212 2964 cum
1240 2937 1283 2965 ut
1309 2929 1348 2966 in

272 2978 449 3027 pluribus
477 2991 604 3016 unum
640 2979 689 3016 ab
724 2979 799 3016 alio
827 2979 993 3017 iuvetur.
1024 2981 1264 3030 Impossibile
1293 2991 1348 3019 est

273 3031 386 3080 igitur
414 3033 522 3081 quod
551 3032 743 3070 distinctio
772 3045 905 3070 rerum
933 3033 987 3070 sic
1015 3034 1282 3072 ordinatarum
1302 3036 1348 3073 sit

272 3093 432 3134 propter
459 3085 720 3123 diversitatem
746 3086 943 3135 agentium
963 3099 1043 3124 non
1064 3088 1345 3127 ordinatorum.

326 3139 517 3188 Amplius.
553 3139 840 3189 Quaecumque
878 3141 1022 3177 habent
1059 3154 1218 3179 causam
1253 3155 1346 3180 suae

272 3191 535 3239 distinctionis,
565 3205 646 3230 non
674 3202 838 3242 possunt
870 3205 953 3231 esse
991 3194 1117 3244 prima
1145 3208 1262 3233 eausa
1291 3196 1346 3234 di-

272 3245 483 3283 stinctionis
511 3259 655 3284 rerum.
687 3247 764 3284 Sed
794 3247 824 3284 si
853 3249 965 3296 plura
984 3248 1132 3296 agentia
1151 3262 1198 3286 ex
1218 3262 1345 3299 aequo

272 3299 519 3349 accipiantur,
549 3312 706 3338 necesse
744 3308 799 3337 est
836 3301 945 3350 quod
983 3302 1151 3339 habeant
1186 3315 1345 3340 causam

273 3365 366 3389 suae
394 3353 664 3391 distinctionis:
696 3355 840 3391 habent
868 3354 974 3391 enim
1002 3367 1161 3392 causam
1181 3357 1343 3403 essendi,

271 3418 364 3443 cum
393 3407 526 3444 omnia
554 3407 655 3444 entia
685 3407 758 3444 sint
777 3408 826 3444 ab
850 3420 927 3444 uno
952 3407 1080 3457 primo
1101 3417 1199 3456 ente,
1221 3418 1263 3447 ut
1282 3423 1344 3447 su-

1406 2028 1477 2066 pra
1491 2016 1511 2038 *
1530 2025 1730 2054 ostensum
1747 2025 1819 2063 est3
1840 2016 1946 2054 idem
1966 2025 2094 2054 autem
2116 2026 2170 2054 est
2189 2030 2303 2054 causa
2323 2018 2472 2055 essendi

1406 2069 1518 2107 alicui
1543 2078 1580 2107 et
1605 2070 1859 2108 distinctionis
1878 2070 1961 2108 eius
1980 2071 2028 2108 ab
2048 2070 2139 2117 aliis,
2160 2070 2254 2108 sicut
2273 2079 2470 2108 ostensum

1406 2132 1461 2160 est
1479 2123 1511 2160 ²⁸.
1542 2124 1635 2160 Non
1665 2132 1789 2173 potest
1817 2124 1930 2173 igitur
1958 2137 2039 2162 esse
2068 2124 2191 2173 prima
2209 2137 2323 2161 causa
2343 2124 2470 2161 distin-

1405 2176 1541 2214 ctionis
1570 2189 1702 2215 rerum
1731 2177 1929 2216 diversitas
1958 2179 2163 2227 agentium.

1459 2232 1565 2268 Item.
1598 2231 1638 2268 Si
1666 2231 1866 2269 diversitas
1895 2244 2025 2269 rerum
2053 2232 2233 2281 procedat
2265 2244 2286 2268 a
2314 2231 2469 2268 diversi-

1405 2291 1480 2321 tate
1508 2286 1571 2321 vel
1599 2285 1864 2323 contrarietate
1893 2285 2135 2323 diversorum
2163 2285 2366 2333 agentium,
2388 2296 2468 2321 ma-

1405 2337 1508 2375 xime
1547 2339 1623 2375 hoc
1657 2339 1821 2385 videtur,
1851 2340 1957 2389 quod
1996 2347 2031 2376 et
2069 2340 2196 2388 plures
2231 2345 2391 2388 ponunt,
2421 2338 2469 2374 de

1405 2392 1671 2429 contrarietate
1696 2393 1789 2430 boni
1817 2401 1852 2429 et
1878 2393 1980 2439 mali,
2010 2393 2059 2430 ita
2088 2392 2192 2442 quod
2213 2391 2343 2429 omnia
2365 2392 2468 2428 bona

1405 2446 1618 2495 procedant
1642 2459 1663 2484 a
1693 2447 1799 2484 bono
1819 2446 2018 2496 principio,
2039 2447 2139 2483 mala
2158 2453 2286 2482 autem
2306 2457 2326 2481 a
2346 2446 2466 2481 malo:

1366 2514 1391 2528 10
1405 2499 1558 2537 bonum
1587 2500 1692 2537 enim
1721 2508 1757 2538 et
1786 2502 1934 2538 malum
1964 2508 2052 2537 sunt
2078 2499 2117 2536 in
2146 2498 2326 2536 omnibus
2355 2510 2466 2546 gene-

1407 2553 1524 2591 ribus.
1547 2554 1639 2591 Non
1655 2562 1781 2603 potest
1800 2562 1928 2591 autem
1945 2565 2026 2590 esse
2042 2565 2165 2590 unum
2180 2551 2350 2601 primum
2364 2551 2467 2600 prin-

1405 2606 1551 2656 cipium
1580 2608 1761 2645 omnium
1797 2609 2002 2645 malorum.
2034 2607 2135 2643 Cum
2162 2605 2266 2642 enim
2294 2617 2339 2641 ea
2366 2616 2466 2653 quae

1405 2669 1494 2698 sunt
1521 2673 1592 2711 per
1619 2661 1735 2707 aliud,
1765 2662 1998 2699 reducantur
2025 2660 2072 2697 ad
2102 2672 2145 2696 ea
2173 2671 2271 2707 quae
2292 2665 2379 2694 sunt
2397 2669 2467 2706 per

1405 2726 1456 2760 se,
1477 2715 1670 2764 oportebit
1689 2715 1861 2764 primurn
1891 2714 2058 2751 activum
2086 2714 2278 2749 malorum
2297 2723 2378 2747 esse
2397 2722 2467 2760 per

1365 2787 1387 2806 ις
1404 2780 1445 2805 se
1474 2770 1636 2806 malum.
1667 2770 1741 2806 Per
1769 2781 1809 2805 se
1838 2776 1968 2806 autem
1996 2767 2158 2804 dicimus
2181 2766 2253 2802 tale
2272 2764 2376 2813 quod
2396 2775 2466 2812 per

1405 2822 1610 2860 essentiam
1630 2835 1742 2860 suam
1762 2824 1833 2859 tale
1854 2830 1918 2860 est.
1949 2821 2042 2858 Eius
2070 2819 2180 2868 igitur
2207 2817 2365 2855 essentia
2385 2829 2466 2853 non

1404 2875 1473 2912 erit
1492 2876 1608 2913 bona.
1626 2877 1713 2913 Hoc
1732 2884 1863 2913 autem
1878 2883 1932 2912 est
1951 2872 2196 2924 impossibile.
2214 2872 2341 2909 Omne
2360 2869 2462 2906 enim

1403 2930 1511 2979 quod
1531 2937 1598 2975 est,
1618 2930 1850 2979 inquantum
1870 2936 1925 2965 est
1944 2940 2021 2973 enS‚
2042 2938 2195 2963 necesse
2215 2933 2269 2961 est
2289 2935 2369 2960 esse
2395 2923 2464 2959 bo-

1404 2996 1518 3020 num:
1550 2996 1633 3020 esse
1666 2995 1837 3032 namque
1873 2994 1989 3019 suum
2023 2978 2332 3027 unumquodque
2361 2984 2464 3035 amat

1363 3054 1389 3068 20
1403 3044 1440 3074 et
1467 3037 1688 3074 conservari
1725 3035 1883 3086 appetit;
1921 3035 2072 3083 signum
2110 3040 2238 3069 autem
2275 3038 2343 3075 est,
2366 3041 2463 3088 ‘qul-a

1403 3098 1535 3128 contra
1563 3098 1710 3140 pugnat
1738 3089 2050 3137 unumquodque
2083 3097 2173 3122 suae
2209 3091 2462 3141 corruption1;

1402 3146 1543 3182 honum
1581 3150 1703 3181 autem
1740 3149 1790 3180 est
1825 3143 1924 3192 quod
1956 3141 2082 3177 omnia
2117 3142 2289 3187 appetunt
2309 3140 2340 3173 ²¹⁶.
2370 3136 2462 3172 Non

1401 3206 1527 3247 potest
1555 3197 1668 3246 igitur
1695 3195 1883 3233 distinctio
1903 3194 1941 3231 in
1962 3193 2075 3230 rebus
2097 3190 2304 3249 procedere
2325 3202 2347 3226 a
2366 3189 2462 3226 duo-

1401 3251 1475 3288 bus
1495 3250 1693 3287 contrariis
1713 3248 1905 3298 principiis
1921 3257 2088 3296 quorum
2108 3256 2233 3280 unum
2249 3251 2293 3279 Slt
2312 3242 2462 3279 bonum

1361 3321 1384 3341 ις
1401 3313 1438 3341 et
1466 3304 1570 3341 aliud
1599 3305 1758 3341 malum.

1455 3358 1607 3394 Adhuc.
1637 3358 1766 3394 Omne
1796 3366 1910 3402 agens
1938 3352 2010 3400 agit
2039 3351 2269 3399 inquantum
2289 3356 2343 3384 est
2362 3356 2460 3384 actu.

1402 3412 1637 3460 Inquantum
1668 3421 1759 3445 vero
1789 3416 1842 3444 est
1870 3414 1967 3451 actu,
1996 3403 2309 3452 unumquodque
2341 3401 2461 3450 perfe-

327 3510 337 3528 ι
360 3503 438 3528 etiam
451 3505 473 3528 Α
488 3505 574 3536 solus3
594 3510 690 3530 autem.
784 3504 797 3529 3
818 3505 896 3529 etiam
910 3505 934 3529 A
948 3505 1034 3535 solus;
1053 3512 1107 3530 om.

270 3546 322 3563 una
337 3547 391 3571 pro
410 3540 495 3572 prima
513 3540 605 3566 ceteri.

271 3580 392 3599 movetur
408 3575 500 3601 ceteri.
591 3583 625 3607 24
644 3575 756 3609 agentia]
776 3577 844 3601 entia
863 3577 907 3602 Pe.

325 3618 341 3643 9
360 3610 456 3644 autem]
477 3611 546 3636 enim
566 3611 593 3642 d,
612 3620 655 3636 om
675 3612 704 3636 Ρ.
791 3619 824 3636 ιο
842 3611 922 3645 enim]
942 3617 1030 3636 autem
1049 3611 1122 3637 DPd.

271 3646 384 3678 primum
402 3646 557 3679 principium
576 3647 608 3672 D.

271 3686 329 3706 actu
348 3682 409 3707 hom
428 3689 471 3707 om
486 3682 516 3708 Z.

413 3735 508 3760 Souna
528 3735 638 3760 Con-ma
657 3736 790 3761 GENnLns
809 3736 841 3762 D.
860 3736 976 3762 TnouAss
994 3736 1063 3762 Ton.
1080 3737 1101 3762 Ι.

688 3547 705 3573 9
725 3539 908 3574 distinctionis]
929 3540 1060 3565 distinctio
1080 3540 1138 3571 DP;
1157 3542 1191 3574 cs.
1212 3549 1270 3568 var.
1286 3543 1412 3574 praeced.

999 3576 1030 3601 25
1052 3583 1158 3601 causam
1178 3584 1241 3602 casu
1262 3578 1350 3611 deficit
1369 3579 1396 3603 in
1415 3580 1448 3603 A.

1210 3620 1237 3638 11
1261 3619 1349 3646 potest
1368 3614 1410 3638 hic
1429 3613 1551 3643 GNYZb;
1567 3615 1630 3643 post
1648 3615 1744 3635 autem.

694 3646 726 3672 16
746 3655 800 3672 non
819 3647 867 3672 erit
884 3647 955 3672 bona
973 3647 1008 3678 N;
1028 3655 1081 3671 non
1101 3653 1140 3672 est
1158 3647 1227 3673 bona
1245 3649 1274 3679 Z,
1293 3650 1340 3674 erit
1358 3649 1426 3674 bona
1442 3648 1576 3678 oeDEXsG,
1591 3647 1637 3672 erit
1654 3646 1720 3670 maia
1733 3643 1888 3673 WYsEch,
1903 3649 1965 3666 rasa
1979 3641 2028 3673 pG.

1197 3505 1214 3530 8
1233 3507 1295 3531 illud
1314 3507 1437 3531 ordinans
1457 3512 1498 3531 est
1516 3507 1600 3539 prima
1620 3513 1697 3531 causa
1715 3505 1737 3528 Α
1756 3504 1840 3532 solus;
1860 3502 1927 3526 illius
1946 3500 2043 3524 ordinis
2062 3504 2102 3524 est
2125 3499 2208 3531 prima
2230 3506 2307 3523 causa
2327 3497 2420 3522 GXYZ
2439 3501 2465 3522 et

1501 3542 1532 3567 16
1553 3541 1632 3575 enim]
1652 3546 1737 3565 autem
1759 3539 1799 3563 Pc.
1887 3544 1918 3569 ¹9
1938 3537 2038 3560 iuvetur
2051 3535 2074 3559 A
2087 3536 2172 3565 solus;
2191 3539 2328 3558 moveatur
2341 3533 2464 3565 YsNch,

1827 3615 1859 3638 14
1879 3607 1990 3639 primum
2010 3605 2098 3636 otWX;
2117 3604 2272 3638 principium
2287 3604 2463 3636 EGNYZch,

2116 3648 2147 3673 27
2168 3641 2324 3674 Inquantum
2342 3647 2405 3665 vero
2424 3645 2464 3664 est

2284 3729 2319 3760 46

2500 2030 2507 2037 ”
2524 2029 2580 2057 cap.
2596 2036 2633 2051 xv.

2499 2146 2507 2154 ·
2522 2144 2577 2172 Cap.
2594 2150 2668 2172 praec.

2491 3155 2500 3163 ·
2518 3154 2527 3174 I
2542 3153 2627 3179 Etltic„
2646 3159 2662 3179 1,
2680 3161 2703 3179 ις

2491 3187 2509 3201 s.
2521 3180 2566 3201 Th.
2582 3181 2596 3201 1.
2609 3188 2628 3201 ι.
