2664 4120
216 253 322 280 xxviii

269 324 376 354 Petiae
400 319 588 360 exemplaris
612 318 645 348 in
674 316 861 357 exemplatis
885 320 1042 356 apparent
1066 323 1123 356 per
1152 314 1292 344 notatio-

214 376 289 400 nem
313 365 599 408 principiiearum,
617 362 667 392 vel
684 361 767 398 finis,
791 361 843 391 vel
868 361 1052 400 utriusque:
1077 359 1188 390 finitur
1203 368 1223 389 x
1240 367 1292 399 pe,

215 414 324 444 finitur
347 421 376 440 rx
393 419 434 450 pc
450 408 563 448 incipit
586 417 605 437 x
622 416 678 447 pe;
704 406 754 436 vei
771 406 914 436 brevius:
934 415 954 435 x
974 414 1030 445 pe;
1046 405 1098 435 vel
1115 413 1173 445 per
1189 404 1301 434 solam·

214 456 339 489 numeri
371 459 501 484 notam:
534 462 563 482 x.
587 451 781 482 Notationes
804 450 927 481 nuliam
962 458 1038 480 cum
1062 448 1292 480 fasciculorum

213 502 368 533 divisione
393 498 583 529 relationem
607 496 736 532 habent,
753 495 809 526 sed
832 494 1090 535 independenter
1106 503 1124 524 a
1140 493 1294 524 commis·

212 546 291 577 suris
323 544 504 574 chartarum
532 547 563 572 et
592 541 791 572 naturalibus
821 539 978 570 orationis
1008 539 1149 569 articulis
1173 537 1294 568 cadunt

211 599 305 631 supra
330 588 519 629 marginem,
543 596 562 617 e
580 586 715 626 regione
739 586 979 625 cuiuscumque
1002 583 1109 614 lineae—
1130 583 1292 619 relativae,

210 638 243 666 in
267 633 412 665 medium
429 632 625 663 continuum
649 635 783 662 textum.
808 630 903 661 Ratio
928 629 1034 669 petiae
1057 628 1159 668 ipsius
1183 636 1293 659 exem>—

211 679 306 721 plaris
329 679 391 709 hac
405 677 575 708 notatione
591 684 660 707 non
676 674 799 706 absolvi
820 673 964 710 videtur3
989 678 1088 703 notae
1111 672 1201 712 signa
1217 679 1293 703 sunt

210 725 368 766 petiarum
392 721 611 762 originalium,
635 729 704 751 uon
731 720 936 750 constituunt
959 727 1023 748 eas·
1052 717 1088 747 In
1117 717 1291 758 exemplari

210 769 315 811 petiae
331 772 420 798 erant
437 767 502 797 veri
519 765 673 801 fasciculi,
691 770 722 795 et
742 765 885 805 insuper,
901 768 938 793 ut
954 762 1090 798 videtur,
1107 771 1175 793 non
1200 772 1291 793 com-

210 819 323 855 pactae
345 813 378 843 in
403 820 507 842 unum
524 819 644 850 corpus
661 810 727 839 sive
751 809 879 845 librum,
897 807 953 838 sed
969 807 1096 837 solutae
1120 812 1151 836 et
1174 807 1291 838 indivi-
1317 826 1319 830 ν

211 858 347 890 dualiter
370 856 518 887 mobiles.

266 903 318 933 33.
337 919 357 923 ο
373 901 470 931 Primi
499 900 608 930 asserti
637 903 865 939 argumentum
896 902 1007 927 noster
1030 896 1062 926 H
1093 896 1290 937 suppeditat.
1316 930 1318 935 ,

210 948 287 978 Eius
311 951 475 977 corrector
491 945 621 975 lacunas
641 943 815 983 scriptoris,
833 951 917 982 quae
940 941 1063 972 multae
1087 947 1163 972 sunt
1187 947 1219 972 et
1242 942 1292 972 in-

208 993 321 1023 solitae
345 990 550 1025 extensionis,
567 997 664 1028 super
687 988 832 1027 margine
856 986 959 1027 (nunc
983 994 1080 1026 saepe
1103 986 1223 1026 reciso)
1243 986 1291 1017 di-

209 1037 343 1077 ligenter
365 1034 528 1070 indicavit,
559 1033 735 1068 remittens,
765 1031 886 1062 nedum
918 1030 958 1061 ad
982 1031 1115 1071 petiam,
1143 1031 1183 1062 ad
1212 1030 1291 1062 folia

207 1081 322 1121 petiae,
347 1080 410 1110 hoc
435 1077 552 1109 modo:
579 1077 696 1108 Deficit
718 1086 783 1108 una
807 1076 962 1107 columna
993 1084 1069 1106 cum
1094 1075 1235 1107 dimidio*
1255 1077 1290 1108 in

208 1128 244 1156 ix>
261 1135 302 1166 pe
326 1124 450 1160 medio3
475 1122 640 1153 Deficiunt
664 1122 747 1152 xxvii
768 1121 854 1151 linee
876 1129 918 1161 pe
942 1121 973 1151 ix
989 1121 1047 1151 ult.
1073 1119 1146 1157 fol.;
1170 1120 1291 1153 Deficit

207 1171 298 1211 quasi
322 1179 388 1200 una
403 1167 556 1200 columna
580 1175 621 1206 pe
638 1167 668 1196 xi
685 1165 741 1196 fol.
759 1166 810 1201 iii;
838 1165 1019 1208 (Deficiunt
1033 1164 1114 1207 du)e
1133 1166 1290 1198 columne

207 1222 281 1245 cum
299 1214 364 1244 xiiii
384 1213 478 1244 lineis
502 1211 556 1252 (pe
580 1211 648 1250 xiii)
673 1209 730 1241 fol.
756 1210 777 1240 ii
802 1215 835 1241 et
857 1211 972 1251 incipit
995 1210 1142 1242 defectus
1164 1209 1216 1253 (ex
1239 1211 1293 1243 his·

206 1259 343 1300 autem);
361 1256 479 1288 Deficit
494 1256 610 1287 folium
627 1256 879 1296 integrum'cum
893 1255 1023 1286 x-lineis
1039 1264 1082 1296 pe
1097 1256 1162 1287 xvii
1179 1255 1236 1287 fol.
1253 1257 1288 1288 iii

206 1309 242 1335 et·
260 1304 303 1334 iiii
331 1301 390 1343 (est
414 1311 506 1333 casus
522 1309 668 1332 reversus
686 1300 852 1341 scriptoris
877 1309 900 1331 αι
923 1299 964 1331 de
989 1308 1057 1341 quo
1081 1300 1120 1331 η’
1145 1301 1204 1338 25;
1228 1302 1290 1332 iste

205 1348 348 1388 incoepit
371 1351 526 1388 repetere,
551 1346 591 1377 H·
608 1346 718 1377 omisit
745 1351 898 1376 centenas
922 1345 1047 1385 lineas).
1070 1345 1191 1377 Ultima
1210 1351 1289 1378 nota

205 1402 242 1424 ex
267 1393 391 1423 circiter
414 1391 652 1433 quinquaginta
676 1395 740 1421 est:
765 1389 933 1422 Deficiunt
958 1390 1053 1421 xxiiii
1070 1390 1223 1432 linee‘pe
1245 1391 1289 1422 lvi

204 1438 248 1468 fo:
262 1438 294 1468 ii.
312 1432 375 1468 Per
384 1436 522 1468 modum
538 1435 836 1467 citandi·corrector
848 1434 957 1476 prodit
967 1435 1072 1477 petias
1083 1434 1182 1467 fuisse
1194 1445 1290 1467 veros

204 1483 412 1518 duerniones,
440 1491 508 1512 non
541 1485 668 1511 tantum
700 1481 778 1521 quia
811 1488 982 1521 nunquam
1014 1481 1092 1511 citat
1121 1481 1205 1512 ultra
1238 1480 1288 1511 fo>-

204 1528 283 1559 lium
302 1527 357 1564 iiii,
375 1526 431 1558 sed
448 1527 545 1557 etiam
563 1526 645 1567 quia
656 1535 694 1556 ex
710 1525 764 1556 BF
781 1531 813 1556 et
829 1522 960 1556 duobus
975 1525 1136 1562 Par-isinis,
1154 1526 1288 1567 quando

204 1575 376 1603 numerum
390 1571 550 1602 linearum
566 1571 727 1611 cuiusque
741 1571 848 1611 petiae
859 1575 991 1601 notatae
1007 1579 1067 1611 per
1081 1576 1224 1611 quatuor
1239 1570 1288 1602 di-

204 1617 295 1653 vidis,
316 1630 330 1644 «
346 1617 395 1647 ult
410 1630 424 1643 ι
439 1623 569 1657 semper
583 1615 697 1646 incidit
713 1621 789 1646 cum
807 1611 921 1646 ultima
933 1620 1047 1656 quarta
1062 1621 1154 1655 parta
1169 1621 1286 1647 textus.
1312 1651 1315 1664 ,

205 1663 304 1703 igitur
327 1666 402 1693 cum
427 1661 537 1692 nulius
553 1660 657 1692 codex
674 1660 862 1691 communis
878 1659 1021 1691 facturae
1044 1660 1191 1692 obediret
1210 1662 1288 1692 cita-
1312 1666 1314 1678 ¹

205 1707 286 1738 tioni
303 1706 506 1742 correctoris,
523 1710 654 1747 oportet
675 1705 915 1736 concludamus
929 1704 1095 1745 exemplar
1108 1705 1288 1737 Parisiense

203 1753 358 1783 Summae
370 1755 484 1782 contra
496 1750 642 1782 Gentiles
654 1750 857 1781 concrevisse
872 1749 1034 1781 fasciculis
1049 1751 1287 1792 quinquaginta

203 1802 339 1838 septem.
352 1796 427 1827 Huc
443 1800 568 1836 spectat
589 1801 668 1826 nota
692 1795 857 1836 scriptoris
876 1795 1000 1827 codicis
1015 1796 1042 1827 L
1058 1795 1287 1837 supplementi

207 1840 321 1884 (Prael'.
346 1844 384 1871 n⁰
402 1840 456 1882 27)
484 1853 499 1867 ‹
522 1839 632 1871 finitur
655 1840 741 1871 xxiiii
771 1845 805 1870 et
826 1845 874 1870 est
900 1839 941 1871 de
973 1850 1027 1871 sex
1052 1842 1146 1872 cartis
1166 1855 1194 1877 ιι,
1218 1841 1286 1872 sive

203 1887 321 1918 ternio:
347 1891 473 1917 ceterae
496 1885 621 1916 scilicet
642 1891 733 1915 erant
756 1885 917 1915 biniones.

258 1931 406 1962 Alterum
431 1934 670 1970 argumentum.
695 1929 811 1960 Codex
835 1929 1005 1961 Secundae
1029 1929 1201 1962 Secundae
1224 1931 1285 1960 Ar-

203 1976 286 2007 chivi
311 1975 386 2006 mni
418 1973 562 2015 Capituli
594 1973 735 2005 Brixiani
767 1974 799 2004 in
832 1979 921 2005 textu
952 1974 1089 2006 lineolae
1117 1975 1286 2006 verticales

201 2019 353 2059 ostendit,
368 2020 425 2051 ubi
442 2024 554 2059 ma‘rgo
579 2023 691 2050 notam
708 2019 824 2059 petiae.
843 2018 933 2057 Quid
952 2019 1013 2050 sibi
1035 2015 1137 2051 velint
1161 2020 1285 2056 neseio,

201 2066 261 2096 nisi
286 2065 480 2096 examussim
509 2064 673 2105 penarum·-
694 2063 904 2104 partitionem
929 2062 1083 2095 indicant.
1108 2063 1201 2096 Ordo
1224 2072 1285 2095 no·

199 2116 263 2142 ster
285 2109 436 2141 codicem
459 2109 695 2140 Commentarii
720 2108 752 2140 S.
781 2108 933 2139 Thom'ae
961 2109 994 2140 in
1027 2107 1284 2151 Metaphysicam

199 2154 353 2196 possidet,
377 2155 560 2195 antiquum,
583 2154 778 2184 instructum
799 2154 887 2184 notis
907 2154 1100 2195 exemplaris
1127 2154 1286 2186 parisien-

200 2201 253 2237 sis,
278 2200 335 2241 qui
359 2209 427 2230 uno
458 2199 534 2230 loco
562 2208 659 2239 supra
688 2199 868 2239 marginem
895 2198 995 2230 habet
1023 2199 1121 2231 haec:
1150 2213 1163 2226 ε
1184 2208 1285 2231 omne

201 2255 299 2286 agens
330 2245 392 2275 xxii
422 2245 514 2285 pecia
534 2259 562 2281 »,
591 2244 675 2274 idest
704 2244 736 2274 ni
767 2242 871 2280 fallor,
903 2244 990 2284 petia
1024 2253 1075 2275 22.
1105 2244 1219 2285 incipit
1245 2244 1285 2276 ad

200 2290 296 2321 verba
320 2298 417 2320 omne
439 2298 544 2332 agens
574 2289 747 2330 oppositae
780 2289 896 2320 lineae.
928 2289 1040 2320 Plures
1071 2298 1164 2321 casus
1192 2295 1285 2321 nota-

201 2335 299 2366 tionis
322 2341 387 2365 tam
413 2333 552 2365 directae
577 2334 707 2365 obviam
731 2341 799 2364 non
823 2334 933 2365 habui.
959 2334 994 2365 In
1022 2334 1091 2365 aliis
1115 2334 1285 2366 codicibus

201 2380 306 2420 petiae
337 2385 450 2411 notam
481 2379 721 2410 concomitatur
754 2378 834 2410 levis
864 2378 920 2410 sed
951 2379 1035 2410 clare
1066 2380 1286 2421 perceptibilis

200 2423 338 2456 mutatio
362 2425 540 2466 scripturae
572 2425 604 2454 in
629 2429 728 2455 textu.
755 2424 813 2454 Ex.
837 2433 884 2464 gr.
908 2424 965 2455 ubi
990 2423 1165 2455 Chisianus
1188 2425 1286 2456 habet

205 2482 221 2495 «c
237 2467 290 2500 hic
315 2468 387 2500 finit
409 2469 499 2500 xxiiii*
520 2479 561 2510 pe
581 2482 608 2506 ν,
637 2469 794 2510 scriptura
827 2474 934 2500 textus
961 2482 976 2495 ε
996 2468 1090 2500 fallax
1119 2469 1285 2501 uniforme

201 2514 355 2546 simulans
379 2514 469 2545 Deos
492 2520 524 2546 et
547 2514 698 2545 homines
719 2527 746 2550 ι,
771 2513 937 2545 evidenter
960 2514 1000 2545 ab
1025 2523 1090 2545 una
1114 2520 1146 2545 et
1169 2514 1284 2546 eadem

200 2562 300 2591 manu
324 2564 460 2596 exarata,
485 2569 503 2590 a
526 2559 678 2590 annitaris
690 2558 767 2590 inde
788 2559 931 2603 aliquam
952 2559 1165 2591 variationem
1189 2567 1285 2591 mon-

200 2609 286 2636 strat.
312 2602 401 2636 idem
426 2599 542 2635 accidit
559 2605 591 2635 in
608 2603 756 2646 pluribus
772 2604 942 2636 codicibus
965 2604 1073 2641 simul,
1094 2605 1128 2636 in
1144 2604 1172 2636 Β
1196 2610 1229 2636 et
1248 2605 1285 2642 F,

200 2649 233 2680 in
258 2649 284 2680 Β
307 2653 339 2680 et
363 2649 518 2686 Parisino,
542 2648 597 2680 vel'
618 2649 649 2680 in
675 2650 787 2680 tribus.
813 2649 872 2680 His
897 2658 975 2691 ergo
998 2649 1081 2681 locis
1108 2656 1178 2681 non
1208 2650 1285 2682 raris

200 2695 258 2725 tria
282 2700 491 2730 concurrunt,
516 2698 604 2730 nota,
629 2694 793 2725 character
817 2694 968 2732 variatus,
997 2695 1170 2736 utriusque
1193 2701 1286 2727 com-

199 2740 339 2770 munitas
364 2740 396 2770 in
422 2739 568 2780 pluribus
591 2739 689 2770 libris,
715 2739 764 2770 De
779 2739 805 2770 B
830 2738 970 2771 diximus
993 2739 1187 2781 scripturam
1209 2740 1285 2772 ulti-

199 2793 330 2815 morum
354 2783 510 2815 foiiorum
533 2784 765 2825 neglectiorem
790 2792 878 2821 esse;
903 2783 1053 2816 addimus
1070 2785 1284 2817 variationem

199 2829 341 2869 praecise
365 2829 508 2869 incipere
525 2828 580 2859 ubi
596 2828 649 2860 alii
673 2829 743 2859 libri
761 2830 882 2870 petiam
908 2830 960 2869 ⁵4·
984 2834 1112 2869 notant,
1127 2829 1169 2861 ad
1187 2830 1286 2861 verba

203 2887 216 2900 ·‹
236 2874 293 2914 qui
309 2879 348 2904 ex
363 2875 470 2915 granis
486 2873 581 2904 tritici
601 2887 614 2900 ›
642 2874 679 2904 L.
697 2873 741 2904 tv
765 2883 835 2915 cap.
853 2874 908 2915 69.
931 2873 1022 2906 idem
1043 2874 1208 2906 interdum
1225 2875 1285 2906 ob-

200 2925 324 2949 servare
349 2924 396 2950 est
419 2919 452 2949 in·
477 2918 646 2949 codicibus
670 2919 726 2959 qui
751 2919 854 2959 petias
878 2928 946 2951 non
969 2923 1103 2951 notant:
1126 2918 1285 2952 parisien·

200 2963 241 2994 sis
263 2963 298 2994 ¹5
315 2962 378 2994 818
397 2963 496 2994 variat
511 2963 729 2995 characterem
745 2963 785 2994 ad
800 2964 932 2995 initium
952 2965 1060 3006 petiae
1078 2963 1131 2996 28.
1151 2977 1167 2991 c
1182 2972 1285 3008 agen·

200 3013 262 3039 tem
285 3011 344 3049 per
365 3007 431 3039 hoc
447 3012 555 3039 autem
579 3006 663 3039 flunt
679 3019 711 3044 »3
737 3008 844 3048 15817
857 3009 976 3040 eodem
999 3009 1077 3041 loco
1099 3008 1139 3041 ad
1163 3014 1283 3042 neem.

200 3050 388 3084 Differentia
412 3058 599 3094 promptam
616 3053 866 3093 explicationem
882 3054 1002 3086 habere
1020 3054 1162 3086 videtur:
1187 3055 1285 3087 verba

200 3102 351 3140 agentem
370 3107 434 3139 per
455 3096 518 3129 hoc
541 3098 715 3139 anticipata
732 3097 852 3129 fuerint
875 3099 939 3130 ima
964 3109 1021 3131 ora
1045 3099 1212 3141 originalis
1228 3108 1285 3142 pe-

199 3143 261 3173 tiae
288 3151 339 3183 27,
364 3142 572 3174 reclamantia
588 3142 781 3174 fasciculum
801 3143 859 3181 283
885 3144 1034 3186 scriptori
1051 3153 1129 3186 ergo
1153 3146 1212 3187 qui
1235 3154 1285 3177 re·

201 3184 394 3219 clamantem
422 3187 613 3224 transcribit,
637 3194 779 3229 sequens
803 3187 977 3220 fasciculus
1010 3189 1187 3231 incipiebat
1210 3195 1286 3232 post

200 3232 296 3263 verba
311 3229 525 3264 reclamantis.
543 3232 722 3273 incipiebat
738 3232 829 3264 dico:
846 3243 923 3265 nam
939 3234 1023 3266 inter
1039 3240 1153 3266 notam
1176 3236 1285 3277 petiae

202 3281 232 3306 et
256 3282 388 3308 tenuem
419 3278 596 3319 scripturae
626 3276 839 3309 differentiam
872 3278 980 3320 aliqua
1008 3279 1122 3311 relatio
1150 3281 1284 3322 agnosci

202 3320 307 3357 debet,
331 3327 362 3352 et
387 3320 481 3354 aliam
505 3331 574 3353 non
605 3323 739 3353 invenio
770 3323 832 3354 nisi
862 3332 979 3355 manus
1007 3330 1131 3356 mutata
1162 3324 1285 3357 indicet

201 3365 333 3396 initialia
364 3367 460 3398 verba
488 3367 593 3408 petiae
625 3367 827 3409 exemplaris.
858 3368 964 3400 Notae
995 3369 1150 3401 codicum
1179 3375 1283 3402 totam

202 3409 320 3441 lineam
344 3412 530 3452 respiciunt,
554 3413 659 3443 inimo
683 3412 799 3444 accidit
819 3418 865 3449 ut,
882 3413 915 3444 in
940 3419 1121 3455 conspectu
1145 3414 1284 3447 duarum

202 3455 316 3494 posita.
341 3460 498 3493 neutram,
515 3455 637 3489 nedum
654 3462 759 3489 unum
775 3458 923 3495 verbum,
948 3460 1092 3500 praecise
1107 3460 1232 3491 innuat.
1249 3460 1283 3491 Si

203 3506 279 3537 ergo
310 3499 481 3541 scriptores
515 3505 547 3532 et
580 3508 746 3533 notatores
778 3502 912 3544 aliquod
943 3504 1050 3536 lineae
1082 3504 1283 3537 elementum

203 3543 382 3575 charactere
407 3546 539 3582 variato,
572 3546 621 3577 vel
649 3546 779 3584 lineola,
809 3548 859 3579 vel
888 3548 1053 3586 citatione,
1084 3549 1283 3590 distinguere

201 3593 377 3627 potuerunt
393 3598 411 3620 a
435 3590 558 3627 ceteris,
575 3590 639 3622 hoc
664 3591 761 3623 fuerit
777 3593 853 3633 quia
878 3593 911 3623 in
929 3593 1106 3635 exemplari
1128 3594 1218 3626 illico
1235 3593 1283 3626 di-

204 3632 353 3663 stinctum
379 3640 454 3670 erat,
480 3641 594 3675 utpote
618 3637 759 3676 primurn
783 3638 918 3668 verbum
949 3637 1225 3679 fasciculi-petiae.

1405 313 1458 352 34.
1476 329 1497 334 -
1512 311 1749 351 Quodmutem
1773 313 1920 345 seeundo
1944 320 2182 351 assertumest,
2199 315 2302 356 petias
2325 325 2436 348 exem·

1342 357 1452 398 -piares
1475 356 1575 388 fuisse
1597 357 1774 388 libercuios
1796 358 1934 396 solutos,
1962 359 2092 400 probari
2115 358 2250 391 videtur.
2266 369 2315 391 ex-
2332 361 2437 393 modo

1347 410 1416 443 quo
1440 401 1578 433 Statuta-
1589 401 1857 434 Universiutum
1867 404 1952 434 circa
1963 404 2087 444 periss-
2102 404 2294 446 loquuntur.
2319 405 2435 438 Talem

1347 446 1471 478 seilicet
1494 446 1536 477 de
1559 446 1606 477 eis
1628 455 1826 479 sermonem*
1840 448 2028 486 instituunt,
2050 455 2095 480 ut:
2114 449 2306 481 tantuwde
2324 451 2437 482 libello

1347 497 1496 532 separato
1514 490 1621 522 dietus
1631 500 1772 523 sensum
1787 492 1937 525 videatur
1950 493 2080 525 habere.
2098 494 2210 526 Verba*
2219 494 2326 526 modo
2341 496 2442 527 citata.

1352 550 1365 562 «
1385 537 1448 567 nisi
1471 537 1593 576 petiam
1623 535 1707 567 uin-a
1729 536 1973 570 hebdomadam
1995 539 2170 570 tenuat-iv»
2194 548 2296 570 nemo
2319 542 2436 581 capiet,

1347 581 1374 612 si
1391 580 1433 612 de
1447 580 1725 621 immobilipetia
1737 583 1853 613 nostri:
1864 583 2135 624 Bssinteiiigenda-
2149 590 2278 622 essene.
2292 584 2384 616 diam·
2396 586 2441 618 de

1347 625 1504 657 fasciculo
1521 625 1715 666 exemplaris
1729 627 1892 658 solutoet
1906 628 2174 669 independenter*
2189 629 2305 661 mobili
2329 631 2441 663 statim

1347 680 1492 712 saneque
1515 670 1752 711 intelliguntur.
1769 671 1897 703 Talem:
1910 681 1970 713 per
1988 683 2023 704 se
2045 673 2250 706 individuam
2272 676 2396 716 petiam
2419 686 2442 707 e

1346 716 1488 747 statione
1511 715 1651 747 domum
1678 714 1762 747 ferre
1785 717 1895 756 potuit
1917 723 2083 755 rrmtuausqD
2099 725 2143 756 et,
2167 725 2205 751 ut
2226 719 2442 752 suasurum

1316 770 1319 798 ξ
1346 761 1539 802 loquuntur,
1556 759 1703 801 perdere,
1719 770 1922 801 recuperare,
1938 763 2114 800 maeuiue,
2130 773 2352 806 cormmpere,
2367 774 2437 797 rea÷

1345 811 1447 847 ptare.
1473 805 1522 836 Ex
1545 806 1595 836 bis
1622 805 1848 837 locutionibus
1869 807 1966 847 sequi
1989 807 2123 839 videtur
2141 808 2242 850 quod·
2257 811 2436 842 stationarii

1345 850 1545 892 exemplaria
1561 850 1719 892 petiatim·
1737 851 1899 882 locabam:

1402 895 1503 927 Aliud
1526 901 1757 936 argumentum
1773 896 1914 928 sumitur
1936 906 1955 927 a
1979 896 2184 937 quibusdam·
2200 899 2438 931 not-rumam

1346 939 1454 972 mulis.
1487 940 1523 971 in
1550 941 1662 981 priori
1682 946 1777 981 parte
1805 941 1931 972 codicis
1953 941 2003 978 br,
2035 941 2076 972 de
2102 942 2265 974 Rutunda·
2281 943 2359 975 Dea:
2383 945 2438 976 hie

1316 995 1317 998 ¹
1345 984 1459 1016 finitur
1480 986 1511 1016 xi
1535 994 1579 1027 pe
1602 985 1643 1016 de
1666 994 1699 1026 p.
1716 985 1752 1022 d;
1777 985 1831 1017 hio
1853 985 1967 1017 finitur
1989 987 2082 1027 xiitp.
2099 986 2140 1018 de
2163 996 2196 1028 p.
2221 987 2284 1020 dei.
2301 988 2339 1020 ln
2357 988 2438 1021 etri.

1344 1030 1439 1062 siano
1462 1036 1578 1061 nostro
1602 1030 1715 1071 plene:
1740 1030 1795 1061 hic
1823 1029 1936 1062 finitur
1966 1031 2060 1072 pecia
2088 1033 2197 1064 xxxiiii
2221 1033 2435 1074 commum.

1344 1075 1422 1107 Huc
1445 1074 1523 1106 facit
1545 1076 1598 1106 vix
1622 1074 1787 1106 credibilis
1806 1081 1914 1107 textus
1936 1075 2060 1107 codicis
2079 1076 2118 1115 Q.
2131 1077 2362 1118 §oppia-mn
2379 1078 2437 1118 (eft

1344 1120 1397 1152 ibi·
1413 1119 1517 1151 Praei.
1542 1123 1594 1152 πθ·
1614 1120 1654 1151 25
1673 1125 1706 1151 et
1723 1119 1796 1160 φῂς
1820 1120 1877 1153 ubi
1900 1127 2126 1161 margo-notat
2144 1122 2167 1154 f:
2190 1123 2267 1154 xiiii*
2280 1131 2335 1164 pe,
2350 1123 2438 1156 linea

1343 1165 1521 1196 columnae
1543 1165 1673 1196 haber«
1693 1174 1755 1196 nec
1778 1171 1888 1206 potest
1904 1175 1964 1207 per
1978 1166 2072 1207 pecie
2095 1167 2195 1208 partis
2217 1168 2332 1199 dromo
2355 1177 2437 1209 poe-

1343 1210 1515 1242 nitentiam
1546 1219 1624 1241 eum
1655 1219 1740 1241 uxor
1770 1211 1812 1240 ab
1845 1211 2054 1242 accusatione
2084 1212 2250 1253 repellere*
2264 1225 2292 1244 n·-
2324 1212 2436 1245 Scriba

1342 1254 1513 1287 distractus
1523 1254 1799 1296 subscriptionem
1815 1264 1893 1286 cum
1909 1261 2000 1287 textu
2012 1257 2120 1297 petiae
2134 1257 2262 1289 misoet.
2274 1257 2308 1289 Si
2323 1263 2436 1290 aut-u

1341 1301 1565 1386 {33103535
1565 1299 1643 1376 Ἓξ
1657 1299 2110 1386 “iii'li‘ss’t-“ffissrssi’mm
2134 1307 2433 1389 ᾚΟΜἫ·
2350 1304 2435 1355 ‘¹⁶³²

1342 1390 1390 1421 Ibi
1413 1390 1586 1422 necessarii
1609 1396 1711 1421 erant.
1729 1389 1814 1420 Nam
1829 1390 1918 1432 apud
1942 1391 2152 1423 stationarios
2173 1391 2359 1424 multitudo*
2374 1402 2434 1434 pe-

1342 1436 1461 1466 tiarum
1485 1435 1689 1467 diversorum
1713 1443 1854 1476 operum
1874 1436 2140 1474 conservabatur,
2162 1446 2253 1479 quas
2269 1438 2356 1478 quia
2369 1437 2434 1470 fre-

1342 1481 1481 1522 quentia·
1500 1481 1699 1522 scriptorum
1729 1479 1879 1521 quotidie
1907 1481 2089 1522 recipiebat
2115 1486 2153 1513 et>
2170 1483 2377 1524 oepostabn-
2390 1482 2436 1516 ad

1342 1525 1529 1557 cavendam·
1546 1525 1780 1557 confusionem
1804 1525 1980 1566 oportebat
2008 1535 2068 1566 pes·
2093 1526 2215 1559 titulos.
2234 1536 2257 1558 o
2377 1534 2436 1560 :aa

1340 1578 1499 1602 numeros
1514 1570 1678 1602 ordinales
1693 1569 1904 1610 distinguere.
1924 1570 1980 1602 Sic
2002 1571 2166 1612 quaedam
2186 1578 2343 1604 notarum
2366 1571 2435 1604 fim-

1341 1615 1452 1647 mulae
1473 1614 1675 1647 individuam
1699 1615 1808 1656 petiae
1829 1615 2034 1647 etiannum
2056 1617 2234 1649 insinuant.

1395 1660 1492 1692 Plura
1524 1664 1604 1702 ergo
1631 1660 1860 1702 phaenomena
1891 1661 2092 1702 conspirant,
2115 1667 2158 1693 ub
2176 1663 2288 1704 petiae⁴
2313 1661 2432 1694 indui-

1341 1705 1445 1736 duam
1457 1706 1678 1737 exsistentiam
1693 1714 1922 1746 agnoscamus.
1939 1704 2037 1736 Sicut
2050 1706 2087 1737 in
2109 1705 2282 1739 caricibus
2303 1716 2323 1738 a
2345 1716 2432 1739 m·-

1339 1750 1439 1791 ginali
1463 1756 1542 1782 nota
1565 1756 1727 1787 creantur,
1744 1759 1813 1782 non
1828 1749 2009 1782 iustificam
2021 1750 2211 1783 locutiones
2223 1751 2435 1784 &anatem

1340 1800 1376 1826 et
1388 1801 1500 1826 cetera·
1511 1794 1606 1827 facta.
1622 1794 1767 1827 Codices
1782 1795 1931 1836 vulgares
1946 1804 2015 1827 non
2031 1795 2331 1838 praebeam
2344 1806 2432 1839 que

1340 1840 1503 1872 maculata
1526 1840 1578 1872 vel
1602 1846 1756 1881 corrupta
1779 1840 1919 1880 reaptari
1945 1839 2061 1877 debet:
2089 1850 2175 1882 quae
2205 1841 2309 1882 perdi,
2334 1851 2431 1875 ten*-

1340 1886 1455 1926 perari,
1471 1885 1597 1916 restitui
1612 1891 1740 1926 potest;
1764 1893 1899 1926 quanta
1914 1885 2106 1917 stationario
2127 1887 2434 1924 mutuantem-uio

1339 1930 1515 1961 stationem
1542 1929 1681 1961 fideliter
1710 1935 1890 1970 reportent,
1921 1930 2045 1971 pignus
2069 1930 2236 1973 deponere
2258 1931 2431 1969 iube-tun

1339 1982 1439 2015 quam
1463 1975 1534 2006 sine
1557 1975 1686 2006 muleta-
1707 1974 1791 2005 uitta
1821 1974 2063 2006 hebdomadam
2098 1975 2196 2007 domi
2219 1982 2338 2008 tenere·
2356 1985 2433 2008 n-

1339 2019 1430 2056 licet-3
1454 2028 1540 2061 quae
1563 2019 1677 2060 operis
1699 2019 1794 2050 ciuus
1817 2027 1891 2060 pars
1913 2024 1963 2050 est
1986 2019 2087 2051 titinio
2106 2021 2292 2062 ”bifluvi-
2313 2020 2431 2059 debus

1339 2065 1434 2141 αξξυς
1456 2064 1588 2141 umntgiuui:
1616 2063 1697 2096 folia
1717 2064 1872 2140 cingitur:
1886 2070 2103 2141 ‘quaenguoet
2127 2064 2256 2143 &aa
2279 2071 2382 2143 σειιιακ.ι
2349 2066 2356 2074 ’
2376 2075 2433 2143 ’.εἰ

1339 2118 1357 2140 c
1394 2117 1434 2140 us
1655 2119 1671 2140 r
1792 2118 1924 2141 orsam*
1943 2118 1985 2141 co
2059 2119 2105 2142 uo
2221 2128 2226 2137 ι
2334 2120 2360 2143 e·

1338 2155 1512 2196 propositio
1535 2117 1994 2191 adalgeussnn’aenpmam'festamr.
2015 2119 2359 2188 Omninodicffum
2381 2156 2431 2187 vi-

1339 2199 1435 2231 detur
1446 2199 1548 2241 quod,
1561 2200 1592 2231 si·
1604 2199 1693 2241 petia
1707 2205 1865 2230 tractatur
1875 2205 1913 2230 ut
1929 2199 2138 2232 individuum
2153 2209 2213 2242 per
2227 2210 2263 2232 aa
2277 2201 2429 2238 exa-san.

1311 2242 1313 2246 ⁴
1339 2253 1404 2286 qua
1428 2244 1492 2275 tale
1515 2245 1550 2276 in
1573 2252 1687 2276 rerum
1706 2250 1821 2276 natura
1844 2245 1982 2276 existere
2005 2243 2165 2277 debueris.

1398 2289 1451 2320 35.
1467 2307 1491 2312 -
1505 2289 1570 2320 Sed
1594 2295 1723 2331 praeter
1743 2298 1910 2330 supr-aque
1932 2289 2024 2327 haec,
2048 2299 2134 2332 quae
2156 2290 2326 2322 doctiores
2343 2291 2431 2322 ebo-

1340 2334 1514 2376 physicum
1537 2334 1590 2366 vel
1613 2334 1803 2366 techncum
1826 2339 1997 2376 aspectum
2020 2334 2128 2376 petiae
2146 2334 2262 2367 affeme
2282 2341 2429 2376 ponat.

1340 2379 1523 2420 petia-nota
1539 2388 1607 2411 non
1628 2378 1783 2411 iustificat
1797 2379 1919 2422 petiam
1940 2380 2111 2412 obiectum
2133 2380 2302 2421 regminis
2316 2385 2350 2412 et
2362 2380 2430 2412 aab

1339 2423 1446 2456 licitae
1481 2433 1578 2456 curae
1611 2424 1877 2456 Universitatum.
1911 2424 1946 2456 Si
1973 2424 2197 2466 perpenditur,
2225 2431 2430 2467 quantoper-

1339 2468 1380 2500 de
1404 2470 1500 2512 petiis
1515 2474 1694 2501 statuentes
1718 2469 2008 2511 exemplant-ten,
2029 2475 2066 2502 nt
2089 2470 2135 2502 ita
2156 2470 2276 2508 dicam,
2299 2475 2429 2503 tua-

1339 2519 1402 2551 tur,
1426 2523 1494 2556 qua
1515 2514 1556 2545 de
1580 2523 1615 2546 re
1638 2514 1779 2546 videnda
1808 2520 1887 2546 sunt
1914 2514 2044 2546 Statura
2064 2515 2099 2547 in
2122 2513 2328 2547 Puer-none
2351 2514 2430 2548 loeo

1339 2559 1442 2590 citato·
1462 2558 1703 2601 Suppkmenti,
1728 2559 1868 2591 omnino
1891 2559 2047 2591 credibile
2068 2559 2198 2592 videtin
2216 2559 2313 2601 quod
2332 2569 2430 2593 ε..

1338 2601 1445 2636 finano
1477 2603 1687 2636 decretam
1711 2604 1795 2636 ultra
1821 2613 1934 2636 curam
1962 2605 2138 2637 materialis
2163 2603 2319 2645 facturae,
2346 2605 2430 2637 uit-

1338 2650 1480 2691 pretium
1500 2649 1618 2686 mutui,
1642 2649 1726 2681 ultra
1748 2650 2014 2681 stationarioram
2031 2655 2063 2681 et
2085 2650 2285 2682 scaohnm
2299 2648 2430 2683 fian&

1338 2699 1371 2725 et
1394 2694 1544 2736 querelas
1568 2693 1807 2735 praecavendas
1830 2695 2062 2736 prospiciebat.
2086 2694 2177 2726 Finis
2192 2700 2304 2726 antem
2325 2700 2430 2738 ayma·

1338 2740 1434 2770 matis
1449 2739 1643 2781 exemplaris
1658 2747 1717 2780 per
1731 2740 1834 2780 petias
1851 2740 1968 2771 liberas
1989 2739 2084 2771 divisi
2098 2740 2197 2772 nobis
2211 2739 2344 2772 uide-
2357 2749 2429 2772 asae

1338 2784 1476 2816 videtur.
1508 2785 1553 2817 Ut
1575 2783 1618 2816 de
1639 2784 1719 2816 solis
1750 2785 1906 2825 operibus
1937 2785 2034 2816 novis
2057 2784 2288 2826 Maffisttorum
2312 2784 2428 2826 loqu-

1338 2838 1424 2868 mur,
1455 2835 1598 2871 systema
1630 2829 1820 2861 immediate
1853 2829 1934 2861 duas
1965 2828 2089 2861 fes-ebat
2121 2829 2277 2861 utilitates
2305 2831 2427 2862 sumi

1338 2875 1510 2912 momenti,
1527 2875 1726 2906 celeritatem
1743 2874 1867 2906 scilicet
1892 2874 2175 2916 multiplicationis
2197 2879 2231 2906 et
2252 2874 2427 2916 pur-itam

1338 2924 1455 2952 textus.
1473 2920 1556 2952 Data
1578 2919 1740 2951 divisione
1763 2920 1947 2951 chartarum
1970 2919 2074 2951 nostri
2091 2928 2116 2950 a.
2130 2920 2164 2951 in
2188 2919 2427 2962 magiam

1337 2969 1465 3006 septem
1489 2964 1664 2997 faecioeios
1686 2970 1805 2996 tenues
1827 2970 1861 2996 et
1881 2964 2022 3004 solutos,
2045 2965 2112 2996 iam
2134 2973 2153 2996 a
2176 2964 2346 3006 principio
2363 2973 2427 3006 pn>

1338 3009 1522 3042 blicationis
1545 3010 1642 3042 multi
1665 3010 1840 3051 scriptores
1866 3009 1908 3040 ad
1931 3018 2008 3042 eum
2039 3009 2311 3041 nanuum-dun
2332 3017 2427 3043 aen—

1338 3054 1416 3086 dere
1438 3060 1631 3096 potuerunt,
1659 3054 1740 3086 dum
1770 3055 1894 3096 petiam
1924 3065 1943 3086 a
1967 3055 2076 3096 primo
2105 3059 2346 3096 musumptun
2368 3054 2424 3086 ὅ

1337 3101 1520 3132 successive
1543 3100 1686 3132 seriatim
1708 3100 1920 3141 usurpabant.
1937 3098 2018 3139 Quo
2036 3100 2198 3140 temporis
2209 3099 2319 3141 spatio
2338 3107 2425 3131 nus

1337 3145 1478 3187 scriptor
1492 3155 1511 3176 e
1526 3145 1652 3186 vulgari
1667 3143 1784 3176 codice
1798 3145 1937 3176 alterum
1956 3143 2150 3182 transcribit,
2165 3144 2273 3186 pethe
2288 3153 2312 3175 a.
2326 3144 2425 3185 qni-

1338 3190 1493 3232 quaginta
1517 3190 1692 3231 scriptores
1707 3190 1925 3231 occupabant,
1941 3197 2087 3231 quorum
2101 3193 2208 3220 textas
2231 3189 2279 3228 (et
2301 3189 2336 3220 i·
2359 3187 2425 3221 hoc

1337 3235 1526 3277 praesertim
1550 3234 1742 3276 insistimus)
1759 3235 1800 3267 ab
1819 3244 1840 3266 α
1865 3239 1899 3266 et
1921 3234 1963 3266 ab
1977 3234 2119 3266 invicem
2142 3241 2211 3265 non
2235 3231 2426 3266 differebant

1336 3281 1399 3312 nisi
1423 3289 1482 3322 per
1504 3281 1665 3312 variantes
1694 3281 1728 3311 in
1752 3279 1896 3321 singulas
1924 3279 2190 3320 trauscdptiones
2213 3276 2351 3310 fataliter
2372 3279 2424 3310 vel

1337 3325 1520 3357 voluntarie
1552 3325 1765 3357 introductas.
1797 3324 1884 3356 Usus
1915 3324 2005 3355 enim
2034 3322 2244 3355 immediatus
2277 3322 2422 3355 eimdem

1337 3370 1529 3412 exemplaris
1545 3375 1639 3402 cavet
1653 3370 1871 3402 intrusionem
1887 3368 2082 3400 variantium
2094 3367 2248 3400 codicum
2271 3369 2424 3400 interme-

1337 3415 1479 3452 diorum,
1496 3424 1538 3447 eo
1561 3415 1635 3456 ipso
1658 3413 1750 3456 quod
1773 3414 1858 3446 inter
1879 3412 2047 3454 exemplar
2068 3418 2101 3444 et
2123 3413 2318 3454 scriptorem
2341 3413 2423 3446 alius

1337 3468 1405 3492 non
1436 3461 1627 3492 intercessit.
1659 3459 1765 3491 Simul
1799 3458 1898 3490 etiam
1927 3457 2201 3489 communitatem
2228 3458 2420 3491 variantium

1336 3504 1419 3536 insta
1442 3505 1609 3546 exemplar
1623 3508 1823 3536 contractam
1847 3502 2009 3544 prohibet,
2025 3503 2103 3544 quia
2117 3500 2319 3534 differentiae
2333 3503 2421 3545 apud

1336 3558 1442 3581 unum
1459 3555 1603 3582 manent,
1617 3548 1651 3581 Si
1663 3548 1752 3580 enim
1768 3548 1796 3579 B
1811 3547 2034 3579 transcribitur
2049 3556 2088 3578 ex
2103 3547 2134 3578 Α
2149 3553 2184 3579 et
2199 3546 2228 3578 C
2244 3557 2283 3579 ex
2299 3547 2326 3578 B
2343 3554 2375 3580 et
2390 3547 2420 3580 D

1337 3603 1376 3626 ex
1398 3594 1438 3631 C,
1455 3595 1485 3626 Α
1504 3599 1537 3626 et
1560 3594 1591 3626 D
1607 3593 1726 3625 distant
1741 3601 1799 3634 per
1814 3593 1973 3624 variantes
1993 3592 2092 3624 trium
2107 3593 2303 3632 scriptorum
2321 3591 2420 3629 BCD.

1338 3640 1413 3681 quia
1438 3639 1468 3670 D
1491 3638 1655 3671 exhibebit
1671 3637 1828 3669 variantes
1853 3636 1879 3668 B
1904 3641 1936 3668 et
1960 3636 1988 3667 C
2012 3643 2043 3668 et
2068 3646 2160 3673 suas;
2185 3636 2266 3668 dum
2286 3637 2419 3678 quando
