2742 4152
18 1499 26 1507 ·
42 1497 78 1519 Cf.
94 1503 118 1518 n.
133 1503 174 1518 vn.

17 1540 26 1549 ·
40 1539 114 1560 Aliter
134 1538 185 1560 lect.
202 1544 227 1565 n,

16 1572 38 1593 q·
50 1571 65 1592 Ι,

81 1571 101 1587 a.
113 1573 131 1591 ι,
147 1565 174 1587 ad
185 1571 207 1593 9.

16 1673 24 1681 ¹
40 1671 96 1699 Cap.
113 1677 148 1692 ιιι.

18 2208 27 2217 ”
41 2206 93 2228 Did.
108 2206 199 2229 lib.1v.

19 2739 27 2747 ·
42 2737 79 2758 ΑΙ.
88 2737 171 2764 lect-n,
180 2744 203 2765 q.
213 2744 229 2763 i,

23 3606 31 3615 ι

22 3632 56 3654 Li

64 2764 113 2791 ,ad
128 2770 150 2792 9.

83 3611 129 3633 p.1,
138 3612 155 3631 ις
165 3605 234 3627 ιΤὴ.

275 270 319 295 12

267 336 349 366 hanc
373 334 630 364 conclusionem:
661 331 784 361 Veritas
812 330 996 361 divinorum
1025 339 1108 370 quae
1132 329 1334 369 inquisitioni

268 379 405 410 rationis
422 378 537 419 pervia
562 386 629 407 esse
647 380 762 416 potest,
781 376 1010 406 convenienter
1032 374 1187 405 divinitus
1210 373 1334 403 homini

266 423 424 454 credenda
442 422 651 463 proponitur.
675 421 832 451 Probatur
859 430 897 450 ex
923 419 1225 450 inconvenientibus
1250 427 1333 458 quae

266 473 475 508 sequerentur
489 467 549 497 nisi
565 466 609 496 ita
625 465 724 496 fieret.
748 466 894 495 Primum
911 470 966 500 est,
990 463 1079 504 quod
1100 463 1211 504 paucis
1227 463 1333 493 homi-

265 513 359 543 nibus
382 512 443 542 Dei
466 511 608 551 cognitio
630 511 757 541 inesset.
779 510 913 540 Plurimi
929 509 1017 540 enim
1032 519 1050 539 a
1066 509 1204 538 veritatis
1226 507 1333 548 inqui—

265 557 380 587 sitione
403 556 617 591 retrahuntur,
642 555 742 585 tribus
766 554 805 585 de
829 555 942 585 causis.
967 554 1034 584 Aut
1057 553 1178 583 scilicet
1201 557 1333 592 propter

265 602 409 641 corporis
425 601 698 641 complexionem,
712 609 750 630 ex
767 609 831 640 qua
842 599 936 630 multi
952 598 1136 628 naturaliter
1148 603 1223 628 sunt
1234 596 1332 627 indis-

263 645 360 686 positi
384 644 424 676 ad
446 646 623 681 scientiam,
642 650 673 675 et
696 653 861 675 summum
884 642 1019 684 gradum
1036 643 1196 673 humanae
1220 641 1332 681 cogni-

263 690 369 725 tionis,
387 699 470 731 quae
493 691 528 721 in
543 689 773 730 cognoscendo
790 689 898 719 Deum
914 688 1068 723 consistit,
1086 687 1239 726 attingere
1263 695 1331 715 non

262 740 409 775 possunt.
436 735 503 765 Aut
528 740 660 775 propter
684 734 729 764 rei
756 733 917 764 familiaris
940 732 1174 767 necessitatem,
1198 735 1332 770 propter

263 788 362 819 quam
383 779 478 810 multi
502 780 570 810 otio
595 779 863 818 contemplativae
886 777 1103 817 inquisitionis
1127 784 1239 806 vacare
1262 784 1331 805 non

262 829 408 864 possunt.
433 824 499 854 Aut
521 830 653 864 propter
675 823 845 864 pigritiam,
871 831 909 852 ex
929 831 993 862 qua
1015 820 1162 861 plerique
1185 819 1331 850 laborem

263 867 475 908 acquirendae
506 868 692 909 disciplinae
722 867 894 908 effugiunt:
923 866 963 896 ad
991 865 1213 905 cognitionem
1243 864 1330 894 enim

263 922 346 953 quae
359 912 398 943 de
411 913 482 943 Deo
493 914 601 943 haberi
617 912 800 943 naturaliter
811 916 928 952 potest,
940 909 1042 940 multa
1054 917 1330 950 praecognoscere

262 963 401 998 oportet,
419 967 494 988 cum
509 963 577 988 tota
597 957 662 988 fere
685 956 891 997 philosophia
914 954 954 985 ad
977 963 1048 985 eam
1072 953 1248 989 ordinetur,
1266 962 1330 993 qua

262 1011 300 1032 ex
324 1012 419 1033 causa
441 1003 660 1043 metaphysica
683 1001 795 1032 ultima
817 1004 961 1030 remanet
984 998 1194 1035 addiscenda;
1219 1007 1329 1038 quare,

262 1047 320 1077 etsi
343 1047 514 1077 hominum
529 1047 691 1077 mentibus
706 1045 883 1076 naturalem
899 1044 988 1074 Deus
1010 1042 1131 1074 sciendi
1149 1043 1331 1083 ingenuerit

261 1092 449 1131 appetitum,
473 1092 567 1122 multi
582 1098 689 1122 tamen
705 1095 779 1120 sunt
802 1090 859 1129 qui
879 1097 955 1119 eum
976 1086 1161 1118 addiscendi
1183 1087 1330 1118 laborem

259 1136 366 1166 subire
387 1142 538 1166 renuunt.

314 1179 351 1210 11.
375 1179 617 1211 Advertendum
633 1180 685 1210 hic
704 1179 821 1219 primo,
839 1187 878 1208 ex
893 1176 1040 1208 doctrina
1055 1177 1164 1208 Sancti
1179 1176 1330 1207 Thomae

259 1224 292 1253 in
310 1224 432 1260 Tertio,
450 1224 480 1255 d.
496 1235 567 1260 xxv,
585 1234 615 1264 q.
633 1234 664 1259 11,
689 1233 716 1253 a.
735 1233 753 1253 2
767 1224 794 1259 *,
822 1221 913 1263 quod
939 1221 1105 1262 quantitas
1130 1221 1330 1263 cognitionis

258 1267 430 1309 dupliciter
451 1269 574 1299 attendi
590 1273 715 1309 potest:
733 1267 910 1299 secundum
931 1267 1055 1297 obiecta
1074 1266 1206 1302 scilicet,
1228 1271 1260 1296 et
1280 1275 1329 1296 se-

257 1313 397 1344 cundum
413 1313 592 1354 efficaciam
609 1318 701 1343 actus
716 1313 805 1343 circa
822 1312 989 1343 obiectum.
1014 1310 1115 1349 Quod
1130 1320 1207 1351 ergo
1223 1311 1330 1351 inquit

256 1367 421 1389 summum
443 1358 578 1398 gradum
600 1358 762 1389 humanae
785 1357 979 1398 cognitionis
995 1365 1064 1387 esse
1080 1356 1189 1387 Deum
1205 1365 1329 1396 cogno-

256 1412 352 1439 scere,
377 1402 624 1444 intelligendum
640 1408 688 1433 est
703 1407 862 1442 quantum
879 1401 920 1432 ad
936 1401 1113 1437 obiectum,
1130 1410 1198 1431 non
1219 1405 1329 1431 autem

256 1453 411 1488 quantum
438 1447 478 1478 ad
500 1447 676 1478 efficaciam
698 1452 798 1477 actus.

310 1491 554 1523 Advertendum
570 1490 714 1523 secundo
727 1492 754 1528 *,
767 1497 804 1522 ut
819 1491 915 1522 habet
926 1490 1062 1522 Sanctus
1071 1489 1216 1521 Thomas
1231 1499 1330 1530 super

255 1537 347 1567 Boet.
368 1537 470 1572 Trin„
487 1546 519 1578 q.
536 1547 566 1573 v,
579 1547 607 1567 a.
626 1544 653 1573 1,
670 1536 710 1567 ad
727 1537 782 1576 ς’,
799 1535 891 1577 quod
906 1535 1128 1576 metaphysica
1143 1534 1330 1565 naturaliter

256 1580 400 1622 quidem,
415 1581 537 1612 scilicet
559 1580 739 1612 secundum
762 1580 1008 1622 perfectionem,
1033 1585 1080 1611 est
1103 1579 1172 1610 aliis
1187 1579 1329 1610 scientiis

255 1627 357 1667 prior:
375 1625 485 1666 quoad
500 1636 561 1657 nos
575 1631 684 1657 tamen
700 1626 769 1657 aliis
785 1625 925 1656 scientiis
941 1630 989 1655 est
1000 1624 1170 1665 posterior.
1194 1623 1330 1664 Propter

257 1670 347 1712 quod
372 1671 549 1707 Avieenna,
573 1671 680 1711 primo
707 1679 785 1701 suae
808 1669 1054 1710 Metaptysicae
1076 1669 1158 1699 libro
1171 1669 1198 1704 *,
1222 1669 1329 1709 inquit

257 1715 405 1747 ordinem
427 1715 525 1746 huius
547 1716 700 1746 scientiae
720 1724 789 1745 esse
812 1719 848 1745 ut
871 1719 946 1755 post
969 1713 1045 1744 alias
1068 1713 1216 1744 scientias
1239 1712 1328 1744 addi-

256 1765 381 1791 scatur:
406 1759 440 1790 id
463 1759 554 1800 quod
577 1761 674 1791 etiam
696 1760 760 1791 hoc
782 1759 858 1790 loco
882 1759 989 1799 inquit
1011 1758 1147 1790 Sanctus
1171 1757 1327 1788 Thomas.

257 1804 321 1836 Sed
344 1805 418 1835 licet
434 1805 477 1835 ita
500 1805 540 1835 sit
554 1804 594 1835 de
617 1805 686 1846 ipsa
701 1804 843 1840 scientia,
860 1803 1055 1844 inquantum
1071 1803 1105 1833 in
1121 1812 1159 1833 ea
1182 1803 1328 1843 proprie—

257 1855 336 1880 tates
360 1850 442 1880 entis
465 1854 497 1880 et
519 1850 768 1880 substantiarum
791 1853 1008 1888 separatarum
1023 1848 1256 1888 investigantur
1270 1856 1329 1888 per

257 1894 581 1930 demonstrationem;
605 1894 761 1925 terminos
777 1898 886 1924 tamen
910 1892 1038 1933 aliquos
1060 1891 1328 1933 metaphysicales

256 1948 388 1969 necesse
411 1944 459 1969 est
481 1939 625 1969 terminis
649 1938 784 1968 aliarum
807 1937 1013 1968 scientiarum
1028 1937 1117 1977 prius
1141 1935 1251 1976 quoad
1266 1945 1327 1966 nos

256 1982 436 2014 secundum
463 1992 577 2013 eorum
602 1987 780 2023 conceptus
804 1982 953 2021 cognitos
978 1990 1057 2016 esse,
1081 1989 1158 2011 cum
1181 1981 1214 2011 in
1238 1981 1327 2021 ipsos

255 2028 389 2058 aliarum
401 2027 607 2058 scientiarum
619 2026 747 2057 termini
759 2026 968 2057 resolvantur.
983 2025 1118 2065 Propter
1134 2024 1235 2065 quod,
1252 2025 1327 2055 licet

255 2071 301 2102 illi
327 2072 455 2102 termini
483 2071 629 2102 dicantur
655 2070 933 2111 metaphysicales,
961 2070 1156 2110 inquantum
1180 2070 1326 2110 proprie-

255 2122 334 2147 tates
357 2125 492 2147 suorum
515 2115 770 2156 significatorum
801 2115 835 2146 in
864 2114 1085 2155 metaphysica
1115 2119 1325 2155 quaeruntur,

255 2170 323 2201 quo
353 2166 462 2192 tamen
485 2160 526 2192 ad
556 2170 671 2191 eorum
699 2165 878 2200 conceptus
905 2164 980 2190 sunt
1009 2159 1161 2190 omnibus
1184 2159 1326 2190 scientiis

256 2215 458 2236 communes.
481 2223 504 2228 ——
527 2204 561 2236 Si
584 2204 720 2236 dicatur:
745 2204 855 2243 Quare
879 2213 956 2244 ergo
980 2203 1015 2234 in
1038 2203 1066 2234 V
1089 2204 1231 2244 Metaph.
1245 2205 1262 2221 ¹*
1285 2203 1326 2235 de

256 2259 371 2281 eorum
382 2250 558 2281 rationibus
574 2246 821 2280 determinatur?
836 2266 860 2271 —
874 2248 990 2280 dicitur
1005 2247 1096 2289 quod
1108 2248 1173 2279 hoc
1187 2247 1263 2279 ideo
1279 2253 1327 2279 est

257 2295 343 2335 quia,
360 2295 386 2325 si
402 2294 442 2325 de
457 2294 534 2335 ipsis
550 2295 702 2325 omnibus
718 2293 814 2324 simul
831 2292 975 2324 edendus
990 2293 1030 2323 sit
1046 2297 1207 2330 tractatus,
1224 2293 1326 2334 magis

257 2339 297 2371 ad
326 2339 584 2380 metaphysicum
608 2344 729 2380 spectat
760 2348 858 2379 quam
889 2337 930 2368 ad
962 2337 1061 2368 alium
1092 2336 1259 2374 artificem,
1285 2347 1326 2369 eo

257 2383 348 2425 quod
372 2385 468 2414 etiam
491 2392 606 2414 eorum
622 2383 833 2424 proprietates
856 2382 1005 2423 inquirat.
1031 2382 1108 2413 Non
1131 2387 1241 2414 tamen
1263 2383 1326 2414 tol-

256 2430 332 2460 litur
356 2429 435 2469 quin
463 2428 526 2458 sint
556 2428 706 2459 omnium
735 2427 940 2458 scientiarum
965 2435 1159 2458 communes
1186 2427 1325 2459 termini.

256 2474 379 2505 Verum
393 2474 427 2504 in
442 2473 506 2504 hoc
523 2471 700 2503 differentia
716 2478 773 2508 est,
790 2472 867 2512 quia
882 2471 922 2503 de
938 2471 1000 2502 illis
1017 2470 1209 2503 determinat
1224 2477 1326 2503 meta-

257 2518 388 2560 physica
404 2522 439 2549 ut
455 2516 495 2548 de
510 2517 671 2554 subiectis,
693 2522 748 2548 aut
768 2517 911 2558 partibus
926 2522 982 2547 aut
999 2516 1204 2557 passionibus
1219 2517 1326 2548 subie-

258 2568 403 2598 ctorum;
428 2562 507 2592 aliae
530 2567 639 2592 autem
663 2562 814 2592 scientiae
829 2566 965 2592 utuntur
980 2561 1057 2601 ipsis
1072 2566 1109 2592 ut
1133 2560 1326 2593 anteceden-

256 2609 341 2639 tibus
364 2607 404 2638 ad
428 2615 542 2637 eorum
565 2607 717 2642 subiecta,
742 2611 774 2637 et
797 2615 854 2646 per
877 2607 963 2637 viam
986 2615 1098 2636 sensus
1122 2606 1269 2647 cognitis.

311 2651 553 2683 Advertendum
580 2651 685 2687 tertio.
713 2650 804 2691 quod
827 2660 895 2682 non
919 2650 998 2681 dixit
1020 2650 1157 2682 Sanctus
1181 2650 1327 2682 Thomas

257 2697 402 2728 absolute
414 2701 516 2727 totam
532 2696 773 2736 philosophiam
786 2695 926 2727 ordinari
937 2695 977 2726 ad
989 2696 1254 2737 metaphysicam,
1271 2696 1327 2727 sed

257 2741 376 2773 addidit
390 2741 489 2783 fere:
512 2741 598 2780 quia,
615 2747 651 2771 ut
673 2741 743 2781 ipse
765 2741 881 2781 inquit,
909 2741 999 2771 Trin.
1017 2750 1048 2780 q.
1068 2750 1099 2776 v,
1116 2750 1143 2771 a.
1166 2749 1192 2777 1,
1210 2740 1250 2772 ad
1266 2751 1286 2781 9
1299 2742 1326 2778 “,

257 2792 331 2817 sunt
354 2786 478 2826 aliquae
503 2786 654 2816 scientiae
678 2795 761 2826 quae
785 2795 853 2816 non
869 2791 944 2816 sunt
967 2785 1163 2816 necessariae
1179 2786 1327 2817 absolute

257 2831 296 2862 ad
312 2831 574 2871 metaphysicam,
588 2829 644 2860 sed
659 2835 785 2861 tantum
797 2829 837 2861 ad
853 2830 935 2861 bene
947 2839 1016 2860 esse
1032 2830 1142 2870 ipsius,
1156 2836 1192 2861 ut
1204 2831 1328 2862 musica

257 2882 288 2907 et
311 2876 447 2907 morales
472 2880 502 2905 et
525 2874 722 2905 huiusmodi.

312 2920 451 2951 Adverte
475 2925 601 2958 quarto,
619 2918 708 2959 quod
725 2920 884 2960 appetitus
901 2918 1062 2954 naturalis,
1087 2925 1123 2949 ut
1139 2919 1274 2950 habetur
1290 2919 1326 2956 1·‚

258 2974 289 3004 q.
306 2975 355 3000 Lx,
377 2975 404 2995 a.
426 2971 453 3000 1,
478 2963 648 3004 dupliciter
671 2965 754 2994 sumi
779 2969 902 3004 potest:
928 2973 995 2994 uno
1019 2963 1132 2999 m0d0‚
1158 2969 1193 2994 ut
1217 2963 1327 2995 distin-

257 3009 365 3049 guitur
399 3013 511 3038 contra
546 3009 725 3048 appetitum
761 3014 951 3049 sequentem
987 3008 1226 3048 cognitionem
1263 3009 1326 3040 alio

257 3053 369 3089 modo,
394 3058 430 3083 ut
454 3052 657 3093 distinguitur
689 3058 801 3083 contra
832 3053 1011 3093 appetitum
1036 3052 1183 3084 liberum.
1218 3053 1326 3084 Primo

257 3097 359 3129 modo
382 3097 529 3128 nominat
545 3097 651 3128 solum
669 3097 816 3128 ordinem
832 3103 964 3128 naturae
987 3098 1020 3128 in
1044 3097 1177 3138 aliquid,
1201 3103 1232 3129 et
1247 3098 1327 3129 nihil

258 3142 345 3173 aliud
368 3142 519 3182 importat
543 3151 641 3182 quam
671 3142 717 3173 rei
744 3141 882 3173 formam
911 3151 986 3172 curn
1017 3141 1204 3173 habitudine
1234 3148 1326 3174 natu-

258 3187 314 3217 rali
338 3186 377 3217 ad
401 3185 532 3227 aliquid,
555 3187 636 3217 sicut
660 3187 821 3227 appetitus
847 3187 951 3226 gravis
975 3185 1015 3217 ad
1038 3186 1150 3217 locum
1173 3186 1326 3218 deorsum

259 3231 337 3261 nihil
370 3231 456 3262 aliud
488 3236 535 3261 est
567 3240 666 3270 quarn
697 3230 801 3261 forma
835 3231 995 3270 gravitatis
1028 3240 1104 3261 cum
1139 3231 1326 3263 habitudine

260 3274 299 3305 ad
328 3275 438 3306 locum
462 3275 628 3306 deorsum:
654 3280 685 3305 et
709 3285 742 3305 se
773 3275 868 3306 habet
896 3281 1050 3315 tanquam
1079 3281 1169 3307 actus
1192 3277 1325 3316 primus.

260 3319 334 3349 Hoc
349 3319 449 3350 modo
466 3320 627 3360 quaelibet
650 3320 794 3360 potentia
816 3319 1000 3350 naturaliter
1023 3321 1145 3360 appetit
1165 3321 1224 3351 sibi
1248 3330 1326 3352 con-

260 3364 401 3399 veniens,
425 3370 461 3394 ut
484 3364 599 3395 dicitur
615 3364 651 3400 1²,
669 3373 700 3404 q.
717 3374 842 3400 Lxxvm,
859 3374 887 3395 a.
909 3371 936 3399 1.
953 3363 993 3395 ad
1011 3364 1040 3395 3.
1057 3364 1209 3396 Secundo
1224 3365 1326 3397 modo

260 3408 406 3438 nominat
421 3414 529 3439 actum
546 3409 687 3440 elicitum
703 3414 894 3448 sequentem
911 3409 1142 3449 cognitionem,
1160 3410 1203 3440 ita
1218 3415 1325 3441 tamen

261 3451 301 3482 ad
324 3461 426 3483 unum
454 3454 681 3493 oppositorum
713 3452 972 3489 determinatum,
998 3453 1088 3494 quod
1120 3453 1161 3484 ad
1191 3454 1325 3486 alterum

261 3495 345 3526 flecti
361 3506 427 3527 non
448 3503 569 3537 potest:
592 3499 674 3528 sicut
690 3507 804 3528 omnes
820 3498 1003 3528 naturaliter
1019 3504 1176 3538 appetunt
1191 3499 1323 3531 beatitu-

262 3539 370 3570 dinem
386 3546 458 3571 actu
482 3542 588 3572 elicito
605 3552 623 3572 a
638 3542 803 3573 voluntate
820 3548 975 3582 sequente
992 3543 1197 3574 beatitudinis
1213 3553 1325 3584 appre-

262 3584 462 3615 hensionem.
478 3604 500 3608 -
516 3586 687 3626 Appetitus
711 3596 786 3626 ergo
811 3586 943 3622 sciendi,
968 3597 1067 3627 quem
1091 3587 1168 3618 dicit
1191 3587 1326 3619 Sanctus

262 3627 417 3664 Thomas,
434 3635 465 3660 et
488 3630 583 3660 etiam
602 3630 798 3667 Aristoteles,
816 3631 827 3661 1
846 3632 987 3672 Metaph.
1000 3633 1027 3667 '‚
1044 3632 1222 3663 naturalem
1246 3642 1325 3669 esse,

874 253 1062 290 SUMMA
1092 251 1314 289 CONTRA
1343 250 1620 297 GENTILES,
1652 249 1763 286 CAP.
1784 249 1847 286 IV.

1389 327 1464 356 licet
1489 326 1592 366 possit
1617 325 1720 365 accipi
1747 325 1855 365 primo
1883 323 1996 360 m0d0‚
2022 325 2099 365 quia
2128 324 2309 355 intellectus
2340 334 2379 355 ex
2408 335 2466 357 sua

1388 377 1502 401 natura
1524 369 1748 400 habitudinem
1773 375 1804 400 et
1827 368 1976 399 ordinem
2000 369 2040 399 ad
2064 370 2287 410 cognitionem
2309 375 2466 411 tanquam

1388 415 1429 446 ad
1444 415 1504 445 sibi
1521 415 1719 445 conveniens
1732 414 1843 451 habet;
1860 419 1969 444 tamen
1985 414 2062 455 quia
2073 414 2138 445 hoc
2153 423 2223 445 non
2239 416 2392 446 convenit
2404 416 2466 446 soli

1388 460 1575 495 intellectui,
1600 458 1657 489 sed
1680 459 1772 489 omni
1794 459 1971 499 potentiae,
1996 465 2032 490 ut
2055 459 2205 496 diximus,
2230 464 2266 490 ut
2289 458 2408 490 feratur
2431 461 2466 491 in

1387 505 1447 535 sibi
1471 504 1686 541 conveniens;
1713 503 1840 534 videtur
1862 509 1973 535 autem
1996 503 2132 535 Sanctus
2155 504 2312 541 Thomas,
2336 510 2376 535 et·
2390 505 2466 535 Phi-

1387 549 1555 590 losophus‚
1580 548 1662 579 velle
1686 547 1809 589 aliquid
1827 548 2020 589 particulare
2042 558 2167 590 ponere
2184 549 2268 580 circa
2283 550 2465 590 appetitum

1387 594 1582 634 cognitionis
1598 592 1690 634 quod
1711 594 1745 624 in
1769 593 1915 634 appen‘tu
1936 594 2167 635 operationum
2190 594 2325 625 aliarum
2346 600 2464 635 poten-

1386 639 1503 669 tiarum
1523 647 1591 668 non
1614 638 1790 668 invenitur:
1815 637 1890 669 ideo
1907 638 2063 670 dicendus
2080 645 2128 670 est
2142 640 2202 669 iste
2217 640 2378 680 appetitus
2395 649 2464 670 esse

1385 683 1537 714 naturalis
1554 682 1687 723 quidam
1710 687 1801 713 actus
1824 683 1999 714 voluntatis
2023 693 2091 724 quo
2108 684 2258 715 voluntas
2281 684 2316 715 in
2338 693 2463 725 propo-

1385 729 1479 758 sitam
1502 728 1563 758 sibi
1586 727 1810 768 cognin'onem
1825 726 1926 758 fertur
1948 729 1993 759 ita
2009 728 2100 769 quod
2114 729 2149 759 in
2173 729 2366 770 oppositum
2388 729 2462 760 ferri

1385 782 1454 804 non
1481 778 1598 814 potest.
1624 772 1660 803 ld
1676 772 1767 813 quod
1790 772 1888 803 etiam
1902 772 2030 804 videtur
2052 773 2134 804 velle
2157 773 2294 805 Sanctus
2317 774 2463 805 Thomas

1386 817 1476 855 1⁸1²⁸‚
1491 828 1522 859 q.
1535 828 1566 854 x,
1581 827 1610 848 a.
1627 826 1652 854 1;
1670 823 1702 848 et
1719 817 1762 848 11³
1779 817 1845 854 11⁸⁰,
1863 826 1895 858 q.
1912 827 2015 855 cnm,
2035 827 2064 848 a.
2085 827 2116 854 2,
2133 817 2213 849 dum
2227 819 2324 860 ponit
2337 818 2463 850 studio-

1384 863 1484 893 sitatis
1499 863 1652 893 virtutem
1668 872 1738 893 esse
1753 862 1844 893 istius
1859 862 2012 893 naturalis
2035 861 2184 894 desiderii
2202 862 2461 896 moderatricem.

1440 907 1492 938 111.
1516 907 1701 938 Secundum
1725 907 1956 938 inconveniens
1978 912 2034 943 est,
2055 907 2133 948 quia
2152 907 2205 938 vix
2226 914 2303 949 post
2325 908 2461 951 longum

1384 953 1541 993 temporis
1563 953 1705 993 spatium
1728 951 1769 983 ad
1793 961 1865 983 eam
1893 952 2117 993 cognitionem
2139 952 2290 983 homines
2312 954 2462 994 perveni·

1384 1002 1465 1027 rent.
1490 997 1580 1028 Tum
1605 1002 1739 1038 propter
1770 996 2027 1038 profunditatem
2059 997 2265 1037 cognitionis,
2289 997 2331 1029 ad
2361 1008 2462 1040 quam

1384 1051 1453 1073 non
1476 1042 1539 1072 nisi
1560 1049 1637 1083 post
1657 1042 1797 1083 longum
1815 1042 2004 1073 exercitium
2020 1042 2163 1073 hominis
2186 1041 2368 1074 intellectus
2390 1043 2463 1075 ido-

1384 1096 1466 1117 neus
1489 1087 1661 1118 invenitur.
1690 1087 1780 1118 Tum
1805 1092 1939 1128 propter
1962 1087 2065 1118 multa
2088 1095 2173 1128 quae
2199 1087 2462 1128 praeexiguntur.

1384 1131 1473 1162 Tum
1495 1137 1630 1172 propter
1651 1132 1843 1173 passionum
1865 1138 1976 1163 motus
1999 1132 2034 1163 in
2056 1132 2226 1163 iuventute
2250 1131 2462 1170 abundantes,

1384 1177 1502 1217 quibus
1526 1176 1664 1208 efficitur
1686 1182 1723 1208 ut
1745 1186 1814 1208 non
1837 1177 1878 1207 sit
1900 1182 1975 1218 apta
1997 1177 2106 1208 anima
2129 1176 2170 1207 ad
2192 1181 2299 1208 tantae
2322 1178 2462 1209 veritatis

1384 1222 1618 1262 cognitionem.

1439 1266 1684 1298 Advertendum
1700 1266 1807 1307 primo
1823 1265 1925 1307 quod,
1941 1274 2019 1297 cum
2034 1275 2084 1297 res
2098 1266 2276 1297 abstractae
2292 1275 2315 1297 a
2329 1268 2463 1298 materia

1383 1311 1445 1342 nisi
1471 1321 1511 1342 ex
1533 1311 1738 1342 sensibilibus
1770 1311 1867 1342 rebus
1894 1320 1912 1341 a
1934 1311 2030 1342 nobis
2053 1320 2123 1342 non
2146 1316 2397 1352 cognoscantur,
2420 1311 2462 1345 ad

1383 1356 1448 1386 hoc
1470 1362 1506 1387 ut
1529 1356 1712 1387 intellectus
1733 1361 1854 1393 noster,
1871 1356 1926 1386 cui
1948 1355 2175 1387 connaturales
2197 1361 2274 1387 sunt
2287 1365 2338 1387 res
2361 1357 2463 1390 sensi-

1384 1400 1474 1437 biles,
1494 1401 1529 1432 in
1552 1406 1679 1432 tantum
1699 1401 1843 1432 elevetur
1866 1406 1903 1432 ut
1926 1409 1965 1432 ex
1988 1399 2102 1432 formis
2124 1401 2326 1432 sensibilium
2348 1402 2462 1443 cogni-

1383 1445 1508 1476 tionem
1532 1444 1573 1476 de
1595 1446 1712 1477 talibus
1736 1446 1842 1477 eliciat
1864 1445 2059 1482 substantiis,
2083 1453 2216 1477 necesse
2242 1450 2291 1476 est
2312 1446 2403 1488 prius
2425 1451 2463 1478 ut

1384 1496 1569 1521 exerceatur
1591 1491 1625 1521 in
1649 1491 1802 1531 operibus
1817 1491 2012 1527 intellectus,
2029 1500 2047 1521 a
2062 1490 2309 1531 particularibus
2331 1492 2462 1523 univer-

1383 1535 1460 1565 salia
1475 1535 1700 1572 abstrahendo,
1716 1536 1972 1576 communiaque
1988 1545 2007 1566 a
2022 1535 2173 1576 propriis,
2189 1539 2227 1566 ut
2241 1544 2280 1566 ex
2301 1536 2356 1567 tali
2371 1544 2462 1568 exer-

1383 1580 1461 1611 citio
1484 1579 1687 1612 abstrahendi
1703 1579 1759 1611 fiat
1773 1580 1814 1611 ad
1829 1581 2053 1622 cognitionem
2068 1589 2177 1611 rerum
2199 1580 2462 1613 immaterialium

1383 1624 1535 1655 habilior:
1552 1634 1621 1656 non
1637 1625 1726 1656 enim
1741 1625 1775 1656 in
1790 1625 2008 1657 nobilissimas
2023 1625 2229 1666 operationes
2243 1630 2353 1666 potest
2366 1625 2462 1658 intel·

1383 1669 1486 1700 lectus
1508 1669 1570 1700 nisi
1593 1669 1777 1701 assiduitate
1807 1676 1840 1702 et
1863 1670 2016 1702 exercitio
2039 1670 2074 1701 in
2097 1669 2346 1710 ignobilioribus
2369 1671 2460 1712 vigo-

1382 1714 1487 1744 rosior
1509 1715 1759 1756 promptiorque
1782 1714 1824 1746 ad
1847 1715 1977 1746 occulta
2009 1713 2231 1755 investiganda
2254 1713 2319 1746 fiat.
2353 1715 2460 1747 Multo

1382 1759 1479 1799 igitur
1493 1759 1602 1790 minus
1618 1759 1658 1790 ad
1674 1769 1747 1790 eam
1762 1759 1973 1791 substantiam
1986 1769 2071 1800 quae
2086 1760 2226 1790 maxime
2241 1759 2461 1792 immaterialis

1383 1808 1440 1839 est,
1465 1813 1484 1833 a
1507 1804 1721 1845 sensibusque
1748 1805 1974 1841 remotissima,
2003 1805 2124 1845 poterit
2149 1803 2271 1841 extolli,
2300 1805 2363 1836 nisi
2385 1810 2462 1846 post

1382 1847 1515 1888 longam
1542 1849 1806 1880 exercitationem
1832 1849 1929 1881 fuerit
1955 1849 2130 1890 vigoratus.
2154 1849 2331 1890 Propterea
2353 1851 2461 1892 inquit

1382 1891 1519 1924 Sanctus
1532 1893 1679 1924 Thomas
1690 1903 1758 1925 non
1770 1903 1868 1935 posse
1879 1899 2030 1926 nostrum
2045 1893 2248 1925 intellectum
2260 1903 2334 1926 eam
2347 1895 2461 1936 cogni-¹

1382 1937 1480 1967 tionis
1494 1937 1753 1978 profunditatem
1776 1947 1892 1979 capere
1913 1939 1975 1969 nisi
1996 1943 2074 1979 post
2095 1938 2235 1979 longum
2258 1940 2459 1972 exercitium.

1382 1979 1544 2012 Causatur
1560 1982 1648 2013 enim
1664 1991 1703 2014 ex
1718 1981 1826 2014 studio
1849 1988 1948 2024 atque
1964 1982 2118 2014 exercitio
2135 1983 2170 2014 in
2186 1982 2355 2015 intellectu
2369 1983 2460 2016 habi·

1381 2024 1452 2055 litas
1476 2025 1637 2066 quaedam
1660 2026 1701 2058 ad
1724 2036 1833 2058 rerum
1856 2026 2038 2058 difficilium
2060 2027 2353 2069 investigationem,
2375 2037 2460 2070 quae

1381 2070 1503 2111 absque
1519 2071 1574 2102 tali
1589 2072 1742 2103 exercitio
1764 2081 1834 2103 non
1855 2073 1983 2103 inesset.
2008 2071 2161 2103 Similiter
2183 2073 2267 2104 vires
2290 2073 2460 2105 sensitivae

1380 2115 1560 2152 interiores,
1577 2116 1696 2156 quibus
1713 2116 1813 2148 utitur
1828 2116 2022 2154 intellectus,
2039 2117 2213 2149 habiliores
2228 2127 2268 2149 ex
2291 2117 2346 2149 tali
2369 2126 2460 2150 exer-

1381 2160 1459 2191 citio
1475 2159 1516 2192 ad
1538 2161 1708 2192 subtilium
1728 2171 1836 2193 rerum
1852 2161 2081 2203 inquirendam
2097 2162 2265 2194 veritatem
2280 2162 2460 2195 redduntur

1380 2204 1414 2235 in
1438 2214 1499 2235 suo
1523 2204 1647 2236 ordine.
2224 2205 2226 2207 ’

1436 2248 1683 2281 Advertendum
1698 2249 1843 2282 secundo
1860 2249 1962 2292 quod,
1978 2259 2055 2282 cum
2071 2251 2216 2293 cognitio
2233 2251 2459 2283 intellectualis

1380 2302 1439 2334 per
1461 2294 1711 2325 abstractionem
1727 2304 1745 2325 a
1760 2295 1965 2327 sensibilibus
1979 2294 2050 2332 (ἱεῖς
2067 2301 2202 2337 propter
2217 2295 2459 2330 vehementiam

1380 2347 1458 2369 vero
1482 2340 1673 2380 passionum
1701 2339 1900 2371 abstrahatur
1926 2341 2065 2372 intentio
2087 2341 2216 2373 animae
2245 2341 2285 2372 ab
2308 2341 2460 2382 intelligi-

1381 2383 1499 2415 bilibus
1515 2383 1556 2415 ad
1576 2384 1752 2415 sensibilia:
1770 2394 1809 2415 ex
1830 2385 2021 2426 passionum
2042 2385 2248 2417 vehementia
2263 2390 2354 2417 actus
2378 2395 2458 2417 con-

1380 2428 1601 2469 templationis
1624 2437 1724 2469 quam
1750 2430 1892 2461 maxime
1918 2428 2104 2470 impeditur.
2127 2430 2205 2462 ldeo
2228 2430 2362 2462 virtutes
2385 2439 2458 2462 mo-

1380 2473 1472 2509 rales,
1489 2473 1676 2513 praesertim
1688 2474 1824 2511 castitas,
1837 2480 1873 2506 ut
1884 2474 1991 2516 inquit
2006 2474 2144 2506 Sanctus
2159 2475 2317 2511 Thomas,
2334 2475 2377 2506 11·
2392 2474 2458 2511 11⁸⁸.

1381 2527 1413 2558 q.
1426 2527 1476 2554 xv,
1493 2527 1521 2548 a.
1540 2517 1570 2553 3,
1587 2517 1730 2549 maxime
1743 2517 1906 2550 hominem
1922 2518 1967 2550 ad
1975 2519 2214 2561 perfectionem
2231 2519 2460 2552 intellectualis

1381 2562 1583 2603 operationis
1597 2562 1749 2603 disponit.
1774 2562 1838 2594 Ubi
1854 2572 1932 2604 ergo
1948 2563 2125 2595 multitudo
2141 2564 2331 2605 passionum
2354 2565 2459 2597 insur-

1380 2607 1436 2648 git,
1460 2607 1543 2638 sicut
1566 2607 1600 2637 in
1623 2607 1796 2638 iuvenibus
1824 2617 1885 2648 pro
1913 2608 2029 2639 maiori
2057 2614 2147 2649 parte
2171 2608 2297 2645 accidit,
2321 2609 2365 2640 ibi
2389 2618 2458 2641 non

1382 2658 1429 2683 est
1445 2652 1552 2682 anima
1567 2651 1608 2683 ad
1623 2651 1755 2683 subtiles
1775 2653 2013 2693 speculationes
2029 2658 2117 2694 apta:
2135 2653 2192 2685 sed
2207 2654 2241 2685 in
2264 2654 2458 2695 quiescendo

1382 2702 1414 2728 et
1441 2696 1582 2727 sedendo
1613 2706 1634 2727 a
1658 2697 1852 2738 passionum
1885 2698 2083 2734 tumultibus,
2115 2704 2152 2730 ut
2181 2699 2288 2740 inquit
2311 2698 2459 2731 Philoso-

1382 2742 1477 2782 phus,
1501 2740 1537 2772 fit
1560 2740 1712 2782 prudens.

1439 2786 1492 2816 lV.
1521 2786 1666 2817 Tertium
1697 2787 1928 2818 inconveniens
1961 2792 2018 2823 est,
2042 2787 2119 2828 quia
2149 2797 2227 2819 cum
2255 2787 2458 2820 dubitatione

1382 2831 1565 2871 errorisque
1588 2830 1787 2862 admixtione
1818 2831 1880 2863 Dei
1911 2832 2056 2873 cognitio
2087 2832 2268 2864 haberetur.
2303 2832 2458 2864 Debilitas

1382 2876 1471 2906 enim
1494 2876 1638 2912 rationis,
1662 2881 1760 2917 atque
1775 2876 2037 2916 phantasmatum
2061 2877 2245 2918 permixtio,
2269 2877 2346 2908 facit
2368 2883 2405 2909 ut
2420 2886 2459 2910 ea

1383 2921 1479 2951 etiam
1496 2929 1580 2961 quae
1596 2921 1760 2952 verissime
1777 2920 1995 2952 demonstrata
2017 2928 2103 2959 sunt,
2119 2922 2207 2963 apud
2222 2922 2344 2954 multos
2360 2922 2459 2954 dubia

1382 2970 1580 3001 remaneant,
1604 2964 1683 2996 dum
1713 2967 1779 2997 vim
1804 2966 2091 2998 demonstrationis
2121 2967 2285 3008 ignorant:
2311 2973 2343 2998 et
2365 2977 2458 3009 prae-

1382 3010 1492 3040 sertim
1508 3019 1585 3041 cum
1601 3010 1731 3041 videant
1747 3021 1804 3042 eos
1820 3012 1878 3052 qui
1901 3012 2063 3052 sapientes
2082 3011 2236 3043 dicuntur
2258 3011 2383 3043 diversa
2398 3011 2458 3044 do·

1382 3063 1465 3085 cere.
1490 3054 1580 3085 Facit
1597 3055 1694 3086 etiam
1709 3061 1747 3086 ut
1762 3056 1845 3087 inter
1860 3056 1963 3088 multa
1978 3065 2053 3088 vera
2077 3065 2161 3098 quae
2185 3056 2457 3094 demonstrantur,

1381 3098 1484 3130 multa
1515 3099 1759 3131 immisceantur
1788 3099 1876 3137 falsa,
1906 3110 1990 3142 quae
2018 3101 2194 3143 sophistica
2217 3106 2273 3132 aut
2299 3100 2457 3142 probabili

1381 3143 1536 3184 quapiam
1551 3144 1687 3182 ratione,
1704 3154 1788 3186 quae
1812 3145 2047 3177 demonstratio
2070 3150 2247 3187 reputatur,
2262 3151 2457 3177 asseruntur.

1381 3187 1491 3227 Quare
1507 3190 1653 3229 oportuit
1668 3199 1726 3230 per
1741 3189 1841 3221 fidem
1856 3189 2062 3222 determinari
2076 3199 2161 3231 quae
2183 3189 2224 3221 de
2240 3189 2313 3220 Deo
2329 3199 2347 3220 a
2362 3190 2458 3221 nobis

1382 3232 1522 3264 tenenda
1545 3233 1618 3264 sint.

1437 3277 1656 3309 Concluditur
1683 3287 1759 3319 ergo
1788 3278 1879 3319 quod
1901 3278 2070 3310 salubriter
2093 3277 2202 3310 divina
2228 3277 2370 3319 providit
2393 3278 2457 3310 cle-

1382 3323 1502 3353 mentia
1514 3327 1551 3353 ut
1563 3332 1600 3353 ea
1613 3323 1709 3354 etiam
1720 3332 1804 3364 quae
1816 3323 1897 3354 ratio
1910 3323 2100 3364 investigare
2111 3327 2229 3364 potest,
2242 3322 2306 3354 fide
2319 3323 2458 3355 tenenda

1381 3367 1597 3407 praeciperet:
1615 3372 1651 3398 ut
1666 3377 1792 3405 omnes,
1809 3373 1842 3399 et
1856 3366 1898 3399 de
1913 3366 2008 3404 facili,
2025 3373 2058 3398 et
2078 3376 2136 3408 per
2158 3377 2364 3409 consequens
2379 3369 2456 3405 cito,

1381 3417 1414 3442 et
1429 3412 1551 3452 absque
1568 3410 1731 3444 dubietate
1747 3418 1779 3443 et
1794 3421 1912 3449 errore,
1929 3411 2057 3444 divinae
2073 3412 2270 3453 cognitionis
2287 3414 2458 3454 participes

1382 3465 1450 3487 esse
1475 3462 1618 3497 possent.

1437 3499 1626 3532 Notandum
1650 3501 1767 3541 primo,
1796 3499 1888 3541 quod
1914 3500 1973 3531 ista
1999 3499 2146 3532 debilitas
2176 3501 2360 3533 intellectus
2388 3511 2457 3533 non

1381 3544 1616 3585 aegritudinem
1639 3550 1695 3576 aut
1716 3543 1839 3585 aliquid
1855 3550 1980 3585 praeter
1995 3550 2144 3577 naturam
2167 3545 2341 3577 adveniens
2364 3545 2458 3578 intel-

1381 3589 1479 3620 lectui
1495 3595 1619 3627 nostro,
1635 3588 1692 3620 sed
1707 3598 1804 3620 suum
1819 3589 1999 3620 naturalem
2015 3589 2164 3622 ordinem
2180 3590 2214 3622 in
2229 3600 2347 3631 genere
2364 3589 2458 3622 intel-

1381 3633 1551 3674 ligibilium
1575 3632 1743 3674 significat.
1774 3633 1861 3672 Quia
1892 3634 1980 3665 enim
2003 3635 2036 3666 in
2069 3635 2124 3666 tali
2157 3644 2275 3675 genere
2307 3634 2458 3667 infimum
