2768 4134
742 262 931 300 SUMMA
960 264 1182 303 CONTRA
1210 266 1485 314 GENTILES,
1513 269 1608 306 LIB.
1629 270 1671 316 ΙΙ,
1701 269 1812 307 CAP.
1833 270 1966 317 XCIX,
1988 271 2030 308 C.
2409 274 2479 322 595

1047 369 1382 405 Commentariun
1412 373 1722 407 Fer-ramensis

341 474 489 495 osteum
508 463 732 495 determinavit
755 463 891 495 Sanetus
916 465 1061 496 Thomas
1085 466 1125 498 de
1149 468 1278 500 obiecto
1302 470 1362 501 im-

261 525 263 527 *
289 475 338 539 p
351 508 511 540 materiali
527 509 723 549 cognitionis
747 509 998 540 substantiarum
1021 517 1249 551 separatarum,
1273 523 1362 545 nunc

41 563 50 573 ·
67 560 103 584 ef.
122 560 257 592 eommpqt.
285 553 326 584 de
339 553 470 593 obiecto
485 553 642 584 materiali
657 552 882 584 determinat
903 554 944 584 Et
958 555 1077 595 primo,
1090 555 1130 586 de
1144 557 1274 588 obiecto
1290 559 1363 589 uni-

42 594 94 617 ‹³9-
106 593 192 616 ⁹¹'²⁶⁸·’
206 591 258 611 ¹⁰¹¹·
285 598 414 635 versali3
438 596 584 629 secundo
601 596 642 628 de
658 597 788 628 obiecto
807 598 1002 638 particulari,
1019 600 1123 640 capite
1143 603 1302 642 sequenti.

343 642 438 674 Circa
467 642 612 683 primum
635 641 702 673 duo
726 641 816 673 facit:
845 643 964 683 primo,
988 643 1029 674 de
1053 645 1183 676 obiecto
1207 647 1361 677 materiali

1416 471 1493 511 ipsis
1516 471 1765 512 intelligibiliter,
1782 473 1865 503 sicut
1879 473 1968 514 ipsae
1988 478 2062 505 sunt
2084 475 2315 506 intellectuales
2338 477 2484 507 substan-

1416 516 1488 546 tiae.
1513 516 1555 546 Et
1577 517 1622 547 sic
1650 516 1801 548 dicuntur
1831 527 1900 548 esse
1931 519 2120 559 aliqualiter
2149 521 2182 550 in
2209 520 2299 560 ipsis:
2332 522 2409 561 quia
2435 530 2484 552 se-

1417 560 1561 590 cundum
1576 561 1714 592 modum
1729 562 1872 602 ipsarum
1896 564 2143 599 substantiarum
2166 569 2393 605 separatarum,
2415 574 2484 596 non

1416 610 1525 635 autem
1549 605 1728 636 secundum
1750 606 1888 637 modum
1912 608 2054 647 ipsarum
2076 618 2184 639 rerum
2200 609 2427 650 corporalium.

67 689 99 714 Cf
1473 649 1524 679 111.
1554 650 1673 680 Tertio.
1698 650 1901 681 Substantiae
1924 658 2086 692 separatae
2103 659 2234 684 causant
2251 663 2288 684 ea
2304 663 2387 694 quae
2402 653 2486 685 fiunt

42 691 53 702 '
97 704 104 713 n
119 695 185 713 num·
198 696 230 713 lv.

287 686 493 723 determinat;
517 685 674 723 secundo,
697 692 811 718 movet
834 687 971 718 dubium
995 689 1162 729 quoddam
1174 690 1201 720 *-

286 743 289 745 ·
343 731 366 762 1.
390 731 561 770 Quantum
585 730 626 762 ad
648 731 803 772 primurn,
826 732 961 773 ponitur
988 734 1158 765 conclusio
1181 734 1275 765 haec:
1299 737 1363 767 Per

278 775 471 817 praedictas
493 776 632 818 formas
663 775 886 818 intelligibiles
915 777 1095 809 substantia
1118 784 1272 820 separata
1296 790 1361 811 non

283 821 391 852 solum
410 821 581 862 cognoscit
595 820 681 852 alias
695 821 894 852 substantias
909 828 1089 862 separatas,
1105 824 1162 854 sed
1180 825 1276 855 etiam
1293 835 1362 866 spe-

285 866 351 903 cies
374 875 485 896 rerum
516 865 752 907 corporalium.

340 910 507 942 Probatur
523 911 647 951 primo.
671 909 739 941 Sub
763 916 838 942 ente
853 910 1046 952 intelligibili
1063 912 1160 943 etiarn
1175 914 1298 953 species
1314 924 1363 945 re-

284 963 359 986 rum
378 955 599 996 corporalium
622 956 842 986 continentur.
858 955 946 996 Ergo
962 957 1139 987 substantia
1154 963 1298 998 separata
1313 968 1363 990 res

284 999 465 1032 materiales
489 999 668 1042 cognoscit.
683 1017 707 1022 -
722 999 881 1031 Probatur
905 1002 1150 1041 consequentia.
1173 1002 1270 1040 Quia,
1287 1013 1363 1034 cum

226 1082 231 1087 ¹
284 1044 468 1076 intellectus
490 1045 743 1076 substantiarum
760 1050 979 1086 separatarum
995 1046 1035 1076 sit
1049 1045 1212 1086 perfectus
1227 1049 1363 1079 naturali

283 1089 497 1130 perfectione,
514 1094 645 1130 oportet
667 1094 704 1120 ut
726 1099 825 1120 suum
847 1089 1026 1128 obiectum,
1043 1091 1165 1122 scilicet
1189 1101 1246 1123 ens
1269 1093 1362 1124 intel-

284 1133 416 1176 ligibile,
439 1134 662 1165 universaliter
685 1134 951 1176 comprehendat.

339 1177 482 1210 Adverte
506 1178 758 1211 fundamentum
780 1179 878 1210 huius
910 1179 1044 1210 rationis
1069 1189 1137 1211 esse
1161 1180 1262 1221 quod,
1287 1182 1363 1222 quia

284 1223 469 1254 intellectus
486 1229 582 1255 natus
598 1228 646 1255 est
660 1222 828 1255 informari
847 1223 1058 1255 similitudine
1081 1225 1190 1266 aliqua
1213 1226 1363 1257 omnium

285 1273 518 1310 contentorum
540 1269 601 1300 sub
624 1277 686 1299 suo
709 1267 838 1300 formali
861 1268 1004 1306 obiecto,
1029 1278 1105 1300 eum
1129 1270 1274 1310 cognitio
1294 1281 1364 1302 non

271 1311 342 1344 ‘fiat
362 1313 427 1344 nisi
449 1314 575 1345 ratione
605 1313 839 1350 similitudinis;
863 1313 951 1350 ideo,
975 1323 1052 1345 cum
1078 1315 1262 1346 intellectus
1288 1317 1364 1347 sub—

285 1358 421 1390 stantiae
443 1364 609 1399 separatae
631 1367 700 1390 non
716 1359 757 1389 sit
771 1359 806 1389 in
821 1359 969 1399 potentia
992 1359 1032 1390 ad
1056 1359 1199 1400 aliquam
1221 1361 1365 1401 speciem

285 1402 522 1444 intelligibilem
553 1413 669 1435 eorum
693 1412 778 1444 quae
807 1403 994 1435 naturaliter
1024 1413 1223 1444 cognoscere
1246 1411 1364 1445 potest,

287 1447 344 1479 sed
360 1457 475 1479 omnes
487 1453 562 1480 actu
574 1448 705 1485 habeat;
720 1453 752 1479 et
763 1448 964 1489 intelligibile
980 1449 1021 1479 sit
1037 1449 1106 1480 eius
1122 1448 1258 1481 formale
1275 1450 1364 1481 obie-

287 1498 391 1530 ctum;
417 1498 548 1534 oportet
563 1498 600 1524 ut
616 1493 767 1524 omnium
789 1493 1042 1534 intelligibilium
1066 1495 1191 1535 species
1207 1495 1240 1525 in
1257 1495 1364 1536 seipso

286 1537 413 1574 habeat,
438 1543 470 1568 et
493 1538 539 1569 sic
563 1538 666 1579 possit
692 1537 873 1578 intelligere
904 1547 1004 1570 omne
1030 1538 1243 1580 intelligibile,
1268 1541 1365 1571 etiam

286 1582 462 1619 materiale,
486 1591 545 1623 per
568 1583 694 1623 species
717 1583 836 1623 quibus
859 1588 908 1614 est
930 1583 964 1614 in
988 1589 1073 1614 actu.

344 1627 382 1658 11.
407 1626 568 1658 Secundo.
585 1627 790 1659 Substantiae
813 1633 978 1668 separatae
1001 1634 1077 1659 sunt
1100 1638 1197 1670 supra
1219 1629 1367 1660 substan-

285 1672 346 1704 tias
370 1672 566 1713 corporales.
582 1672 670 1713 Ergo
694 1672 768 1704 illae
787 1673 911 1704 suntin
926 1673 1005 1714 ipsis
1021 1673 1132 1714 aliquo
1148 1674 1262 1706 modo.
1279 1674 1367 1714 Ergo

287 1715 540 1758 intelligibiliter.
564 1734 587 1739 —
609 1717 769 1748 Probatur
799 1717 918 1758 prima,
936 1717 1182 1758 consequentia.
1214 1718 1302 1758 Quia
1333 1719 1367 1749 in

287 1762 397 1802 specie
420 1762 586 1803 vsuperiori
618 1763 804 1793 continetur
835 1762 1017 1803 aliqualiter
1043 1763 1134 1803 quod
1158 1769 1206 1794 est
1227 1764 1262 1794 in
1285 1762 1367 1794 infe-

287 1805 380 1838 riori:
397 1811 434 1837 ut
449 1812 538 1847 patet
553 1807 587 1837 in
602 1807 757 1838 numeris.
773 1825 796 1829 -
812 1806 963 1838 Secunda
979 1808 1076 1838 etiam
1098 1808 1264 1848 probatur.
1281 1808 1367 1847 Quia

289 1850 381 1892 quod
397 1852 494 1882 estin
511 1851 634 1891 aliquo,
651 1857 699 1882 est
719 1852 754 1882 in
770 1861 811 1882 eo
833 1861 893 1892 per
914 1851 1053 1883 modum
1073 1853 1143 1883 eius
1165 1853 1198 1883 in
1220 1862 1288 1893 quo
1309 1858 1366 1883 est.

295 1917 297 1919 ·
345 1895 487 1927 Adverte
511 1895 603 1936 quod
624 1905 694 1927 non
717 1895 797 1926 dixit
815 1895 1004 1936 simpliciter
1020 1901 1052 1927 et
1067 1897 1215 1928 absolute
1231 1897 1368 1928 Sanctus

290 1940 437 1973 Thomas
463 1940 498 1971 in
525 1940 635 1982 specie
661 1941 822 1981 superiori
850 1941 1010 1971 contineri
1037 1940 1128 1982 quod
1154 1947 1202 1972 est
1226 1943 1259 1972 in
1286 1940 1367 1972 infe-

288 1985 376 2025 riori,
400 1984 458 2016 sed
481 1984 613 2021 addidit,
632 1985 832 2026 aliqualiter.
849 1984 936 2023 Quia
958 1995 1027 2016 non
1051 1991 1181 2026 oportet
1204 1987 1367 2017 universa-

289 2030 360 2061 liter
384 2028 485 2070 quod,
504 2028 687 2061 secundum
710 2029 922 2060 substantiam
945 2030 1131 2070 superioris,
1147 2030 1281 2062 inferior
1296 2040 1369 2071 spe-

290 2075 356 2106 cies
379 2074 585 2106 contineatur
607 2074 641 2104 in
661 2074 821 2115 superiori
844 2073 987 2115 perfecte
1011 2080 1171 2115 quantum
1195 2075 1235 2106 ad
1258 2076 1369 2106 omnia

289 2129 375 2160 quae
399 2119 440 2150 ad
462 2120 567 2160 ipsam
589 2119 762 2159 pertinent,
786 2128 863 2150 cum
885 2128 944 2159 per
966 2120 1133 2160 propriam
1156 2119 1369 2151 differentiam

289 2163 424 2195 inferior
439 2164 479 2194 ab
495 2164 565 2204 ipsa
589 2163 818 2204 distinguatur:
843 2163 900 2194 sed
923 2169 1054 2204 oportet
1076 2165 1188 2205 aliquo
1213 2165 1310 2195 modo
1334 2166 1368 2196 in

290 2209 450 2251 superiori
473 2209 643 2239 contineri.
661 2208 698 2239 ln
713 2209 752 2239 iis
767 2209 856 2239 enim
872 2218 956 2248 quae
979 2214 1055 2239 sunt
1078 2209 1224 2240 eiusdem
1247 2209 1369 2240 ordinis

289 2262 410 2293 rerum,
434 2252 525 2294 quo'd
549 2258 597 2284 est
619 2252 781 2284 inferioris
803 2252 921 2293 gradus
948 2254 1134 2284 continetur
1156 2255 1190 2285 in
1214 2263 1254 2285 eo
1279 2254 1370 2295 quod

291 2303 339 2330 est
353 2297 472 2339 gradus
487 2298 663 2338 superioris
677 2298 874 2338 inquantum
889 2298 923 2328 in
939 2297 1083 2329 inferiori
1104 2304 1152 2329 est
1175 2299 1283 2339 aliqua
1298 2308 1370 2339 par-

290 2343 437 2384 ticipatio
461 2343 652 2383 superioris:
679 2343 764 2373 sicut
786 2343 820 2373 in
843 2343 937 2383 nigro
962 2348 1010 2373 est
1032 2343 1140 2383 aliqua
1166 2343 1369 2384 participatio

291 2388 366 2427 albi,
389 2387 586 2428 inquantum
610 2387 734 2428 aliquid
757 2386 798 2418 de
820 2386 895 2418 luce
918 2387 1098 2428 participat,
1119 2387 1210 2428 quod
1233 2393 1281 2418 est
1304 2387 1370 2419 for-

290 2432 376 2464 male
391 2433 426 2463 in
441 2433 526 2473 ipso.
543 2432 579 2463 In
594 2432 633 2463 iis
649 2437 760 2463 autem
779 2441 864 2473 quae
882 2437 958 2462 sunt
981 2431 1182 2463 diversorum
1206 2432 1370 2472 ordinum,

292 2486 330 2508 ea
346 2486 431 2518 quae
447 2482 527 2508 sunt·
538 2476 700 2508 inferioris
722 2476 844 2508 ordinis
863 2476 1073 2507 continentur
1087 2477 1122 2508 in
1138 2477 1176 2508 iis
1192 2486 1277 2518 quae
1295 2483 1371 2508 sunt

292 2522 468 2562 superioris
492 2521 614 2553 ordinis
637 2521 781 2563 perfecte
805 2526 837 2552 et
858 2521 1000 2552 totaliter
1026 2521 1208 2553 secundum
1235 2521 1371 2562 aliquod

292 2576 372 2606 esse,
388 2576 457 2597 non
473 2571 582 2597 tamen
605 2566 788 2598 secundum
809 2565 951 2597 eundem
966 2566 1105 2597 modum
1122 2566 1264 2597 essendi:
1288 2567 1371 2597 sicut

292 2621 431 2652 corpora
455 2611 676 2652 corruptibilia
698 2612 816 2642 virtute
840 2611 1050 2645 continentur
1065 2612 1098 2642 in
1115 2611 1307 2652 corporibus
1322 2612 1371 2642 in-

292 2656 567 2697 corruptibilibus,
591 2655 649 2687 sed
678 2655 981 2696 incorruptibiliter;
1006 2661 1038 2686 et
1064 2665 1180 2687 omnes
1207 2661 1371 2687 creaturae

293 2701 503 2740 continentur
524 2701 559 2731 in
582 2700 656 2732 Deo
680 2706 712 2732 et
737 2700 1025 2741 incorruptibiliter
1050 2706 1082 2731 et
1107 2700 1369 2732 immaterialiter.

294 2744 382 2777 Cum
395 2755 473 2786 ergo
485 2746 683 2776 substantiae
694 2750 861 2786 separatae
872 2745 936 2775 sint
945 2745 1121 2785 superioris
1133 2745 1255 2776 ordinis
1271 2754 1371 2786 quam

292 2799 343 2821 res
359 2790 555 2830 corporales,
572 2795 704 2830 oportet
719 2795 755 2820 ut
771 2790 804 2820 in
816 2790 895 2830 ipsis
910 2790 974 2820 sint
988 2799 1039 2820 res
1055 2790 1240 2830 corporales
1256 2799 1372 2821 secun-

294 2834 374 2866 dum
383 2833 528 2866 modum
544 2835 795 2866 substantiarum
818 2839 1050 2875 separatarum:
1067 2840 1104 2865 ut
1119 2835 1241 2866 scilicet
1256 2835 1319 2865 sint
1337 2835 1371 2865 in

1416 702 1474 733 per
1489 700 1617 724 motum
1634 703 1811 734 corporum
1836 695 2033 733 caelestium,
2049 697 2214 728 movendo
2230 698 2309 738 ipsa.
2326 698 2412 738 Ergo
2430 708 2486 729 co-

1416 744 1578 777 gnoscunt
1593 739 1704 769 omnia
1720 748 1897 780 corpora.-
1908 740 2000 771 Patet
2014 741 2218 772 antecedens.
2231 742 2317 780 Quia
2329 743 2486 783 quicquid

1416 784 1567 822 provenit
1590 792 1628 813 ex
1655 789 1750 814 motu
1777 793 1954 824 corporum
1981 786 2177 826 caelestium,
2201 787 2382 818 attribuitur
2408 788 2486 828 ipsis

1417 828 1608 867 corporibus
1631 828 1821 859 caelestibus
1845 834 1881 859 ut
1903 829 2139 867 instrumentis;
2167 831 2350 862 substantiis
2377 837 2485 862 autem

1417 872 1568 911 separatis
1591 873 1798 903 moventibus
1820 878 1857 903 ut
1879 874 2111 914 principalibus
2135 876 2346 915 agentibus.—
2362 875 2486 907 Conse-

1417 916 1549 955 quentia
1580 917 1676 947 etiam
1705 922 1803 957 patet.
1830 917 1916 956 Quia
1946 925 2046 959 agunt
2072 929 2131 960 per
2157 919 2367 950 intellectum.
2391 920 2486 951 Unde

1416 961 1540 1000 species
1565 966 1596 991 et
1618 966 1746 992 naturas
1768 962 2000 1002 generabilium
2029 969 2060 994 et
2083 964 2341 1004 corruptibilium
2365 973 2487 1004 cogno-

1417 1010 1512 1035 scunt
1526 1010 1682 1045 tanquam
1701 1006 1908 1046 propriorum
1932 1006 2106 1039 effectuum
2125 1013 2268 1046 naturas;
2292 1009 2415 1049 species
2431 1018 2488 1039 au-

1416 1055 1483 1079 tem
1514 1058 1690 1089 corporum
1720 1051 1907 1082 caelestium
1937 1057 2092 1092 tanquam
2122 1059 2252 1084 naturas
2280 1053 2488 1094 propriorum

1417 1094 1718 1125 instrumentorum.
1729 1113 1751 1116 —
1764 1094 1984 1127 Confirmatur
2009 1099 2198 1128 auctoritate
2214 1098 2319 1128 Boetii
2333 1098 2368 1128 in
2389 1098 2487 1128 Libro

1417 1138 1457 1169 de
1476 1138 1577 1174 Trin„
1595 1139 1651 1169 lib.
1668 1139 1691 1178 1,
1708 1148 1778 1180 cap.
1795 1150 1830 1170 111
1844 1141 1871 1171 *.

1472 1182 1521 1213 Ex
1543 1183 1608 1214 hoc
1632 1183 1800 1214 corollarie
1825 1185 2029 1216 concluditur
2053 1186 2144 1227 quod
2167 1195 2295 1217 necesse
2314 1192 2362 1218 est
2375 1196 2488 1228 quam-

1418 1227 1494 1258 libet
1515 1227 1729 1258 substantiam
1756 1225 1967 1272 [separatam]
1994 1239 2194 1272 cognoscere
2210 1240 2321 1261 omnes
2344 1241 2396 1262 res
2419 1241 2487 1261 ma-

1419 1272 1549 1302 teriales
1573 1277 1604 1303 et
1627 1277 1728 1303 totum
1760 1273 1908 1304 ordinem
1938 1284 2062 1305 earum.
2086 1275 2177 1306 Patet
2206 1284 2245 1306 ex
2276 1274 2377 1306 dictis.
2402 1275 2489 1314 Quia

1418 1316 1582 1357 quaelibet
1604 1317 1705 1348 habet·
1726 1318 1876 1349 virtutem
1906 1319 2204 1359 comprehendendi
2228 1329 2343 1351 omnes
2365 1321 2489 1360 species

1419 1367 1451 1392 et
1466 1360 1659 1392 differentias
1683 1363 1779 1398 entis;
1800 1368 1831 1393 et
1851 1363 2034 1394 intellectus
2049 1374 2160 1396 earum
2175 1365 2271 1395 habet
2285 1370 2359 1395 actu
2375 1374 2489 1395 omnes

1419 1405 1644 1436 similitudines
1667 1406 1708 1437 ad
1731 1416 1811 1446 quas
1835 1413 1882 1438 est
1905 1408 1938 1438 in
1961 1409 2117 1448 potentia.

1474 1450 1527 1481 IV.
1552 1450 1721 1488 Quantum
1745 1451 1785 1481 ad
1801 1452 1989 1487 ,secundum
2001 1454 2028 1490 ὓ,
2052 1459 2163 1494 posset
2186 1459 2297 1484 contra
2312 1453 2395 1484 hanc
2411 1463 2490 1485 con-

1419 1495 1600 1526 clusionem
1631 1496 1732 1536 argui,
1759 1496 1836 1536 quia
1863 1497 2044 1528 intellectus
2068 1498 2100 1528 in
2125 1502 2200 1528 actu
2224 1503 2271 1528 est
2294 1498 2490 1529 intellectum

1420 1540 1452 1570 in
1477 1544 1572 1570 actu:
1594 1540 1827 1570 inconveniens
1851 1547 1960 1572 autem
1982 1541 2109 1572 videtur
2136 1541 2226 1582 quod
2248 1551 2298 1573 res
2321 1543 2492 1573 materialis

1419 1585 1459 1615 sit
1481 1583 1639 1625 perfectio
1662 1585 1857 1616 substantiae
1880 1591 2052 1626 separatae.

1476 1628 1541 1660 Sed
1556 1628 1731 1669 respondet
1747 1629 1882 1660 Sanctus
1902 1631 2047 1662 Thomas
2071 1630 2161 1670 quod
2183 1640 2251 1661 non
2272 1636 2319 1661 est
2338 1632 2493 1661 inconve-

1420 1674 1513 1704 niens
1536 1683 1605 1704 rem
1627 1674 1837 1710 materialem,
1853 1675 2034 1706 secundum
2057 1685 2149 1706 suam
2173 1675 2416 1706 similitudinem
2432 1676 2493 1706 im-

1421 1718 1628 1750 materialiter
1651 1719 1841 1749 existentem
1857 1721 1891 1749 in
1913 1719 2079 1750 intellectu
2103 1720 2298 1750 substantiae
2321 1725 2493 1760 separatae,

1422 1773 1491 1794 esse
1509 1763 1595 1794 illius
1611 1763 1857 1803 perfectionem,
1874 1764 1957 1794 sicut
1972 1764 2041 1795 eius
2057 1765 2222 1805 propriam
2245 1763 2395 1795 formam.
2410 1764 2495 1795 Nam

1421 1817 1471 1838 res
1486 1808 1649 1838 intellecta
1665 1813 1713 1838 est
1728 1807 1886 1848 perfectio
1910 1809 2116 1849 intelligentis
2139 1808 2320 1840 secundum
2347 1809 2495 1839 similitu—

1422 1852 1533 1883 dinem
1555 1861 1648 1883 suam
1672 1861 1771 1892 quam
1795 1853 1892 1883 habet
1906 1854 1939 1883 in
1955 1854 2131 1884 intellectu.
2145 1854 2222 1884 Non
2238 1854 2325 1884 enim
2341 1854 2422 1894 lapis
2438 1854 2495 1894 qui

1422 1902 1470 1927 est
1486 1902 1573 1927 extra
1588 1897 1741 1935 animam,
1758 1902 1806 1927 est
1821 1896 1978 1937 perfectio
1994 1898 2176 1929 intellectus
2197 1898 2300 1928 nostri
2322 1898 2493 1938 possibilis.

1478 1940 1629 1977 Adverte‚
1646 1950 1722 1971 cum
1738 1940 1854 1972 dicitur
1869 1942 2010 1982 lapidem
2027 1943 2084 1982 qui
2101 1947 2148 1972 est
2163 1947 2250 1973 extra
2265 1943 2406 1973 animam
2425 1951 2494 1973 non

1422 1995 1490 2016 esse
1514 1984 1748 2026 perfectionem
1775 1986 1958 2017 intellectus
1986 1987 2097 2024 nostri,
2122 1986 2213 2027 quod
2236 1987 2300 2017 hoc
2324 1986 2495 2027 dupliciter

1422 2035 1529 2070 potest
1551 2030 1696 2070 intelligi.
1716 2030 1791 2061 Uno
1807 2030 1920 2067 modo,
1937 2031 2027 2071 quod
2043 2031 2190 2062 absolute
2206 2031 2365 2072 quidditas
2380 2031 2494 2073 lapidis

1423 2075 1585 2105 existentis
1609 2080 1696 2105 extra
1719 2075 1861 2106 animam
1883 2085 1952 2106 non
1976 2075 2016 2106 sit
2038 2076 2072 2106 in
2095 2076 2271 2107 intellectu.
2293 2076 2335 2106 Et
2358 2076 2403 2107 sic
2425 2086 2494 2107 non

1421 2119 1559 2150 intendit
1574 2118 1711 2150 Sanctus
1726 2119 1883 2150 Thomas.
1908 2120 2040 2150 Dictum
2064 2125 2111 2151 est
2134 2121 2222 2151 enim
2240 2121 2273 2151 in
2289 2121 2495 2161 praecedenti

1424 2165 1528 2205 capite
1544 2165 1561 2180 ἥ
1585 2163 1676 2204 quod
1703 2164 1879 2195 similitudo
1903 2165 1936 2195 in
1964 2165 2080 2201 anima,
2105 2170 2136 2195 et
2163 2174 2212 2196 res
2241 2171 2327 2196 extra
2354 2166 2495 2197 animam

1422 2218 1481 2250 per
1495 2209 1599 2249 ipsam
1615 2214 1859 2248 repraesentata,
1876 2215 1951 2240 sunt
1967 2209 2112 2240 eiusdem
2135 2210 2277 2246 rationis,
2295 2216 2326 2241 et
2341 2216 2416 2241 sunt
2430 2220 2495 2241 una

1425 2259 1456 2284 et
1480 2252 1594 2284 eadem
1619 2252 1791 2293 quidditas.

1482 2297 1556 2328 Alio
1580 2297 1692 2334 modo,
1711 2297 1802 2337 quod
1824 2307 1892 2328 non
1917 2297 1956 2328 sit
1979 2299 2012 2328 in
2035 2298 2200 2329 intellectu
2224 2297 2405 2329 secundum
2429 2308 2497 2330 esse

1424 2342 1588 2373 materiale
1612 2342 1703 2382 quod
1726 2343 1822 2372 habet
1845 2348 1931 2372 extra
1953 2343 2104 2373 animam.
2122 2342 2163 2373 Et
2178 2343 2224 2373 sic
2239 2342 2385 2373 intendit.
2403 2343 2498 2374 Unde

1424 2392 1500 2427 post
1514 2387 1569 2417 illa
1583 2387 1681 2417 verba
1704 2387 1870 2426 subiungit
1893 2387 1984 2427 quod
2007 2387 2186 2418 similitudo
2204 2388 2252 2418 rei
2267 2387 2448 2419 materialis
2464 2389 2496 2419 in

1425 2431 1588 2462 intellectu
1612 2431 1811 2462 substantiae
1833 2437 2006 2472 separatae
2029 2437 2077 2462 est
2099 2432 2369 2469 immaterialiter,
2385 2442 2498 2463 secun-

1424 2476 1501 2507 dum
1525 2476 1656 2507 modum
1679 2476 1880 2507 substantiae
1894 2482 2075 2517 separatae,
2094 2486 2159 2507 non
2175 2477 2351 2508 seeundum
2367 2478 2498 2509 modum

1424 2521 1625 2552 substantiae
1647 2521 1836 2556 materialis,
1855 2522 1946 2560 quasi
1962 2521 2039 2551 velit
2057 2521 2177 2551 dicere:
2203 2522 2294 2553 Licet
2309 2531 2358 2553 res
2375 2521 2498 2553 dicatur

1425 2565 1579 2606 perficere
1602 2566 1803 2596 intellectum
1823 2566 1948 2596 ratione
1964 2575 2040 2596 suae
2057 2565 2284 2603 similitudinis,
2303 2567 2497 2606 inquantum

1424 2612 1457 2641 in
1470 2610 1636 2641 intellectu
1649 2615 1696 2640 est
1710 2611 1779 2650 ipsa
1794 2610 1840 2640 rei
1857 2610 2016 2650 quidditas
2033 2611 2170 2641 existens
2186 2616 2272 2641 extra
2285 2611 2496 2651 intellectum,

1424 2665 1493 2686 non
1509 2661 1618 2686 tamen
1635 2654 1795 2695 quidditas
1811 2655 1880 2694 ipsa
1896 2660 1943 2685 est
1961 2655 1995 2685 in
2010 2655 2175 2685 intellectu
2197 2655 2377 2686 secundum
2400 2665 2497 2687 suum

1426 2709 1495 2731 esse
1518 2699 1692 2739 materiale,
1715 2698 1772 2730 sed
1796 2699 1977 2730 secundum
2001 2708 2070 2730 esse
2093 2700 2302 2730 immateriale
2326 2706 2358 2731 et
2380 2700 2496 2731 intelli-

1425 2745 1533 2785 gibile,
1549 2745 1593 2775 ita
1609 2743 1700 2785 quod
1715 2745 1795 2784 ipsa,
1811 2744 1932 2775 habens
1952 2753 2021 2774 esse
2044 2744 2254 2775 immateriale
2269 2745 2303 2775 in
2318 2745 2495 2782 intellectu,

1425 2794 1643 2830 repraesentat
1664 2789 1802 2829 seipsam
1818 2789 1991 2819 habentem
2007 2798 2076 2820 esse
2090 2789 2253 2820 materiale
2269 2795 2356 2820 extra
2371 2790 2496 2821 intelle-

1427 2840 1527 2871 ctum,
1551 2839 1583 2865 et
1606 2833 1786 2864 secundum
1811 2843 1879 2864 esse
1906 2834 2114 2864 immateriale
2137 2832 2262 2874 perficit
2284 2834 2495 2865 intellectum.

1346 2923 1454 2957 ww

1392 2958 1406 2966 v

802 3081 1338 3138 CAPITULUM
1394 3080 1995 3137 CENTESIMUM

444 3210 619 3263 QUOD
655 3209 1086 3251 SUBSTANTIAE
1119 3209 1489 3250 SEPARATAE
1524 3207 1940 3250 cooNochNT
1974 3206 2347 3251 SINGULAmA

361 3411 371 3418 .
399 3418 402 3428 ,
426 3410 438 3413 ,
451 3420 459 3427 ⁴
505 3376 741 3415 substantiae
756 3384 954 3426 separatae
969 3383 1059 3413 sunt
1072 3375 1371 3413 universaliores

300 3424 313 3443 '⁶
440 3435 445 3438 “
471 3470 474 3471 ⁷
506 3442 627 3480 quarn
647 3430 694 3468 in
706 3430 898 3467 intellectu
918 3434 1063 3475 nostro,
1079 3436 1116 3466 et
1135 3428 1371 3466 efficaciores

387 3481 405 3490 ⁴*
466 3481 478 3511 ³·-
506 3484 556 3522 ad
584 3485 662 3522 hoc
689 3484 798 3534 quod
817 3496 887 3534 per
911 3495 975 3521 eas
997 3482 1142 3533 aliquid
1162 3494 1370 3531 cognosca-

1426 3322 1500 3359 tiae
1529 3330 1726 3372 separatae
1751 3333 1833 3358 non
1861 3322 1988 3357 solum
2021 3327 2260 3368 cognoscunt
2287 3331 2347 3356 res
2375 3327 2494 3356 mate-

1427 3375 1538 3413 riales
1557 3376 1773 3413 secundum
1788 3373 1977 3411 rationem
1992 3372 2140 3421 generis
2155 3374 2216 3410 vel
2230 3371 2381 3422 speciei,
2397 3372 2495 3409 sicut

1427 3428 1638 3467 intellectus
1656 3435 1795 3475 noster,
1816 3427 1883 3464 sed
1903 3426 2018 3464 etiam
2042 3426 2259 3463 secundum
2279 3425 2492 3463 individua.

1482 3483 1585 3520 Cum
1601 3482 1705 3520 enim
1720 3480 1866 3530 species
1881 3492 2010 3517 rerum
2026 3479 2066 3516 in
2081 3478 2272 3516 intellectu
2291 3478 2494 3516 existentes

296 3545 369 3584 tur,
389 3548 460 3586 per
477 3536 746 3576 similitudines
766 3549 898 3582 rerum
917 3537 1174 3575 materialium
1195 3536 1371 3574 substan·
1393 3559 1403 3579 ς
1427 3544 1603 3586 oporteat
1631 3546 1713 3572 esse
1741 3532 2021 3579 immateriales,
2042 3545 2122 3570 non
2146 3540 2338 3582 poterunt,
2358 3544 2494 3570 secun-

308 3658 312 3674 ῐ
350 3661 368 3684 4
386 3651 492 3687 aliquid]
511 3653 544 3678 ad
563 3653 665 3687 aliquid⁴
679 3661 705 3679 a.
737 3673 739 3676 .

2516 1140 2523 1147 “
2540 1138 2578 1160 Al.
2594 1143 2643 1166 cap.
2653 1144 2684 1160 ιι.

2518 1456 2526 1465 ·
2544 1455 2580 1477 Cf.
2595 1455 2646 1478 init.
2661 1455 2731 1478 Com-

2518 1485 2590 1504 ment·

2523 2171 2531 2180 ·
2546 2169 2583 2192 Cf.
2599 2166 2734 2192 comment.

2523 2203 2587 2219 num.
2601 2203 2640 2224 xv,
2650 2203 2707 2218 xvn.
