2768 4134
20 3598 40 3646 {i

12 3707 39 3730 ἢ,

757 270 946 307 SUMMA
975 270 1197 309 CONTRA
1226 271 1501 320 GENTlLES,
1532 273 1644 310 CAP.
1664 274 1821 320 LXXV,
1840 275 2011 312 LXXVI.
2406 289 2480 326 217

281 347 431 387 intelligit
460 349 631 388 proprium
661 349 825 389 exemplar
855 355 886 380 et
916 351 1080 390 propriam
1110 351 1226 382 ideam.
1265 352 1357 383 Unde

282 400 395 422 sensus
419 398 466 423 est
497 393 588 433 quod
618 393 729 424 omnia
753 403 770 423 a
794 393 866 424 Deo
890 394 1099 434 producenda
1132 402 1206 427 sunt
1228 397 1262 426 in
1285 397 1357 436 ipso

283 441 442 476 quantum
459 436 499 467 ad
515 447 630 468 eorum
645 438 810 478 propriam
826 438 932 468 ideam
949 445 980 469 et
995 440 1165 480 proprium
1181 441 1357 482 exemplar:

281 489 351 510 non
374 486 484 511 autem
500 487 660 522 quantum
683 482 724 513 ad
747 483 916 523 proprium
933 493 1000 514 esse
1017 483 1107 525 quod
1123 485 1155 515 in
1172 485 1284 525 seipsis
1303 485 1358 515 ha-

281 524 369 555 bent.
394 524 491 556 Tales
515 532 624 557 autern
654 536 722 557 non
754 533 829 557 sunt
858 528 998 559 rationes
1029 538 1136 559 rerum
1164 538 1247 570 quae
1273 539 1358 560 nun-

282 578 383 609 quam
407 576 511 600 erunt.

340 613 477 645 Videtur
499 620 609 645 autem
633 614 724 655 quod
747 616 870 656 primus
894 626 1006 648 sensus
1029 618 1069 648 sit
1091 618 1193 658 magis
1216 618 1256 648 ad
1282 627 1358 658 pro—

281 659 437 698 positum.
461 659 550 689 Dixit
571 665 682 690 autem
704 660 892 691 huiusmodi
909 662 994 692 entia
1008 663 1220 702 praeexistere
1235 663 1269 694 in
1285 662 1357 694 Deo

281 712 351 734 non
373 703 531 740 absolute,
556 702 612 734 sed
635 704 893 745 quodammodo:
916 706 991 747 quia
1008 716 1076 737 non
1091 707 1310 748 praeexistunt
1324 708 1356 738 in

282 757 323 778 eo
347 747 529 779 secundum
553 749 683 789 propria
707 759 785 780 esse.

337 791 391 822 VI.
414 791 548 829 Quinto.
574 792 751 824 Causalitas
774 793 847 824 finis
871 795 1016 825 consistit
1039 795 1072 825 in
1095 795 1159 826 hoc
1176 795 1267 835 quod
1282 805 1358 836 pro-

281 842 352 876 pter
375 837 484 877 ipsum
508 837 570 868 alia
592 838 821 869 desiderantur.
845 839 943 879 Ergo,
968 846 1091 879 quanto
1114 839 1188 870 finis
1211 845 1259 870 est
1285 849 1358 880 per-

281 880 397 911 fectior
420 887 451 912 et
473 883 575 922 magis
599 883 726 920 volitus,
750 889 842 914 tanto
865 884 1016 915 voluntas
1038 884 1177 915 volentis
1199 883 1299 915 finem
1318 885 1358 916 ad

280 925 374 966 plura
398 926 579 957 extenditur
601 928 725 958 ratione
748 928 833 958 illius
857 927 942 958 finis:
969 928 1055 968 quia,
1080 934 1203 968 quanto
1236 929 1358 969 aliquid

281 976 329 1001 est
352 970 553 1011 perfectioris
576 973 711 1008 virtutis,
735 978 826 1003 tanto
857 973 926 1002 eius
959 972 1125 1003 causalitas
1149 973 1189 1003 ad
1211 973 1304 1013 plura
1327 980 1359 1004 et

280 1016 456 1046 remotiora
473 1026 507 1047 se
524 1016 676 1047 extendit.
700 1017 787 1057 Ergo
811 1017 947 1047 essentia
971 1016 1078 1047 divina
1094 1016 1251 1048 diffundet
1266 1028 1358 1049 suam

281 1060 500 1091 causalitatem
523 1062 663 1092 maxime
693 1061 733 1092 ad
762 1061 875 1098 multa,
900 1066 936 1091 ut
959 1067 1093 1101 propter
1123 1062 1227 1102 ipsam
1256 1063 1359 1094 multa

279 1105 344 1135 sint
365 1105 475 1142 volita,
499 1106 640 1136 maxime
664 1115 682 1135 a
705 1105 792 1136 Deo:
818 1106 894 1146 quia
916 1106 985 1146 ipsa
1009 1111 1056 1136 est
1079 1106 1310 1147 perfectissima
1325 1108 1358 1138 in

280 1150 406 1180 ratione
429 1150 582 1180 bonitatis
607 1155 639 1180 et
661 1149 744 1180 finis.

336 1194 385 1225 Ex
418 1193 628 1225 antecedente
660 1194 713 1224 hic
745 1199 877 1234 sumpto
910 1194 1045 1226 habetur
1076 1195 1160 1226 clare
1190 1205 1208 1226 a
1239 1195 1358 1227 Sancto

281 1238 412 1270 Thoma
434 1239 468 1270 in
492 1247 560 1279 quo
585 1238 752 1269 causalitas
776 1238 850 1269 finis
874 1239 1036 1276 consistat,
1061 1245 1093 1270 et
1119 1239 1198 1280 quid
1221 1241 1261 1271 sit
1284 1250 1359 1271 cau—

279 1283 438 1314 salitatem
461 1282 535 1314 finis
558 1283 734 1314 consistere
757 1283 791 1313 in
815 1284 1035 1324 metaphorica
1065 1285 1215 1315 motione
1242 1285 1359 1316 volun-

279 1328 363 1358 ntis.
387 1327 462 1367 Hoc
486 1327 575 1358 enim
598 1327 678 1358 nihil
708 1327 796 1358 aliud
827 1333 875 1358 est
905 1337 1005 1369 quam
1031 1338 1099 1359 esse
1122 1329 1205 1360 illud
1222 1335 1360 1370 propter

274 1369 373 1413 ‘qnod
391 1372 460 1403 alia
483 1371 723 1403 desiderantur.

337 1416 402 1448 Sed
423 1421 534 1447 tamen
557 1416 791 1448 advertendum
822 1417 913 1458 quod
942 1417 996 1447 illa
1023 1427 1074 1448 res
1097 1427 1181 1458 quae
1204 1423 1252 1448 est
1275 1418 1360 1455 finis,

277 1469 349 1492 non
372 1460 413 1492 de
436 1462 626 1492 necessitate
650 1462 746 1492 habet
760 1467 797 1492 ut
812 1462 916 1502 ipsam
931 1461 1045 1492 volens
1060 1462 1138 1492 velit
1153 1463 1213 1492 alia
1228 1469 1361 1503 propter

278 1505 398 1547 ipsam:
423 1512 535 1546 posset
557 1506 645 1537 enirn
676 1506 794 1547 aliquis
816 1506 899 1537 velle
922 1506 1092 1536 sanitatem
1123 1507 1359 1547 complacendo

278 1550 315 1582 in
327 1550 410 1592 ipsa,
426 1555 460 1581 et
473 1550 554 1581 nihil
578 1550 618 1581 ad
641 1551 745 1591 ipsam
769 1550 961 1581 ordinando.
985 1550 1028 1580 Et
1041 1550 1197 1587 similiter,
1214 1551 1360 1582 absolute

279 1594 460 1636 loquendo,
474 1595 563 1626 Deus
579 1596 738 1636 potuisset
754 1595 836 1626 velle
852 1595 1031 1626 bonitatem
1047 1604 1140 1626 suam
1159 1596 1282 1636 absque
1297 1596 1359 1627 hoc

280 1639 372 1680 quod
386 1639 486 1671 vellet
499 1646 662 1671 creaturas
678 1649 757 1671 esse.
783 1639 846 1671 Sed
862 1641 889 1670 si
904 1640 964 1670 sub
980 1640 1106 1670 ratione
1125 1649 1240 1670 causae
1256 1639 1360 1671 finalis

276 1684 351 1726 ipsa
371 1693 422 1716 res
446 1685 487 1715 sit
509 1685 620 1722 volita,
640 1694 773 1716 necesse
788 1690 838 1715 est
851 1690 888 1715 ut
908 1684 1031 1725 aliquid
1054 1690 1187 1725 propter
1201 1685 1305 1725 ipsam
1321 1686 1361 1715 sit

126 1735 153 1748 '¹
191 1738 197 1747 *
218 1733 221 1744 ²
240 1733 243 1735 ’
279 1729 430 1761 m'lituru.
452 1729 589 1770 Propter
612 1730 678 1760 hoc
700 1729 869 1760 causalitas
891 1728 975 1764 finis,
999 1734 1037 1759 ut
1058 1728 1132 1760 finis
1152 1735 1209 1765 est,
1229 1730 1362 1770 ponitur

278 1782 350 1806 ese
366 1779 404 1806 ut
417 1774 544 1816 aliquid
560 1780 698 1815 propter
714 1774 818 1815 ipsum
833 1774 1046 1805 desideretur.
1070 1773 1112 1805 Et
1127 1773 1213 1810 ideo,
1230 1775 1256 1804 si
1272 1774 1361 1804 Deus

1413 353 1489 383 velit
1511 353 1682 384 essentiam
1706 363 1798 384 suam
1821 359 1975 394 tanquam
1995 353 2094 386 finem
2110 362 2337 394 creaturarum,
2353 363 2483 397 necesse

1413 402 1460 428 est
1490 403 1526 427 ut
1556 403 1715 428 creaturas
1738 397 1814 428 velit
1842 404 1975 439 propter
2004 399 2108 439 ipsam
2137 400 2278 432 divinam
2301 403 2481 438 essentiam.

1412 440 1585 481 Propterea
1616 441 1781 472 concludit
1813 442 1948 473 Sanctus
1981 442 2126 475 Thomas
2157 445 2247 485 quod
2276 446 2379 477 multa
2408 453 2483 478 sunt

1412 485 1511 515 volita
1534 492 1666 526 propter
1689 485 1830 516 divinam
1854 487 2034 524 essentiam,
2050 489 2189 519 maxime
2205 499 2222 520 a
2238 490 2320 526 Deo,
2338 492 2394 531 qui
2410 484 2481 522 ean'i

1412 529 1592 560 secundum
1615 536 1718 560 totam
1741 539 1833 560 suam
1856 531 2006 562 virtutem
2029 532 2170 572 perfecte
2192 535 2270 564 vult.
2294 535 2388 572 Nam,
2406 545 2481 567 cum

1412 574 1483 614 ipsa
1511 575 1551 604 sit
1581 583 1678 605 causa
1706 573 1810 605 finalis
1840 581 2067 612 creaturarum,
2098 578 2166 608 vult
2195 579 2298 618 ipsam
2328 580 2417 611 Deus
2445 587 2482 612 ut

1401 628 1543 659 »eausam
1572 618 1714 656 finalem,
1738 626 1770 651 et
1798 628 1857 659 per
1886 629 2090 660 consequens
2119 622 2188 652 vult
2217 629 2374 655 creaturas
2405 634 2482 666 pro-

1413 668 1484 703 pter
1505 663 1620 703 ipsam.

1468 707 1536 738 Vll.
1554 707 1663 738 Sexto.
1682 708 1780 745 Deus,
1798 707 2006 748 intelligendo
2030 719 2063 739 se
2086 710 2312 751 principaliter,
2335 713 2482 754 intelligit

1413 752 1523 782 omnia
1539 752 1600 783 alia
1614 753 1648 783 in
1664 762 1708 783 se.
1726 753 1822 794 Ergo,
1839 752 1981 783 volendo
1998 763 2030 784 se
2046 754 2272 795 principaliter,
2289 757 2357 787 vult
2373 758 2482 788 omnia

1413 796 1483 827 alia.
1505 813 1530 819 —-
1551 797 1643 828 Patet
1666 797 1909 838 consequentia.
1941 797 2027 835 Quia
2050 798 2200 829 voluntas
2223 802 2368 841 sequitur
2389 802 2482 833 intel-

1412 841 1544 872 lectum.

1468 885 1531 916 Sed
1555 885 1681 918 videtur
1703 887 1763 918 ista
1785 886 1866 917 ratio
1889 895 1957 917 non
1981 886 2186 918 concludere.
2218 888 2372 929 Cognitio
2395 891 2482 921 enim

1413 929 1512 960 divini
1535 930 1717 961 intellectus
1740 930 1928 962 terminatur
1951 931 1990 962 ad
2020 941 2069 962 res
2093 932 2272 964 secundum
2296 934 2386 974 quod
2409 941 2483 965 sunt

1412 975 1445 1004 in
1477 976 1614 1005 essentia
1636 975 1753 1007 divina.
1777 977 1878 1007 Actus
1901 981 2010 1007 autem
2034 976 2207 1008 voluntatis
2230 979 2417 1009 terminatur
2443 979 2483 1010 ad

1411 1028 1462 1049 res
1494 1019 1675 1051 secundum
1705 1020 1795 1061 quod
1826 1026 1901 1051 sunt
1930 1022 1965 1052 in
1988 1021 2110 1062 seipsis.
2135 1021 2247 1059 Modo,
2278 1033 2347 1054 non
2376 1029 2483 1064 potest

1412 1072 1462 1094 res
1485 1074 1553 1095 non
1577 1074 1645 1095 esse
1668 1065 1701 1095 in
1725 1065 1832 1096 divina
1856 1066 2004 1096 essentia:
2028 1071 2136 1106 potest
2159 1072 2267 1098 autem
2282 1077 2349 1098 non
2366 1077 2434 1099 esse
2449 1069 2483 1098 in

1412 1109 1526 1149 seipsa.
1551 1109 1649 1149 Ergo,
1666 1109 1741 1140 licet
1763 1110 1944 1141 intellectus
1959 1109 2071 1141 videns
2087 1111 2228 1142 divinam
2252 1113 2421 1143 essentiam
2437 1113 2482 1143 vi—

1413 1152 1486 1184 deat
1509 1153 1569 1183 alia
1590 1154 1624 1184 in
1647 1154 1726 1194 ipsa,
1750 1164 1818 1185 non
1848 1160 1956 1186 tamen
1988 1161 2117 1196 oportet
2140 1156 2231 1196 quod
2259 1157 2348 1187 Deus
2371 1158 2483 1188 volens

1414 1198 1584 1228 essentiam
1608 1208 1699 1229 suam
1723 1199 1799 1230 velit
1822 1199 1883 1230 alia
1906 1210 1924 1230 a
1947 1210 1991 1231 se.

1468 1242 1696 1282 Respondetur
1719 1243 1810 1283 quod
1840 1244 1954 1284 utique
1983 1253 2051 1275 non
2083 1251 2130 1276 est
2152 1245 2368 1276 necessarium
2392 1246 2483 1287 quod

1414 1285 1513 1323 Deus,
1529 1287 1671 1318 volendo
1688 1297 1732 1324 se,
1748 1288 1825 1318 velit
1840 1288 1910 1325 alia,
1930 1294 1967 1319 ut
1988 1289 2121 1320 inferius
2137 1291 2154 1306 ³*
2177 1290 2377 1321 ostendetur:
2401 1292 2483 1321 sicut

1413 1331 1510 1362 etiam
1525 1341 1594 1362 non
1611 1337 1659 1362 est
1673 1333 1890 1363 necessarium
1913 1333 2014 1374 quod,
2037 1334 2247 1374 intelligendo
2268 1344 2313 1371 se,
2328 1335 2483 1376 intelligat

1414 1375 1474 1405 alia
1489 1376 1639 1416 practice.
1657 1376 1721 1407 Sed
1732 1382 1850 1413 tamen,
1864 1378 1946 1408 sicut
1958 1378 2138 1409 intellectus
2154 1379 2253 1410 libere
2264 1379 2412 1420 intelligit
2423 1380 2482 1410 alia

1413 1421 1553 1460 practice
1569 1420 1777 1461 intelligendo
1794 1431 1838 1457 se,
1855 1422 1899 1452 ita
1914 1422 2073 1459 voluntas,
2090 1432 2174 1464 quae
2188 1424 2388 1455 intellectum
2404 1434 2482 1456 con-

1414 1465 1569 1504 sequitur,
1585 1465 1728 1496 volendo
1751 1475 1786 1496 se
1804 1466 1874 1496 vult
1897 1466 1956 1497 alia
1979 1467 2088 1498 libere.
2112 1468 2154 1498 Et
2176 1468 2220 1498 sic
2245 1474 2292 1498 est
2313 1471 2482 1509 proportio

1414 1509 1496 1539 inter
1520 1509 1719 1540 intellectum
1743 1509 1888 1541 divinum
1914 1517 1944 1541 et
1968 1510 2110 1542 divinam
2132 1512 2344 1543 voluntatem.

1470 1553 1565 1584 Unde
1591 1554 1651 1584 ista
1677 1555 1758 1584 ratio
1789 1561 1844 1585 aut
1872 1555 2037 1586 concludit
2070 1558 2399 1596 non-repugnantiam
2425 1568 2483 1589 vo-

1414 1597 1544 1628 luntatis
1568 1597 1692 1628 divinae
1717 1598 1757 1628 ad
1780 1599 1958 1630 volendum
1987 1600 2062 1630 alia:
2093 1606 2149 1631 aut
2171 1601 2316 1640 procedit
2345 1611 2383 1632 ex
2407 1612 2483 1643 sup—

1415 1642 1578 1681 positione
1601 1642 1692 1682 quod
1714 1643 1774 1673 alia
1790 1643 1875 1674 velit.
1900 1643 1932 1675 Si
1953 1644 2040 1674 enim
2063 1644 2123 1675 alia
2138 1645 2207 1675 vult
2227 1645 2326 1682 Deus,
2344 1646 2398 1676 illa
2415 1647 2484 1677 vult

1414 1685 1557 1716 volendo
1581 1695 1624 1717 se.

1471 1729 1703 1761 Coumumm
1733 1732 1901 1762 conclusio
1931 1733 2120 1764 auctoritate
2149 1733 2263 1764 Sacrae
2293 1733 2484 1774 Scripturae,

1415 1774 1602 1815 Sapientiae
1624 1775 1745 1806 scilicet
1768 1786 1812 1806 xi:
1836 1777 1960 1818 Diligis
1983 1778 2092 1807 omnia
2115 1787 2198 1818 quae
2221 1783 2305 1808 sunt.

1117 1893 1654 1935 ——ffibgfflmb—

576 2055 1064 2113 CAPITULUM
1101 2055 1814 2113 SEPTUAGESIMUM
1851 2057 2199 2114 SEXTUM

1163 2174 1193 2204 A
1226 2173 1296 2204 23r
1331 2184 1380 2213 a9
1416 2174 1485 2204 sine
1509 2174 1614 2204 titulo.

451 2264 627 2318 QUOD
671 2264 837 2307 DEUS
881 2264 1010 2306 UNO
1055 2264 1226 2306 ACTU
1269 2264 1668 2306 VOLUNTATIS
1711 2264 1786 2306 SE
1829 2266 1908 2306 ET
1953 2266 2099 2306 ALIA
2142 2266 2324 2306 VELIT

305 2439 309 2447 .
361 2442 364 2444 Ι
393 2428 395 2430 ,
423 2436 426 2440 ,
461 2418 470 2444 g
491 2407 541 2433 oc
568 2403 700 2433 autem
729 2394 875 2441 habito,
905 2394 1080 2444 sequitur
1107 2395 1216 2443 quod
1252 2395 1360 2431 Deus

315 2461 318 2468 ¹
342 2443 361 2492 ,’
414 2464 416 2467 ’
459 2449 467 2474 ³
504 2461 587 2486 uno
616 2456 704 2486 actu
732 2448 941 2485 voluntatis
969 2459 1010 2485 se
1038 2455 1075 2486 et
1102 2447 1175 2485 alia
1203 2447 1304 2485 velit.

295 2499 311 2554 J
460 2506 474 2547 ,“
560 2501 702 2540 Omnis
731 2501 836 2539 enim
862 2501 985 2539 virtus
1013 2513 1093 2539 una
1121 2501 1358 2551 operatione,

302 2556 303 2559 ’
343 2548 429 2598 ἷὲ,ῑ”
505 2557 569 2593 vel
597 2567 678 2593 uno
707 2563 807 2600 actu,
832 2555 951 2592 fertur
978 2554 1019 2592 in
1047 2554 1245 2592 obiectum
1265 2562 1301 2592 et
1320 2555 1360 2592 in

280 2607 473 2647 rationem
500 2609 705 2646 formalem
734 2609 890 2646 obiecti:
919 2608 1018 2646 sicut
1045 2608 1183 2645 eadem
1210 2607 1360 2645 visione

280 2661 463 2700 videmus
491 2663 626 2699 lumen
653 2670 690 2699 et
717 2663 903 2707 colorem,
923 2661 992 2711 qui
1019 2661 1063 2698 fit
1090 2661 1249 2698 visibilis
1272 2669 1360 2697 actu

280 2727 352 2767 per
379 2717 525 2752 lumen.
557 2715 661 2752 Cum
680 2722 813 2752 autem
833 2714 977 2764 aliquid
998 2716 1182 2751 volumus
1201 2722 1361 2763 propter

281 2768 405 2817 finem
432 2776 595 2814 tantum,
626 2767 719 2805 illud
747 2767 856 2818 quod
884 2775 1044 2818 propter
1070 2767 1192 2804 finem
1211 2766 1359 2804 deside-

282 2830 389 2860 ratur
416 2822 552 2872 accipit
581 2820 772 2859 rationem
799 2820 907 2858 voliti
935 2834 981 2859 ex
1009 2820 1106 2858 fine:
1137 2828 1173 2857 et
1198 2819 1252 2857 sic
1270 2820 1359 2857 finis

282 2883 533 2925 comparatur
551 2875 600 2912 ad
619 2874 750 2924 ipsum
770 2874 867 2912 sicut
885 2873 981 2911 ratio
996 2873 1166 2911 formalis
1185 2873 1235 2910 ad
1254 2873 1359 2910 obie—

282 2937 402 2975 ctum,
432 2937 475 2966 ut
502 2930 636 2966 lumen
672 2927 722 2965 ad
757 2929 941 2965 colorem.
979 2927 1083 2964 Cum
1112 2926 1225 2975 igitur
1252 2927 1359 2964 Deus

283 2982 417 3020 omnia
445 2982 519 3020 alia
546 2981 636 3019 velit
664 2988 823 3030 propter
850 2992 890 3017 se
919 2980 1016 3017 sicut
1044 2987 1202 3030 propter
1223 2979 1357 3028 finem,

282 3044 326 3074 ut
353 3043 554 3073 ostensum
583 3042 639 3072 est
657 3034 689 3082 ³¹⁶,
719 3046 800 3071 uno
838 3041 925 3071 actu
952 3033 1161 3070 voluntatis
1198 3035 1281 3070 vult
1318 3046 1358 3071 se

284 3085 321 3128 et
349 3089 434 3127 alia.

337 3141 530 3192 AmpliuS.
560 3141 680 3188 Quod
709 3140 873 3190 perfecte
892 3139 1138 3188 cognoscitur
1155 3148 1192 3177 et
1211 3139 1359 3178 deside-

284 3205 401 3242 ratur,
417 3196 637 3233 secundum
655 3202 777 3231 totam
791 3206 904 3231 suam
918 3192 1100 3230 virtutem
1115 3193 1360 3241 cognoscitur

284 3258 321 3288 et
348 3250 599 3287 desideratur.
629 3247 734 3285 Finis
760 3255 891 3285 autem
910 3246 1032 3284 virtus
1051 3253 1107 3283 est
1129 3258 1210 3283 non
1230 3248 1358 3283 solum

284 3303 504 3341 secundum
514 3302 623 3352 quod
637 3301 677 3338 in
692 3314 732 3339 se
748 3300 997 3347 desideratur,
1010 3299 1077 3336 sed
1093 3298 1208 3337 etiam
1223 3311 1359 3337 secun-

284 3357 382 3395 dum
410 3356 519 3406 quod
548 3355 622 3393 alia
648 3355 748 3392 fiunt
776 3352 995 3403 appetibilia
1022 3360 1182 3402 propter
1216 3352 1358 3402 ipsum.

284 3409 366 3457 Qui
385 3409 498 3458 igitur
511 3409 677 3459 perfecte
697 3407 887 3446 desiderat
904 3406 1039 3452 finem,
1055 3414 1222 3455 utroque
1238 3407 1359 3443 modo

283 3463 415 3513 ipsum
443 3463 645 3500 desiderat.
686 3462 763 3499 Sed
800 3473 880 3498 non
919 3468 974 3497 est
1010 3471 1156 3509 ponere
1189 3459 1359 3508 aliquem

338 3586 353 3611 7
373 3579 497 3603 volumus
517 3578 574 3609 DZ;
593 3578 714 3603 velimus.
807 3576 840 3601 16
857 3581 939 3601 totam
954 3579 1018 3608 post
1036 3582 1111 3600 suam
1130 3574 1238 3599 αΕΖΡο.

338 3621 350 3639 1
373 3613 408 3648 et]
429 3619 456 3639 et
474 3621 530 3647 quo
547 3614 592 3639 Pc.

282 3650 449 3676 stituendum
467 3649 625 3675 crediderit.
715 3656 733 3682 9
751 3647 903 3681 cognitivae]
923 3646 1114 3680 cognosciiivae
1131 3645 1179 3670 Pd.

428 3703 522 3728 Summa
542 3702 652 3727 Com-ni
672 3702 806 3727 Garmias
826 3701 857 3726 D.
876 3701 991 3726 'raonis
1011 3700 1079 3724 Toni.
1095 3699 1113 3724 l.

1414 2402 1545 2432 actum
1573 2394 1646 2431 Dei
1673 2395 1838 2432 volentis
1865 2408 1946 2445 quo
1973 2396 2063 2433 velit
2091 2408 2131 2433 se
2159 2405 2196 2433 et
2223 2409 2303 2434 non
2331 2396 2421 2434 velit
2444 2410 2483 2434 se

1414 2448 1595 2497 perfecte:
1617 2460 1709 2485 cum
1730 2448 1768 2485 in
1788 2461 1836 2486 eo
1856 2448 1950 2486 nihil
1971 2449 2015 2486 sit
2039 2449 2306 2499 imperfectum
2321 2450 2352 2487 *.
2375 2451 2483 2497 Quo-

1414 2501 1505 2538 libet
1523 2501 1635 2549 igitur
1653 2509 1741 2539 actu
1761 2514 1841 2551 quo
1856 2502 1963 2539 Deus
1978 2504 2060 2539 vult
2079 2515 2130 2547 se,
2151 2505 2232 2540 vult
2252 2516 2291 2540 se
2311 2504 2483 2541 absolute

1415 2563 1451 2592 et
1479 2554 1553 2592 alia
1579 2562 1738 2604 propter
1765 2567 1817 2592 se.
1848 2555 1932 2592 Alia
1960 2567 2054 2593 vero
2082 2568 2105 2593 a
2133 2568 2173 2592 se
2201 2569 2281 2593 non
2307 2558 2389 2593 vult
2411 2556 2483 2594 nisi

1383 2620 1392 2640 ς
1414 2607 1648 2656 inquantum
1663 2608 1746 2644 vult
1765 2620 1817 2652 se,
1834 2616 1876 2645 ut
1895 2609 2103 2657 probatum
2122 2617 2178 2646 est
2187 2609 2218 2646 *.
2240 2609 2483 2658 Relinquitur

1413 2660 1527 2709 igitur
1554 2661 1662 2709 quod
1682 2672 1722 2697 se
1741 2668 1778 2697 et
1804 2660 1878 2698 alia
1896 2673 1977 2698 non
1996 2661 2071 2698 alio
2090 2670 2127 2698 et
2145 2661 2219 2698 alio
2239 2670 2325 2698 actu
2344 2663 2481 2699 volun-

1413 2713 1498 2750 tatis
1525 2714 1620 2759 vult,
1650 2714 1716 2750 sed
1746 2725 1826 2750 uno
1856 2721 1892 2750 et
1919 2714 2070 2751 eodem.

1467 2766 1620 2803 Adhuc.
1652 2767 1757 2804 Sicut
1785 2778 1832 2804 ex
1861 2778 1978 2816 supra
1995 2766 2015 2788 *
2043 2766 2151 2804 dictis
2178 2775 2292 2817 patet,
2320 2767 2360 2804 in
2394 2776 2480 2806 actu

1414 2819 1627 2868 cognitivae
1647 2819 1796 2857 virtutis
1815 2819 2010 2858 discursus
2032 2820 2237 2857 attenditur
2265 2821 2480 2858 secundum

1375 2885 1401 2900 ¹⁰
1413 2873 1521 2921 quod
1550 2872 1731 2910 semotim
1760 2873 2030 2922 cognoscimus
2057 2873 2255 2923 principia,
2288 2882 2325 2910 et
2352 2886 2398 2911 ex
2426 2874 2480 2911 eis

1413 2925 1453 2962 in
1481 2926 1751 2963 conclusiones
1778 2926 1974 2963 venimus:
2005 2926 2034 2963 si
2063 2926 2167 2963 enim
2195 2926 2234 2963 in
2262 2926 2352 2976 ipsis
2377 2927 2480 2976 prin-

1413 2979 1521 3028 cipiis
1550 2979 1789 3017 intueremur
1817 2979 2085 3017 conclusiones
2112 2979 2195 3029 ipsa
2213 2979 2398 3031 principia
2416 2992 2479 3017 co-

1413 3033 1649 3081 gnoscendo‚
1670 3045 1750 3070 non
1770 3041 1867 3070 esset
1887 3033 2092 3079 discursus,
2113 3033 2209 3070 sicut
2231 3045 2303 3070 nec
2321 3033 2479 3082 quando

1413 3085 1558 3135 aliquid
1572 3086 1753 3124 videmus
1772 3085 1811 3123 in
1831 3087 2000 3135 speculo.
2023 3085 2128 3124 Sicut
2146 3094 2276 3123 autem
2294 3085 2479 3134 principia

1375 3152 1397 3172 ¹5
1414 3151 1454 3176 se
1473 3139 1618 3176 habent
1637 3140 1685 3177 acl
1706 3139 1973 3177 conclusiones
1991 3139 2031 3176 in
2051 3138 2303 3188 speculativis,
2318 3138 2368 3175 ita
2381 3138 2479 3176 fines

1413 3193 1463 3230 ad
1482 3205 1528 3229 ea
1547 3205 1648 3242 quae
1675 3201 1764 3230 sunt
1791 3193 1840 3230 ad
1868 3192 1989 3229 finem
2017 3192 2057 3229 in
2085 3191 2289 3241 operativis
2308 3199 2344 3228 et
2362 3203 2478 3241 appe-

1412 3245 1544 3283 titivis:
1574 3258 1667 3283 nam
1696 3246 1792 3283 sicut
1820 3245 2086 3283 conclusiones
2113 3244 2382 3293 cognoscimus
2410 3257 2480 3294 per

1412 3298 1612 3349 principia,
1641 3299 1692 3336 ita
1720 3311 1766 3336 ex
1794 3298 1873 3335 fine
1900 3298 2073 3348 procedit
2106 3297 2295 3347 appetitus
2323 3305 2359 3334 et
2387 3310 2478 3347 ope-

1375 3423 1400 3437 20
1414 3405 1596 3444 semotim
1610 3405 1701 3442 velit
1714 3405 1836 3442 finem
1855 3413 1892 3442 et
1911 3417 1956 3441 ea
1970 3416 2070 3453 quae
2090 3412 2178 3440 sunt
2192 3404 2241 3441 ad
2259 3403 2395 3449 finem,
2411 3403 2479 3441 erit

1415 3458 1576 3508 quidam
1600 3458 1796 3495 discursus
1818 3458 1858 3495 in
1882 3457 1963 3494 eius
1983 3459 2189 3494 voluntate.
2212 3457 2330 3494 Hunc
2347 3465 2478 3494 autem

1332 3581 1364 3606 ¹7
1383 3573 1499 3599 Finis...
1518 3556 1687 3606 desideratur]
1708 3573 1728 3597 Z
1747 3573 1807 3598 vide
1824 3573 1873 3605 pA.

685 3612 698 3637 3
719 3612 840 3637 absolute
857 3613 880 3636 A
894 3612 967 3637 solus
973 3619 980 3642 ;
1001 3617 1052 3636 om.
1072 3610 1102 3635 In
1118 3611 1139 3634 A
1153 3617 1237 3642 supra
1257 3609 1378 3634 absolute
1395 3609 1523 3635 scribitur
1535 3614 1561 3634 et
1573 3609 1622 3633 alia
1640 3614 1746 3641 propter
1764 3615 1800 3639 se,
1821 3607 1892 3640 quod
1910 3606 2091 3638 transcriptor
2110 3614 2161 3631 non
2180 3606 2334 3631 addendum
2353 3607 2402 3632 sed
2419 3607 2478 3632 sub-

1273 3652 1305 3670 io
1324 3643 1457 3678 semotim]
1477 3652 1507 3669 se
1526 3649 1627 3669 motum
1640 3644 1670 3669 Z.

1761 3643 1792 3668 15
1812 3642 1887 3675 fines]
1907 3641 1966 3667 finis
1981 3642 2068 3668 BZPc.
2160 3648 2187 3666 21
2212 3641 2297 3675 Hunc]
2317 3643 2373 3667 Hoc
2387 3642 2479 3667 EZPd.

2303 3696 2335 3721 28

2511 1291 2519 1299 ·
2535 1289 2591 1317 cap.
2603 1295 2680 1311 Lxxxr.

2511 2451 2520 2459 ‘
2535 2449 2591 2477 Cap.
2608 2455 2687 2471 xxviii.

2510 2610 2519 2618 ·
2535 2608 2592 2636 cap.
2607 2614 2681 2636 praec.

2509 2767 2518 2776 ·
2533 2766 2589 2794 Cap.
2604 2772 2658 2788 ινιι.

1414 3352 1510 3390 ratio
1525 3364 1663 3389 eorum
1683 3364 1783 3401 quae
1803 3360 1892 3389 sunt
1910 3352 1960 3389 ad
1978 3350 2100 3388 finem
2109 3350 2140 3388 *.
2162 3350 2202 3388 Si
2216 3350 2328 3399 igitur
2342 3350 2479 3400 aliquis
2506 3349 2716 3405 }.¹i=¹.'.'¹{⁸;’5.¹¹'³;
