<?xml version="1.0" encoding="UTF-8"?>
<!DOCTYPE html PUBLIC "-//W3C//DTD XHTML 1.0 Transitional//EN"
    "http://www.w3.org/TR/xhtml1/DTD/xhtml1-transitional.dtd">
<html xmlns="http://www.w3.org/1999/xhtml" xml:lang="en" lang="en">
 <head>
  <title>
</title>
<meta http-equiv="Content-Type" content="text/html;charset=utf-8" />
  <meta name='ocr-system' content='tesseract 3.04.00' />
  <meta name='ocr-capabilities' content='ocr_page ocr_carea ocr_par ocr_line ocrx_word'/>
</head>
<body>
  <div class='ocr_page' id='page_1' title='image "./operaomniaiussui13thom/operaomniaiussui13thom_0697.png"; bbox 0 0 2716 4302; ppageno 0'>
   <div class='ocr_carea' id='block_1_1' title="bbox 74 655 183 672">
    <p class='ocr_par' dir='ltr' id='par_1_1' title="bbox 74 655 183 672">
     <span class='ocr_line' id='line_1_1' title="bbox 74 655 183 672; baseline -0.018 0"><span class='ocrx_word' id='word_1_1' title='bbox 74 655 124 672; x_wconf 64' lang='lat' dir='ltr'>lov</span> <span class='ocrx_word' id='word_1_2' title='bbox 139 655 183 671; x_wconf 70' lang='lat' dir='ltr'>ai.</span> 
     </span>
    </p>
   </div>
   <div class='ocr_carea' id='block_1_2' title="bbox 72 754 233 778">
    <p class='ocr_par' dir='ltr' id='par_1_2' title="bbox 72 754 233 778">
     <span class='ocr_line' id='line_1_2' title="bbox 72 754 233 778; baseline -0.012 0"><span class='ocrx_word' id='word_1_3' title='bbox 72 755 127 778; x_wconf 80' lang='lat' dir='ltr'>Vid.</span> <span class='ocrx_word' id='word_1_4' title='bbox 143 754 172 777; x_wconf 75' lang='lat' dir='ltr'>ad</span> <span class='ocrx_word' id='word_1_5' title='bbox 188 756 233 776; x_wconf 90' lang='lat' dir='ltr'>loc.</span> 
     </span>
    </p>
   </div>
   <div class='ocr_carea' id='block_1_3' title="bbox 73 3228 200 3256">
    <p class='ocr_par' dir='ltr' id='par_1_3' title="bbox 73 3228 200 3256">
     <span class='ocr_line' id='line_1_3' title="bbox 73 3228 200 3256; baseline -0.016 -4"><span class='ocrx_word' id='word_1_6' title='bbox 73 3235 124 3252; x_wconf 69' lang='grc' dir='ltr'>ιον</span> <span class='ocrx_word' id='word_1_7' title='bbox 139 3228 154 3250; x_wconf 84' lang='lat' dir='ltr'>b</span> <span class='ocrx_word' id='word_1_8' title='bbox 166 3234 200 3256; x_wconf 78' lang='lat'>¹9.</span> 
     </span>
    </p>
   </div>
   <div class='ocr_carea' id='block_1_4' title="bbox 246 1346 321 1357">
    <p class='ocr_par' dir='ltr' id='par_1_4' title="bbox 246 1346 321 1357">
     <span class='ocr_line' id='line_1_4' title="bbox 246 1346 321 1357; baseline -0.027 -3"><span class='ocrx_word' id='word_1_9' title='bbox 246 1346 321 1357; x_wconf 33' lang='lat' dir='ltr'>⁷7‚l</span> 
     </span>
    </p>
   </div>
   <div class='ocr_carea' id='block_1_5' title="bbox 1287 152 2518 190">
    <p class='ocr_par' dir='ltr' id='par_1_5' title="bbox 1287 152 2518 190">
     <span class='ocr_line' id='line_1_5' title="bbox 1287 152 2518 190; baseline -0.003 -2"><span class='ocrx_word' id='word_1_10' title='bbox 1287 152 1550 188; x_wconf 84' lang='lat' dir='ltr'>APPENDIX</span> <span class='ocrx_word' id='word_1_11' title='bbox 2452 154 2518 190; x_wconf 56' lang='grc' dir='ltr'>15ιξέ</span> 
     </span>
    </p>
   </div>
   <div class='ocr_carea' id='block_1_6' title="bbox 314 228 1394 425">
    <p class='ocr_par' dir='ltr' id='par_1_6' title="bbox 314 228 1394 425">
     <span class='ocr_line' id='line_1_6' title="bbox 314 228 1392 268; baseline 0.001 -9"><span class='ocrx_word' id='word_1_12' title='bbox 314 234 369 259; x_wconf 73' lang='lat' dir='ltr'>vet</span> <span class='ocrx_word' id='word_1_13' title='bbox 392 229 479 259; x_wconf 81' lang='lat' dir='ltr'>enim</span> <span class='ocrx_word' id='word_1_14' title='bbox 503 228 536 258; x_wconf 80' lang='lat' dir='ltr'>in</span> <span class='ocrx_word' id='word_1_15' title='bbox 564 234 711 268; x_wconf 85' lang='lat' dir='ltr'>tempore</span> <span class='ocrx_word' id='word_1_16' title='bbox 740 229 879 267; x_wconf 87' lang='lat' dir='ltr'>infinito,</span> <span class='ocrx_word' id='word_1_17' title='bbox 904 234 1050 259; x_wconf 86' lang='lat' dir='ltr'>secundum</span> <span class='ocrx_word' id='word_1_18' title='bbox 1070 240 1197 267; x_wconf 86' lang='lat' dir='ltr'>ponentes</span> <span class='ocrx_word' id='word_1_19' title='bbox 1215 235 1392 260; x_wconf 83' lang='lat' dir='ltr'>aeternitatem</span> 
     </span>
     <span class='ocr_line' id='line_1_7' title="bbox 315 278 1393 323; baseline 0.004 -15"><span class='ocrx_word' id='word_1_20' title='bbox 315 282 415 315; x_wconf 85' lang='lat' dir='ltr'>mundi,</span> <span class='ocrx_word' id='word_1_21' title='bbox 435 278 526 320; x_wconf 91' lang='lat' dir='ltr'>quod</span> <span class='ocrx_word' id='word_1_22' title='bbox 543 288 610 309; x_wconf 90' lang='lat' dir='ltr'>non</span> <span class='ocrx_word' id='word_1_23' title='bbox 634 284 742 319; x_wconf 89' lang='lat' dir='ltr'>potest</span> <span class='ocrx_word' id='word_1_24' title='bbox 758 289 826 310; x_wconf 87' lang='lat' dir='ltr'>esse</span> <span class='ocrx_word' id='word_1_25' title='bbox 848 282 909 310; x_wconf 89' lang='lat' dir='ltr'>nisi</span> <span class='ocrx_word' id='word_1_26' title='bbox 926 291 943 311; x_wconf 90' lang='lat' dir='ltr'>a</span> <span class='ocrx_word' id='word_1_27' title='bbox 959 283 1075 312; x_wconf 88' lang='lat' dir='ltr'>virtute</span> <span class='ocrx_word' id='word_1_28' title='bbox 1093 282 1230 320; x_wconf 86' lang='lat' dir='ltr'>infinita,</span> <span class='ocrx_word' id='word_1_29' title='bbox 1247 287 1283 312; x_wconf 90' lang='lat' dir='ltr'>ut</span> <span class='ocrx_word' id='word_1_30' title='bbox 1299 291 1393 323; x_wconf 80' lang='lat' dir='ltr'>supra</span> 
     </span>
     <span class='ocr_line' id='line_1_8' title="bbox 315 333 1394 369; baseline 0.001 -7"><span class='ocrx_word' id='word_1_31' title='bbox 315 338 482 362; x_wconf 84' lang='lat' dir='ltr'>ostensum</span> <span class='ocrx_word' id='word_1_32' title='bbox 508 337 554 362; x_wconf 88' lang='lat' dir='ltr'>est</span> <span class='ocrx_word' id='word_1_33' title='bbox 590 334 624 360; x_wconf 84' lang='lat' dir='ltr'>de</span> <span class='ocrx_word' id='word_1_34' title='bbox 648 342 708 360; x_wconf 91' lang='lat' dir='ltr'>cum</span> <span class='ocrx_word' id='word_1_35' title='bbox 733 335 765 360; x_wconf 90' lang='lat' dir='ltr'>de</span> <span class='ocrx_word' id='word_1_36' title='bbox 788 335 845 360; x_wconf 87' lang='lat' dir='ltr'>eius</span> <span class='ocrx_word' id='word_1_37' title='bbox 869 336 1076 369; x_wconf 78' lang='lat' dir='ltr'>incorporalitate</span> <span class='ocrx_word' id='word_1_38' title='bbox 1095 342 1254 362; x_wconf 80' lang='lat' dir='ltr'>tractaretur.</span> <span class='ocrx_word' id='word_1_39' title='bbox 1285 333 1394 363; x_wconf 84' lang='lat' dir='ltr'>Relin-</span> 
     </span>
     <span class='ocr_line' id='line_1_9' title="bbox 315 383 1393 425; baseline 0.002 -12"><span class='ocrx_word' id='word_1_40' title='bbox 315 383 426 423; x_wconf 82' lang='lat' dir='ltr'>quitur</span> <span class='ocrx_word' id='word_1_41' title='bbox 449 384 546 424; x_wconf 88' lang='lat' dir='ltr'>igitur</span> <span class='ocrx_word' id='word_1_42' title='bbox 569 384 629 414; x_wconf 88' lang='lat' dir='ltr'>Dei</span> <span class='ocrx_word' id='word_1_43' title='bbox 647 385 815 414; x_wconf 84' lang='lat' dir='ltr'>essentiam</span> <span class='ocrx_word' id='word_1_44' title='bbox 842 394 910 414; x_wconf 89' lang='lat' dir='ltr'>esse</span> <span class='ocrx_word' id='word_1_45' title='bbox 927 384 1095 415; x_wconf 87' lang='lat' dir='ltr'>infinitam.</span> <span class='ocrx_word' id='word_1_46' title='bbox 1114 385 1157 425; x_wconf 61' lang='grc' dir='ltr'>(ξ)</span> <span class='ocrx_word' id='word_1_47' title='bbox 1173 386 1261 416; x_wconf 89' lang='lat' dir='ltr'>Haec</span> <span class='ocrx_word' id='word_1_48' title='bbox 1286 392 1393 415; x_wconf 89' lang='lat' dir='ltr'>autem</span> 
     </span>
    </p>
   </div>
   <div class='ocr_carea' id='block_1_7' title="bbox 315 436 1426 476">
    <p class='ocr_par' dir='ltr' id='par_1_7' title="bbox 315 436 1426 476">
     <span class='ocr_line' id='line_1_10' title="bbox 315 436 1426 476; baseline -0.002 -8"><span class='ocrx_word' id='word_1_49' title='bbox 315 439 396 468; x_wconf 89' lang='lat' dir='ltr'>ratio</span> <span class='ocrx_word' id='word_1_50' title='bbox 413 443 460 468; x_wconf 89' lang='lat' dir='ltr'>est</span> <span class='ocrx_word' id='word_1_51' title='bbox 477 436 657 467; x_wconf 85' lang='lat' dir='ltr'>secundum</span> <span class='ocrx_word' id='word_1_52' title='bbox 676 441 835 475; x_wconf 88' lang='lat' dir='ltr'>ponentes</span> <span class='ocrx_word' id='word_1_53' title='bbox 853 437 1072 466; x_wconf 85' lang='lat' dir='ltr'>aeternitatem</span> <span class='ocrx_word' id='word_1_54' title='bbox 1099 437 1232 466; x_wconf 86' lang='lat' dir='ltr'>mundi.</span> <span class='ocrx_word' id='word_1_55' title='bbox 1249 460 1255 466; x_wconf 92' lang='lat'>.</span> <span class='ocrx_word' id='word_1_56' title='bbox 1271 460 1277 466; x_wconf 88' lang='lat'>.</span> <span class='ocrx_word' id='word_1_57' title='bbox 1296 446 1394 476; x_wconf 85' lang='lat' dir='ltr'>quarn</span> <span class='ocrx_word' id='word_1_58' title='bbox 1418 455 1426 474; x_wconf 59' lang='grc' dir='ltr'><strong><em>ς</em></strong></span> 
     </span>
    </p>
   </div>
   <div class='ocr_carea' id='block_1_8' title="bbox 315 486 1400 1498">
    <p class='ocr_par' dir='ltr' id='par_1_8' title="bbox 315 486 1400 1498">
     <span class='ocr_line' id='line_1_11' title="bbox 315 486 1394 527; baseline -0.003 -8"><span class='ocrx_word' id='word_1_59' title='bbox 315 498 433 519; x_wconf 90' lang='lat' dir='ltr'>aerem.</span> <span class='ocrx_word' id='word_1_60' title='bbox 448 487 510 519; x_wconf 86' lang='lat' dir='ltr'>Sed</span> <span class='ocrx_word' id='word_1_61' title='bbox 526 486 559 518; x_wconf 89' lang='lat' dir='ltr'>id</span> <span class='ocrx_word' id='word_1_62' title='bbox 576 486 667 527; x_wconf 89' lang='lat' dir='ltr'>quod</span> <span class='ocrx_word' id='word_1_63' title='bbox 683 487 820 516; x_wconf 86' lang='lat' dir='ltr'>omnino</span> <span class='ocrx_word' id='word_1_64' title='bbox 837 496 904 516; x_wconf 91' lang='lat' dir='ltr'>non</span> <span class='ocrx_word' id='word_1_65' title='bbox 923 492 979 522; x_wconf 89' lang='lat' dir='ltr'>est,</span> <span class='ocrx_word' id='word_1_66' title='bbox 1000 487 1124 517; x_wconf 82' lang='lat' dir='ltr'>infinite</span> <span class='ocrx_word' id='word_1_67' title='bbox 1145 487 1238 517; x_wconf 86' lang='lat' dir='ltr'>distat</span> <span class='ocrx_word' id='word_1_68' title='bbox 1255 489 1293 517; x_wconf 84' lang='lat' dir='ltr'>ab</span> <span class='ocrx_word' id='word_1_69' title='bbox 1311 494 1394 523; x_wconf 88' lang='lat' dir='ltr'>actu,</span> 
     </span>
     <span class='ocr_line' id='line_1_12' title="bbox 315 537 1393 578; baseline -0.001 -9"><span class='ocrx_word' id='word_1_70' title='bbox 315 545 377 578; x_wconf 85' lang='lat' dir='ltr'>quia</span> <span class='ocrx_word' id='word_1_71' title='bbox 395 543 458 568; x_wconf 85' lang='lat' dir='ltr'>nihil</span> <span class='ocrx_word' id='word_1_72' title='bbox 477 543 555 568; x_wconf 84' lang='lat' dir='ltr'>habet</span> <span class='ocrx_word' id='word_1_73' title='bbox 576 542 608 566; x_wconf 88' lang='lat' dir='ltr'>de</span> <span class='ocrx_word' id='word_1_74' title='bbox 630 541 744 572; x_wconf 82' lang='lat' dir='ltr'>potentia</span> <span class='ocrx_word' id='word_1_75' title='bbox 762 537 835 577; x_wconf 88' lang='lat' dir='ltr'>(nec</span> <span class='ocrx_word' id='word_1_76' title='bbox 853 544 898 567; x_wconf 80' lang='lat' dir='ltr'>esi</span> <span class='ocrx_word' id='word_1_77' title='bbox 923 537 1032 576; x_wconf 89' lang='lat' dir='ltr'>aliquo</span> <span class='ocrx_word' id='word_1_78' title='bbox 1058 538 1159 567; x_wconf 85' lang='lat' dir='ltr'>modo</span> <span class='ocrx_word' id='word_1_79' title='bbox 1183 539 1215 567; x_wconf 93' lang='lat' dir='ltr'>in</span> <span class='ocrx_word' id='word_1_80' title='bbox 1242 539 1393 577; x_wconf 80' lang='lat' dir='ltr'>potentia.</span> 
     </span>
     <span class='ocr_line' id='line_1_13' title="bbox 315 588 1395 630; baseline -0.005 -7"><span class='ocrx_word' id='word_1_81' title='bbox 315 605 364 623; x_wconf 85' lang='lat' dir='ltr'>nec</span> <span class='ocrx_word' id='word_1_82' title='bbox 382 597 461 623; x_wconf 86' lang='lat' dir='ltr'>habet</span> <span class='ocrx_word' id='word_1_83' title='bbox 484 595 582 629; x_wconf 87' lang='lat' dir='ltr'>aliquid</span> <span class='ocrx_word' id='word_1_84' title='bbox 606 595 639 620; x_wconf 83' lang='lat' dir='ltr'>de</span> <span class='ocrx_word' id='word_1_85' title='bbox 666 589 803 630; x_wconf 87' lang='lat' dir='ltr'>potentia.)</span> <span class='ocrx_word' id='word_1_86' title='bbox 837 589 944 628; x_wconf 80' lang='lat' dir='ltr'><strong>Igitur,</strong></span> <span class='ocrx_word' id='word_1_87' title='bbox 978 590 1002 618; x_wconf 87' lang='lat' dir='ltr'>si</span> <span class='ocrx_word' id='word_1_88' title='bbox 1035 588 1176 619; x_wconf 85' lang='lat' dir='ltr'>mundus</span> <span class='ocrx_word' id='word_1_89' title='bbox 1213 589 1314 619; x_wconf 79' lang='lat' dir='ltr'>factus</span> <span class='ocrx_word' id='word_1_90' title='bbox 1350 596 1395 618; x_wconf 84' lang='lat' dir='ltr'>est</span> 
     </span>
     <span class='ocr_line' id='line_1_14' title="bbox 316 639 1397 687; baseline -0.009 -10"><span class='ocrx_word' id='word_1_91' title='bbox 316 651 492 687; x_wconf 87' lang='lat' dir='ltr'>postquam</span> <span class='ocrx_word' id='word_1_92' title='bbox 509 643 646 674; x_wconf 90' lang='lat' dir='ltr'>omnino</span> <span class='ocrx_word' id='word_1_93' title='bbox 671 642 761 682; x_wconf 92' lang='lat' dir='ltr'>prius</span> <span class='ocrx_word' id='word_1_94' title='bbox 778 650 845 671; x_wconf 89' lang='lat' dir='ltr'>non</span> <span class='ocrx_word' id='word_1_95' title='bbox 863 646 939 674; x_wconf 86' lang='lat' dir='ltr'>erat,</span> <span class='ocrx_word' id='word_1_96' title='bbox 958 646 1089 679; x_wconf 87' lang='lat' dir='ltr'>oportet</span> <span class='ocrx_word' id='word_1_97' title='bbox 1113 639 1243 670; x_wconf 84' lang='lat' dir='ltr'>factoris</span> <span class='ocrx_word' id='word_1_98' title='bbox 1259 641 1275 656; x_wconf 61' lang='lat'>‘⁴⁴²</span> <span class='ocrx_word' id='word_1_99' title='bbox 1292 644 1397 669; x_wconf 79' lang='lat' dir='ltr'>factoris</span> 
     </span>
     <span class='ocr_line' id='line_1_15' title="bbox 316 691 1396 730; baseline -0.006 -2"><span class='ocrx_word' id='word_1_100' title='bbox 316 699 467 727; x_wconf 90' lang='lat' dir='ltr'>virtutem</span> <span class='ocrx_word' id='word_1_101' title='bbox 485 704 553 726; x_wconf 90' lang='lat' dir='ltr'>esse</span> <span class='ocrx_word' id='word_1_102' title='bbox 570 693 739 724; x_wconf 81' lang='lat' dir='ltr'>infinitam.</span> <span class='ocrx_word' id='word_1_103' title='bbox 757 693 775 730; x_wconf 67' lang='grc' dir='ltr'>ξ</span> <span class='ocrx_word' id='word_1_104' title='bbox 788 692 877 722; x_wconf 83' lang='lat' dir='ltr'>Haec</span> <span class='ocrx_word' id='word_1_105' title='bbox 891 697 1000 721; x_wconf 83' lang='lat' dir='ltr'>autem</span> <span class='ocrx_word' id='word_1_106' title='bbox 1014 691 1093 720; x_wconf 81' lang='lat' dir='ltr'>ratio</span> <span class='ocrx_word' id='word_1_107' title='bbox 1108 693 1203 722; x_wconf 86' lang='lat' dir='ltr'>etiam</span> <span class='ocrx_word' id='word_1_108' title='bbox 1217 700 1288 720; x_wconf 79' lang='lat' dir='ltr'>tenet</span> <span class='ocrx_word' id='word_1_109' title='bbox 1306 695 1396 729; x_wconf 67' lang='lat' dir='ltr'>(vaiet)</span> 
     </span>
     <span class='ocr_line' id='line_1_16' title="bbox 316 743 1397 786; baseline -0.006 -6"><span class='ocrx_word' id='word_1_110' title='bbox 316 747 498 780; x_wconf 88' lang='lat' dir='ltr'>secundum</span> <span class='ocrx_word' id='word_1_111' title='bbox 530 755 587 776; x_wconf 90' lang='lat' dir='ltr'>eos</span> <span class='ocrx_word' id='word_1_112' title='bbox 617 746 674 786; x_wconf 91' lang='lat' dir='ltr'>qui</span> <span class='ocrx_word' id='word_1_113' title='bbox 702 748 831 784; x_wconf 86' lang='lat' dir='ltr'>ponunt</span> <span class='ocrx_word' id='word_1_114' title='bbox 856 743 1076 772; x_wconf 81' lang='lat' dir='ltr'>aeternitatem</span> <span class='ocrx_word' id='word_1_115' title='bbox 1108 743 1222 773; x_wconf 87' lang='lat' dir='ltr'>mundi</span> <span class='ocrx_word' id='word_1_116' title='bbox 1253 744 1362 784; x_wconf 82' lang='lat' dir='ltr'>(valet)</span> <span class='ocrx_word' id='word_1_117' title='bbox 1381 746 1397 760; x_wconf 44' lang='grc' dir='ltr'>Ψ*</span> 
     </span>
     <span class='ocr_line' id='line_1_17' title="bbox 316 794 1395 840; baseline -0.006 -9"><span class='ocrx_word' id='word_1_118' title='bbox 316 799 357 831; x_wconf 89' lang='lat' dir='ltr'>ad</span> <span class='ocrx_word' id='word_1_119' title='bbox 380 797 586 840; x_wconf 89' lang='lat' dir='ltr'>probandum</span> <span class='ocrx_word' id='word_1_120' title='bbox 605 795 797 827; x_wconf 85' lang='lat' dir='ltr'>infinitatem</span> <span class='ocrx_word' id='word_1_121' title='bbox 819 795 946 824; x_wconf 79' lang='lat' dir='ltr'>divinae</span> <span class='ocrx_word' id='word_1_122' title='bbox 963 794 1098 824; x_wconf 74' lang='lat' dir='ltr'>virtutis.</span> <span class='ocrx_word' id='word_1_123' title='bbox 1117 794 1325 825; x_wconf 85' lang='lat' dir='ltr'>Confitentur</span> <span class='ocrx_word' id='word_1_124' title='bbox 1344 819 1349 825; x_wconf 95' lang='lat'>.</span> <span class='ocrx_word' id='word_1_125' title='bbox 1366 819 1372 825; x_wconf 86' lang='lat'>.</span> <span class='ocrx_word' id='word_1_126' title='bbox 1388 819 1395 825; x_wconf 87' lang='lat'>.</span> 
     </span>
     <span class='ocr_line' id='line_1_18' title="bbox 316 846 1396 891; baseline -0.006 -8"><span class='ocrx_word' id='word_1_127' title='bbox 316 852 400 883; x_wconf 91' lang='lat' dir='ltr'>sicut</span> <span class='ocrx_word' id='word_1_128' title='bbox 423 860 480 891; x_wconf 87' lang='lat' dir='ltr'>pes</span> <span class='ocrx_word' id='word_1_129' title='bbox 504 850 543 880; x_wconf 91' lang='lat' dir='ltr'>ab</span> <span class='ocrx_word' id='word_1_130' title='bbox 575 854 707 879; x_wconf 86' lang='lat' dir='ltr'>aeterno</span> <span class='ocrx_word' id='word_1_131' title='bbox 740 846 852 877; x_wconf 84' lang='lat' dir='ltr'>fuisset</span> <span class='ocrx_word' id='word_1_132' title='bbox 883 855 979 875; x_wconf 84' lang='lat' dir='ltr'>causa</span> <span class='ocrx_word' id='word_1_133' title='bbox 1003 846 1127 885; x_wconf 85' lang='lat' dir='ltr'>vestigii</span> <span class='ocrx_word' id='word_1_134' title='bbox 1153 846 1178 875; x_wconf 89' lang='lat' dir='ltr'>si</span> <span class='ocrx_word' id='word_1_135' title='bbox 1203 847 1241 875; x_wconf 81' lang='lat' dir='ltr'>ab</span> <span class='ocrx_word' id='word_1_136' title='bbox 1265 853 1396 876; x_wconf 78' lang='lat' dir='ltr'>aeterno</span> 
     </span>
     <span class='ocr_line' id='line_1_19' title="bbox 316 897 1398 941; baseline -0.007 -8"><span class='ocrx_word' id='word_1_137' title='bbox 316 902 429 933; x_wconf 86' lang='lat' dir='ltr'>fuisset</span> <span class='ocrx_word' id='word_1_138' title='bbox 447 902 624 941; x_wconf 88' lang='lat' dir='ltr'>impressus</span> <span class='ocrx_word' id='word_1_139' title='bbox 639 899 673 928; x_wconf 93' lang='lat' dir='ltr'>in</span> <span class='ocrx_word' id='word_1_140' title='bbox 689 897 836 938; x_wconf 88' lang='lat' dir='ltr'>pulvere,</span> <span class='ocrx_word' id='word_1_141' title='bbox 852 905 881 924; x_wconf 88' lang='lat' dir='ltr'>ut</span> <span class='ocrx_word' id='word_1_142' title='bbox 893 900 1049 933; x_wconf 78' lang='lat' dir='ltr'>augustinus</span> <span class='ocrx_word' id='word_1_143' title='bbox 1063 900 1169 924; x_wconf 75' lang='lat' dir='ltr'>notabat</span> <span class='ocrx_word' id='word_1_144' title='bbox 1182 900 1206 924; x_wconf 87' lang='lat' dir='ltr'>in</span> <span class='ocrx_word' id='word_1_145' title='bbox 1221 908 1236 924; x_wconf 80' lang='lat' dir='ltr'>x</span> <span class='ocrx_word' id='word_1_146' title='bbox 1249 901 1281 925; x_wconf 86' lang='lat' dir='ltr'>de</span> <span class='ocrx_word' id='word_1_147' title='bbox 1296 901 1327 925; x_wconf 89' lang='lat' dir='ltr'>ci.</span> <span class='ocrx_word' id='word_1_148' title='bbox 1342 901 1398 926; x_wconf 86' lang='lat' dir='ltr'>Dei.</span> 
     </span>
     <span class='ocr_line' id='line_1_20' title="bbox 316 947 1397 985; baseline -0.006 -1"><span class='ocrx_word' id='word_1_149' title='bbox 316 954 387 984; x_wconf 88' lang='lat' dir='ltr'>Hac</span> <span class='ocrx_word' id='word_1_150' title='bbox 418 958 597 983; x_wconf 88' lang='lat' dir='ltr'>autem...</span> <span class='ocrx_word' id='word_1_151' title='bbox 621 949 791 980; x_wconf 89' lang='lat' dir='ltr'>infinitam.</span> <span class='ocrx_word' id='word_1_152' title='bbox 822 947 907 978; x_wconf 81' lang='lat' dir='ltr'>Nam</span> <span class='ocrx_word' id='word_1_153' title='bbox 935 952 1121 984; x_wconf 78' lang='lat' dir='ltr'>potentiarum</span> <span class='ocrx_word' id='word_1_154' title='bbox 1138 960 1227 985; x_wconf 81' lang='lat' dir='ltr'>propo</span> <span class='ocrx_word' id='word_1_155' title='bbox 1258 950 1324 980; x_wconf 82' lang='lat' dir='ltr'>sive</span> <span class='ocrx_word' id='word_1_156' title='bbox 1360 960 1397 980; x_wconf 79' lang='lat' dir='ltr'>ex</span> 
     </span>
     <span class='ocr_line' id='line_1_21' title="bbox 315 999 1397 1045; baseline -0.005 -9"><span class='ocrx_word' id='word_1_157' title='bbox 315 1011 464 1045; x_wconf 86' lang='lat' dir='ltr'>tempore</span> <span class='ocrx_word' id='word_1_158' title='bbox 489 1001 685 1043; x_wconf 81' lang='lat' dir='ltr'>(secundum</span> <span class='ocrx_word' id='word_1_159' title='bbox 709 1001 793 1041; x_wconf 85' lang='lat' dir='ltr'>nos),</span> <span class='ocrx_word' id='word_1_160' title='bbox 811 1001 877 1030; x_wconf 86' lang='lat' dir='ltr'>sive</span> <span class='ocrx_word' id='word_1_161' title='bbox 895 1000 933 1029; x_wconf 87' lang='lat' dir='ltr'>ab</span> <span class='ocrx_word' id='word_1_162' title='bbox 950 1005 1082 1030; x_wconf 87' lang='lat' dir='ltr'>aeterno</span> <span class='ocrx_word' id='word_1_163' title='bbox 1108 999 1302 1038; x_wconf 89' lang='lat' dir='ltr'>(secundum</span> <span class='ocrx_word' id='word_1_164' title='bbox 1328 1003 1397 1040; x_wconf 89' lang='lat' dir='ltr'>eos)</span> 
     </span>
     <span class='ocr_line' id='line_1_22' title="bbox 317 1049 1397 1096; baseline -0.006 -10"><span class='ocrx_word' id='word_1_165' title='bbox 317 1065 366 1086; x_wconf 89' lang='lat' dir='ltr'>res</span> <span class='ocrx_word' id='word_1_166' title='bbox 390 1054 590 1096; x_wconf 87' lang='lat' dir='ltr'>produxerit,</span> <span class='ocrx_word' id='word_1_167' title='bbox 607 1051 686 1082; x_wconf 90' lang='lat' dir='ltr'>nihil</span> <span class='ocrx_word' id='word_1_168' title='bbox 711 1060 780 1081; x_wconf 89' lang='lat' dir='ltr'>esse</span> <span class='ocrx_word' id='word_1_169' title='bbox 805 1055 913 1091; x_wconf 88' lang='lat' dir='ltr'>potest</span> <span class='ocrx_word' id='word_1_170' title='bbox 937 1051 969 1080; x_wconf 88' lang='lat' dir='ltr'>in</span> <span class='ocrx_word' id='word_1_171' title='bbox 986 1060 1019 1080; x_wconf 87' lang='lat' dir='ltr'>re</span> <span class='ocrx_word' id='word_1_172' title='bbox 1038 1049 1127 1090; x_wconf 91' lang='lat' dir='ltr'>quod</span> <span class='ocrx_word' id='word_1_173' title='bbox 1145 1051 1213 1090; x_wconf 86' lang='lat' dir='ltr'>ipse</span> <span class='ocrx_word' id='word_1_174' title='bbox 1239 1061 1305 1080; x_wconf 87' lang='lat' dir='ltr'>non</span> <span class='ocrx_word' id='word_1_175' title='bbox 1324 1061 1397 1091; x_wconf 89' lang='lat' dir='ltr'>pro-</span> 
     </span>
     <span class='ocr_line' id='line_1_23' title="bbox 317 1101 1396 1142; baseline -0.006 -4"><span class='ocrx_word' id='word_1_176' title='bbox 317 1107 454 1142; x_wconf 91' lang='lat' dir='ltr'>duxerit,</span> <span class='ocrx_word' id='word_1_177' title='bbox 471 1114 548 1136; x_wconf 90' lang='lat' dir='ltr'>cum</span> <span class='ocrx_word' id='word_1_178' title='bbox 564 1105 604 1134; x_wconf 89' lang='lat' dir='ltr'>sit</span> <span class='ocrx_word' id='word_1_179' title='bbox 621 1102 802 1134; x_wconf 87' lang='lat' dir='ltr'>universale</span> <span class='ocrx_word' id='word_1_180' title='bbox 818 1101 946 1132; x_wconf 89' lang='lat' dir='ltr'>essendi</span> <span class='ocrx_word' id='word_1_181' title='bbox 962 1102 1172 1141; x_wconf 89' lang='lat' dir='ltr'>principium,</span> <span class='ocrx_word' id='word_1_182' title='bbox 1198 1109 1229 1132; x_wconf 90' lang='lat' dir='ltr'>et</span> <span class='ocrx_word' id='word_1_183' title='bbox 1246 1102 1291 1131; x_wconf 86' lang='lat' dir='ltr'>sic</span> <span class='ocrx_word' id='word_1_184' title='bbox 1308 1102 1396 1132; x_wconf 85' lang='lat' dir='ltr'>nulla</span> 
     </span>
     <span class='ocr_line' id='line_1_24' title="bbox 316 1152 1398 1199; baseline -0.006 -10"><span class='ocrx_word' id='word_1_185' title='bbox 316 1156 564 1199; x_wconf 88' lang='lat' dir='ltr'>praesupposita</span> <span class='ocrx_word' id='word_1_186' title='bbox 580 1155 714 1186; x_wconf 85' lang='lat' dir='ltr'>materia</span> <span class='ocrx_word' id='word_1_187' title='bbox 729 1158 772 1182; x_wconf 85' lang='lat' dir='ltr'>vel</span> <span class='ocrx_word' id='word_1_188' title='bbox 795 1157 984 1190; x_wconf 74' lang='lat' dir='ltr'>qualicumque</span> <span class='ocrx_word' id='word_1_189' title='bbox 1002 1152 1080 1193; x_wconf 83' lang='lat' dir='ltr'>(vel)</span> <span class='ocrx_word' id='word_1_190' title='bbox 1106 1153 1253 1192; x_wconf 85' lang='lat' dir='ltr'>potentia</span> <span class='ocrx_word' id='word_1_191' title='bbox 1277 1153 1398 1193; x_wconf 88' lang='lat' dir='ltr'>produ-</span> 
     </span>
     <span class='ocr_line' id='line_1_25' title="bbox 315 1203 1398 1249; baseline -0.006 -9"><span class='ocrx_word' id='word_1_192' title='bbox 315 1211 371 1240; x_wconf 86' lang='lat' dir='ltr'>xit.</span> <span class='ocrx_word' id='word_1_193' title='bbox 398 1209 538 1249; x_wconf 89' lang='lat' dir='ltr'>Oportet</span> <span class='ocrx_word' id='word_1_194' title='bbox 553 1213 663 1237; x_wconf 88' lang='lat' dir='ltr'>autem</span> <span class='ocrx_word' id='word_1_195' title='bbox 679 1209 863 1243; x_wconf 78' lang='lat' dir='ltr'>proportiones</span> <span class='ocrx_word' id='word_1_196' title='bbox 881 1203 1157 1245; x_wconf 86' lang='lat' dir='ltr'>(proportionem)</span> <span class='ocrx_word' id='word_1_197' title='bbox 1177 1204 1302 1234; x_wconf 83' lang='lat' dir='ltr'>virtutis</span> <span class='ocrx_word' id='word_1_198' title='bbox 1323 1205 1398 1234; x_wconf 88' lang='lat' dir='ltr'>acti-</span> 
     </span>
     <span class='ocr_line' id='line_1_26' title="bbox 315 1255 1398 1300; baseline -0.006 -9"><span class='ocrx_word' id='word_1_199' title='bbox 315 1270 375 1291; x_wconf 84' lang='lat' dir='ltr'>vae</span> <span class='ocrx_word' id='word_1_200' title='bbox 399 1261 547 1300; x_wconf 87' lang='lat' dir='ltr'>accipere</span> <span class='ocrx_word' id='word_1_201' title='bbox 571 1255 754 1288; x_wconf 88' lang='lat' dir='ltr'>secundum</span> <span class='ocrx_word' id='word_1_202' title='bbox 777 1255 1027 1296; x_wconf 81' lang='lat' dir='ltr'>proportionem</span> <span class='ocrx_word' id='word_1_203' title='bbox 1052 1255 1218 1294; x_wconf 84' lang='lat' dir='ltr'>potentiae</span> <span class='ocrx_word' id='word_1_204' title='bbox 1243 1256 1398 1294; x_wconf 80' lang='lat' dir='ltr'>passivae,</span> 
     </span>
     <span class='ocr_line' id='line_1_27' title="bbox 315 1307 1400 1351; baseline -0.006 -9"><span class='ocrx_word' id='word_1_205' title='bbox 315 1308 537 1351; x_wconf 56' lang='lat' dir='ltr'>namquanto‘</span> <span class='ocrx_word' id='word_1_206' title='bbox 550 1307 697 1349; x_wconf 90' lang='lat' dir='ltr'>potentia</span> <span class='ocrx_word' id='word_1_207' title='bbox 713 1307 839 1348; x_wconf 89' lang='lat' dir='ltr'>passiva</span> <span class='ocrx_word' id='word_1_208' title='bbox 858 1313 897 1335; x_wconf 79' lang='lat' dir='ltr'>est</span> <span class='ocrx_word' id='word_1_209' title='bbox 916 1307 1021 1336; x_wconf 87' lang='lat' dir='ltr'>maior</span> <span class='ocrx_word' id='word_1_210' title='bbox 1033 1309 1201 1341; x_wconf 78' lang='lat' dir='ltr'>praeexistit</span> <span class='ocrx_word' id='word_1_211' title='bbox 1217 1307 1400 1345; x_wconf 85' lang='lat' dir='ltr'>praeexistit</span> 
     </span>
     <span class='ocr_line' id='line_1_28' title="bbox 315 1357 1398 1403; baseline -0.005 -11"><span class='ocrx_word' id='word_1_212' title='bbox 315 1362 368 1394; x_wconf 89' lang='lat' dir='ltr'>vel</span> <span class='ocrx_word' id='word_1_213' title='bbox 390 1360 669 1403; x_wconf 83' lang='lat' dir='ltr'>praeintelligitur‚</span> <span class='ocrx_word' id='word_1_214' title='bbox 697 1364 789 1388; x_wconf 89' lang='lat' dir='ltr'>tanto</span> <span class='ocrx_word' id='word_1_215' title='bbox 814 1358 930 1388; x_wconf 89' lang='lat' dir='ltr'>maiori</span> <span class='ocrx_word' id='word_1_216' title='bbox 957 1358 1072 1388; x_wconf 91' lang='lat' dir='ltr'>virtute</span> <span class='ocrx_word' id='word_1_217' title='bbox 1097 1357 1200 1387; x_wconf 88' lang='lat' dir='ltr'>activa</span> <span class='ocrx_word' id='word_1_218' title='bbox 1228 1358 1261 1386; x_wconf 92' lang='lat' dir='ltr'>in</span> <span class='ocrx_word' id='word_1_219' title='bbox 1290 1363 1398 1388; x_wconf 90' lang='lat' dir='ltr'>actum</span> 
     </span>
     <span class='ocr_line' id='line_1_29' title="bbox 316 1411 1400 1454; baseline -0.004 -14"><span class='ocrx_word' id='word_1_220' title='bbox 316 1413 512 1454; x_wconf 85' lang='lat' dir='ltr'>completur.</span> <span class='ocrx_word' id='word_1_221' title='bbox 537 1415 747 1446; x_wconf 76' lang='lat' dir='ltr'>Qualiscumque</span> <span class='ocrx_word' id='word_1_222' title='bbox 766 1418 854 1437; x_wconf 86' lang='lat' dir='ltr'>autem</span> <span class='ocrx_word' id='word_1_223' title='bbox 873 1413 1005 1446; x_wconf 85' lang='lat' dir='ltr'>potentiae</span> <span class='ocrx_word' id='word_1_224' title='bbox 1023 1411 1055 1436; x_wconf 82' lang='lat' dir='ltr'>ab</span> <span class='ocrx_word' id='word_1_225' title='bbox 1075 1416 1133 1436; x_wconf 84' lang='lat' dir='ltr'>actu</span> <span class='ocrx_word' id='word_1_226' title='bbox 1153 1416 1400 1444; x_wconf 79' lang='lat' dir='ltr'>quantumcumque</span> 
     </span>
     <span class='ocr_line' id='line_1_30' title="bbox 315 1458 1399 1498; baseline -0.006 -9"><span class='ocrx_word' id='word_1_227' title='bbox 315 1468 444 1498; x_wconf 80' lang='lat' dir='ltr'>remotae,</span> <span class='ocrx_word' id='word_1_228' title='bbox 459 1464 533 1488; x_wconf 88' lang='lat' dir='ltr'>nulla</span> <span class='ocrx_word' id='word_1_229' title='bbox 546 1469 587 1488; x_wconf 84' lang='lat' dir='ltr'>est</span> <span class='ocrx_word' id='word_1_230' title='bbox 600 1461 738 1496; x_wconf 77' lang='lat' dir='ltr'>proportio</span> <span class='ocrx_word' id='word_1_231' title='bbox 750 1462 782 1486; x_wconf 89' lang='lat' dir='ltr'>ad</span> <span class='ocrx_word' id='word_1_232' title='bbox 798 1461 898 1486; x_wconf 90' lang='lat' dir='ltr'>nullam</span> <span class='ocrx_word' id='word_1_233' title='bbox 912 1460 1065 1493; x_wconf 83' lang='lat' dir='ltr'>potentiam,</span> <span class='ocrx_word' id='word_1_234' title='bbox 1079 1458 1147 1484; x_wconf 88' lang='lat' dir='ltr'>sicut</span> <span class='ocrx_word' id='word_1_235' title='bbox 1159 1466 1206 1484; x_wconf 90' lang='lat' dir='ltr'>nec</span> <span class='ocrx_word' id='word_1_236' title='bbox 1220 1459 1288 1483; x_wconf 88' lang='lat' dir='ltr'>entis</span> <span class='ocrx_word' id='word_1_237' title='bbox 1301 1459 1333 1483; x_wconf 85' lang='lat' dir='ltr'>ad</span> <span class='ocrx_word' id='word_1_238' title='bbox 1347 1467 1399 1484; x_wconf 89' lang='lat' dir='ltr'>non</span> 
     </span>
    </p>
   </div>
   <div class='ocr_carea' id='block_1_9' title="bbox 313 1511 1402 3055">
    <p class='ocr_par' dir='ltr' id='par_1_9' title="bbox 313 1511 1402 3055">
     <span class='ocr_line' id='line_1_31' title="bbox 316 1511 1400 1549; baseline -0.005 -9"><span class='ocrx_word' id='word_1_239' title='bbox 316 1523 373 1540; x_wconf 89' lang='lat' dir='ltr'>ens.</span> <span class='ocrx_word' id='word_1_240' title='bbox 394 1515 562 1549; x_wconf 76' lang='lat' dir='ltr'>Relinquitur</span> <span class='ocrx_word' id='word_1_241' title='bbox 580 1515 652 1548; x_wconf 89' lang='lat' dir='ltr'>quod</span> <span class='ocrx_word' id='word_1_242' title='bbox 672 1521 721 1538; x_wconf 92' lang='lat' dir='ltr'>nec</span> <span class='ocrx_word' id='word_1_243' title='bbox 740 1513 842 1538; x_wconf 83' lang='lat' dir='ltr'>virtutis</span> <span class='ocrx_word' id='word_1_244' title='bbox 864 1513 962 1537; x_wconf 78' lang='lat' dir='ltr'>activae</span> <span class='ocrx_word' id='word_1_245' title='bbox 983 1519 1052 1545; x_wconf 88' lang='lat' dir='ltr'>quae</span> <span class='ocrx_word' id='word_1_246' title='bbox 1076 1518 1128 1535; x_wconf 90' lang='lat' dir='ltr'>non</span> <span class='ocrx_word' id='word_1_247' title='bbox 1147 1516 1236 1544; x_wconf 90' lang='lat' dir='ltr'>potest</span> <span class='ocrx_word' id='word_1_248' title='bbox 1254 1518 1332 1544; x_wconf 82' lang='lat' dir='ltr'>agere</span> <span class='ocrx_word' id='word_1_249' title='bbox 1351 1511 1400 1536; x_wconf 86' lang='lat' dir='ltr'>nisi</span> 
     </span>
     <span class='ocr_line' id='line_1_32' title="bbox 315 1562 1399 1600; baseline -0.006 -7"><span class='ocrx_word' id='word_1_250' title='bbox 315 1574 355 1593; x_wconf 82' lang='lat' dir='ltr'>ex</span> <span class='ocrx_word' id='word_1_251' title='bbox 372 1567 460 1600; x_wconf 83' lang='lat' dir='ltr'>aliqua</span> <span class='ocrx_word' id='word_1_252' title='bbox 482 1566 599 1599; x_wconf 87' lang='lat' dir='ltr'>potentia</span> <span class='ocrx_word' id='word_1_253' title='bbox 627 1566 733 1599; x_wconf 87' lang='lat' dir='ltr'>passiva</span> <span class='ocrx_word' id='word_1_254' title='bbox 761 1563 963 1598; x_wconf 83' lang='lat' dir='ltr'>praesupposita</span> <span class='ocrx_word' id='word_1_255' title='bbox 982 1563 1023 1588; x_wconf 90' lang='lat' dir='ltr'>vel</span> <span class='ocrx_word' id='word_1_256' title='bbox 1048 1562 1252 1596; x_wconf 79' lang='lat' dir='ltr'>praeintellecta,</span> <span class='ocrx_word' id='word_1_257' title='bbox 1273 1562 1304 1587; x_wconf 78' lang='lat' dir='ltr'>ad</span> <span class='ocrx_word' id='word_1_258' title='bbox 1327 1562 1399 1587; x_wconf 88' lang='lat' dir='ltr'>illam</span> 
     </span>
     <span class='ocr_line' id='line_1_33' title="bbox 316 1613 1400 1652; baseline -0.006 -8"><span class='ocrx_word' id='word_1_259' title='bbox 316 1626 385 1652; x_wconf 79' lang='lat' dir='ltr'>quae</span> <span class='ocrx_word' id='word_1_260' title='bbox 404 1619 456 1651; x_wconf 77' lang='lat' dir='ltr'>agit</span> <span class='ocrx_word' id='word_1_261' title='bbox 470 1618 543 1642; x_wconf 89' lang='lat' dir='ltr'>nulla</span> <span class='ocrx_word' id='word_1_262' title='bbox 563 1616 764 1651; x_wconf 87' lang='lat' dir='ltr'>preasupposita</span> <span class='ocrx_word' id='word_1_263' title='bbox 777 1616 819 1641; x_wconf 88' lang='lat' dir='ltr'>vel</span> <span class='ocrx_word' id='word_1_264' title='bbox 834 1614 1038 1649; x_wconf 75' lang='lat' dir='ltr'>praeintellecta.</span> <span class='ocrx_word' id='word_1_265' title='bbox 1053 1613 1149 1639; x_wconf 84' lang='lat' dir='ltr'>Omnis</span> <span class='ocrx_word' id='word_1_266' title='bbox 1162 1620 1249 1638; x_wconf 81' lang='lat' dir='ltr'>autem</span> <span class='ocrx_word' id='word_1_267' title='bbox 1259 1614 1400 1646; x_wconf 81' lang='lat' dir='ltr'>potentiae</span> 
     </span>
     <span class='ocr_line' id='line_1_34' title="bbox 315 1662 1400 1702; baseline -0.003 -6"><span class='ocrx_word' id='word_1_268' title='bbox 315 1669 404 1696; x_wconf 69' lang='lat' dir='ltr'>finitae</span> <span class='ocrx_word' id='word_1_269' title='bbox 428 1669 530 1694; x_wconf 88' lang='lat' dir='ltr'>virtutis</span> <span class='ocrx_word' id='word_1_270' title='bbox 556 1669 588 1694; x_wconf 92' lang='lat' dir='ltr'>ad</span> <span class='ocrx_word' id='word_1_271' title='bbox 615 1668 692 1693; x_wconf 86' lang='lat' dir='ltr'>aliam</span> <span class='ocrx_word' id='word_1_272' title='bbox 719 1666 820 1692; x_wconf 82' lang='lat' dir='ltr'>finitam</span> <span class='ocrx_word' id='word_1_273' title='bbox 845 1671 887 1692; x_wconf 87' lang='lat' dir='ltr'>est</span> <span class='ocrx_word' id='word_1_274' title='bbox 910 1666 998 1699; x_wconf 83' lang='lat' dir='ltr'>aliqua</span> <span class='ocrx_word' id='word_1_275' title='bbox 1023 1666 1168 1699; x_wconf 84' lang='lat' dir='ltr'>proportio.</span> <span class='ocrx_word' id='word_1_276' title='bbox 1191 1662 1400 1702; x_wconf 83' lang='lat' dir='ltr'>Relinquitur</span> 
     </span>
     <span class='ocr_line' id='line_1_35' title="bbox 315 1715 1401 1760; baseline -0.005 -11"><span class='ocrx_word' id='word_1_277' title='bbox 315 1719 428 1760; x_wconf 83' lang='lat' dir='ltr'>igitur,</span> <span class='ocrx_word' id='word_1_278' title='bbox 453 1727 529 1748; x_wconf 87' lang='lat' dir='ltr'>cum</span> <span class='ocrx_word' id='word_1_279' title='bbox 554 1717 655 1747; x_wconf 87' lang='lat' dir='ltr'>virtus</span> <span class='ocrx_word' id='word_1_280' title='bbox 684 1715 775 1746; x_wconf 89' lang='lat' dir='ltr'>finita</span> <span class='ocrx_word' id='word_1_281' title='bbox 802 1715 964 1756; x_wconf 83' lang='lat' dir='ltr'>producat</span> <span class='ocrx_word' id='word_1_282' title='bbox 987 1719 1020 1744; x_wconf 83' lang='lat' dir='ltr'>de</span> <span class='ocrx_word' id='word_1_283' title='bbox 1037 1718 1163 1752; x_wconf 78' lang='lat' dir='ltr'>potentia</span> <span class='ocrx_word' id='word_1_284' title='bbox 1188 1717 1320 1743; x_wconf 72' lang='lat' dir='ltr'>materiae</span> <span class='ocrx_word' id='word_1_285' title='bbox 1343 1715 1401 1744; x_wconf 86' lang='lat' dir='ltr'>ali-</span> 
     </span>
     <span class='ocr_line' id='line_1_36' title="bbox 316 1766 1401 1813; baseline -0.005 -13"><span class='ocrx_word' id='word_1_286' title='bbox 316 1780 417 1813; x_wconf 87' lang='lat' dir='ltr'>quem</span> <span class='ocrx_word' id='word_1_287' title='bbox 433 1769 586 1800; x_wconf 84' lang='lat' dir='ltr'>effectum</span> <span class='ocrx_word' id='word_1_288' title='bbox 602 1769 851 1809; x_wconf 85' lang='lat' dir='ltr'>praesupposita</span> <span class='ocrx_word' id='word_1_289' title='bbox 867 1769 1014 1808; x_wconf 89' lang='lat' dir='ltr'>potentia</span> <span class='ocrx_word' id='word_1_290' title='bbox 1030 1769 1194 1806; x_wconf 88' lang='lat' dir='ltr'>materiae,</span> <span class='ocrx_word' id='word_1_291' title='bbox 1212 1766 1303 1807; x_wconf 91' lang='lat' dir='ltr'>quod</span> <span class='ocrx_word' id='word_1_292' title='bbox 1318 1771 1401 1795; x_wconf 74' lang='lat' dir='ltr'>virtus</span> 
     </span>
     <span class='ocr_line' id='line_1_37' title="bbox 315 1820 1402 1864; baseline -0.002 -12"><span class='ocrx_word' id='word_1_293' title='bbox 315 1834 385 1861; x_wconf 82' lang='lat' dir='ltr'>quae</span> <span class='ocrx_word' id='word_1_294' title='bbox 402 1826 451 1851; x_wconf 84' lang='lat' dir='ltr'>Dei</span> <span class='ocrx_word' id='word_1_295' title='bbox 470 1831 511 1851; x_wconf 86' lang='lat' dir='ltr'>est</span> <span class='ocrx_word' id='word_1_296' title='bbox 525 1821 600 1864; x_wconf 73' lang='lat' dir='ltr'>(Dei</span> <span class='ocrx_word' id='word_1_297' title='bbox 617 1821 742 1860; x_wconf 87' lang='lat' dir='ltr'>virtus),</span> <span class='ocrx_word' id='word_1_298' title='bbox 759 1829 844 1860; x_wconf 87' lang='lat' dir='ltr'>quae</span> <span class='ocrx_word' id='word_1_299' title='bbox 860 1820 984 1850; x_wconf 91' lang='lat' dir='ltr'>nullam</span> <span class='ocrx_word' id='word_1_300' title='bbox 1004 1821 1186 1860; x_wconf 86' lang='lat' dir='ltr'>potentiam</span> <span class='ocrx_word' id='word_1_301' title='bbox 1198 1824 1293 1856; x_wconf 78' lang='lat' dir='ltr'>passiv</span> <span class='ocrx_word' id='word_1_302' title='bbox 1309 1830 1402 1861; x_wconf 90' lang='lat' dir='ltr'>prae—</span> 
     </span>
     <span class='ocr_line' id='line_1_38' title="bbox 315 1871 1402 1915; baseline -0.004 -9"><span class='ocrx_word' id='word_1_303' title='bbox 315 1873 484 1915; x_wconf 88' lang='lat' dir='ltr'>supponit,</span> <span class='ocrx_word' id='word_1_304' title='bbox 501 1882 570 1903; x_wconf 89' lang='lat' dir='ltr'>non</span> <span class='ocrx_word' id='word_1_305' title='bbox 593 1877 630 1900; x_wconf 76' lang='lat' dir='ltr'>sit</span> <span class='ocrx_word' id='word_1_306' title='bbox 653 1873 693 1901; x_wconf 90' lang='lat' dir='ltr'>sit</span> <span class='ocrx_word' id='word_1_307' title='bbox 710 1871 801 1901; x_wconf 87' lang='lat' dir='ltr'>finita</span> <span class='ocrx_word' id='word_1_308' title='bbox 824 1871 881 1902; x_wconf 88' lang='lat' dir='ltr'>sed</span> <span class='ocrx_word' id='word_1_309' title='bbox 905 1871 1042 1908; x_wconf 85' lang='lat' dir='ltr'>infinita,</span> <span class='ocrx_word' id='word_1_310' title='bbox 1060 1877 1091 1902; x_wconf 87' lang='lat' dir='ltr'>et</span> <span class='ocrx_word' id='word_1_311' title='bbox 1107 1873 1150 1902; x_wconf 90' lang='lat' dir='ltr'>ita</span> <span class='ocrx_word' id='word_1_312' title='bbox 1176 1874 1313 1902; x_wconf 86' lang='lat' dir='ltr'>essentia</span> <span class='ocrx_word' id='word_1_313' title='bbox 1330 1871 1402 1902; x_wconf 88' lang='lat' dir='ltr'>infi-</span> 
     </span>
     <span class='ocr_line' id='line_1_39' title="bbox 315 1926 1401 1964; baseline -0.005 -7"><span class='ocrx_word' id='word_1_314' title='bbox 315 1928 394 1958; x_wconf 81' lang='lat' dir='ltr'>nita.</span> <span class='ocrx_word' id='word_1_315' title='bbox 409 1930 424 1964; x_wconf 66' lang='grc' dir='ltr'><strong>ξ</strong></span> <span class='ocrx_word' id='word_1_316' title='bbox 438 1931 513 1955; x_wconf 82' lang='lat' dir='ltr'>Item.</span> <span class='ocrx_word' id='word_1_317' title='bbox 527 1929 606 1959; x_wconf 91' lang='lat' dir='ltr'>Quod</span> <span class='ocrx_word' id='word_1_318' title='bbox 620 1928 653 1952; x_wconf 92' lang='lat' dir='ltr'>de</span> <span class='ocrx_word' id='word_1_319' title='bbox 666 1935 696 1952; x_wconf 88' lang='lat' dir='ltr'>se</span> <span class='ocrx_word' id='word_1_320' title='bbox 708 1926 812 1952; x_wconf 84' lang='lat' dir='ltr'>finitum</span> <span class='ocrx_word' id='word_1_321' title='bbox 827 1932 868 1952; x_wconf 88' lang='lat' dir='ltr'>est</span> <span class='ocrx_word' id='word_1_322' title='bbox 883 1935 935 1951; x_wconf 90' lang='lat' dir='ltr'>non</span> <span class='ocrx_word' id='word_1_323' title='bbox 949 1933 1036 1959; x_wconf 83' lang='lat' dir='ltr'>potest</span> <span class='ocrx_word' id='word_1_324' title='bbox 1050 1928 1124 1952; x_wconf 87' lang='lat' dir='ltr'>alteri</span> <span class='ocrx_word' id='word_1_325' title='bbox 1139 1928 1292 1953; x_wconf 84' lang='lat' dir='ltr'>intinitatem</span> <span class='ocrx_word' id='word_1_326' title='bbox 1306 1929 1401 1961; x_wconf 85' lang='lat' dir='ltr'>largiri.</span> 
     </span>
     <span class='ocr_line' id='line_1_40' title="bbox 316 1979 1402 2016; baseline -0.003 -7"><span class='ocrx_word' id='word_1_327' title='bbox 316 1985 368 2009; x_wconf 79' lang='lat' dir='ltr'>Sed</span> <span class='ocrx_word' id='word_1_328' title='bbox 387 1984 518 2016; x_wconf 81' lang='lat' dir='ltr'>quaedam</span> <span class='ocrx_word' id='word_1_329' title='bbox 537 1987 599 2007; x_wconf 88' lang='lat' dir='ltr'>sunt</span> <span class='ocrx_word' id='word_1_330' title='bbox 618 1988 731 2014; x_wconf 87' lang='lat' dir='ltr'>quorum</span> <span class='ocrx_word' id='word_1_331' title='bbox 756 1981 859 2005; x_wconf 80' lang='lat' dir='ltr'>duratio</span> <span class='ocrx_word' id='word_1_332' title='bbox 882 1986 924 2005; x_wconf 83' lang='lat' dir='ltr'>est</span> <span class='ocrx_word' id='word_1_333' title='bbox 946 1979 1053 2012; x_wconf 83' lang='lat' dir='ltr'>infinita,</span> <span class='ocrx_word' id='word_1_334' title='bbox 1076 1981 1119 2006; x_wconf 79' lang='lat' dir='ltr'>vel</span> <span class='ocrx_word' id='word_1_335' title='bbox 1143 1988 1173 2005; x_wconf 84' lang='lat' dir='ltr'>ex</span> <span class='ocrx_word' id='word_1_336' title='bbox 1197 1987 1310 2014; x_wconf 81' lang='lat' dir='ltr'>utraque</span> <span class='ocrx_word' id='word_1_337' title='bbox 1327 1986 1402 2014; x_wconf 86' lang='lat' dir='ltr'>parte</span> 
     </span>
     <span class='ocr_line' id='line_1_41' title="bbox 316 2031 1400 2068; baseline -0.004 -6"><span class='ocrx_word' id='word_1_338' title='bbox 316 2035 464 2062; x_wconf 75' lang='lat' dir='ltr'>secundum</span> <span class='ocrx_word' id='word_1_339' title='bbox 485 2039 615 2068; x_wconf 87' lang='lat' dir='ltr'>ponentes</span> <span class='ocrx_word' id='word_1_340' title='bbox 635 2033 814 2058; x_wconf 85' lang='lat' dir='ltr'>aeternitatem</span> <span class='ocrx_word' id='word_1_341' title='bbox 834 2033 934 2064; x_wconf 87' lang='lat' dir='ltr'>mundi,</span> <span class='ocrx_word' id='word_1_342' title='bbox 953 2033 995 2057; x_wconf 83' lang='lat' dir='ltr'>vel</span> <span class='ocrx_word' id='word_1_343' title='bbox 1019 2040 1050 2057; x_wconf 87' lang='lat' dir='ltr'>ex</span> <span class='ocrx_word' id='word_1_344' title='bbox 1075 2038 1150 2065; x_wconf 87' lang='lat' dir='ltr'>parte</span> <span class='ocrx_word' id='word_1_345' title='bbox 1174 2031 1235 2057; x_wconf 86' lang='lat' dir='ltr'>finis</span> <span class='ocrx_word' id='word_1_346' title='bbox 1253 2033 1400 2058; x_wconf 79' lang='lat' dir='ltr'>secundum</span> 
     </span>
     <span class='ocr_line' id='line_1_42' title="bbox 315 2083 1399 2118; baseline -0.004 -6"><span class='ocrx_word' id='word_1_347' title='bbox 315 2095 375 2118; x_wconf 85' lang='lat' dir='ltr'>nos,</span> <span class='ocrx_word' id='word_1_348' title='bbox 394 2087 463 2112; x_wconf 79' lang='lat' dir='ltr'>sicut</span> <span class='ocrx_word' id='word_1_349' title='bbox 481 2086 627 2111; x_wconf 85' lang='lat' dir='ltr'>substantia</span> <span class='ocrx_word' id='word_1_350' title='bbox 647 2085 720 2114; x_wconf 85' lang='lat' dir='ltr'>caeli,</span> <span class='ocrx_word' id='word_1_351' title='bbox 739 2085 842 2109; x_wconf 83' lang='lat' dir='ltr'>animae</span> <span class='ocrx_word' id='word_1_352' title='bbox 860 2083 1010 2112; x_wconf 84' lang='lat' dir='ltr'>rationales,</span> <span class='ocrx_word' id='word_1_353' title='bbox 1033 2089 1059 2108; x_wconf 86' lang='lat' dir='ltr'>et</span> <span class='ocrx_word' id='word_1_354' title='bbox 1083 2083 1132 2108; x_wconf 90' lang='lat' dir='ltr'>alia</span> <span class='ocrx_word' id='word_1_355' title='bbox 1151 2083 1313 2110; x_wconf 86' lang='lat' dir='ltr'>huiusmodi.</span> <span class='ocrx_word' id='word_1_356' title='bbox 1333 2084 1399 2108; x_wconf 89' lang='lat' dir='ltr'>Cum</span> 
     </span>
     <span class='ocr_line' id='line_1_43' title="bbox 315 2135 1400 2173; baseline -0.005 -8"><span class='ocrx_word' id='word_1_357' title='bbox 315 2139 395 2173; x_wconf 78' lang='lat' dir='ltr'>igitur</span> <span class='ocrx_word' id='word_1_358' title='bbox 407 2138 472 2164; x_wconf 77' lang='lat' dir='ltr'>haec</span> <span class='ocrx_word' id='word_1_359' title='bbox 493 2137 615 2170; x_wconf 81' lang='lat' dir='ltr'>(omnia)</span> <span class='ocrx_word' id='word_1_360' title='bbox 630 2144 684 2161; x_wconf 88' lang='lat' dir='ltr'>non</span> <span class='ocrx_word' id='word_1_361' title='bbox 697 2136 810 2160; x_wconf 85' lang='lat' dir='ltr'>habeant</span> <span class='ocrx_word' id='word_1_362' title='bbox 822 2143 884 2160; x_wconf 88' lang='lat' dir='ltr'>esse</span> <span class='ocrx_word' id='word_1_363' title='bbox 897 2143 945 2160; x_wconf 86' lang='lat' dir='ltr'>nec</span> <span class='ocrx_word' id='word_1_364' title='bbox 953 2136 1105 2168; x_wconf 65' lang='lat' dir='ltr'>perfectiori</span> <span class='ocrx_word' id='word_1_365' title='bbox 1120 2135 1328 2169; x_wconf 83' lang='lat' dir='ltr'>permanentiam</span> <span class='ocrx_word' id='word_1_366' title='bbox 1343 2143 1357 2160; x_wconf 87' lang='lat' dir='ltr'>a</span> <span class='ocrx_word' id='word_1_367' title='bbox 1372 2143 1400 2160; x_wconf 86' lang='lat' dir='ltr'>se</span> 
     </span>
     <span class='ocr_line' id='line_1_44' title="bbox 315 2183 1398 2225; baseline -0.001 -9"><span class='ocrx_word' id='word_1_368' title='bbox 315 2191 365 2216; x_wconf 72' lang='lat' dir='ltr'>sed</span> <span class='ocrx_word' id='word_1_369' title='bbox 384 2198 400 2215; x_wconf 84' lang='lat' dir='ltr'>a</span> <span class='ocrx_word' id='word_1_370' title='bbox 418 2190 484 2220; x_wconf 85' lang='lat' dir='ltr'>Deo,</span> <span class='ocrx_word' id='word_1_371' title='bbox 503 2194 609 2222; x_wconf 85' lang='lat' dir='ltr'>oportet</span> <span class='ocrx_word' id='word_1_372' title='bbox 627 2189 714 2213; x_wconf 90' lang='lat' dir='ltr'>Deum</span> <span class='ocrx_word' id='word_1_373' title='bbox 728 2195 788 2212; x_wconf 86' lang='lat' dir='ltr'>esse</span> <span class='ocrx_word' id='word_1_374' title='bbox 801 2186 939 2211; x_wconf 84' lang='lat' dir='ltr'>infinitum.</span> <span class='ocrx_word' id='word_1_375' title='bbox 958 2185 976 2223; x_wconf 66' lang='grc' dir='ltr'><strong>ἓ</strong></span> <span class='ocrx_word' id='word_1_376' title='bbox 992 2183 1154 2224; x_wconf 78' lang='lat' dir='ltr'>Amplius.</span> <span class='ocrx_word' id='word_1_377' title='bbox 1173 2185 1398 2225; x_wconf 82' lang='lat' dir='ltr'>Unaquaeque</span> 
     </span>
     <span class='ocr_line' id='line_1_45' title="bbox 315 2238 1399 2280; baseline -0.005 -7"><span class='ocrx_word' id='word_1_378' title='bbox 315 2252 366 2273; x_wconf 89' lang='lat' dir='ltr'>res</span> <span class='ocrx_word' id='word_1_379' title='bbox 390 2246 480 2272; x_wconf 90' lang='lat' dir='ltr'>tanto</span> <span class='ocrx_word' id='word_1_380' title='bbox 497 2246 544 2271; x_wconf 82' lang='lat' dir='ltr'>est</span> <span class='ocrx_word' id='word_1_381' title='bbox 561 2240 746 2271; x_wconf 87' lang='lat' dir='ltr'>diuturnior</span> <span class='ocrx_word' id='word_1_382' title='bbox 769 2245 893 2280; x_wconf 91' lang='lat' dir='ltr'>quanto</span> <span class='ocrx_word' id='word_1_383' title='bbox 911 2244 951 2267; x_wconf 82' lang='lat' dir='ltr'>sui</span> <span class='ocrx_word' id='word_1_384' title='bbox 970 2239 1066 2279; x_wconf 64' lang='lat' dir='ltr'>(eius)</span> <span class='ocrx_word' id='word_1_385' title='bbox 1090 2248 1159 2268; x_wconf 89' lang='lat' dir='ltr'>esse</span> <span class='ocrx_word' id='word_1_386' title='bbox 1177 2248 1272 2268; x_wconf 84' lang='lat' dir='ltr'>causa</span> <span class='ocrx_word' id='word_1_387' title='bbox 1290 2244 1337 2269; x_wconf 89' lang='lat' dir='ltr'>est</span> <span class='ocrx_word' id='word_1_388' title='bbox 1354 2238 1399 2268; x_wconf 84' lang='lat' dir='ltr'>ef-</span> 
     </span>
     <span class='ocr_line' id='line_1_46' title="bbox 315 2286 1400 2337; baseline -0.005 -13"><span class='ocrx_word' id='word_1_389' title='bbox 315 2286 458 2324; x_wconf 75' lang='lat' dir='ltr'>ficacior.</span> <span class='ocrx_word' id='word_1_390' title='bbox 484 2292 567 2337; x_wconf 78' lang='lat' dir='ltr'>Illud</span> <span class='ocrx_word' id='word_1_391' title='bbox 592 2293 688 2331; x_wconf 86' lang='lat' dir='ltr'>igitur</span> <span class='ocrx_word' id='word_1_392' title='bbox 706 2313 714 2320; x_wconf 89' lang='lat'>.</span> <span class='ocrx_word' id='word_1_393' title='bbox 729 2314 736 2321; x_wconf 90' lang='lat'>.</span> <span class='ocrx_word' id='word_1_394' title='bbox 750 2314 757 2320; x_wconf 91' lang='lat'>.</span> <span class='ocrx_word' id='word_1_395' title='bbox 775 2297 954 2321; x_wconf 89' lang='lat' dir='ltr'>aeternum.</span> <span class='ocrx_word' id='word_1_396' title='bbox 972 2291 1060 2320; x_wconf 83' lang='lat' dir='ltr'>Cum</span> <span class='ocrx_word' id='word_1_397' title='bbox 1077 2290 1174 2330; x_wconf 81' lang='lat' dir='ltr'>igitur</span> <span class='ocrx_word' id='word_1_398' title='bbox 1192 2299 1260 2319; x_wconf 90' lang='lat' dir='ltr'>non</span> <span class='ocrx_word' id='word_1_399' title='bbox 1285 2290 1400 2320; x_wconf 87' lang='lat' dir='ltr'>habeat</span> 
     </span>
     <span class='ocr_line' id='line_1_47' title="bbox 315 2343 1399 2384; baseline -0.005 -8"><span class='ocrx_word' id='word_1_400' title='bbox 315 2346 412 2376; x_wconf 83' lang='lat' dir='ltr'>aliam</span> <span class='ocrx_word' id='word_1_401' title='bbox 429 2354 561 2376; x_wconf 88' lang='lat' dir='ltr'>causam</span> <span class='ocrx_word' id='word_1_402' title='bbox 573 2345 624 2374; x_wconf 88' lang='lat' dir='ltr'>sui</span> <span class='ocrx_word' id='word_1_403' title='bbox 641 2353 711 2374; x_wconf 88' lang='lat' dir='ltr'>esse</span> <span class='ocrx_word' id='word_1_404' title='bbox 727 2350 854 2384; x_wconf 89' lang='lat' dir='ltr'>praeter</span> <span class='ocrx_word' id='word_1_405' title='bbox 871 2343 1025 2383; x_wconf 87' lang='lat' dir='ltr'>seipsum,</span> <span class='ocrx_word' id='word_1_406' title='bbox 1042 2346 1251 2371; x_wconf 75' lang='lat' dir='ltr'>diuturnitatem</span> <span class='ocrx_word' id='word_1_407' title='bbox 1269 2348 1399 2382; x_wconf 81' lang='lat' dir='ltr'>oportet</span> 
     </span>
     <span class='ocr_line' id='line_1_48' title="bbox 314 2393 1398 2438; baseline -0.004 -11"><span class='ocrx_word' id='word_1_408' title='bbox 314 2398 426 2438; x_wconf 87' lang='lat' dir='ltr'>ipsum</span> <span class='ocrx_word' id='word_1_409' title='bbox 438 2406 507 2427; x_wconf 90' lang='lat' dir='ltr'>esse</span> <span class='ocrx_word' id='word_1_410' title='bbox 521 2395 697 2431; x_wconf 86' lang='lat' dir='ltr'>infinitum,</span> <span class='ocrx_word' id='word_1_411' title='bbox 715 2396 733 2433; x_wconf 65' lang='grc' dir='ltr'><strong>ἓ</strong></span> <span class='ocrx_word' id='word_1_412' title='bbox 746 2395 833 2425; x_wconf 87' lang='lat' dir='ltr'>Huic</span> <span class='ocrx_word' id='word_1_413' title='bbox 847 2401 957 2424; x_wconf 86' lang='lat' dir='ltr'>autem</span> <span class='ocrx_word' id='word_1_414' title='bbox 973 2418 979 2423; x_wconf 96' lang='lat'>.</span> <span class='ocrx_word' id='word_1_415' title='bbox 995 2417 1001 2423; x_wconf 93' lang='lat'>.</span> <span class='ocrx_word' id='word_1_416' title='bbox 1016 2417 1024 2423; x_wconf 87' lang='lat'>.</span> <span class='ocrx_word' id='word_1_417' title='bbox 1038 2403 1107 2424; x_wconf 91' lang='lat' dir='ltr'>non</span> <span class='ocrx_word' id='word_1_418' title='bbox 1120 2399 1168 2424; x_wconf 87' lang='lat' dir='ltr'>est</span> <span class='ocrx_word' id='word_1_419' title='bbox 1180 2393 1263 2423; x_wconf 83' lang='lat' dir='ltr'>finis.</span> <span class='ocrx_word' id='word_1_420' title='bbox 1280 2395 1298 2432; x_wconf 66' lang='grc' dir='ltr'>ξ</span> <span class='ocrx_word' id='word_1_421' title='bbox 1312 2394 1398 2423; x_wconf 84' lang='lat' dir='ltr'>Huic</span> 
     </span>
     <span class='ocr_line' id='line_1_49' title="bbox 315 2446 1398 2487; baseline -0.004 -8"><span class='ocrx_word' id='word_1_422' title='bbox 315 2450 414 2479; x_wconf 89' lang='lat' dir='ltr'>etiam</span> <span class='ocrx_word' id='word_1_423' title='bbox 491 2448 605 2478; x_wconf 80' lang='lat' dir='ltr'>coacti.</span> <span class='ocrx_word' id='word_1_424' title='bbox 631 2447 800 2487; x_wconf 89' lang='lat' dir='ltr'>Propriam</span> <span class='ocrx_word' id='word_1_425' title='bbox 825 2447 914 2476; x_wconf 89' lang='lat' dir='ltr'>enim</span> <span class='ocrx_word' id='word_1_426' title='bbox 938 2455 1056 2476; x_wconf 90' lang='lat' dir='ltr'>vocem</span> <span class='ocrx_word' id='word_1_427' title='bbox 1078 2446 1280 2486; x_wconf 85' lang='lat' dir='ltr'>ignorabant,</span> <span class='ocrx_word' id='word_1_428' title='bbox 1306 2446 1398 2475; x_wconf 88' lang='lat' dir='ltr'>aesti-</span> 
     </span>
     <span class='ocr_line' id='line_1_50' title="bbox 315 2497 1399 2538; baseline -0.005 -7"><span class='ocrx_word' id='word_1_429' title='bbox 315 2507 442 2531; x_wconf 84' lang='lat' dir='ltr'>mantes</span> <span class='ocrx_word' id='word_1_430' title='bbox 466 2499 660 2530; x_wconf 85' lang='lat' dir='ltr'>infinitatem</span> <span class='ocrx_word' id='word_1_431' title='bbox 685 2499 782 2538; x_wconf 89' lang='lat' dir='ltr'>primi</span> <span class='ocrx_word' id='word_1_432' title='bbox 805 2498 958 2538; x_wconf 87' lang='lat' dir='ltr'>principii</span> <span class='ocrx_word' id='word_1_433' title='bbox 982 2497 1022 2528; x_wconf 91' lang='lat' dir='ltr'>ad</span> <span class='ocrx_word' id='word_1_434' title='bbox 1045 2497 1183 2527; x_wconf 90' lang='lat' dir='ltr'>modum</span> <span class='ocrx_word' id='word_1_435' title='bbox 1211 2498 1399 2537; x_wconf 84' lang='lat' dir='ltr'>quantitatis</span> 
     </span>
     <span class='ocr_line' id='line_1_51' title="bbox 314 2547 1398 2590; baseline -0.004 -9"><span class='ocrx_word' id='word_1_436' title='bbox 314 2557 356 2580; x_wconf 86' lang='lat' dir='ltr'>vel</span> <span class='ocrx_word' id='word_1_437' title='bbox 377 2551 533 2581; x_wconf 87' lang='lat' dir='ltr'>discretae</span> <span class='ocrx_word' id='word_1_438' title='bbox 551 2572 559 2580; x_wconf 91' lang='lat'>.</span> <span class='ocrx_word' id='word_1_439' title='bbox 574 2572 582 2580; x_wconf 91' lang='lat'>.</span> <span class='ocrx_word' id='word_1_440' title='bbox 597 2572 604 2580; x_wconf 89' lang='lat'>.</span> <span class='ocrx_word' id='word_1_441' title='bbox 622 2549 674 2579; x_wconf 87' lang='lat' dir='ltr'>vel</span> <span class='ocrx_word' id='word_1_442' title='bbox 700 2553 778 2577; x_wconf 80' lang='lat' dir='ltr'>etiam</span> <span class='ocrx_word' id='word_1_443' title='bbox 809 2548 862 2590; x_wconf 54' lang='lat' dir='ltr'>(ad</span> <span class='ocrx_word' id='word_1_444' title='bbox 893 2547 1031 2578; x_wconf 90' lang='lat' dir='ltr'>modum</span> <span class='ocrx_word' id='word_1_445' title='bbox 1061 2549 1261 2588; x_wconf 82' lang='lat' dir='ltr'>quantitatis)</span> <span class='ocrx_word' id='word_1_446' title='bbox 1295 2549 1398 2578; x_wconf 90' lang='lat' dir='ltr'>conti-</span> 
     </span>
     <span class='ocr_line' id='line_1_52' title="bbox 313 2599 1398 2640; baseline -0.006 -7"><span class='ocrx_word' id='word_1_447' title='bbox 313 2611 411 2638; x_wconf 89' lang='lat' dir='ltr'>nuae,</span> <span class='ocrx_word' id='word_1_448' title='bbox 428 2600 610 2632; x_wconf 86' lang='lat' dir='ltr'>secundum</span> <span class='ocrx_word' id='word_1_449' title='bbox 627 2600 702 2630; x_wconf 90' lang='lat' dir='ltr'>illos</span> <span class='ocrx_word' id='word_1_450' title='bbox 715 2601 772 2640; x_wconf 89' lang='lat' dir='ltr'>qui</span> <span class='ocrx_word' id='word_1_451' title='bbox 787 2605 971 2640; x_wconf 87' lang='lat' dir='ltr'>posuerunt</span> <span class='ocrx_word' id='word_1_452' title='bbox 983 2599 1117 2639; x_wconf 88' lang='lat' dir='ltr'>aliquod</span> <span class='ocrx_word' id='word_1_453' title='bbox 1131 2599 1331 2628; x_wconf 86' lang='lat' dir='ltr'>elementum</span> <span class='ocrx_word' id='word_1_454' title='bbox 1349 2599 1398 2628; x_wconf 82' lang='lat' dir='ltr'>vel</span> 
     </span>
     <span class='ocr_line' id='line_1_53' title="bbox 315 2649 1396 2693; baseline -0.006 -9"><span class='ocrx_word' id='word_1_455' title='bbox 315 2652 492 2684; x_wconf 85' lang='lat' dir='ltr'>confusum</span> <span class='ocrx_word' id='word_1_456' title='bbox 510 2652 645 2693; x_wconf 88' lang='lat' dir='ltr'>aliquod</span> <span class='ocrx_word' id='word_1_457' title='bbox 665 2651 831 2682; x_wconf 82' lang='lat' dir='ltr'>infinitum</span> <span class='ocrx_word' id='word_1_458' title='bbox 848 2661 968 2691; x_wconf 90' lang='lat' dir='ltr'>corpus</span> <span class='ocrx_word' id='word_1_459' title='bbox 993 2660 1061 2680; x_wconf 89' lang='lat' dir='ltr'>esse</span> <span class='ocrx_word' id='word_1_460' title='bbox 1086 2651 1229 2690; x_wconf 88' lang='lat' dir='ltr'>primum</span> <span class='ocrx_word' id='word_1_461' title='bbox 1246 2649 1396 2679; x_wconf 90' lang='lat' dir='ltr'>omnium</span> 
     </span>
     <span class='ocr_line' id='line_1_54' title="bbox 314 2702 1396 2746; baseline -0.006 -10"><span class='ocrx_word' id='word_1_462' title='bbox 314 2705 523 2746; x_wconf 84' lang='lat' dir='ltr'>principium.</span> <span class='ocrx_word' id='word_1_463' title='bbox 549 2703 613 2735; x_wconf 75' lang='lat' dir='ltr'>Sed</span> <span class='ocrx_word' id='word_1_464' title='bbox 637 2713 714 2734; x_wconf 90' lang='lat' dir='ltr'>cum</span> <span class='ocrx_word' id='word_1_465' title='bbox 739 2710 907 2733; x_wconf 86' lang='lat' dir='ltr'>ostensum</span> <span class='ocrx_word' id='word_1_466' title='bbox 919 2707 1009 2740; x_wconf 69' lang='lat' dir='ltr'>suerit</span> <span class='ocrx_word' id='word_1_467' title='bbox 1032 2702 1072 2731; x_wconf 84' lang='lat' dir='ltr'>sit</span> <span class='ocrx_word' id='word_1_468' title='bbox 1095 2711 1152 2741; x_wconf 83' lang='lat' dir='ltr'>per</span> <span class='ocrx_word' id='word_1_469' title='bbox 1176 2704 1329 2729; x_wconf 81' lang='lat' dir='ltr'>doctrinam</span> <span class='ocrx_word' id='word_1_470' title='bbox 1349 2709 1396 2730; x_wconf 91' lang='lat' dir='ltr'>se-</span> 
     </span>
     <span class='ocr_line' id='line_1_55' title="bbox 315 2751 1397 2798; baseline -0.006 -10"><span class='ocrx_word' id='word_1_471' title='bbox 315 2759 488 2798; x_wconf 85' lang='lat' dir='ltr'>quentium</span> <span class='ocrx_word' id='word_1_472' title='bbox 512 2756 788 2796; x_wconf 86' lang='lat' dir='ltr'>philosophorum</span> <span class='ocrx_word' id='word_1_473' title='bbox 813 2754 957 2784; x_wconf 88' lang='lat' dir='ltr'>studium</span> <span class='ocrx_word' id='word_1_474' title='bbox 982 2753 1072 2793; x_wconf 85' lang='lat' dir='ltr'>quod</span> <span class='ocrx_word' id='word_1_475' title='bbox 1096 2762 1164 2782; x_wconf 91' lang='lat' dir='ltr'>non</span> <span class='ocrx_word' id='word_1_476' title='bbox 1189 2758 1236 2782; x_wconf 89' lang='lat' dir='ltr'>est</span> <span class='ocrx_word' id='word_1_477' title='bbox 1263 2751 1397 2791; x_wconf 86' lang='lat' dir='ltr'>aliquod</span> 
     </span>
     <span class='ocr_line' id='line_1_56' title="bbox 315 2804 1396 2850; baseline -0.006 -10"><span class='ocrx_word' id='word_1_478' title='bbox 315 2819 436 2850; x_wconf 90' lang='lat' dir='ltr'>corpus</span> <span class='ocrx_word' id='word_1_479' title='bbox 459 2808 641 2844; x_wconf 88' lang='lat' dir='ltr'>infinitum;</span> <span class='ocrx_word' id='word_1_480' title='bbox 661 2813 691 2836; x_wconf 91' lang='lat' dir='ltr'>et</span> <span class='ocrx_word' id='word_1_481' title='bbox 716 2808 791 2836; x_wconf 89' lang='lat' dir='ltr'>huic</span> <span class='ocrx_word' id='word_1_482' title='bbox 816 2806 1033 2845; x_wconf 85' lang='lat' dir='ltr'>coniungatur</span> <span class='ocrx_word' id='word_1_483' title='bbox 1057 2804 1147 2844; x_wconf 91' lang='lat' dir='ltr'>quod</span> <span class='ocrx_word' id='word_1_484' title='bbox 1173 2810 1303 2844; x_wconf 85' lang='lat' dir='ltr'>oportet</span> <span class='ocrx_word' id='word_1_485' title='bbox 1328 2813 1396 2833; x_wconf 83' lang='lat' dir='ltr'>csse</span> 
     </span>
     <span class='ocr_line' id='line_1_57' title="bbox 314 2856 1398 2902; baseline -0.008 -11"><span class='ocrx_word' id='word_1_486' title='bbox 314 2862 459 2902; x_wconf 87' lang='lat' dir='ltr'>primum</span> <span class='ocrx_word' id='word_1_487' title='bbox 482 2859 681 2900; x_wconf 87' lang='lat' dir='ltr'>principium</span> <span class='ocrx_word' id='word_1_488' title='bbox 706 2859 817 2897; x_wconf 91' lang='lat' dir='ltr'>aliquo</span> <span class='ocrx_word' id='word_1_489' title='bbox 849 2857 951 2887; x_wconf 89' lang='lat' dir='ltr'>modo</span> <span class='ocrx_word' id='word_1_490' title='bbox 980 2856 1155 2891; x_wconf 83' lang='lat' dir='ltr'>infinitum,</span> <span class='ocrx_word' id='word_1_491' title='bbox 1183 2860 1216 2883; x_wconf 87' lang='lat' dir='ltr'>de</span> <span class='ocrx_word' id='word_1_492' title='bbox 1242 2859 1398 2883; x_wconf 71' lang='lat' dir='ltr'>necessitate</span> 
     </span>
     <span class='ocr_line' id='line_1_58' title="bbox 315 2907 1397 2951; baseline -0.006 -8"><span class='ocrx_word' id='word_1_493' title='bbox 315 2913 523 2944; x_wconf 85' lang='lat' dir='ltr'>concluditur</span> <span class='ocrx_word' id='word_1_494' title='bbox 547 2911 638 2951; x_wconf 89' lang='lat' dir='ltr'>quod</span> <span class='ocrx_word' id='word_1_495' title='bbox 662 2920 770 2950; x_wconf 90' lang='lat' dir='ltr'>neque</span> <span class='ocrx_word' id='word_1_496' title='bbox 795 2916 842 2939; x_wconf 86' lang='lat' dir='ltr'>est</span> <span class='ocrx_word' id='word_1_497' title='bbox 864 2919 983 2949; x_wconf 87' lang='lat' dir='ltr'>corpus</span> <span class='ocrx_word' id='word_1_498' title='bbox 1013 2918 1120 2948; x_wconf 89' lang='lat' dir='ltr'>neque</span> <span class='ocrx_word' id='word_1_499' title='bbox 1145 2909 1244 2937; x_wconf 88' lang='lat' dir='ltr'>virtus</span> <span class='ocrx_word' id='word_1_500' title='bbox 1268 2907 1301 2936; x_wconf 90' lang='lat' dir='ltr'>in</span> <span class='ocrx_word' id='word_1_501' title='bbox 1326 2916 1397 2936; x_wconf 87' lang='lat' dir='ltr'>cor-</span> 
     </span>
     <span class='ocr_line' id='line_1_59' title="bbox 316 2959 1395 3005; baseline -0.006 -11"><span class='ocrx_word' id='word_1_502' title='bbox 316 2974 398 3005; x_wconf 85' lang='lat' dir='ltr'>pore</span> <span class='ocrx_word' id='word_1_503' title='bbox 418 2968 486 2992; x_wconf 83' lang='lat' dir='ltr'>sicut</span> <span class='ocrx_word' id='word_1_504' title='bbox 503 2967 660 2991; x_wconf 78' lang='lat' dir='ltr'>Aristoteles</span> <span class='ocrx_word' id='word_1_505' title='bbox 680 2966 842 2990; x_wconf 80' lang='lat' dir='ltr'>demonstrat</span> <span class='ocrx_word' id='word_1_506' title='bbox 866 2960 1028 2990; x_wconf 88' lang='lat' dir='ltr'>infinitum</span> <span class='ocrx_word' id='word_1_507' title='bbox 1055 2959 1159 3000; x_wconf 88' lang='lat' dir='ltr'>(quod</span> <span class='ocrx_word' id='word_1_508' title='bbox 1184 2965 1230 2989; x_wconf 88' lang='lat' dir='ltr'>est</span> <span class='ocrx_word' id='word_1_509' title='bbox 1254 2959 1395 2999; x_wconf 90' lang='lat' dir='ltr'>primum</span> 
     </span>
     <span class='ocr_line' id='line_1_60' title="bbox 317 3015 540 3055; baseline -0.004 -10"><span class='ocrx_word' id='word_1_510' title='bbox 317 3015 540 3055; x_wconf 83' lang='lat' dir='ltr'>principium.)</span> 
     </span>
    </p>
   </div>
   <div class='ocr_carea' id='block_1_10' title="bbox 468 3102 1246 3165">
    <p class='ocr_par' dir='ltr' id='par_1_10' title="bbox 468 3102 1246 3165">
     <span class='ocr_line' id='line_1_61' title="bbox 1099 3102 1109 3112; baseline 0 0"><span class='ocrx_word' id='word_1_511' title='bbox 1099 3102 1109 3112; x_wconf 56' lang='grc' dir='ltr'><em>ι</em></span> 
     </span>
     <span class='ocr_line' id='line_1_62' title="bbox 468 3124 1246 3165; baseline -0.005 -10"><span class='ocrx_word' id='word_1_512' title='bbox 468 3127 550 3165; x_wconf 80' lang='lat' dir='ltr'>Cap.</span> <span class='ocrx_word' id='word_1_513' title='bbox 575 3125 688 3155; x_wconf 85' lang='lat' dir='ltr'>XLlV.</span> <span class='ocrx_word' id='word_1_514' title='bbox 719 3124 816 3162; x_wconf 83' lang='lat' dir='ltr'>Quon</span> <span class='ocrx_word' id='word_1_515' title='bbox 842 3124 927 3153; x_wconf 70' lang='lat' dir='ltr'>Deus</span> <span class='ocrx_word' id='word_1_516' title='bbox 952 3133 1006 3153; x_wconf 77' lang='lat' dir='ltr'>EST</span> <span class='ocrx_word' id='word_1_517' title='bbox 1030 3132 1246 3152; x_wconf 64' lang='lat' dir='ltr'>mmnuonxs.</span> 
     </span>
    </p>
   </div>
   <div class='ocr_carea' id='block_1_11' title="bbox 315 3214 1398 3821">
    <p class='ocr_par' dir='ltr' id='par_1_11' title="bbox 315 3214 1398 3821">
     <span class='ocr_line' id='line_1_63' title="bbox 371 3214 1396 3252; baseline -0.005 -9"><span class='ocrx_word' id='word_1_518' title='bbox 371 3219 404 3252; x_wconf 65' lang='lat' dir='ltr'>&lt;fi</span> <span class='ocrx_word' id='word_1_519' title='bbox 423 3219 472 3243; x_wconf 88' lang='lat' dir='ltr'>His</span> <span class='ocrx_word' id='word_1_520' title='bbox 491 3219 569 3251; x_wconf 88' lang='lat' dir='ltr'>igitur</span> <span class='ocrx_word' id='word_1_521' title='bbox 587 3217 755 3250; x_wconf 88' lang='lat' dir='ltr'>perscrutatis</span> <span class='ocrx_word' id='word_1_522' title='bbox 775 3217 807 3241; x_wconf 88' lang='lat' dir='ltr'>de</span> <span class='ocrx_word' id='word_1_523' title='bbox 826 3215 866 3240; x_wconf 90' lang='lat' dir='ltr'>his</span> <span class='ocrx_word' id='word_1_524' title='bbox 886 3223 953 3248; x_wconf 86' lang='lat' dir='ltr'>quae</span> <span class='ocrx_word' id='word_1_525' title='bbox 968 3216 1000 3240; x_wconf 88' lang='lat' dir='ltr'>ad</span> <span class='ocrx_word' id='word_1_526' title='bbox 1014 3215 1117 3240; x_wconf 88' lang='lat' dir='ltr'>divinae</span> <span class='ocrx_word' id='word_1_527' title='bbox 1135 3214 1296 3239; x_wconf 86' lang='lat' dir='ltr'>substantiae</span> <span class='ocrx_word' id='word_1_528' title='bbox 1309 3214 1396 3246; x_wconf 85' lang='lat' dir='ltr'>cogni-</span> 
     </span>
     <span class='ocr_line' id='line_1_64' title="bbox 316 3265 1398 3304; baseline -0.006 -8"><span class='ocrx_word' id='word_1_529' title='bbox 316 3273 415 3296; x_wconf 84' lang='lat' dir='ltr'>tionem</span> <span class='ocrx_word' id='word_1_530' title='bbox 444 3271 572 3304; x_wconf 85' lang='lat' dir='ltr'>pertinent</span> <span class='ocrx_word' id='word_1_531' title='bbox 590 3277 636 3302; x_wconf 89' lang='lat' dir='ltr'>per</span> <span class='ocrx_word' id='word_1_532' title='bbox 659 3269 729 3294; x_wconf 85' lang='lat' dir='ltr'>viam</span> <span class='ocrx_word' id='word_1_533' title='bbox 757 3268 917 3297; x_wconf 88' lang='lat' dir='ltr'>remotionis,</span> <span class='ocrx_word' id='word_1_534' title='bbox 943 3267 1127 3300; x_wconf 84' lang='lat' dir='ltr'>inquirendum</span> <span class='ocrx_word' id='word_1_535' title='bbox 1151 3271 1192 3290; x_wconf 87' lang='lat' dir='ltr'>est</span> <span class='ocrx_word' id='word_1_536' title='bbox 1217 3266 1250 3290; x_wconf 89' lang='lat' dir='ltr'>de</span> <span class='ocrx_word' id='word_1_537' title='bbox 1278 3265 1320 3290; x_wconf 84' lang='lat' dir='ltr'>his</span> <span class='ocrx_word' id='word_1_538' title='bbox 1351 3265 1398 3298; x_wconf 82' lang='lat' dir='ltr'>qui</span> 
     </span>
     <span class='ocr_line' id='line_1_65' title="bbox 316 3316 1394 3355; baseline -0.007 -8"><span class='ocrx_word' id='word_1_539' title='bbox 316 3329 385 3355; x_wconf 86' lang='lat' dir='ltr'>quae</span> <span class='ocrx_word' id='word_1_540' title='bbox 403 3322 435 3346; x_wconf 89' lang='lat' dir='ltr'>ad</span> <span class='ocrx_word' id='word_1_541' title='bbox 454 3321 633 3354; x_wconf 86' lang='lat' dir='ltr'>operationem</span> <span class='ocrx_word' id='word_1_542' title='bbox 653 3321 708 3344; x_wconf 90' lang='lat' dir='ltr'>eius</span> <span class='ocrx_word' id='word_1_543' title='bbox 728 3319 865 3352; x_wconf 88' lang='lat' dir='ltr'>pertinent,</span> <span class='ocrx_word' id='word_1_544' title='bbox 890 3318 916 3342; x_wconf 91' lang='lat' dir='ltr'>in</span> <span class='ocrx_word' id='word_1_545' title='bbox 936 3317 1032 3350; x_wconf 89' lang='lat' dir='ltr'>quibus</span> <span class='ocrx_word' id='word_1_546' title='bbox 1061 3316 1256 3349; x_wconf 87' lang='lat' dir='ltr'>procedendum</span> <span class='ocrx_word' id='word_1_547' title='bbox 1282 3321 1323 3340; x_wconf 87' lang='lat' dir='ltr'>est</span> <span class='ocrx_word' id='word_1_548' title='bbox 1341 3322 1394 3347; x_wconf 84' lang='lat' dir='ltr'>per</span> 
     </span>
     <span class='ocr_line' id='line_1_66' title="bbox 316 3367 1395 3406; baseline -0.008 -7"><span class='ocrx_word' id='word_1_549' title='bbox 316 3373 455 3406; x_wconf 83' lang='lat' dir='ltr'>praecipue</span> <span class='ocrx_word' id='word_1_550' title='bbox 473 3380 520 3405; x_wconf 91' lang='lat' dir='ltr'>per</span> <span class='ocrx_word' id='word_1_551' title='bbox 540 3372 608 3396; x_wconf 82' lang='lat' dir='ltr'>viam</span> <span class='ocrx_word' id='word_1_552' title='bbox 627 3370 812 3396; x_wconf 87' lang='lat' dir='ltr'>similitudinis.</span> <span class='ocrx_word' id='word_1_553' title='bbox 832 3370 900 3393; x_wconf 88' lang='lat' dir='ltr'>lnter</span> <span class='ocrx_word' id='word_1_554' title='bbox 918 3376 986 3402; x_wconf 86' lang='lat' dir='ltr'>quae</span> <span class='ocrx_word' id='word_1_555' title='bbox 1005 3368 1089 3401; x_wconf 90' lang='lat' dir='ltr'>primo</span> <span class='ocrx_word' id='word_1_556' title='bbox 1108 3367 1296 3398; x_wconf 88' lang='lat' dir='ltr'>ostendemus&gt;</span> <span class='ocrx_word' id='word_1_557' title='bbox 1312 3367 1338 3398; x_wconf 67' lang='grc' dir='ltr'>(ξ</span> <span class='ocrx_word' id='word_1_558' title='bbox 1358 3367 1395 3391; x_wconf 81' lang='lat' dir='ltr'>Ex</span> 
     </span>
     <span class='ocr_line' id='line_1_67' title="bbox 316 3419 1395 3458; baseline -0.006 -8"><span class='ocrx_word' id='word_1_559' title='bbox 316 3425 468 3458; x_wconf 80' lang='lat' dir='ltr'>praemissis</span> <span class='ocrx_word' id='word_1_560' title='bbox 484 3429 572 3449; x_wconf 89' lang='lat' dir='ltr'>autem</span> <span class='ocrx_word' id='word_1_561' title='bbox 588 3423 720 3456; x_wconf 88' lang='lat' dir='ltr'>sequitur)</span> <span class='ocrx_word' id='word_1_562' title='bbox 735 3423 820 3446; x_wconf 88' lang='lat' dir='ltr'>Deum</span> <span class='ocrx_word' id='word_1_563' title='bbox 834 3428 893 3445; x_wconf 88' lang='lat' dir='ltr'>esse</span> <span class='ocrx_word' id='word_1_564' title='bbox 912 3420 1107 3452; x_wconf 85' lang='lat' dir='ltr'>intelligentem.</span> <span class='ocrx_word' id='word_1_565' title='bbox 1128 3419 1223 3449; x_wconf 89' lang='lat' dir='ltr'>(Quod</span> <span class='ocrx_word' id='word_1_566' title='bbox 1237 3419 1343 3451; x_wconf 90' lang='lat' dir='ltr'>quidem</span> <span class='ocrx_word' id='word_1_567' title='bbox 1359 3419 1395 3443; x_wconf 87' lang='lat' dir='ltr'>sic</span> 
     </span>
     <span class='ocr_line' id='line_1_68' title="bbox 315 3470 1394 3510; baseline -0.006 -8"><span class='ocrx_word' id='word_1_568' title='bbox 315 3477 442 3510; x_wconf 86' lang='lat' dir='ltr'>probatur</span> <span class='ocrx_word' id='word_1_569' title='bbox 463 3485 494 3501; x_wconf 82' lang='lat' dir='ltr'>ex</span> <span class='ocrx_word' id='word_1_570' title='bbox 512 3476 554 3501; x_wconf 89' lang='lat' dir='ltr'>his</span> <span class='ocrx_word' id='word_1_571' title='bbox 573 3483 641 3509; x_wconf 89' lang='lat' dir='ltr'>quae</span> <span class='ocrx_word' id='word_1_572' title='bbox 659 3483 740 3507; x_wconf 91' lang='lat' dir='ltr'>supra</span> <span class='ocrx_word' id='word_1_573' title='bbox 768 3474 836 3498; x_wconf 85' lang='lat' dir='ltr'>dicta</span> <span class='ocrx_word' id='word_1_574' title='bbox 859 3473 946 3504; x_wconf 79' lang='lat' dir='ltr'>sunt.)</span> <span class='ocrx_word' id='word_1_575' title='bbox 975 3473 1122 3497; x_wconf 88' lang='lat' dir='ltr'>Ostensum</span> <span class='ocrx_word' id='word_1_576' title='bbox 1141 3477 1181 3496; x_wconf 89' lang='lat' dir='ltr'>est</span> <span class='ocrx_word' id='word_1_577' title='bbox 1203 3470 1284 3504; x_wconf 88' lang='lat' dir='ltr'>(enim</span> <span class='ocrx_word' id='word_1_578' title='bbox 1305 3472 1394 3504; x_wconf 87' lang='lat' dir='ltr'>supra)</span> 
     </span>
     <span class='ocr_line' id='line_1_69' title="bbox 316 3519 1395 3561; baseline -0.006 -8"><span class='ocrx_word' id='word_1_579' title='bbox 316 3529 432 3561; x_wconf 87' lang='lat' dir='ltr'>primum</span> <span class='ocrx_word' id='word_1_580' title='bbox 448 3519 563 3553; x_wconf 80' lang='lat' dir='ltr'>movens</span> <span class='ocrx_word' id='word_1_581' title='bbox 583 3535 644 3552; x_wconf 91' lang='lat' dir='ltr'>esse</span> <span class='ocrx_word' id='word_1_582' title='bbox 662 3527 771 3552; x_wconf 90' lang='lat' dir='ltr'>omnino</span> <span class='ocrx_word' id='word_1_583' title='bbox 786 3526 931 3551; x_wconf 84' lang='lat' dir='ltr'>immobile.</span> <span class='ocrx_word' id='word_1_584' title='bbox 949 3524 1018 3549; x_wconf 88' lang='lat' dir='ltr'>Nihil</span> <span class='ocrx_word' id='word_1_585' title='bbox 1037 3527 1077 3549; x_wconf 77' lang='lat' dir='ltr'>est</span> <span class='ocrx_word' id='word_1_586' title='bbox 1096 3529 1183 3549; x_wconf 84' lang='lat' dir='ltr'>autem</span> <span class='ocrx_word' id='word_1_587' title='bbox 1197 3523 1325 3547; x_wconf 83' lang='lat' dir='ltr'>invenitur</span> <span class='ocrx_word' id='word_1_588' title='bbox 1339 3530 1395 3546; x_wconf 91' lang='lat' dir='ltr'>mo-</span> 
     </span>
     <span class='ocr_line' id='line_1_70' title="bbox 316 3575 1395 3610; baseline -0.007 -6"><span class='ocrx_word' id='word_1_589' title='bbox 316 3586 382 3603; x_wconf 91' lang='lat' dir='ltr'>vens</span> <span class='ocrx_word' id='word_1_590' title='bbox 401 3580 511 3603; x_wconf 83' lang='lat' dir='ltr'>omnino</span> <span class='ocrx_word' id='word_1_591' title='bbox 525 3578 661 3603; x_wconf 86' lang='lat' dir='ltr'>immobile</span> <span class='ocrx_word' id='word_1_592' title='bbox 679 3578 729 3602; x_wconf 86' lang='lat' dir='ltr'>nisi</span> <span class='ocrx_word' id='word_1_593' title='bbox 753 3577 899 3610; x_wconf 87' lang='lat' dir='ltr'>appetibile.</span> <span class='ocrx_word' id='word_1_594' title='bbox 919 3576 985 3600; x_wconf 84' lang='lat' dir='ltr'>Nam</span> <span class='ocrx_word' id='word_1_595' title='bbox 1003 3582 1082 3599; x_wconf 86' lang='lat' dir='ltr'>omne</span> <span class='ocrx_word' id='word_1_596' title='bbox 1101 3575 1172 3606; x_wconf 90' lang='lat' dir='ltr'>quod</span> <span class='ocrx_word' id='word_1_597' title='bbox 1191 3578 1288 3604; x_wconf 85' lang='lat' dir='ltr'>movet,</span> <span class='ocrx_word' id='word_1_598' title='bbox 1308 3578 1395 3597; x_wconf 87' lang='lat' dir='ltr'>movet</span> 
     </span>
     <span class='ocr_line' id='line_1_71' title="bbox 316 3624 1393 3666; baseline -0.008 -9"><span class='ocrx_word' id='word_1_599' title='bbox 316 3641 364 3666; x_wconf 88' lang='lat' dir='ltr'>per</span> <span class='ocrx_word' id='word_1_600' title='bbox 383 3636 505 3656; x_wconf 83' lang='lat' dir='ltr'>naturam</span> <span class='ocrx_word' id='word_1_601' title='bbox 523 3632 564 3656; x_wconf 93' lang='lat' dir='ltr'>vel</span> <span class='ocrx_word' id='word_1_602' title='bbox 584 3631 737 3665; x_wconf 82' lang='lat' dir='ltr'>appetitum.</span> <span class='ocrx_word' id='word_1_603' title='bbox 757 3630 823 3655; x_wconf 89' lang='lat' dir='ltr'>Nam</span> <span class='ocrx_word' id='word_1_604' title='bbox 841 3629 912 3662; x_wconf 83' lang='lat' dir='ltr'>quod</span> <span class='ocrx_word' id='word_1_605' title='bbox 925 3633 1014 3652; x_wconf 89' lang='lat' dir='ltr'>movet</span> <span class='ocrx_word' id='word_1_606' title='bbox 1026 3635 1056 3651; x_wconf 88' lang='lat' dir='ltr'>ex</span> <span class='ocrx_word' id='word_1_607' title='bbox 1074 3632 1173 3657; x_wconf 84' lang='lat' dir='ltr'>natura,</span> <span class='ocrx_word' id='word_1_608' title='bbox 1188 3625 1220 3649; x_wconf 86' lang='lat' dir='ltr'>de</span> <span class='ocrx_word' id='word_1_609' title='bbox 1238 3624 1393 3650; x_wconf 86' lang='lat' dir='ltr'>necessitate</span> 
     </span>
     <span class='ocr_line' id='line_1_72' title="bbox 318 3677 1393 3716; baseline -0.008 -7"><span class='ocrx_word' id='word_1_610' title='bbox 318 3689 416 3716; x_wconf 88' lang='lat' dir='ltr'>movet,</span> <span class='ocrx_word' id='word_1_611' title='bbox 438 3689 530 3708; x_wconf 85' lang='lat' dir='ltr'>natura</span> <span class='ocrx_word' id='word_1_612' title='bbox 555 3680 624 3708; x_wconf 75' lang='lat' dir='ltr'>enim</span> <span class='ocrx_word' id='word_1_613' title='bbox 644 3687 684 3707; x_wconf 90' lang='lat' dir='ltr'>est</span> <span class='ocrx_word' id='word_1_614' title='bbox 703 3682 859 3715; x_wconf 89' lang='lat' dir='ltr'>principium</span> <span class='ocrx_word' id='word_1_615' title='bbox 878 3681 910 3705; x_wconf 93' lang='lat' dir='ltr'>ad</span> <span class='ocrx_word' id='word_1_616' title='bbox 934 3687 1016 3705; x_wconf 89' lang='lat' dir='ltr'>unum</span> <span class='ocrx_word' id='word_1_617' title='bbox 1040 3678 1218 3707; x_wconf 86' lang='lat' dir='ltr'>determinata,</span> <span class='ocrx_word' id='word_1_618' title='bbox 1238 3683 1264 3701; x_wconf 87' lang='lat' dir='ltr'>et</span> <span class='ocrx_word' id='word_1_619' title='bbox 1283 3677 1319 3701; x_wconf 88' lang='lat' dir='ltr'>sic</span> <span class='ocrx_word' id='word_1_620' title='bbox 1341 3683 1393 3700; x_wconf 90' lang='lat' dir='ltr'>non</span> 
     </span>
     <span class='ocr_line' id='line_1_73' title="bbox 317 3729 1393 3768; baseline -0.009 -7"><span class='ocrx_word' id='word_1_621' title='bbox 317 3736 397 3761; x_wconf 84' lang='lat' dir='ltr'>estin</span> <span class='ocrx_word' id='word_1_622' title='bbox 416 3741 539 3761; x_wconf 86' lang='lat' dir='ltr'>movente</span> <span class='ocrx_word' id='word_1_623' title='bbox 558 3743 606 3768; x_wconf 91' lang='lat' dir='ltr'>per</span> <span class='ocrx_word' id='word_1_624' title='bbox 623 3742 701 3760; x_wconf 82' lang='lat' dir='ltr'>suam</span> <span class='ocrx_word' id='word_1_625' title='bbox 721 3736 830 3759; x_wconf 88' lang='lat' dir='ltr'>modum</span> <span class='ocrx_word' id='word_1_626' title='bbox 851 3739 959 3758; x_wconf 86' lang='lat' dir='ltr'>naturae</span> <span class='ocrx_word' id='word_1_627' title='bbox 972 3739 1078 3756; x_wconf 88' lang='lat' dir='ltr'>movere</span> <span class='ocrx_word' id='word_1_628' title='bbox 1091 3735 1116 3755; x_wconf 88' lang='lat' dir='ltr'>et</span> <span class='ocrx_word' id='word_1_629' title='bbox 1129 3738 1182 3754; x_wconf 92' lang='lat' dir='ltr'>non</span> <span class='ocrx_word' id='word_1_630' title='bbox 1200 3737 1316 3754; x_wconf 88' lang='lat' dir='ltr'>movere.</span> <span class='ocrx_word' id='word_1_631' title='bbox 1336 3729 1393 3752; x_wconf 87' lang='lat' dir='ltr'>Non</span> 
     </span>
     <span class='ocr_line' id='line_1_74' title="bbox 318 3781 1394 3821; baseline -0.01 -7"><span class='ocrx_word' id='word_1_632' title='bbox 318 3794 358 3814; x_wconf 82' lang='lat' dir='ltr'>est</span> <span class='ocrx_word' id='word_1_633' title='bbox 370 3796 433 3821; x_wconf 85' lang='lat' dir='ltr'>ergo</span> <span class='ocrx_word' id='word_1_634' title='bbox 452 3796 564 3813; x_wconf 88' lang='lat' dir='ltr'>movens</span> <span class='ocrx_word' id='word_1_635' title='bbox 578 3796 609 3813; x_wconf 85' lang='lat' dir='ltr'>ex</span> <span class='ocrx_word' id='word_1_636' title='bbox 627 3796 665 3819; x_wconf 80' lang='lat' dir='ltr'>se,</span> <span class='ocrx_word' id='word_1_637' title='bbox 679 3793 704 3812; x_wconf 82' lang='lat' dir='ltr'>et</span> <span class='ocrx_word' id='word_1_638' title='bbox 717 3787 754 3812; x_wconf 88' lang='lat' dir='ltr'>sic</span> <span class='ocrx_word' id='word_1_639' title='bbox 767 3791 856 3811; x_wconf 89' lang='lat' dir='ltr'>movet</span> <span class='ocrx_word' id='word_1_640' title='bbox 867 3793 898 3810; x_wconf 87' lang='lat' dir='ltr'>ex</span> <span class='ocrx_word' id='word_1_641' title='bbox 911 3785 1000 3815; x_wconf 84' lang='lat' dir='ltr'>altem,</span> <span class='ocrx_word' id='word_1_642' title='bbox 1018 3783 1089 3816; x_wconf 88' lang='lat' dir='ltr'>quod</span> <span class='ocrx_word' id='word_1_643' title='bbox 1103 3783 1146 3806; x_wconf 86' lang='lat' dir='ltr'>dat</span> <span class='ocrx_word' id='word_1_644' title='bbox 1163 3782 1186 3806; x_wconf 88' lang='lat' dir='ltr'>ei</span> <span class='ocrx_word' id='word_1_645' title='bbox 1198 3781 1322 3805; x_wconf 84' lang='lat' dir='ltr'>virtutem</span> <span class='ocrx_word' id='word_1_646' title='bbox 1337 3787 1394 3804; x_wconf 91' lang='lat' dir='ltr'>mo-</span> 
     </span>
    </p>
   </div>
   <div class='ocr_carea' id='block_1_12' title="bbox 317 3831 1393 3874">
    <p class='ocr_par' dir='ltr' id='par_1_12' title="bbox 317 3831 1393 3874">
     <span class='ocr_line' id='line_1_75' title="bbox 317 3831 1393 3874; baseline -0.009 -9"><span class='ocrx_word' id='word_1_647' title='bbox 317 3840 403 3865; x_wconf 87' lang='lat' dir='ltr'>vendi.</span> <span class='ocrx_word' id='word_1_648' title='bbox 421 3840 470 3864; x_wconf 89' lang='lat' dir='ltr'>Est</span> <span class='ocrx_word' id='word_1_649' title='bbox 489 3848 551 3874; x_wconf 84' lang='lat' dir='ltr'>ergo</span> <span class='ocrx_word' id='word_1_650' title='bbox 571 3847 681 3865; x_wconf 89' lang='lat' dir='ltr'>movens</span> <span class='ocrx_word' id='word_1_651' title='bbox 701 3844 803 3864; x_wconf 88' lang='lat' dir='ltr'>motum</span> <span class='ocrx_word' id='word_1_652' title='bbox 815 3845 895 3863; x_wconf 88' lang='lat' dir='ltr'>omne</span> <span class='ocrx_word' id='word_1_653' title='bbox 908 3837 979 3870; x_wconf 91' lang='lat' dir='ltr'>quod</span> <span class='ocrx_word' id='word_1_654' title='bbox 998 3842 1045 3868; x_wconf 89' lang='lat' dir='ltr'>per</span> <span class='ocrx_word' id='word_1_655' title='bbox 1064 3839 1181 3859; x_wconf 86' lang='lat' dir='ltr'>naturam</span> <span class='ocrx_word' id='word_1_656' title='bbox 1199 3837 1296 3857; x_wconf 86' lang='lat' dir='ltr'>movet.</span> <span class='ocrx_word' id='word_1_657' title='bbox 1316 3831 1393 3861; x_wconf 83' lang='lat' dir='ltr'>Quod</span> 
     </span>
    </p>
   </div>
   <div class='ocr_carea' id='block_1_13' title="bbox 318 3884 1392 3930">
    <p class='ocr_par' dir='ltr' id='par_1_13' title="bbox 318 3884 1392 3930">
     <span class='ocr_line' id='line_1_76' title="bbox 318 3884 1392 3930; baseline -0.017 -6"><span class='ocrx_word' id='word_1_658' title='bbox 318 3904 405 3924; x_wconf 84' lang='lat' dir='ltr'>autem</span> <span class='ocrx_word' id='word_1_659' title='bbox 425 3903 514 3922; x_wconf 87' lang='lat' dir='ltr'>movet</span> <span class='ocrx_word' id='word_1_660' title='bbox 532 3904 579 3930; x_wconf 88' lang='lat' dir='ltr'>per</span> <span class='ocrx_word' id='word_1_661' title='bbox 592 3895 744 3928; x_wconf 81' lang='lat' dir='ltr'>appetitum,</span> <span class='ocrx_word' id='word_1_662' title='bbox 758 3899 879 3919; x_wconf 84' lang='lat' dir='ltr'>movetur</span> <span class='ocrx_word' id='word_1_663' title='bbox 892 3892 923 3916; x_wconf 79' lang='lat' dir='ltr'>ab</span> <span class='ocrx_word' id='word_1_664' title='bbox 937 3889 1077 3923; x_wconf 83' lang='lat' dir='ltr'>appetibili,</span> <span class='ocrx_word' id='word_1_665' title='bbox 1089 3895 1148 3912; x_wconf 88' lang='lat' dir='ltr'>nam</span> <span class='ocrx_word' id='word_1_666' title='bbox 1169 3884 1309 3918; x_wconf 83' lang='lat' dir='ltr'>appetibile</span> <span class='ocrx_word' id='word_1_667' title='bbox 1322 3890 1392 3908; x_wconf 88' lang='lat' dir='ltr'>com-</span> 
     </span>
    </p>
   </div>
   <div class='ocr_carea' id='block_1_14' title="bbox 1411 3539 1434 3559">
    <p class='ocr_par' dir='ltr' id='par_1_14' title="bbox 1411 3539 1434 3559">
     <span class='ocr_line' id='line_1_77' title="bbox 1411 3539 1434 3559; baseline 0 0"><span class='ocrx_word' id='word_1_668' title='bbox 1411 3539 1434 3559; x_wconf 62' lang='grc' dir='ltr'>υς</span> 
     </span>
    </p>
   </div>
   <div class='ocr_carea' id='block_1_15' title="bbox 1448 237 2522 425">
    <p class='ocr_par' dir='ltr' id='par_1_15' title="bbox 1448 237 2522 425">
     <span class='ocr_line' id='line_1_78' title="bbox 1449 237 2522 271; baseline 0.002 -10"><span class='ocrx_word' id='word_1_669' title='bbox 1449 241 1554 269; x_wconf 88' lang='lat' dir='ltr'>paratur</span> <span class='ocrx_word' id='word_1_670' title='bbox 1572 237 1604 261; x_wconf 90' lang='lat' dir='ltr'>ad</span> <span class='ocrx_word' id='word_1_671' title='bbox 1623 237 1767 270; x_wconf 86' lang='lat' dir='ltr'>appetitum</span> <span class='ocrx_word' id='word_1_672' title='bbox 1780 242 1809 262; x_wconf 91' lang='lat' dir='ltr'>ut</span> <span class='ocrx_word' id='word_1_673' title='bbox 1825 243 1935 261; x_wconf 88' lang='lat' dir='ltr'>movens</span> <span class='ocrx_word' id='word_1_674' title='bbox 1955 237 1987 262; x_wconf 84' lang='lat' dir='ltr'>ad</span> <span class='ocrx_word' id='word_1_675' title='bbox 2007 242 2117 262; x_wconf 89' lang='lat' dir='ltr'>motum.</span> <span class='ocrx_word' id='word_1_676' title='bbox 2131 237 2242 270; x_wconf 84' lang='lat' dir='ltr'>Oportet</span> <span class='ocrx_word' id='word_1_677' title='bbox 2260 238 2336 270; x_wconf 84' lang='lat' dir='ltr'>igitur</span> <span class='ocrx_word' id='word_1_678' title='bbox 2354 238 2379 263; x_wconf 91' lang='lat' dir='ltr'>id</span> <span class='ocrx_word' id='word_1_679' title='bbox 2398 238 2468 271; x_wconf 91' lang='lat' dir='ltr'>quod</span> <span class='ocrx_word' id='word_1_680' title='bbox 2481 242 2522 263; x_wconf 84' lang='lat' dir='ltr'>est</span> 
     </span>
     <span class='ocr_line' id='line_1_79' title="bbox 1448 288 2521 322; baseline 0.002 -10"><span class='ocrx_word' id='word_1_681' title='bbox 1448 288 1534 321; x_wconf 89' lang='lat' dir='ltr'>primo</span> <span class='ocrx_word' id='word_1_682' title='bbox 1548 295 1658 313; x_wconf 86' lang='lat' dir='ltr'>movens</span> <span class='ocrx_word' id='word_1_683' title='bbox 1672 289 1688 320; x_wconf 84' lang='lat'><em>†</em></span> <span class='ocrx_word' id='word_1_684' title='bbox 1701 295 1756 313; x_wconf 82' lang='lat' dir='ltr'>esse</span> <span class='ocrx_word' id='word_1_685' title='bbox 1768 290 1881 320; x_wconf 80' lang='lat' dir='ltr'>appeten</span> <span class='ocrx_word' id='word_1_686' title='bbox 1895 289 1912 320; x_wconf 94' lang='lat'>†</span> <span class='ocrx_word' id='word_1_687' title='bbox 1925 295 2030 314; x_wconf 83' lang='lat' dir='ltr'>necesse</span> <span class='ocrx_word' id='word_1_688' title='bbox 2048 296 2103 314; x_wconf 82' lang='lat' dir='ltr'>esse</span> <span class='ocrx_word' id='word_1_689' title='bbox 2122 290 2214 322; x_wconf 78' lang='lat' dir='ltr'>appeti</span> <span class='ocrx_word' id='word_1_690' title='bbox 2232 297 2338 314; x_wconf 86' lang='lat' dir='ltr'>movere</span> <span class='ocrx_word' id='word_1_691' title='bbox 2358 290 2424 314; x_wconf 91' lang='lat' dir='ltr'>sicut</span> <span class='ocrx_word' id='word_1_692' title='bbox 2442 297 2521 322; x_wconf 88' lang='lat' dir='ltr'>appe-</span> 
     </span>
     <span class='ocr_line' id='line_1_80' title="bbox 1449 338 2521 374; baseline 0.003 -11"><span class='ocrx_word' id='word_1_693' title='bbox 1449 338 1520 363; x_wconf 87' lang='lat' dir='ltr'>tibile</span> <span class='ocrx_word' id='word_1_694' title='bbox 1539 344 1635 364; x_wconf 90' lang='lat' dir='ltr'>movet.</span> <span class='ocrx_word' id='word_1_695' title='bbox 1650 339 1788 372; x_wconf 87' lang='lat' dir='ltr'>Appetitur</span> <span class='ocrx_word' id='word_1_696' title='bbox 1800 346 1863 372; x_wconf 87' lang='lat' dir='ltr'>ergo</span> <span class='ocrx_word' id='word_1_697' title='bbox 1875 340 1915 364; x_wconf 84' lang='lat' dir='ltr'>vel</span> <span class='ocrx_word' id='word_1_698' title='bbox 1935 348 1950 364; x_wconf 90' lang='lat' dir='ltr'>a</span> <span class='ocrx_word' id='word_1_699' title='bbox 1969 348 2007 372; x_wconf 87' lang='lat' dir='ltr'>se,</span> <span class='ocrx_word' id='word_1_700' title='bbox 2026 340 2067 365; x_wconf 89' lang='lat' dir='ltr'>vel</span> <span class='ocrx_word' id='word_1_701' title='bbox 2081 340 2112 365; x_wconf 88' lang='lat' dir='ltr'>ab</span> <span class='ocrx_word' id='word_1_702' title='bbox 2131 341 2190 366; x_wconf 86' lang='lat' dir='ltr'>alio.</span> <span class='ocrx_word' id='word_1_703' title='bbox 2202 341 2235 365; x_wconf 87' lang='lat' dir='ltr'>Et</span> <span class='ocrx_word' id='word_1_704' title='bbox 2248 342 2322 366; x_wconf 88' lang='lat' dir='ltr'>detur</span> <span class='ocrx_word' id='word_1_705' title='bbox 2346 342 2431 374; x_wconf 89' lang='lat' dir='ltr'>primo</span> <span class='ocrx_word' id='word_1_706' title='bbox 2451 342 2521 374; x_wconf 87' lang='lat' dir='ltr'>quod</span> 
     </span>
     <span class='ocr_line' id='line_1_81' title="bbox 1449 389 2521 425; baseline 0.004 -12"><span class='ocrx_word' id='word_1_707' title='bbox 1449 389 1483 414; x_wconf 83' lang='lat' dir='ltr'>ab</span> <span class='ocrx_word' id='word_1_708' title='bbox 1502 390 1557 414; x_wconf 87' lang='lat' dir='ltr'>alio</span> <span class='ocrx_word' id='word_1_709' title='bbox 1571 397 1585 414; x_wconf 91' lang='lat' dir='ltr'>a</span> <span class='ocrx_word' id='word_1_710' title='bbox 1604 397 1641 414; x_wconf 91' lang='lat' dir='ltr'>se.</span> <span class='ocrx_word' id='word_1_711' title='bbox 1655 390 1725 423; x_wconf 87' lang='lat' dir='ltr'>Ergo</span> <span class='ocrx_word' id='word_1_712' title='bbox 1738 391 1882 415; x_wconf 88' lang='lat' dir='ltr'>secundum</span> <span class='ocrx_word' id='word_1_713' title='bbox 1903 390 1951 416; x_wconf 87' lang='lat' dir='ltr'>hoc</span> <span class='ocrx_word' id='word_1_714' title='bbox 1967 392 2080 424; x_wconf 86' lang='lat' dir='ltr'>primum</span> <span class='ocrx_word' id='word_1_715' title='bbox 2095 400 2204 417; x_wconf 89' lang='lat' dir='ltr'>movens</span> <span class='ocrx_word' id='word_1_716' title='bbox 2218 397 2258 417; x_wconf 90' lang='lat' dir='ltr'>est</span> <span class='ocrx_word' id='word_1_717' title='bbox 2270 398 2396 425; x_wconf 87' lang='lat' dir='ltr'>appetens</span> <span class='ocrx_word' id='word_1_718' title='bbox 2410 393 2464 418; x_wconf 90' lang='lat' dir='ltr'>sive</span> <span class='ocrx_word' id='word_1_719' title='bbox 2478 393 2521 417; x_wconf 90' lang='lat' dir='ltr'>de-</span> 
     </span>
    </p>
   </div>
   <div class='ocr_carea' id='block_1_16' title="bbox 1451 442 2521 474">
    <p class='ocr_par' dir='ltr' id='par_1_16' title="bbox 1451 442 2521 474">
     <span class='ocr_line' id='line_1_82' title="bbox 1451 442 2521 474; baseline 0.005 -9"><span class='ocrx_word' id='word_1_720' title='bbox 1451 442 1577 466; x_wconf 87' lang='lat' dir='ltr'>siderans.</span> <span class='ocrx_word' id='word_1_721' title='bbox 1591 442 1691 474; x_wconf 86' lang='lat' dir='ltr'>Duplex</span> <span class='ocrx_word' id='word_1_722' title='bbox 1704 447 1791 466; x_wconf 88' lang='lat' dir='ltr'>autem</span> <span class='ocrx_word' id='word_1_723' title='bbox 1805 447 1845 466; x_wconf 87' lang='lat' dir='ltr'>est</span> <span class='ocrx_word' id='word_1_724' title='bbox 1860 443 2026 474; x_wconf 84' lang='lat' dir='ltr'>desiderium,</span> <span class='ocrx_word' id='word_1_725' title='bbox 2042 451 2135 468; x_wconf 88' lang='lat' dir='ltr'>sensus</span> <span class='ocrx_word' id='word_1_726' title='bbox 2149 450 2174 469; x_wconf 92' lang='lat' dir='ltr'>et</span> <span class='ocrx_word' id='word_1_727' title='bbox 2189 444 2342 470; x_wconf 90' lang='lat' dir='ltr'>intellectus.</span> <span class='ocrx_word' id='word_1_728' title='bbox 2356 445 2414 470; x_wconf 92' lang='lat' dir='ltr'>Non</span> <span class='ocrx_word' id='word_1_729' title='bbox 2434 450 2521 470; x_wconf 88' lang='lat' dir='ltr'>autem</span> 
     </span>
    </p>
   </div>
   <div class='ocr_carea' id='block_1_17' title="bbox 1451 492 2655 528">
    <p class='ocr_par' dir='ltr' id='par_1_17' title="bbox 1451 492 2655 528">
     <span class='ocr_line' id='line_1_83' title="bbox 1451 492 2655 528; baseline 0.004 -12"><span class='ocrx_word' id='word_1_730' title='bbox 1451 497 1491 516; x_wconf 90' lang='lat' dir='ltr'>est</span> <span class='ocrx_word' id='word_1_731' title='bbox 1505 492 1630 524; x_wconf 89' lang='lat' dir='ltr'>possibile</span> <span class='ocrx_word' id='word_1_732' title='bbox 1650 493 1720 524; x_wconf 86' lang='lat' dir='ltr'>quod</span> <span class='ocrx_word' id='word_1_733' title='bbox 1735 492 1760 517; x_wconf 92' lang='lat' dir='ltr'>id</span> <span class='ocrx_word' id='word_1_734' title='bbox 1773 493 1845 525; x_wconf 90' lang='lat' dir='ltr'>quod</span> <span class='ocrx_word' id='word_1_735' title='bbox 1866 499 1905 518; x_wconf 87' lang='lat' dir='ltr'>est</span> <span class='ocrx_word' id='word_1_736' title='bbox 1918 493 2032 526; x_wconf 89' lang='lat' dir='ltr'>primum</span> <span class='ocrx_word' id='word_1_737' title='bbox 2048 501 2158 519; x_wconf 84' lang='lat' dir='ltr'>movens</span> <span class='ocrx_word' id='word_1_738' title='bbox 2171 500 2202 519; x_wconf 90' lang='lat' dir='ltr'>ut</span> <span class='ocrx_word' id='word_1_739' title='bbox 2218 501 2344 528; x_wconf 84' lang='lat' dir='ltr'>appetens</span> <span class='ocrx_word' id='word_1_740' title='bbox 2365 496 2379 511; x_wconf 78' lang='lat'>¹⁸¹</span> <span class='ocrx_word' id='word_1_741' title='bbox 2393 497 2526 522; x_wconf 86' lang='lat' dir='ltr'>desideret</span> <span class='ocrx_word' id='word_1_742' title='bbox 2552 500 2571 514; x_wconf 79' lang='lat'>¹¹</span> <span class='ocrx_word' id='word_1_743' title='bbox 2586 499 2596 513; x_wconf 90' lang='lat' dir='ltr'>r</span> <span class='ocrx_word' id='word_1_744' title='bbox 2610 499 2622 513; x_wconf 66' lang='lat'>⁶²</span> <span class='ocrx_word' id='word_1_745' title='bbox 2638 501 2655 514; x_wconf 77' lang='lat'>¹·</span> 
     </span>
    </p>
   </div>
   <div class='ocr_carea' id='block_1_18' title="bbox 1450 542 2524 682">
    <p class='ocr_par' dir='ltr' id='par_1_18' title="bbox 1450 542 2524 682">
     <span class='ocr_line' id='line_1_84' title="bbox 1452 542 2523 574; baseline 0.006 -8"><span class='ocrx_word' id='word_1_746' title='bbox 1452 542 1581 567; x_wconf 89' lang='lat' dir='ltr'>desiderio</span> <span class='ocrx_word' id='word_1_747' title='bbox 1600 543 1724 574; x_wconf 85' lang='lat' dir='ltr'>sensuali,</span> <span class='ocrx_word' id='word_1_748' title='bbox 1744 543 1790 567; x_wconf 89' lang='lat' dir='ltr'>sed</span> <span class='ocrx_word' id='word_1_749' title='bbox 1810 543 1987 569; x_wconf 85' lang='lat' dir='ltr'>intellectuali:</span> <span class='ocrx_word' id='word_1_750' title='bbox 2007 552 2069 569; x_wconf 85' lang='lat' dir='ltr'>nam</span> <span class='ocrx_word' id='word_1_751' title='bbox 2090 546 2251 571; x_wconf 77' lang='lat' dir='ltr'>desiderium</span> <span class='ocrx_word' id='word_1_752' title='bbox 2267 547 2389 572; x_wconf 82' lang='lat' dir='ltr'>sensuale</span> <span class='ocrx_word' id='word_1_753' title='bbox 2407 549 2448 572; x_wconf 77' lang='lat' dir='ltr'>est</span> <span class='ocrx_word' id='word_1_754' title='bbox 2465 547 2523 572; x_wconf 81' lang='lat' dir='ltr'>eius</span> 
     </span>
     <span class='ocr_line' id='line_1_85' title="bbox 1450 593 2524 629; baseline 0.006 -13"><span class='ocrx_word' id='word_1_755' title='bbox 1450 594 1522 625; x_wconf 85' lang='lat' dir='ltr'>quod</span> <span class='ocrx_word' id='word_1_756' title='bbox 1541 593 1649 618; x_wconf 82' lang='lat' dir='ltr'>videtur</span> <span class='ocrx_word' id='word_1_757' title='bbox 1667 594 1764 618; x_wconf 81' lang='lat' dir='ltr'>bonum</span> <span class='ocrx_word' id='word_1_758' title='bbox 1784 602 1844 618; x_wconf 86' lang='lat' dir='ltr'>nam</span> <span class='ocrx_word' id='word_1_759' title='bbox 1858 595 1882 619; x_wconf 87' lang='lat' dir='ltr'>id</span> <span class='ocrx_word' id='word_1_760' title='bbox 1903 596 1974 628; x_wconf 91' lang='lat' dir='ltr'>quod</span> <span class='ocrx_word' id='word_1_761' title='bbox 1993 597 2122 629; x_wconf 90' lang='lat' dir='ltr'>appetitur</span> <span class='ocrx_word' id='word_1_762' title='bbox 2135 597 2264 622; x_wconf 89' lang='lat' dir='ltr'>desiderio</span> <span class='ocrx_word' id='word_1_763' title='bbox 2284 605 2378 622; x_wconf 86' lang='lat' dir='ltr'>sensus</span> <span class='ocrx_word' id='word_1_764' title='bbox 2397 597 2524 622; x_wconf 85' lang='lat' dir='ltr'>iudicatur</span> 
     </span>
     <span class='ocr_line' id='line_1_86' title="bbox 1451 643 2523 682; baseline 0.007 -15"><span class='ocrx_word' id='word_1_765' title='bbox 1451 650 1468 667; x_wconf 88' lang='lat' dir='ltr'>a</span> <span class='ocrx_word' id='word_1_766' title='bbox 1488 643 1550 668; x_wconf 78' lang='lat' dir='ltr'>nobi</span> <span class='ocrx_word' id='word_1_767' title='bbox 1568 643 1667 668; x_wconf 87' lang='lat' dir='ltr'>bonum</span> <span class='ocrx_word' id='word_1_768' title='bbox 1691 645 1751 677; x_wconf 83' lang='lat' dir='ltr'>quia</span> <span class='ocrx_word' id='word_1_769' title='bbox 1775 650 1815 669; x_wconf 91' lang='lat' dir='ltr'>est</span> <span class='ocrx_word' id='word_1_770' title='bbox 1837 646 1989 671; x_wconf 89' lang='lat' dir='ltr'>delectabile</span> <span class='ocrx_word' id='word_1_771' title='bbox 2012 648 2110 677; x_wconf 82' lang='lat' dir='ltr'>sensui,</span> <span class='ocrx_word' id='word_1_772' title='bbox 2134 648 2211 673; x_wconf 84' lang='lat' dir='ltr'>etita</span> <span class='ocrx_word' id='word_1_773' title='bbox 2236 648 2342 681; x_wconf 90' lang='lat' dir='ltr'>quidem</span> <span class='ocrx_word' id='word_1_774' title='bbox 2365 655 2406 674; x_wconf 86' lang='lat' dir='ltr'>est</span> <span class='ocrx_word' id='word_1_775' title='bbox 2423 649 2523 682; x_wconf 89' lang='lat' dir='ltr'>appeti-</span> 
     </span>
    </p>
   </div>
   <div class='ocr_carea' id='block_1_19' title="bbox 1413 694 2525 733">
    <p class='ocr_par' dir='ltr' id='par_1_19' title="bbox 1413 694 2525 733">
     <span class='ocr_line' id='line_1_87' title="bbox 1413 694 2525 733; baseline 0.007 -16"><span class='ocrx_word' id='word_1_776' title='bbox 1413 708 1438 722; x_wconf 70' lang='grc' dir='ltr'>,ο</span> <span class='ocrx_word' id='word_1_777' title='bbox 1453 694 1512 724; x_wconf 85' lang='lat' dir='ltr'>bile,</span> <span class='ocrx_word' id='word_1_778' title='bbox 1533 695 1604 724; x_wconf 74' lang='lat' dir='ltr'>nam,</span> <span class='ocrx_word' id='word_1_779' title='bbox 1616 696 1687 726; x_wconf 89' lang='lat' dir='ltr'>quod</span> <span class='ocrx_word' id='word_1_780' title='bbox 1707 700 1793 720; x_wconf 84' lang='lat' dir='ltr'>autem</span> <span class='ocrx_word' id='word_1_781' title='bbox 1808 696 1938 721; x_wconf 87' lang='lat' dir='ltr'>desiderat</span> <span class='ocrx_word' id='word_1_782' title='bbox 1956 698 2102 722; x_wconf 89' lang='lat' dir='ltr'>intellectus</span> <span class='ocrx_word' id='word_1_783' title='bbox 2122 698 2249 723; x_wconf 89' lang='lat' dir='ltr'>iudicatur</span> <span class='ocrx_word' id='word_1_784' title='bbox 2267 699 2366 724; x_wconf 85' lang='lat' dir='ltr'>bonurn</span> <span class='ocrx_word' id='word_1_785' title='bbox 2391 707 2443 724; x_wconf 87' lang='lat' dir='ltr'>non</span> <span class='ocrx_word' id='word_1_786' title='bbox 2463 700 2525 733; x_wconf 85' lang='lat' dir='ltr'>quia</span> 
     </span>
    </p>
   </div>
   <div class='ocr_carea' id='block_1_20' title="bbox 1415 745 2535 3092">
    <p class='ocr_par' dir='ltr' id='par_1_20' title="bbox 1415 745 2535 3092">
     <span class='ocr_line' id='line_1_88' title="bbox 1453 745 2524 783; baseline 0.007 -14"><span class='ocrx_word' id='word_1_787' title='bbox 1453 750 1494 769; x_wconf 90' lang='lat' dir='ltr'>est</span> <span class='ocrx_word' id='word_1_788' title='bbox 1514 745 1686 770; x_wconf 87' lang='lat' dir='ltr'>desiderabile</span> <span class='ocrx_word' id='word_1_789' title='bbox 1712 747 1752 771; x_wconf 91' lang='lat' dir='ltr'>vel</span> <span class='ocrx_word' id='word_1_790' title='bbox 1775 747 1923 780; x_wconf 85' lang='lat' dir='ltr'>appetibile,</span> <span class='ocrx_word' id='word_1_791' title='bbox 1943 749 1988 772; x_wconf 90' lang='lat' dir='ltr'>sed</span> <span class='ocrx_word' id='word_1_792' title='bbox 2008 749 2066 773; x_wconf 88' lang='lat' dir='ltr'>ideo</span> <span class='ocrx_word' id='word_1_793' title='bbox 2092 749 2254 775; x_wconf 78' lang='lat' dir='ltr'>desideratur</span> <span class='ocrx_word' id='word_1_794' title='bbox 2273 751 2332 783; x_wconf 87' lang='lat' dir='ltr'>quia</span> <span class='ocrx_word' id='word_1_795' title='bbox 2352 756 2392 775; x_wconf 90' lang='lat' dir='ltr'>est</span> <span class='ocrx_word' id='word_1_796' title='bbox 2415 751 2524 776; x_wconf 89' lang='lat' dir='ltr'>bonum.</span> 
     </span>
     <span class='ocr_line' id='line_1_89' title="bbox 1452 796 2525 834; baseline 0.006 -13"><span class='ocrx_word' id='word_1_797' title='bbox 1452 796 1528 821; x_wconf 81' lang='lat' dir='ltr'>Prius</span> <span class='ocrx_word' id='word_1_798' title='bbox 1548 802 1635 822; x_wconf 90' lang='lat' dir='ltr'>autem</span> <span class='ocrx_word' id='word_1_799' title='bbox 1654 803 1695 823; x_wconf 88' lang='lat' dir='ltr'>est</span> <span class='ocrx_word' id='word_1_800' title='bbox 1713 799 1776 823; x_wconf 90' lang='lat' dir='ltr'>illud</span> <span class='ocrx_word' id='word_1_801' title='bbox 1796 798 1895 824; x_wconf 89' lang='lat' dir='ltr'>bonum</span> <span class='ocrx_word' id='word_1_802' title='bbox 1921 800 1991 832; x_wconf 91' lang='lat' dir='ltr'>quod</span> <span class='ocrx_word' id='word_1_803' title='bbox 2016 800 2074 825; x_wconf 85' lang='lat' dir='ltr'>ideo</span> <span class='ocrx_word' id='word_1_804' title='bbox 2098 801 2260 826; x_wconf 88' lang='lat' dir='ltr'>desideratur</span> <span class='ocrx_word' id='word_1_805' title='bbox 2278 802 2339 834; x_wconf 89' lang='lat' dir='ltr'>quia</span> <span class='ocrx_word' id='word_1_806' title='bbox 2358 807 2398 827; x_wconf 84' lang='lat' dir='ltr'>est</span> <span class='ocrx_word' id='word_1_807' title='bbox 2416 802 2525 834; x_wconf 85' lang='lat' dir='ltr'>bonum,</span> 
     </span>
     <span class='ocr_line' id='line_1_90' title="bbox 1453 850 2525 884; baseline 0.005 -11"><span class='ocrx_word' id='word_1_808' title='bbox 1453 856 1531 880; x_wconf 87' lang='lat' dir='ltr'>quam</span> <span class='ocrx_word' id='word_1_809' title='bbox 1551 850 1614 874; x_wconf 91' lang='lat' dir='ltr'>illud</span> <span class='ocrx_word' id='word_1_810' title='bbox 1634 850 1706 882; x_wconf 87' lang='lat' dir='ltr'>quod</span> <span class='ocrx_word' id='word_1_811' title='bbox 1725 850 1785 874; x_wconf 88' lang='lat' dir='ltr'>ideo</span> <span class='ocrx_word' id='word_1_812' title='bbox 1808 856 1849 875; x_wconf 90' lang='lat' dir='ltr'>est</span> <span class='ocrx_word' id='word_1_813' title='bbox 1873 851 1971 876; x_wconf 88' lang='lat' dir='ltr'>bonum</span> <span class='ocrx_word' id='word_1_814' title='bbox 1997 852 2057 884; x_wconf 89' lang='lat' dir='ltr'>quia</span> <span class='ocrx_word' id='word_1_815' title='bbox 2081 852 2242 877; x_wconf 86' lang='lat' dir='ltr'>desideratur</span> <span class='ocrx_word' id='word_1_816' title='bbox 2265 853 2307 877; x_wconf 88' lang='lat' dir='ltr'>vel</span> <span class='ocrx_word' id='word_1_817' title='bbox 2327 853 2445 884; x_wconf 89' lang='lat' dir='ltr'>delectat,</span> <span class='ocrx_word' id='word_1_818' title='bbox 2465 861 2525 878; x_wconf 88' lang='lat' dir='ltr'>nam</span> 
     </span>
     <span class='ocr_line' id='line_1_91' title="bbox 1453 901 2525 937; baseline 0.004 -12"><span class='ocrx_word' id='word_1_819' title='bbox 1453 901 1524 933; x_wconf 85' lang='lat' dir='ltr'>quod</span> <span class='ocrx_word' id='word_1_820' title='bbox 1543 907 1584 926; x_wconf 86' lang='lat' dir='ltr'>est</span> <span class='ocrx_word' id='word_1_821' title='bbox 1602 909 1648 934; x_wconf 89' lang='lat' dir='ltr'>per</span> <span class='ocrx_word' id='word_1_822' title='bbox 1672 910 1701 926; x_wconf 91' lang='lat' dir='ltr'>se</span> <span class='ocrx_word' id='word_1_823' title='bbox 1720 902 1791 934; x_wconf 88' lang='lat' dir='ltr'>prius</span> <span class='ocrx_word' id='word_1_824' title='bbox 1811 908 1851 927; x_wconf 89' lang='lat' dir='ltr'>est</span> <span class='ocrx_word' id='word_1_825' title='bbox 1876 911 1954 936; x_wconf 91' lang='lat' dir='ltr'>quam</span> <span class='ocrx_word' id='word_1_826' title='bbox 1980 904 2053 936; x_wconf 90' lang='lat' dir='ltr'>quod</span> <span class='ocrx_word' id='word_1_827' title='bbox 2077 910 2117 928; x_wconf 90' lang='lat' dir='ltr'>est</span> <span class='ocrx_word' id='word_1_828' title='bbox 2140 912 2187 937; x_wconf 89' lang='lat' dir='ltr'>per</span> <span class='ocrx_word' id='word_1_829' title='bbox 2210 905 2289 929; x_wconf 89' lang='lat' dir='ltr'>aliud.</span> <span class='ocrx_word' id='word_1_830' title='bbox 2314 905 2384 937; x_wconf 86' lang='lat' dir='ltr'>Ergo</span> <span class='ocrx_word' id='word_1_831' title='bbox 2411 905 2525 937; x_wconf 87' lang='lat' dir='ltr'>primum</span> 
     </span>
     <span class='ocr_line' id='line_1_92' title="bbox 1415 952 2527 989; baseline 0.003 -11"><span class='ocrx_word' id='word_1_832' title='bbox 1415 964 1436 983; x_wconf 75' lang='grc' dir='ltr'>ις</span> <span class='ocrx_word' id='word_1_833' title='bbox 1453 952 1560 984; x_wconf 80' lang='lat' dir='ltr'>appetib</span> <span class='ocrx_word' id='word_1_834' title='bbox 1579 953 1719 985; x_wconf 84' lang='lat' dir='ltr'>appetibile</span> <span class='ocrx_word' id='word_1_835' title='bbox 1739 960 1779 978; x_wconf 86' lang='lat' dir='ltr'>est</span> <span class='ocrx_word' id='word_1_836' title='bbox 1798 955 1936 987; x_wconf 84' lang='lat' dir='ltr'>appetibile</span> <span class='ocrx_word' id='word_1_837' title='bbox 1955 955 2070 988; x_wconf 86' lang='lat' dir='ltr'>appetitu</span> <span class='ocrx_word' id='word_1_838' title='bbox 2089 955 2266 980; x_wconf 84' lang='lat' dir='ltr'>intellectuali.</span> <span class='ocrx_word' id='word_1_839' title='bbox 2286 956 2317 980; x_wconf 84' lang='lat' dir='ltr'>Et</span> <span class='ocrx_word' id='word_1_840' title='bbox 2340 956 2427 988; x_wconf 86' lang='lat' dir='ltr'>ipsum</span> <span class='ocrx_word' id='word_1_841' title='bbox 2448 964 2527 989; x_wconf 91' lang='lat' dir='ltr'>appe-</span> 
     </span>
     <span class='ocr_line' id='line_1_93' title="bbox 1454 1003 2527 1040; baseline 0.006 -14"><span class='ocrx_word' id='word_1_842' title='bbox 1454 1003 1524 1027; x_wconf 89' lang='lat' dir='ltr'>tibile</span> <span class='ocrx_word' id='word_1_843' title='bbox 1543 1004 1710 1035; x_wconf 86' lang='lat' dir='ltr'>suppositum</span> <span class='ocrx_word' id='word_1_844' title='bbox 1724 1010 1764 1029; x_wconf 89' lang='lat' dir='ltr'>est</span> <span class='ocrx_word' id='word_1_845' title='bbox 1782 1013 1842 1030; x_wconf 87' lang='lat' dir='ltr'>esse</span> <span class='ocrx_word' id='word_1_846' title='bbox 1861 1011 1996 1038; x_wconf 85' lang='lat' dir='ltr'>appetens.</span> <span class='ocrx_word' id='word_1_847' title='bbox 2010 1006 2080 1039; x_wconf 83' lang='lat' dir='ltr'>Ergo</span> <span class='ocrx_word' id='word_1_848' title='bbox 2094 1006 2180 1040; x_wconf 89' lang='lat' dir='ltr'>ipsum</span> <span class='ocrx_word' id='word_1_849' title='bbox 2195 1006 2308 1039; x_wconf 88' lang='lat' dir='ltr'>primurn</span> <span class='ocrx_word' id='word_1_850' title='bbox 2322 1015 2442 1039; x_wconf 89' lang='lat' dir='ltr'>movens,</span> <span class='ocrx_word' id='word_1_851' title='bbox 2456 1007 2527 1040; x_wconf 90' lang='lat' dir='ltr'>quod</span> 
     </span>
     <span class='ocr_line' id='line_1_94' title="bbox 1455 1056 2528 1090; baseline 0.006 -12"><span class='ocrx_word' id='word_1_852' title='bbox 1455 1060 1494 1079; x_wconf 89' lang='lat' dir='ltr'>est</span> <span class='ocrx_word' id='word_1_853' title='bbox 1513 1056 1625 1087; x_wconf 87' lang='lat' dir='ltr'>primum</span> <span class='ocrx_word' id='word_1_854' title='bbox 1647 1057 1792 1088; x_wconf 87' lang='lat' dir='ltr'>appetibile,</span> <span class='ocrx_word' id='word_1_855' title='bbox 1812 1058 1911 1090; x_wconf 87' lang='lat' dir='ltr'>appetit</span> <span class='ocrx_word' id='word_1_856' title='bbox 1935 1059 2052 1090; x_wconf 88' lang='lat' dir='ltr'>appetitu</span> <span class='ocrx_word' id='word_1_857' title='bbox 2077 1059 2253 1088; x_wconf 81' lang='lat' dir='ltr'>intellectuali,</span> <span class='ocrx_word' id='word_1_858' title='bbox 2273 1064 2297 1084; x_wconf 91' lang='lat' dir='ltr'>et</span> <span class='ocrx_word' id='word_1_859' title='bbox 2316 1059 2351 1084; x_wconf 86' lang='lat' dir='ltr'>ita</span> <span class='ocrx_word' id='word_1_860' title='bbox 2370 1063 2410 1084; x_wconf 84' lang='lat' dir='ltr'>est</span> <span class='ocrx_word' id='word_1_861' title='bbox 2434 1059 2528 1083; x_wconf 88' lang='lat' dir='ltr'>intelli-</span> 
     </span>
     <span class='ocr_line' id='line_1_95' title="bbox 1453 1108 2530 1143; baseline 0.005 -13"><span class='ocrx_word' id='word_1_862' title='bbox 1453 1113 1529 1139; x_wconf 78' lang='lat' dir='ltr'>genS.</span> <span class='ocrx_word' id='word_1_863' title='bbox 1547 1108 1699 1140; x_wconf 85' lang='lat' dir='ltr'>Accipimus</span> <span class='ocrx_word' id='word_1_864' title='bbox 1719 1113 1807 1132; x_wconf 87' lang='lat' dir='ltr'>autem</span> <span class='ocrx_word' id='word_1_865' title='bbox 1828 1116 1895 1133; x_wconf 90' lang='lat' dir='ltr'>nunc</span> <span class='ocrx_word' id='word_1_866' title='bbox 1915 1115 2037 1141; x_wconf 86' lang='lat' dir='ltr'>appetere</span> <span class='ocrx_word' id='word_1_867' title='bbox 2057 1110 2128 1142; x_wconf 83' lang='lat' dir='ltr'>large</span> <span class='ocrx_word' id='word_1_868' title='bbox 2146 1118 2195 1143; x_wconf 88' lang='lat' dir='ltr'>pro</span> <span class='ocrx_word' id='word_1_869' title='bbox 2219 1110 2291 1135; x_wconf 88' lang='lat' dir='ltr'>omni</span> <span class='ocrx_word' id='word_1_870' title='bbox 2310 1110 2462 1143; x_wconf 87' lang='lat' dir='ltr'>operatione</span> <span class='ocrx_word' id='word_1_871' title='bbox 2483 1118 2530 1143; x_wconf 88' lang='lat' dir='ltr'>ap—</span> 
     </span>
     <span class='ocr_line' id='line_1_96' title="bbox 1454 1158 2528 1194; baseline 0.005 -13"><span class='ocrx_word' id='word_1_872' title='bbox 1454 1158 1576 1190; x_wconf 87' lang='lat' dir='ltr'>petitivae</span> <span class='ocrx_word' id='word_1_873' title='bbox 1594 1158 1706 1190; x_wconf 84' lang='lat' dir='ltr'>virtutis,</span> <span class='ocrx_word' id='word_1_874' title='bbox 1725 1159 1781 1184; x_wconf 88' lang='lat' dir='ltr'>sive</span> <span class='ocrx_word' id='word_1_875' title='bbox 1801 1160 1834 1184; x_wconf 88' lang='lat' dir='ltr'>sit</span> <span class='ocrx_word' id='word_1_876' title='bbox 1852 1168 1927 1184; x_wconf 82' lang='lat' dir='ltr'>amor</span> <span class='ocrx_word' id='word_1_877' title='bbox 1941 1161 1979 1185; x_wconf 91' lang='lat' dir='ltr'>vel</span> <span class='ocrx_word' id='word_1_878' title='bbox 1994 1161 2103 1186; x_wconf 84' lang='lat' dir='ltr'>delectio</span> <span class='ocrx_word' id='word_1_879' title='bbox 2123 1162 2164 1186; x_wconf 92' lang='lat' dir='ltr'>vel</span> <span class='ocrx_word' id='word_1_880' title='bbox 2184 1162 2308 1194; x_wconf 87' lang='lat' dir='ltr'>quicquid</span> <span class='ocrx_word' id='word_1_881' title='bbox 2327 1161 2489 1188; x_wconf 85' lang='lat' dir='ltr'>huiusmodi.</span> <span class='ocrx_word' id='word_1_882' title='bbox 2502 1162 2528 1186; x_wconf 85' lang='lat' dir='ltr'>Si</span> 
     </span>
     <span class='ocr_line' id='line_1_97' title="bbox 1416 1210 2528 1245; baseline 0.001 -9"><span class='ocrx_word' id='word_1_883' title='bbox 1416 1223 1440 1236; x_wconf 73' lang='lat'>20</span> <span class='ocrx_word' id='word_1_884' title='bbox 1454 1214 1541 1234; x_wconf 81' lang='lat' dir='ltr'>autem</span> <span class='ocrx_word' id='word_1_885' title='bbox 1562 1210 1662 1234; x_wconf 82' lang='lat' dir='ltr'>dicatur</span> <span class='ocrx_word' id='word_1_886' title='bbox 1681 1211 1752 1243; x_wconf 90' lang='lat' dir='ltr'>quod</span> <span class='ocrx_word' id='word_1_887' title='bbox 1777 1216 1904 1244; x_wconf 89' lang='lat' dir='ltr'>appetens</span> <span class='ocrx_word' id='word_1_888' title='bbox 1928 1212 2078 1237; x_wconf 88' lang='lat' dir='ltr'>huiusmodi</span> <span class='ocrx_word' id='word_1_889' title='bbox 2103 1213 2245 1245; x_wconf 87' lang='lat' dir='ltr'>appetibile</span> <span class='ocrx_word' id='word_1_890' title='bbox 2269 1213 2302 1238; x_wconf 92' lang='lat' dir='ltr'>sit</span> <span class='ocrx_word' id='word_1_891' title='bbox 2319 1213 2388 1238; x_wconf 89' lang='lat' dir='ltr'>aliud</span> <span class='ocrx_word' id='word_1_892' title='bbox 2407 1220 2425 1237; x_wconf 84' lang='lat' dir='ltr'>a</span> <span class='ocrx_word' id='word_1_893' title='bbox 2439 1220 2477 1245; x_wconf 85' lang='lat' dir='ltr'>pr</span> <span class='ocrx_word' id='word_1_894' title='bbox 2496 1213 2528 1238; x_wconf 87' lang='lat' dir='ltr'>ab</span> 
     </span>
     <span class='ocr_line' id='line_1_98' title="bbox 1454 1260 2530 1297; baseline 0.004 -12"><span class='ocrx_word' id='word_1_895' title='bbox 1454 1260 1521 1293; x_wconf 86' lang='lat' dir='ltr'>ipso.</span> <span class='ocrx_word' id='word_1_896' title='bbox 1541 1262 1674 1293; x_wconf 86' lang='lat' dir='ltr'>oportebit</span> <span class='ocrx_word' id='word_1_897' title='bbox 1693 1269 1740 1294; x_wconf 88' lang='lat' dir='ltr'>per</span> <span class='ocrx_word' id='word_1_898' title='bbox 1753 1263 1879 1287; x_wconf 88' lang='lat' dir='ltr'>rationem</span> <span class='ocrx_word' id='word_1_899' title='bbox 1893 1264 2050 1295; x_wconf 86' lang='lat' dir='ltr'>praedictam</span> <span class='ocrx_word' id='word_1_900' title='bbox 2070 1265 2141 1296; x_wconf 89' lang='lat' dir='ltr'>quod</span> <span class='ocrx_word' id='word_1_901' title='bbox 2155 1264 2219 1288; x_wconf 92' lang='lat' dir='ltr'>illud</span> <span class='ocrx_word' id='word_1_902' title='bbox 2239 1264 2272 1288; x_wconf 85' lang='lat' dir='ltr'>sit</span> <span class='ocrx_word' id='word_1_903' title='bbox 2290 1264 2446 1297; x_wconf 86' lang='lat' dir='ltr'>intelligens.</span> <span class='ocrx_word' id='word_1_904' title='bbox 2459 1263 2530 1296; x_wconf 88' lang='lat' dir='ltr'>Ergo</span> 
     </span>
     <span class='ocr_line' id='line_1_99' title="bbox 1455 1312 2529 1347; baseline 0.003 -11"><span class='ocrx_word' id='word_1_905' title='bbox 1455 1312 1569 1345; x_wconf 89' lang='lat' dir='ltr'>primum</span> <span class='ocrx_word' id='word_1_906' title='bbox 1589 1320 1708 1344; x_wconf 88' lang='lat' dir='ltr'>movens,</span> <span class='ocrx_word' id='word_1_907' title='bbox 1728 1314 1799 1346; x_wconf 88' lang='lat' dir='ltr'>quod</span> <span class='ocrx_word' id='word_1_908' title='bbox 1820 1319 1874 1338; x_wconf 88' lang='lat' dir='ltr'>erat</span> <span class='ocrx_word' id='word_1_909' title='bbox 1892 1314 2038 1347; x_wconf 77' lang='lat' dir='ltr'>appetibile,</span> <span class='ocrx_word' id='word_1_910' title='bbox 2059 1320 2099 1339; x_wconf 89' lang='lat' dir='ltr'>est</span> <span class='ocrx_word' id='word_1_911' title='bbox 2117 1315 2286 1347; x_wconf 82' lang='lat' dir='ltr'>intelligibile.</span> <span class='ocrx_word' id='word_1_912' title='bbox 2305 1315 2358 1339; x_wconf 91' lang='lat' dir='ltr'>Nec</span> <span class='ocrx_word' id='word_1_913' title='bbox 2378 1319 2418 1340; x_wconf 90' lang='lat' dir='ltr'>est</span> <span class='ocrx_word' id='word_1_914' title='bbox 2436 1315 2529 1340; x_wconf 91' lang='lat' dir='ltr'>intelli-</span> 
     </span>
     <span class='ocr_line' id='line_1_100' title="bbox 1454 1363 2530 1398; baseline 0.003 -11"><span class='ocrx_word' id='word_1_915' title='bbox 1454 1363 1532 1396; x_wconf 87' lang='lat' dir='ltr'>gibile</span> <span class='ocrx_word' id='word_1_916' title='bbox 1552 1364 1613 1396; x_wconf 87' lang='lat' dir='ltr'>quia</span> <span class='ocrx_word' id='word_1_917' title='bbox 1631 1365 1792 1398; x_wconf 76' lang='lat' dir='ltr'>intelligitur,</span> <span class='ocrx_word' id='word_1_918' title='bbox 1807 1365 1870 1389; x_wconf 87' lang='lat' dir='ltr'>alias</span> <span class='ocrx_word' id='word_1_919' title='bbox 1891 1374 1943 1390; x_wconf 90' lang='lat' dir='ltr'>non</span> <span class='ocrx_word' id='word_1_920' title='bbox 1962 1371 2033 1390; x_wconf 87' lang='lat' dir='ltr'>esset</span> <span class='ocrx_word' id='word_1_921' title='bbox 2052 1366 2165 1398; x_wconf 90' lang='lat' dir='ltr'>primum</span> <span class='ocrx_word' id='word_1_922' title='bbox 2186 1366 2354 1398; x_wconf 83' lang='lat' dir='ltr'>intelligibile,</span> <span class='ocrx_word' id='word_1_923' title='bbox 2373 1366 2440 1390; x_wconf 85' lang='lat' dir='ltr'>sicut</span> <span class='ocrx_word' id='word_1_924' title='bbox 2460 1371 2485 1390; x_wconf 90' lang='lat' dir='ltr'>et</span> <span class='ocrx_word' id='word_1_925' title='bbox 2498 1366 2530 1390; x_wconf 91' lang='lat' dir='ltr'>de</span> 
     </span>
     <span class='ocr_line' id='line_1_101' title="bbox 1455 1415 2531 1451; baseline 0.003 -12"><span class='ocrx_word' id='word_1_926' title='bbox 1455 1416 1525 1440; x_wconf 89' lang='lat' dir='ltr'>bono</span> <span class='ocrx_word' id='word_1_927' title='bbox 1544 1415 1642 1440; x_wconf 91' lang='lat' dir='ltr'>dictum</span> <span class='ocrx_word' id='word_1_928' title='bbox 1663 1422 1712 1441; x_wconf 88' lang='lat' dir='ltr'>est.</span> <span class='ocrx_word' id='word_1_929' title='bbox 1731 1417 1802 1449; x_wconf 84' lang='lat' dir='ltr'>Ergo</span> <span class='ocrx_word' id='word_1_930' title='bbox 1822 1423 1862 1442; x_wconf 88' lang='lat' dir='ltr'>est</span> <span class='ocrx_word' id='word_1_931' title='bbox 1882 1418 1914 1442; x_wconf 90' lang='lat' dir='ltr'>de</span> <span class='ocrx_word' id='word_1_932' title='bbox 1932 1426 1962 1442; x_wconf 89' lang='lat' dir='ltr'>se</span> <span class='ocrx_word' id='word_1_933' title='bbox 1981 1418 2151 1451; x_wconf 84' lang='lat' dir='ltr'>intelligibile.</span> <span class='ocrx_word' id='word_1_934' title='bbox 2176 1418 2209 1442; x_wconf 83' lang='lat' dir='ltr'>Et</span> <span class='ocrx_word' id='word_1_935' title='bbox 2227 1418 2292 1442; x_wconf 89' lang='lat' dir='ltr'>illud</span> <span class='ocrx_word' id='word_1_936' title='bbox 2312 1418 2382 1442; x_wconf 86' lang='lat' dir='ltr'>aliud</span> <span class='ocrx_word' id='word_1_937' title='bbox 2401 1418 2473 1450; x_wconf 90' lang='lat' dir='ltr'>quod</span> <span class='ocrx_word' id='word_1_938' title='bbox 2493 1418 2531 1442; x_wconf 93' lang='lat' dir='ltr'>in-</span> 
     </span>
     <span class='ocr_line' id='line_1_102' title="bbox 1415 1466 2533 1500; baseline 0.002 -10"><span class='ocrx_word' id='word_1_939' title='bbox 1415 1476 1438 1495; x_wconf 82' lang='lat'>²5</span> <span class='ocrx_word' id='word_1_940' title='bbox 1455 1466 1547 1498; x_wconf 83' lang='lat' dir='ltr'>telligit</span> <span class='ocrx_word' id='word_1_941' title='bbox 1566 1466 1651 1499; x_wconf 86' lang='lat' dir='ltr'>ipsum</span> <span class='ocrx_word' id='word_1_942' title='bbox 1673 1475 1724 1491; x_wconf 85' lang='lat' dir='ltr'>non</span> <span class='ocrx_word' id='word_1_943' title='bbox 1745 1468 1875 1500; x_wconf 79' lang='lat' dir='ltr'>intelligit</span> <span class='ocrx_word' id='word_1_944' title='bbox 1894 1474 1934 1492; x_wconf 91' lang='lat' dir='ltr'>est</span> <span class='ocrx_word' id='word_1_945' title='bbox 1951 1468 2098 1500; x_wconf 87' lang='lat' dir='ltr'>intelligens</span> <span class='ocrx_word' id='word_1_946' title='bbox 2112 1468 2161 1492; x_wconf 87' lang='lat' dir='ltr'>nisi</span> <span class='ocrx_word' id='word_1_947' title='bbox 2180 1468 2336 1500; x_wconf 87' lang='lat' dir='ltr'>inquantum</span> <span class='ocrx_word' id='word_1_948' title='bbox 2357 1468 2467 1492; x_wconf 86' lang='lat' dir='ltr'>assumit</span> <span class='ocrx_word' id='word_1_949' title='bbox 2480 1468 2533 1500; x_wconf 91' lang='lat' dir='ltr'>pri-</span> 
     </span>
     <span class='ocr_line' id='line_1_103' title="bbox 1456 1518 2533 1551; baseline 0.001 -9"><span class='ocrx_word' id='word_1_950' title='bbox 1456 1526 1528 1543; x_wconf 86' lang='lat' dir='ltr'>mum</span> <span class='ocrx_word' id='word_1_951' title='bbox 1543 1518 1714 1551; x_wconf 84' lang='lat' dir='ltr'>intelligibile.</span> <span class='ocrx_word' id='word_1_952' title='bbox 1728 1519 1817 1551; x_wconf 89' lang='lat' dir='ltr'>Ipsum</span> <span class='ocrx_word' id='word_1_953' title='bbox 1838 1527 1900 1551; x_wconf 77' lang='lat' dir='ltr'>ergo</span> <span class='ocrx_word' id='word_1_954' title='bbox 1916 1519 2030 1551; x_wconf 88' lang='lat' dir='ltr'>primum</span> <span class='ocrx_word' id='word_1_955' title='bbox 2044 1519 2203 1551; x_wconf 88' lang='lat' dir='ltr'>intelligibile</span> <span class='ocrx_word' id='word_1_956' title='bbox 2222 1520 2257 1544; x_wconf 88' lang='lat' dir='ltr'>illi</span> <span class='ocrx_word' id='word_1_957' title='bbox 2271 1520 2322 1544; x_wconf 79' lang='lat' dir='ltr'>alio</span> <span class='ocrx_word' id='word_1_958' title='bbox 2337 1520 2354 1536; x_wconf 79' lang='grc'><strong>*</strong></span> <span class='ocrx_word' id='word_1_959' title='bbox 2367 1527 2444 1544; x_wconf 84' lang='lat' dir='ltr'>causa</span> <span class='ocrx_word' id='word_1_960' title='bbox 2457 1518 2533 1544; x_wconf 83' lang='lat' dir='ltr'>intel-</span> 
     </span>
     <span class='ocr_line' id='line_1_104' title="bbox 1456 1569 2532 1603; baseline 0 -9"><span class='ocrx_word' id='word_1_961' title='bbox 1456 1569 1561 1603; x_wconf 85' lang='lat' dir='ltr'>ligendi.</span> <span class='ocrx_word' id='word_1_962' title='bbox 1581 1570 1651 1602; x_wconf 74' lang='lat' dir='ltr'>Ergo</span> <span class='ocrx_word' id='word_1_963' title='bbox 1671 1570 1726 1603; x_wconf 89' lang='lat' dir='ltr'>ipse</span> <span class='ocrx_word' id='word_1_964' title='bbox 1746 1575 1787 1595; x_wconf 89' lang='lat' dir='ltr'>est</span> <span class='ocrx_word' id='word_1_965' title='bbox 1805 1570 1890 1603; x_wconf 89' lang='lat' dir='ltr'>magis</span> <span class='ocrx_word' id='word_1_966' title='bbox 1910 1571 2066 1603; x_wconf 87' lang='lat' dir='ltr'>intelligens.</span> <span class='ocrx_word' id='word_1_967' title='bbox 2081 1571 2191 1603; x_wconf 90' lang='lat' dir='ltr'>Oportet</span> <span class='ocrx_word' id='word_1_968' title='bbox 2211 1578 2274 1603; x_wconf 86' lang='lat' dir='ltr'>ergo</span> <span class='ocrx_word' id='word_1_969' title='bbox 2292 1570 2406 1603; x_wconf 85' lang='lat' dir='ltr'>primum</span> <span class='ocrx_word' id='word_1_970' title='bbox 2420 1577 2532 1595; x_wconf 86' lang='lat' dir='ltr'>movens</span> 
     </span>
     <span class='ocr_line' id='line_1_105' title="bbox 1457 1622 2533 1656; baseline 0 -9"><span class='ocrx_word' id='word_1_971' title='bbox 1457 1631 1509 1647; x_wconf 93' lang='lat' dir='ltr'>non</span> <span class='ocrx_word' id='word_1_972' title='bbox 1528 1628 1638 1653; x_wconf 87' lang='lat' dir='ltr'>motum,</span> <span class='ocrx_word' id='word_1_973' title='bbox 1652 1623 1724 1656; x_wconf 86' lang='lat' dir='ltr'>quod</span> <span class='ocrx_word' id='word_1_974' title='bbox 1737 1623 1809 1647; x_wconf 90' lang='lat' dir='ltr'>Deus</span> <span class='ocrx_word' id='word_1_975' title='bbox 1823 1628 1872 1651; x_wconf 84' lang='lat' dir='ltr'>est.</span> <span class='ocrx_word' id='word_1_976' title='bbox 1886 1631 1946 1648; x_wconf 90' lang='lat' dir='ltr'>esse</span> <span class='ocrx_word' id='word_1_977' title='bbox 1960 1623 2117 1655; x_wconf 84' lang='lat' dir='ltr'>intelligens.</span> <span class='ocrx_word' id='word_1_978' title='bbox 2132 1622 2147 1655; x_wconf 69' lang='grc' dir='ltr'>ξ</span> <span class='ocrx_word' id='word_1_979' title='bbox 2159 1623 2259 1647; x_wconf 89' lang='lat' dir='ltr'>Adhuc.</span> <span class='ocrx_word' id='word_1_980' title='bbox 2273 1623 2368 1647; x_wconf 88' lang='lat' dir='ltr'>Omnis</span> <span class='ocrx_word' id='word_1_981' title='bbox 2388 1623 2533 1647; x_wconf 86' lang='lat' dir='ltr'>substantia</span> 
     </span>
     <span class='ocr_line' id='line_1_106' title="bbox 1456 1674 2534 1708; baseline -0.002 -8"><span class='ocrx_word' id='word_1_982' title='bbox 1456 1683 1525 1708; x_wconf 88' lang='lat' dir='ltr'>quae</span> <span class='ocrx_word' id='word_1_983' title='bbox 1544 1681 1584 1700; x_wconf 91' lang='lat' dir='ltr'>est</span> <span class='ocrx_word' id='word_1_984' title='bbox 1604 1675 1706 1708; x_wconf 80' lang='lat' dir='ltr'>absque</span> <span class='ocrx_word' id='word_1_985' title='bbox 1726 1675 1833 1700; x_wconf 86' lang='lat' dir='ltr'>materia</span> <span class='ocrx_word' id='word_1_986' title='bbox 1847 1681 1887 1699; x_wconf 86' lang='lat' dir='ltr'>est</span> <span class='ocrx_word' id='word_1_987' title='bbox 1907 1675 2063 1707; x_wconf 87' lang='lat' dir='ltr'>intelligens.</span> <span class='ocrx_word' id='word_1_988' title='bbox 2083 1675 2154 1700; x_wconf 86' lang='lat' dir='ltr'>Deus</span> <span class='ocrx_word' id='word_1_989' title='bbox 2169 1681 2254 1699; x_wconf 89' lang='lat' dir='ltr'>autem</span> <span class='ocrx_word' id='word_1_990' title='bbox 2275 1679 2316 1699; x_wconf 89' lang='lat' dir='ltr'>est</span> <span class='ocrx_word' id='word_1_991' title='bbox 2334 1674 2494 1706; x_wconf 84' lang='lat' dir='ltr'>huiusmodi,</span> <span class='ocrx_word' id='word_1_992' title='bbox 2506 1680 2534 1699; x_wconf 86' lang='lat' dir='ltr'>ut</span> 
     </span>
     <span class='ocr_line' id='line_1_107' title="bbox 1419 1725 2534 1760; baseline -0.002 -9"><span class='ocrx_word' id='word_1_993' title='bbox 1419 1735 1442 1751; x_wconf 59' lang='grc' dir='ltr'>κο</span> <span class='ocrx_word' id='word_1_994' title='bbox 1457 1734 1538 1760; x_wconf 84' lang='lat' dir='ltr'>supra</span> <span class='ocrx_word' id='word_1_995' title='bbox 1557 1727 1696 1759; x_wconf 79' lang='lat' dir='ltr'>probatum</span> <span class='ocrx_word' id='word_1_996' title='bbox 1718 1732 1766 1751; x_wconf 86' lang='lat' dir='ltr'>est.</span> <span class='ocrx_word' id='word_1_997' title='bbox 1787 1726 1859 1751; x_wconf 87' lang='lat' dir='ltr'>Deus</span> <span class='ocrx_word' id='word_1_998' title='bbox 1879 1727 1956 1758; x_wconf 86' lang='lat' dir='ltr'>igitur</span> <span class='ocrx_word' id='word_1_999' title='bbox 1974 1731 2014 1750; x_wconf 87' lang='lat' dir='ltr'>est</span> <span class='ocrx_word' id='word_1_1000' title='bbox 2032 1725 2192 1758; x_wconf 87' lang='lat' dir='ltr'>intelligens.</span> <span class='ocrx_word' id='word_1_1001' title='bbox 2220 1725 2341 1750; x_wconf 85' lang='lat' dir='ltr'>Probatio</span> <span class='ocrx_word' id='word_1_1002' title='bbox 2365 1725 2477 1750; x_wconf 84' lang='lat' dir='ltr'>mediae.</span> <span class='ocrx_word' id='word_1_1003' title='bbox 2494 1725 2534 1749; x_wconf 90' lang='lat' dir='ltr'>In-</span> 
     </span>
     <span class='ocr_line' id='line_1_108' title="bbox 1456 1776 2535 1809; baseline -0.003 -7"><span class='ocrx_word' id='word_1_1004' title='bbox 1456 1778 1575 1802; x_wconf 88' lang='lat' dir='ltr'>tellectus</span> <span class='ocrx_word' id='word_1_1005' title='bbox 1595 1778 1619 1802; x_wconf 88' lang='lat' dir='ltr'>in</span> <span class='ocrx_word' id='word_1_1006' title='bbox 1640 1782 1697 1802; x_wconf 82' lang='lat' dir='ltr'>actu</span> <span class='ocrx_word' id='word_1_1007' title='bbox 1718 1782 1743 1802; x_wconf 89' lang='lat' dir='ltr'>et</span> <span class='ocrx_word' id='word_1_1008' title='bbox 1763 1777 1923 1809; x_wconf 82' lang='lat' dir='ltr'>intelligibile</span> <span class='ocrx_word' id='word_1_1009' title='bbox 1937 1777 1960 1801; x_wconf 85' lang='lat' dir='ltr'>in</span> <span class='ocrx_word' id='word_1_1010' title='bbox 1975 1782 2034 1801; x_wconf 86' lang='lat' dir='ltr'>actu</span> <span class='ocrx_word' id='word_1_1011' title='bbox 2049 1782 2110 1801; x_wconf 91' lang='lat' dir='ltr'>sunt</span> <span class='ocrx_word' id='word_1_1012' title='bbox 2122 1784 2212 1806; x_wconf 82' lang='lat' dir='ltr'>unum,</span> <span class='ocrx_word' id='word_1_1013' title='bbox 2233 1776 2299 1800; x_wconf 90' lang='lat' dir='ltr'>sicut</span> <span class='ocrx_word' id='word_1_1014' title='bbox 2319 1783 2414 1800; x_wconf 91' lang='lat' dir='ltr'>sensus</span> <span class='ocrx_word' id='word_1_1015' title='bbox 2432 1776 2458 1800; x_wconf 90' lang='lat' dir='ltr'>in</span> <span class='ocrx_word' id='word_1_1016' title='bbox 2477 1779 2535 1799; x_wconf 90' lang='lat' dir='ltr'>actu</span> 
     </span>
     <span class='ocr_line' id='line_1_109' title="bbox 1457 1826 2535 1860; baseline -0.003 -7"><span class='ocrx_word' id='word_1_1017' title='bbox 1457 1834 1483 1853; x_wconf 89' lang='lat' dir='ltr'>et</span> <span class='ocrx_word' id='word_1_1018' title='bbox 1501 1829 1627 1854; x_wconf 84' lang='lat' dir='ltr'>sensibile</span> <span class='ocrx_word' id='word_1_1019' title='bbox 1646 1829 1671 1853; x_wconf 87' lang='lat' dir='ltr'>in</span> <span class='ocrx_word' id='word_1_1020' title='bbox 1700 1834 1773 1853; x_wconf 83' lang='lat' dir='ltr'>actu:</span> <span class='ocrx_word' id='word_1_1021' title='bbox 1801 1836 1860 1853; x_wconf 81' lang='lat' dir='ltr'>nam</span> <span class='ocrx_word' id='word_1_1022' title='bbox 1885 1833 1989 1860; x_wconf 87' lang='lat' dir='ltr'>oportet</span> <span class='ocrx_word' id='word_1_1023' title='bbox 2013 1827 2174 1860; x_wconf 85' lang='lat' dir='ltr'>intelligibile</span> <span class='ocrx_word' id='word_1_1024' title='bbox 2197 1827 2224 1852; x_wconf 82' lang='lat' dir='ltr'>in</span> <span class='ocrx_word' id='word_1_1025' title='bbox 2249 1830 2294 1852; x_wconf 82' lang='lat' dir='ltr'>act</span> <span class='ocrx_word' id='word_1_1026' title='bbox 2318 1826 2458 1851; x_wconf 86' lang='lat' dir='ltr'>intellectui</span> <span class='ocrx_word' id='word_1_1027' title='bbox 2478 1830 2535 1850; x_wconf 90' lang='lat' dir='ltr'>actu</span> 
     </span>
     <span class='ocr_line' id='line_1_110' title="bbox 1458 1877 2534 1911; baseline -0.002 -8"><span class='ocrx_word' id='word_1_1028' title='bbox 1458 1879 1523 1904; x_wconf 88' lang='lat' dir='ltr'>uniri</span> <span class='ocrx_word' id='word_1_1029' title='bbox 1543 1879 1574 1903; x_wconf 89' lang='lat' dir='ltr'>ad</span> <span class='ocrx_word' id='word_1_1030' title='bbox 1594 1879 1644 1903; x_wconf 90' lang='lat' dir='ltr'>hoc</span> <span class='ocrx_word' id='word_1_1031' title='bbox 1664 1880 1735 1911; x_wconf 88' lang='lat' dir='ltr'>quod</span> <span class='ocrx_word' id='word_1_1032' title='bbox 1755 1884 1812 1903; x_wconf 87' lang='lat' dir='ltr'>actu</span> <span class='ocrx_word' id='word_1_1033' title='bbox 1833 1879 1966 1911; x_wconf 81' lang='lat' dir='ltr'>intelligat,</span> <span class='ocrx_word' id='word_1_1034' title='bbox 1980 1884 2005 1903; x_wconf 87' lang='lat' dir='ltr'>et</span> <span class='ocrx_word' id='word_1_1035' title='bbox 2018 1878 2143 1903; x_wconf 84' lang='lat' dir='ltr'>sensibile</span> <span class='ocrx_word' id='word_1_1036' title='bbox 2156 1878 2245 1902; x_wconf 91' lang='lat' dir='ltr'>sensui</span> <span class='ocrx_word' id='word_1_1037' title='bbox 2264 1878 2296 1901; x_wconf 90' lang='lat' dir='ltr'>ad</span> <span class='ocrx_word' id='word_1_1038' title='bbox 2316 1877 2365 1901; x_wconf 90' lang='lat' dir='ltr'>hoc</span> <span class='ocrx_word' id='word_1_1039' title='bbox 2384 1877 2455 1909; x_wconf 89' lang='lat' dir='ltr'>quod</span> <span class='ocrx_word' id='word_1_1040' title='bbox 2474 1884 2534 1901; x_wconf 87' lang='lat' dir='ltr'>sen-</span> 
     </span>
     <span class='ocr_line' id='line_1_111' title="bbox 1457 1926 2535 1962; baseline -0.003 -8"><span class='ocrx_word' id='word_1_1041' title='bbox 1457 1930 1511 1955; x_wconf 85' lang='lat' dir='ltr'>tiat.</span> <span class='ocrx_word' id='word_1_1042' title='bbox 1530 1930 1582 1954; x_wconf 86' lang='lat' dir='ltr'>Sed</span> <span class='ocrx_word' id='word_1_1043' title='bbox 1601 1929 1698 1962; x_wconf 82' lang='lat' dir='ltr'>aliquid</span> <span class='ocrx_word' id='word_1_1044' title='bbox 1718 1937 1748 1953; x_wconf 88' lang='lat' dir='ltr'>ex</span> <span class='ocrx_word' id='word_1_1045' title='bbox 1768 1929 1816 1954; x_wconf 85' lang='lat' dir='ltr'>hoc</span> <span class='ocrx_word' id='word_1_1046' title='bbox 1837 1928 1865 1953; x_wconf 86' lang='lat' dir='ltr'>fit</span> <span class='ocrx_word' id='word_1_1047' title='bbox 1883 1929 2045 1961; x_wconf 87' lang='lat' dir='ltr'>intelligibile</span> <span class='ocrx_word' id='word_1_1048' title='bbox 2064 1928 2089 1953; x_wconf 87' lang='lat' dir='ltr'>in</span> <span class='ocrx_word' id='word_1_1049' title='bbox 2108 1934 2166 1953; x_wconf 85' lang='lat' dir='ltr'>actu</span> <span class='ocrx_word' id='word_1_1050' title='bbox 2192 1928 2263 1960; x_wconf 90' lang='lat' dir='ltr'>quod</span> <span class='ocrx_word' id='word_1_1051' title='bbox 2282 1931 2322 1953; x_wconf 83' lang='lat' dir='ltr'>est</span> <span class='ocrx_word' id='word_1_1052' title='bbox 2343 1926 2502 1951; x_wconf 86' lang='lat' dir='ltr'>abstrahitur</span> <span class='ocrx_word' id='word_1_1053' title='bbox 2520 1934 2535 1950; x_wconf 90' lang='lat' dir='ltr'>a</span> 
     </span>
     <span class='ocr_line' id='line_1_112' title="bbox 1419 1979 2533 2013; baseline -0.003 -7"><span class='ocrx_word' id='word_1_1054' title='bbox 1419 1994 1439 2013; x_wconf 74' lang='lat'>35</span> <span class='ocrx_word' id='word_1_1055' title='bbox 1458 1982 1565 2006; x_wconf 85' lang='lat' dir='ltr'>materia</span> <span class='ocrx_word' id='word_1_1056' title='bbox 1579 1987 1604 2006; x_wconf 89' lang='lat' dir='ltr'>et</span> <span class='ocrx_word' id='word_1_1057' title='bbox 1622 1981 1654 2006; x_wconf 92' lang='lat' dir='ltr'>ab</span> <span class='ocrx_word' id='word_1_1058' title='bbox 1673 1981 1797 2006; x_wconf 91' lang='lat' dir='ltr'>omnibus</span> <span class='ocrx_word' id='word_1_1059' title='bbox 1811 1981 1934 2005; x_wconf 85' lang='lat' dir='ltr'>materiae</span> <span class='ocrx_word' id='word_1_1060' title='bbox 1948 1981 2148 2005; x_wconf 88' lang='lat' dir='ltr'>conditionibus.</span> <span class='ocrx_word' id='word_1_1061' title='bbox 2169 1980 2238 2013; x_wconf 84' lang='lat' dir='ltr'>Ergo</span> <span class='ocrx_word' id='word_1_1062' title='bbox 2252 1980 2411 2004; x_wconf 89' lang='lat' dir='ltr'>intellectum</span> <span class='ocrx_word' id='word_1_1063' title='bbox 2431 1979 2456 2004; x_wconf 87' lang='lat' dir='ltr'>in</span> <span class='ocrx_word' id='word_1_1064' title='bbox 2475 1984 2533 2004; x_wconf 88' lang='lat' dir='ltr'>actu</span> 
     </span>
     <span class='ocr_line' id='line_1_113' title="bbox 1457 2030 2533 2064; baseline -0.004 -5"><span class='ocrx_word' id='word_1_1065' title='bbox 1457 2043 1516 2059; x_wconf 88' lang='lat' dir='ltr'>esse</span> <span class='ocrx_word' id='word_1_1066' title='bbox 1536 2034 1655 2058; x_wconf 85' lang='lat' dir='ltr'>convenit</span> <span class='ocrx_word' id='word_1_1067' title='bbox 1675 2033 1749 2058; x_wconf 86' lang='lat' dir='ltr'>alicui</span> <span class='ocrx_word' id='word_1_1068' title='bbox 1768 2041 1798 2058; x_wconf 90' lang='lat' dir='ltr'>ex</span> <span class='ocrx_word' id='word_1_1069' title='bbox 1818 2033 1921 2062; x_wconf 87' lang='lat' dir='ltr'>eodem,</span> <span class='ocrx_word' id='word_1_1070' title='bbox 1941 2032 2040 2057; x_wconf 87' lang='lat' dir='ltr'>scilicet</span> <span class='ocrx_word' id='word_1_1071' title='bbox 2058 2040 2087 2057; x_wconf 84' lang='lat' dir='ltr'>ex</span> <span class='ocrx_word' id='word_1_1072' title='bbox 2115 2032 2165 2056; x_wconf 91' lang='lat' dir='ltr'>hoc</span> <span class='ocrx_word' id='word_1_1073' title='bbox 2184 2032 2256 2064; x_wconf 89' lang='lat' dir='ltr'>quod</span> <span class='ocrx_word' id='word_1_1074' title='bbox 2276 2036 2316 2056; x_wconf 90' lang='lat' dir='ltr'>est</span> <span class='ocrx_word' id='word_1_1075' title='bbox 2334 2031 2391 2056; x_wconf 87' lang='lat' dir='ltr'>sine</span> <span class='ocrx_word' id='word_1_1076' title='bbox 2415 2030 2533 2056; x_wconf 83' lang='lat' dir='ltr'>materia.</span> 
     </span>
     <span class='ocr_line' id='line_1_114' title="bbox 1458 2083 2532 2118; baseline -0.002 -8"><span class='ocrx_word' id='word_1_1077' title='bbox 1458 2085 1560 2118; x_wconf 75' lang='lat' dir='ltr'>§Item.</span> <span class='ocrx_word' id='word_1_1078' title='bbox 1578 2093 1659 2109; x_wconf 89' lang='lat' dir='ltr'>omne</span> <span class='ocrx_word' id='word_1_1079' title='bbox 1678 2085 1748 2117; x_wconf 89' lang='lat' dir='ltr'>quod</span> <span class='ocrx_word' id='word_1_1080' title='bbox 1769 2090 1809 2108; x_wconf 85' lang='lat' dir='ltr'>est</span> <span class='ocrx_word' id='word_1_1081' title='bbox 1828 2085 1853 2108; x_wconf 91' lang='lat' dir='ltr'>in</span> <span class='ocrx_word' id='word_1_1082' title='bbox 1868 2085 1950 2109; x_wconf 85' lang='lat' dir='ltr'>altero</span> <span class='ocrx_word' id='word_1_1083' title='bbox 1963 2084 2041 2108; x_wconf 87' lang='lat' dir='ltr'>estin</span> <span class='ocrx_word' id='word_1_1084' title='bbox 2061 2091 2093 2108; x_wconf 88' lang='lat' dir='ltr'>eo</span> <span class='ocrx_word' id='word_1_1085' title='bbox 2105 2092 2153 2117; x_wconf 87' lang='lat' dir='ltr'>per</span> <span class='ocrx_word' id='word_1_1086' title='bbox 2166 2084 2275 2108; x_wconf 88' lang='lat' dir='ltr'>modum</span> <span class='ocrx_word' id='word_1_1087' title='bbox 2295 2084 2351 2108; x_wconf 90' lang='lat' dir='ltr'>eius</span> <span class='ocrx_word' id='word_1_1088' title='bbox 2370 2083 2395 2108; x_wconf 89' lang='lat' dir='ltr'>in</span> <span class='ocrx_word' id='word_1_1089' title='bbox 2415 2091 2469 2116; x_wconf 92' lang='lat' dir='ltr'>quo</span> <span class='ocrx_word' id='word_1_1090' title='bbox 2484 2088 2532 2108; x_wconf 89' lang='lat' dir='ltr'>est.</span> 
     </span>
     <span class='ocr_line' id='line_1_115' title="bbox 1458 2122 2533 2169; baseline -0.004 -7"><span class='ocrx_word' id='word_1_1091' title='bbox 1458 2137 1553 2169; x_wconf 89' lang='lat' dir='ltr'>&lt;Quod</span> <span class='ocrx_word' id='word_1_1092' title='bbox 1572 2138 1649 2169; x_wconf 83' lang='lat' dir='ltr'>igitur</span> <span class='ocrx_word' id='word_1_1093' title='bbox 1664 2142 1704 2161; x_wconf 88' lang='lat' dir='ltr'>est</span> <span class='ocrx_word' id='word_1_1094' title='bbox 1722 2138 1748 2161; x_wconf 91' lang='lat' dir='ltr'>in</span> <span class='ocrx_word' id='word_1_1095' title='bbox 1761 2136 1908 2161; x_wconf 84' lang='lat' dir='ltr'>substantia</span> <span class='ocrx_word' id='word_1_1096' title='bbox 1920 2136 2085 2160; x_wconf 85' lang='lat' dir='ltr'>immateriali</span> <span class='ocrx_word' id='word_1_1097' title='bbox 2099 2141 2139 2160; x_wconf 90' lang='lat' dir='ltr'>est</span> <span class='ocrx_word' id='word_1_1098' title='bbox 2151 2136 2177 2160; x_wconf 84' lang='lat' dir='ltr'>in</span> <span class='ocrx_word' id='word_1_1099' title='bbox 2191 2143 2223 2160; x_wconf 90' lang='lat' dir='ltr'>eo</span> <span class='ocrx_word' id='word_1_1100' title='bbox 2236 2122 2533 2166; x_wconf 53' lang='lat' dir='ltr'>immaterianterJSed</span> 
     </span>
     <span class='ocr_line' id='line_1_116' title="bbox 1456 2185 2531 2220; baseline -0.005 -6"><span class='ocrx_word' id='word_1_1101' title='bbox 1456 2189 1519 2214; x_wconf 88' lang='lat' dir='ltr'>haec</span> <span class='ocrx_word' id='word_1_1102' title='bbox 1539 2195 1579 2214; x_wconf 87' lang='lat' dir='ltr'>est</span> <span class='ocrx_word' id='word_1_1103' title='bbox 1598 2196 1676 2214; x_wconf 88' lang='lat' dir='ltr'>causa</span> <span class='ocrx_word' id='word_1_1104' title='bbox 1694 2189 1767 2220; x_wconf 86' lang='lat' dir='ltr'>quod</span> <span class='ocrx_word' id='word_1_1105' title='bbox 1785 2188 1856 2220; x_wconf 88' lang='lat' dir='ltr'>quod</span> <span class='ocrx_word' id='word_1_1106' title='bbox 1876 2187 1974 2220; x_wconf 90' lang='lat' dir='ltr'>aliquid</span> <span class='ocrx_word' id='word_1_1107' title='bbox 1993 2192 2168 2219; x_wconf 87' lang='lat' dir='ltr'>cognoscatur</span> <span class='ocrx_word' id='word_1_1108' title='bbox 2190 2186 2221 2210; x_wconf 83' lang='lat' dir='ltr'>ab</span> <span class='ocrx_word' id='word_1_1109' title='bbox 2241 2185 2338 2218; x_wconf 88' lang='lat' dir='ltr'>aliquo,</span> <span class='ocrx_word' id='word_1_1110' title='bbox 2357 2186 2428 2218; x_wconf 90' lang='lat' dir='ltr'>quod</span> <span class='ocrx_word' id='word_1_1111' title='bbox 2447 2190 2488 2209; x_wconf 90' lang='lat' dir='ltr'>est</span> <span class='ocrx_word' id='word_1_1112' title='bbox 2506 2185 2531 2209; x_wconf 92' lang='lat' dir='ltr'>in</span> 
     </span>
     <span class='ocr_line' id='line_1_117' title="bbox 1416 2237 2532 2271; baseline -0.005 -5"><span class='ocrx_word' id='word_1_1113' title='bbox 1416 2253 1441 2271; x_wconf 50' lang='grc' dir='ltr'>,ιο</span> <span class='ocrx_word' id='word_1_1114' title='bbox 1456 2249 1487 2266; x_wconf 90' lang='lat' dir='ltr'>eo</span> <span class='ocrx_word' id='word_1_1115' title='bbox 1507 2241 1720 2265; x_wconf 80' lang='lat' dir='ltr'>immaterialiter.</span> <span class='ocrx_word' id='word_1_1116' title='bbox 1740 2239 1815 2265; x_wconf 84' lang='lat' dir='ltr'>Unde</span> <span class='ocrx_word' id='word_1_1117' title='bbox 1828 2247 1924 2264; x_wconf 88' lang='lat' dir='ltr'>sensus</span> <span class='ocrx_word' id='word_1_1118' title='bbox 1938 2244 1979 2263; x_wconf 90' lang='lat' dir='ltr'>est</span> <span class='ocrx_word' id='word_1_1119' title='bbox 1991 2238 2158 2271; x_wconf 86' lang='lat' dir='ltr'>susceptivus</span> <span class='ocrx_word' id='word_1_1120' title='bbox 2172 2238 2320 2270; x_wconf 88' lang='lat' dir='ltr'>specierum</span> <span class='ocrx_word' id='word_1_1121' title='bbox 2340 2237 2397 2262; x_wconf 89' lang='lat' dir='ltr'>sine</span> <span class='ocrx_word' id='word_1_1122' title='bbox 2415 2237 2532 2266; x_wconf 80' lang='lat' dir='ltr'>materia,</span> 
     </span>
     <span class='ocr_line' id='line_1_118' title="bbox 1455 2287 2530 2321; baseline -0.006 -3"><span class='ocrx_word' id='word_1_1123' title='bbox 1455 2294 1502 2319; x_wconf 90' lang='lat' dir='ltr'>sed</span> <span class='ocrx_word' id='word_1_1124' title='bbox 1523 2301 1574 2318; x_wconf 91' lang='lat' dir='ltr'>non</span> <span class='ocrx_word' id='word_1_1125' title='bbox 1589 2300 1637 2318; x_wconf 84' lang='lat' dir='ltr'>con</span> <span class='ocrx_word' id='word_1_1126' title='bbox 1652 2293 1708 2316; x_wconf 91' lang='lat' dir='ltr'>sine</span> <span class='ocrx_word' id='word_1_1127' title='bbox 1722 2290 1914 2316; x_wconf 88' lang='lat' dir='ltr'>conditionibus</span> <span class='ocrx_word' id='word_1_1128' title='bbox 1934 2290 2057 2315; x_wconf 88' lang='lat' dir='ltr'>materiae</span> <span class='ocrx_word' id='word_1_1129' title='bbox 2074 2289 2190 2319; x_wconf 81' lang='lat' dir='ltr'>omnino,</span> <span class='ocrx_word' id='word_1_1130' title='bbox 2211 2297 2270 2314; x_wconf 90' lang='lat' dir='ltr'>cum</span> <span class='ocrx_word' id='word_1_1131' title='bbox 2290 2288 2397 2321; x_wconf 89' lang='lat' dir='ltr'>recipiat</span> <span class='ocrx_word' id='word_1_1132' title='bbox 2416 2287 2530 2320; x_wconf 88' lang='lat' dir='ltr'>speciem</span> 
     </span>
     <span class='ocr_line' id='line_1_119' title="bbox 1455 2340 2531 2379; baseline -0.007 -8"><span class='ocrx_word' id='word_1_1133' title='bbox 1455 2347 1479 2371; x_wconf 88' lang='lat' dir='ltr'>in</span> <span class='ocrx_word' id='word_1_1134' title='bbox 1498 2354 1596 2379; x_wconf 87' lang='lat' dir='ltr'>organo</span> <span class='ocrx_word' id='word_1_1135' title='bbox 1616 2345 1752 2377; x_wconf 82' lang='lat' dir='ltr'>corporali,</span> <span class='ocrx_word' id='word_1_1136' title='bbox 1772 2349 1798 2368; x_wconf 87' lang='lat' dir='ltr'>et</span> <span class='ocrx_word' id='word_1_1137' title='bbox 1816 2343 1875 2367; x_wconf 90' lang='lat' dir='ltr'>ideo</span> <span class='ocrx_word' id='word_1_1138' title='bbox 1895 2348 1935 2367; x_wconf 87' lang='lat' dir='ltr'>est</span> <span class='ocrx_word' id='word_1_1139' title='bbox 1954 2342 2061 2374; x_wconf 90' lang='lat' dir='ltr'>quidem</span> <span class='ocrx_word' id='word_1_1140' title='bbox 2081 2341 2274 2373; x_wconf 86' lang='lat' dir='ltr'>cognoscitivus</span> <span class='ocrx_word' id='word_1_1141' title='bbox 2294 2341 2341 2365; x_wconf 89' lang='lat' dir='ltr'>sed</span> <span class='ocrx_word' id='word_1_1142' title='bbox 2360 2348 2412 2365; x_wconf 92' lang='lat' dir='ltr'>non</span> <span class='ocrx_word' id='word_1_1143' title='bbox 2432 2340 2531 2364; x_wconf 89' lang='lat' dir='ltr'>intelle-</span> 
     </span>
     <span class='ocr_line' id='line_1_120' title="bbox 1454 2391 2532 2427; baseline -0.006 -5"><span class='ocrx_word' id='word_1_1144' title='bbox 1454 2398 1546 2426; x_wconf 76' lang='lat' dir='ltr'>ctivus,</span> <span class='ocrx_word' id='word_1_1145' title='bbox 1562 2405 1621 2421; x_wconf 84' lang='lat' dir='ltr'>nam</span> <span class='ocrx_word' id='word_1_1146' title='bbox 1635 2396 1780 2420; x_wconf 88' lang='lat' dir='ltr'>intellectus</span> <span class='ocrx_word' id='word_1_1147' title='bbox 1791 2395 1893 2427; x_wconf 89' lang='lat' dir='ltr'>absque</span> <span class='ocrx_word' id='word_1_1148' title='bbox 1906 2394 1977 2419; x_wconf 89' lang='lat' dir='ltr'>omni</span> <span class='ocrx_word' id='word_1_1149' title='bbox 1991 2394 2120 2426; x_wconf 87' lang='lat' dir='ltr'>corporali</span> <span class='ocrx_word' id='word_1_1150' title='bbox 2133 2401 2232 2426; x_wconf 86' lang='lat' dir='ltr'>organo</span> <span class='ocrx_word' id='word_1_1151' title='bbox 2241 2393 2342 2424; x_wconf 89' lang='lat' dir='ltr'>species</span> <span class='ocrx_word' id='word_1_1152' title='bbox 2355 2391 2532 2423; x_wconf 87' lang='lat' dir='ltr'>intelligibiles</span> 
     </span>
     <span class='ocr_line' id='line_1_121' title="bbox 1454 2443 2532 2478; baseline -0.006 -5"><span class='ocrx_word' id='word_1_1153' title='bbox 1454 2448 1542 2473; x_wconf 85' lang='lat' dir='ltr'>habet.</span> <span class='ocrx_word' id='word_1_1154' title='bbox 1571 2448 1597 2472; x_wconf 92' lang='lat' dir='ltr'>ln</span> <span class='ocrx_word' id='word_1_1155' title='bbox 1627 2447 1748 2471; x_wconf 88' lang='lat' dir='ltr'>nutritivo</span> <span class='ocrx_word' id='word_1_1156' title='bbox 1777 2451 1864 2471; x_wconf 90' lang='lat' dir='ltr'>autem</span> <span class='ocrx_word' id='word_1_1157' title='bbox 1895 2453 1947 2470; x_wconf 81' lang='lat' dir='ltr'>non</span> <span class='ocrx_word' id='word_1_1158' title='bbox 1967 2445 2090 2478; x_wconf 85' lang='lat' dir='ltr'>accipitur</span> <span class='ocrx_word' id='word_1_1159' title='bbox 2118 2445 2215 2478; x_wconf 89' lang='lat' dir='ltr'>aliquid</span> <span class='ocrx_word' id='word_1_1160' title='bbox 2237 2445 2287 2468; x_wconf 89' lang='lat' dir='ltr'>nisi</span> <span class='ocrx_word' id='word_1_1161' title='bbox 2311 2443 2487 2474; x_wconf 85' lang='lat' dir='ltr'>materialiter,</span> <span class='ocrx_word' id='word_1_1162' title='bbox 2507 2448 2532 2468; x_wconf 91' lang='lat' dir='ltr'>et</span> 
     </span>
     <span class='ocr_line' id='line_1_122' title="bbox 1419 2495 2531 2532; baseline -0.005 -7"><span class='ocrx_word' id='word_1_1163' title='bbox 1419 2507 1437 2526; x_wconf 69' lang='grc' dir='ltr'>ις</span> <span class='ocrx_word' id='word_1_1164' title='bbox 1454 2505 1562 2532; x_wconf 87' lang='lat' dir='ltr'>propter</span> <span class='ocrx_word' id='word_1_1165' title='bbox 1582 2499 1631 2523; x_wconf 91' lang='lat' dir='ltr'>hoc</span> <span class='ocrx_word' id='word_1_1166' title='bbox 1651 2499 1724 2523; x_wconf 90' lang='lat' dir='ltr'>nullo</span> <span class='ocrx_word' id='word_1_1167' title='bbox 1744 2499 1823 2522; x_wconf 89' lang='lat' dir='ltr'>modo</span> <span class='ocrx_word' id='word_1_1168' title='bbox 1843 2498 1987 2530; x_wconf 82' lang='lat' dir='ltr'>cognoscit.</span> <span class='ocrx_word' id='word_1_1169' title='bbox 2007 2497 2084 2527; x_wconf 92' lang='lat' dir='ltr'>Quod</span> <span class='ocrx_word' id='word_1_1170' title='bbox 2104 2497 2182 2529; x_wconf 89' lang='lat' dir='ltr'>igitur</span> <span class='ocrx_word' id='word_1_1171' title='bbox 2201 2502 2243 2521; x_wconf 88' lang='lat' dir='ltr'>est</span> <span class='ocrx_word' id='word_1_1172' title='bbox 2260 2497 2285 2520; x_wconf 92' lang='lat' dir='ltr'>in</span> <span class='ocrx_word' id='word_1_1173' title='bbox 2305 2495 2393 2528; x_wconf 88' lang='lat' dir='ltr'>aliquo</span> <span class='ocrx_word' id='word_1_1174' title='bbox 2411 2496 2531 2520; x_wconf 83' lang='lat' dir='ltr'>immate-</span> 
     </span>
     <span class='ocr_line' id='line_1_123' title="bbox 1454 2546 2529 2582; baseline -0.005 -7"><span class='ocrx_word' id='word_1_1175' title='bbox 1454 2552 1549 2576; x_wconf 89' lang='lat' dir='ltr'>rialiter</span> <span class='ocrx_word' id='word_1_1176' title='bbox 1569 2555 1593 2574; x_wconf 84' lang='lat' dir='ltr'>et</span> <span class='ocrx_word' id='word_1_1177' title='bbox 1612 2550 1714 2582; x_wconf 88' lang='lat' dir='ltr'>absque</span> <span class='ocrx_word' id='word_1_1178' title='bbox 1733 2550 1805 2573; x_wconf 90' lang='lat' dir='ltr'>omni</span> <span class='ocrx_word' id='word_1_1179' title='bbox 1824 2557 1924 2581; x_wconf 84' lang='lat' dir='ltr'>organo</span> <span class='ocrx_word' id='word_1_1180' title='bbox 1945 2549 2083 2581; x_wconf 86' lang='lat' dir='ltr'>corporali,</span> <span class='ocrx_word' id='word_1_1181' title='bbox 2102 2552 2142 2572; x_wconf 87' lang='lat' dir='ltr'>est</span> <span class='ocrx_word' id='word_1_1182' title='bbox 2160 2549 2186 2572; x_wconf 92' lang='lat' dir='ltr'>in</span> <span class='ocrx_word' id='word_1_1183' title='bbox 2206 2556 2238 2572; x_wconf 88' lang='lat' dir='ltr'>eo</span> <span class='ocrx_word' id='word_1_1184' title='bbox 2257 2546 2459 2579; x_wconf 86' lang='lat' dir='ltr'>intelligibiliter.</span> <span class='ocrx_word' id='word_1_1185' title='bbox 2478 2547 2529 2571; x_wconf 90' lang='lat' dir='ltr'>Sed</span> 
     </span>
     <span class='ocr_line' id='line_1_124' title="bbox 1455 2597 2529 2632; baseline -0.003 -6"><span class='ocrx_word' id='word_1_1186' title='bbox 1455 2603 1525 2627; x_wconf 88' lang='lat' dir='ltr'>Deus</span> <span class='ocrx_word' id='word_1_1187' title='bbox 1545 2607 1569 2626; x_wconf 85' lang='lat' dir='ltr'>et</span> <span class='ocrx_word' id='word_1_1188' title='bbox 1589 2601 1766 2625; x_wconf 80' lang='lat' dir='ltr'>immaterialis</span> <span class='ocrx_word' id='word_1_1189' title='bbox 1786 2605 1811 2624; x_wconf 92' lang='lat' dir='ltr'>et</span> <span class='ocrx_word' id='word_1_1190' title='bbox 1830 2600 2000 2632; x_wconf 85' lang='lat' dir='ltr'>incorporeus</span> <span class='ocrx_word' id='word_1_1191' title='bbox 2028 2605 2068 2624; x_wconf 90' lang='lat' dir='ltr'>est</span> <span class='ocrx_word' id='word_1_1192' title='bbox 2087 2599 2133 2631; x_wconf 84' lang='lat' dir='ltr'>qui</span> <span class='ocrx_word' id='word_1_1193' title='bbox 2160 2604 2189 2623; x_wconf 89' lang='lat' dir='ltr'>ut</span> <span class='ocrx_word' id='word_1_1194' title='bbox 2208 2605 2238 2623; x_wconf 90' lang='lat' dir='ltr'>ex</span> <span class='ocrx_word' id='word_1_1195' title='bbox 2260 2606 2339 2631; x_wconf 88' lang='lat' dir='ltr'>supra</span> <span class='ocrx_word' id='word_1_1196' title='bbox 2358 2597 2433 2622; x_wconf 86' lang='lat' dir='ltr'>dictis</span> <span class='ocrx_word' id='word_1_1197' title='bbox 2450 2603 2529 2631; x_wconf 86' lang='lat' dir='ltr'>patet.</span> 
     </span>
     <span class='ocr_line' id='line_1_125' title="bbox 1454 2650 2529 2685; baseline -0.004 -7"><span class='ocrx_word' id='word_1_1198' title='bbox 1454 2653 1584 2685; x_wconf 88' lang='lat' dir='ltr'>Quicquid</span> <span class='ocrx_word' id='word_1_1199' title='bbox 1604 2653 1682 2684; x_wconf 80' lang='lat' dir='ltr'>igitur</span> <span class='ocrx_word' id='word_1_1200' title='bbox 1701 2657 1742 2677; x_wconf 88' lang='lat' dir='ltr'>est</span> <span class='ocrx_word' id='word_1_1201' title='bbox 1760 2652 1784 2676; x_wconf 90' lang='lat' dir='ltr'>in</span> <span class='ocrx_word' id='word_1_1202' title='bbox 1811 2659 1843 2676; x_wconf 91' lang='lat' dir='ltr'>eo</span> <span class='ocrx_word' id='word_1_1203' title='bbox 1867 2656 1908 2676; x_wconf 88' lang='lat' dir='ltr'>est</span> <span class='ocrx_word' id='word_1_1204' title='bbox 1932 2651 1966 2675; x_wconf 91' lang='lat' dir='ltr'>ibi</span> <span class='ocrx_word' id='word_1_1205' title='bbox 1986 2658 2032 2683; x_wconf 90' lang='lat' dir='ltr'>per</span> <span class='ocrx_word' id='word_1_1206' title='bbox 2051 2651 2159 2675; x_wconf 92' lang='lat' dir='ltr'>modum</span> <span class='ocrx_word' id='word_1_1207' title='bbox 2183 2650 2382 2682; x_wconf 88' lang='lat' dir='ltr'>intelligibilem.</span> <span class='ocrx_word' id='word_1_1208' title='bbox 2400 2650 2448 2675; x_wconf 87' lang='lat' dir='ltr'>Est</span> <span class='ocrx_word' id='word_1_1209' title='bbox 2466 2657 2529 2682; x_wconf 85' lang='lat' dir='ltr'>ergo</span> 
     </span>
     <span class='ocr_line' id='line_1_126' title="bbox 1453 2701 2528 2736; baseline -0.005 -7"><span class='ocrx_word' id='word_1_1210' title='bbox 1453 2704 1611 2736; x_wconf 77' lang='lat' dir='ltr'>intelligens.</span> <span class='ocrx_word' id='word_1_1211' title='bbox 1631 2704 1644 2717; x_wconf 84' lang='grc'>*</span> <span class='ocrx_word' id='word_1_1212' title='bbox 1659 2703 1675 2735; x_wconf 66' lang='grc' dir='ltr'><strong>ξ</strong></span> <span class='ocrx_word' id='word_1_1213' title='bbox 1689 2702 1791 2727; x_wconf 80' lang='lat' dir='ltr'>Adhuc.</span> <span class='ocrx_word' id='word_1_1214' title='bbox 1811 2702 1906 2726; x_wconf 81' lang='lat' dir='ltr'>Forma</span> <span class='ocrx_word' id='word_1_1215' title='bbox 1934 2707 1975 2726; x_wconf 89' lang='lat' dir='ltr'>est</span> <span class='ocrx_word' id='word_1_1216' title='bbox 2001 2701 2156 2734; x_wconf 88' lang='lat' dir='ltr'>principium</span> <span class='ocrx_word' id='word_1_1217' title='bbox 2185 2701 2278 2733; x_wconf 86' lang='lat' dir='ltr'>agendi</span> <span class='ocrx_word' id='word_1_1218' title='bbox 2297 2701 2323 2725; x_wconf 89' lang='lat' dir='ltr'>in</span> <span class='ocrx_word' id='word_1_1219' title='bbox 2342 2705 2443 2733; x_wconf 85' lang='lat' dir='ltr'>agente,</span> <span class='ocrx_word' id='word_1_1220' title='bbox 2468 2708 2528 2725; x_wconf 88' lang='lat' dir='ltr'>nam</span> 
     </span>
     <span class='ocr_line' id='line_1_127' title="bbox 1415 2753 2528 2788; baseline -0.003 -8"><span class='ocrx_word' id='word_1_1221' title='bbox 1415 2763 1440 2782; x_wconf 75' lang='lat'>5⁰</span> <span class='ocrx_word' id='word_1_1222' title='bbox 1454 2756 1663 2788; x_wconf 87' lang='lat' dir='ltr'>unumquodque</span> <span class='ocrx_word' id='word_1_1223' title='bbox 1683 2755 1735 2787; x_wconf 85' lang='lat' dir='ltr'>agit</span> <span class='ocrx_word' id='word_1_1224' title='bbox 1754 2754 1900 2779; x_wconf 85' lang='lat' dir='ltr'>secundum</span> <span class='ocrx_word' id='word_1_1225' title='bbox 1921 2753 1992 2786; x_wconf 90' lang='lat' dir='ltr'>quod</span> <span class='ocrx_word' id='word_1_1226' title='bbox 2013 2758 2053 2778; x_wconf 87' lang='lat' dir='ltr'>est</span> <span class='ocrx_word' id='word_1_1227' title='bbox 2073 2759 2139 2778; x_wconf 83' lang='lat' dir='ltr'>actu.</span> <span class='ocrx_word' id='word_1_1228' title='bbox 2159 2754 2234 2778; x_wconf 86' lang='lat' dir='ltr'>Actio</span> <span class='ocrx_word' id='word_1_1229' title='bbox 2248 2753 2326 2785; x_wconf 89' lang='lat' dir='ltr'>igitur</span> <span class='ocrx_word' id='word_1_1230' title='bbox 2338 2753 2393 2777; x_wconf 88' lang='lat' dir='ltr'>sive</span> <span class='ocrx_word' id='word_1_1231' title='bbox 2412 2753 2528 2785; x_wconf 87' lang='lat' dir='ltr'>operatio</span> 
     </span>
     <span class='ocr_line' id='line_1_128' title="bbox 1453 2804 2529 2840; baseline -0.004 -8"><span class='ocrx_word' id='word_1_1232' title='bbox 1453 2807 1572 2840; x_wconf 87' lang='lat' dir='ltr'>sequitur</span> <span class='ocrx_word' id='word_1_1233' title='bbox 1596 2806 1709 2831; x_wconf 87' lang='lat' dir='ltr'>formam</span> <span class='ocrx_word' id='word_1_1234' title='bbox 1727 2813 1796 2838; x_wconf 80' lang='lat' dir='ltr'>quae</span> <span class='ocrx_word' id='word_1_1235' title='bbox 1815 2806 1915 2838; x_wconf 86' lang='lat' dir='ltr'>agentis</span> <span class='ocrx_word' id='word_1_1236' title='bbox 1938 2805 2093 2837; x_wconf 87' lang='lat' dir='ltr'>inquantum</span> <span class='ocrx_word' id='word_1_1237' title='bbox 2117 2810 2156 2829; x_wconf 89' lang='lat' dir='ltr'>est</span> <span class='ocrx_word' id='word_1_1238' title='bbox 2178 2811 2266 2836; x_wconf 82' lang='lat' dir='ltr'>agens.</span> <span class='ocrx_word' id='word_1_1239' title='bbox 2287 2805 2438 2829; x_wconf 90' lang='lat' dir='ltr'>Secundum</span> <span class='ocrx_word' id='word_1_1240' title='bbox 2452 2804 2529 2836; x_wconf 89' lang='lat' dir='ltr'>igitur</span> 
     </span>
     <span class='ocr_line' id='line_1_129' title="bbox 1454 2855 2528 2891; baseline -0.004 -8"><span class='ocrx_word' id='word_1_1241' title='bbox 1454 2859 1561 2883; x_wconf 88' lang='lat' dir='ltr'>modum</span> <span class='ocrx_word' id='word_1_1242' title='bbox 1581 2858 1740 2891; x_wconf 78' lang='lat' dir='ltr'>operationis</span> <span class='ocrx_word' id='word_1_1243' title='bbox 1759 2863 1799 2882; x_wconf 87' lang='lat' dir='ltr'>est</span> <span class='ocrx_word' id='word_1_1244' title='bbox 1823 2857 1918 2881; x_wconf 88' lang='lat' dir='ltr'>modus</span> <span class='ocrx_word' id='word_1_1245' title='bbox 1942 2856 2043 2881; x_wconf 88' lang='lat' dir='ltr'>formae</span> <span class='ocrx_word' id='word_1_1246' title='bbox 2067 2864 2134 2888; x_wconf 87' lang='lat' dir='ltr'>quae</span> <span class='ocrx_word' id='word_1_1247' title='bbox 2158 2861 2199 2880; x_wconf 87' lang='lat' dir='ltr'>est</span> <span class='ocrx_word' id='word_1_1248' title='bbox 2221 2856 2375 2888; x_wconf 82' lang='lat' dir='ltr'>principium</span> <span class='ocrx_word' id='word_1_1249' title='bbox 2395 2855 2528 2887; x_wconf 88' lang='lat' dir='ltr'>operandi.</span> 
     </span>
     <span class='ocr_line' id='line_1_130' title="bbox 1454 2908 2530 2943; baseline -0.003 -8"><span class='ocrx_word' id='word_1_1250' title='bbox 1454 2911 1505 2936; x_wconf 85' lang='lat' dir='ltr'>Sed</span> <span class='ocrx_word' id='word_1_1251' title='bbox 1520 2910 1636 2943; x_wconf 87' lang='lat' dir='ltr'>operatio</span> <span class='ocrx_word' id='word_1_1252' title='bbox 1655 2909 1823 2942; x_wconf 85' lang='lat' dir='ltr'>intelligibilis</span> <span class='ocrx_word' id='word_1_1253' title='bbox 1842 2910 1970 2941; x_wconf 87' lang='lat' dir='ltr'>adaequat</span> <span class='ocrx_word' id='word_1_1254' title='bbox 1986 2908 2167 2940; x_wconf 77' lang='lat' dir='ltr'>operationem</span> <span class='ocrx_word' id='word_1_1255' title='bbox 2193 2914 2311 2932; x_wconf 87' lang='lat' dir='ltr'>naturam</span> <span class='ocrx_word' id='word_1_1256' title='bbox 2329 2908 2364 2932; x_wconf 87' lang='lat' dir='ltr'>rei</span> <span class='ocrx_word' id='word_1_1257' title='bbox 2384 2908 2530 2932; x_wconf 90' lang='lat' dir='ltr'>intellectae</span> 
     </span>
     <span class='ocr_line' id='line_1_131' title="bbox 1453 2958 2528 2990; baseline -0.005 -3"><span class='ocrx_word' id='word_1_1258' title='bbox 1453 2962 1598 2987; x_wconf 83' lang='lat' dir='ltr'>secundum</span> <span class='ocrx_word' id='word_1_1259' title='bbox 1613 2961 1738 2985; x_wconf 88' lang='lat' dir='ltr'>rationem</span> <span class='ocrx_word' id='word_1_1260' title='bbox 1755 2967 1936 2984; x_wconf 89' lang='lat' dir='ltr'>communem:</span> <span class='ocrx_word' id='word_1_1261' title='bbox 1958 2967 2010 2983; x_wconf 90' lang='lat' dir='ltr'>non</span> <span class='ocrx_word' id='word_1_1262' title='bbox 2023 2959 2091 2983; x_wconf 86' lang='lat' dir='ltr'>enirn</span> <span class='ocrx_word' id='word_1_1263' title='bbox 2105 2958 2250 2983; x_wconf 79' lang='lat' dir='ltr'>secundum</span> <span class='ocrx_word' id='word_1_1264' title='bbox 2271 2958 2421 2990; x_wconf 88' lang='lat' dir='ltr'>intelligitur</span> <span class='ocrx_word' id='word_1_1265' title='bbox 2438 2963 2528 2982; x_wconf 85' lang='lat' dir='ltr'>natura</span> 
     </span>
     <span class='ocr_line' id='line_1_132' title="bbox 1415 3009 2528 3046; baseline -0.004 -8"><span class='ocrx_word' id='word_1_1266' title='bbox 1415 3025 1436 3043; x_wconf 74' lang='lat'>55</span> <span class='ocrx_word' id='word_1_1267' title='bbox 1452 3013 1545 3046; x_wconf 89' lang='lat' dir='ltr'>lapidis</span> <span class='ocrx_word' id='word_1_1268' title='bbox 1565 3012 1710 3037; x_wconf 88' lang='lat' dir='ltr'>secundum</span> <span class='ocrx_word' id='word_1_1269' title='bbox 1731 3019 1791 3036; x_wconf 85' lang='lat' dir='ltr'>esse</span> <span class='ocrx_word' id='word_1_1270' title='bbox 1811 3011 1882 3043; x_wconf 91' lang='lat' dir='ltr'>quod</span> <span class='ocrx_word' id='word_1_1271' title='bbox 1902 3011 1980 3035; x_wconf 87' lang='lat' dir='ltr'>habet</span> <span class='ocrx_word' id='word_1_1272' title='bbox 1997 3011 2023 3035; x_wconf 91' lang='lat' dir='ltr'>in</span> <span class='ocrx_word' id='word_1_1273' title='bbox 2045 3010 2095 3034; x_wconf 88' lang='lat' dir='ltr'>hoc</span> <span class='ocrx_word' id='word_1_1274' title='bbox 2114 3011 2154 3034; x_wconf 90' lang='lat' dir='ltr'>vel</span> <span class='ocrx_word' id='word_1_1275' title='bbox 2180 3010 2205 3034; x_wconf 88' lang='lat' dir='ltr'>in</span> <span class='ocrx_word' id='word_1_1276' title='bbox 2225 3009 2270 3034; x_wconf 92' lang='lat' dir='ltr'>illo</span> <span class='ocrx_word' id='word_1_1277' title='bbox 2290 3009 2469 3039; x_wconf 80' lang='lat' dir='ltr'>determinate,</span> <span class='ocrx_word' id='word_1_1278' title='bbox 2488 3016 2528 3034; x_wconf 80' lang='lat' dir='ltr'>se-</span> 
     </span>
     <span class='ocr_line' id='line_1_133' title="bbox 1452 3059 2524 3092; baseline -0.004 -5"><span class='ocrx_word' id='word_1_1279' title='bbox 1452 3063 1570 3088; x_wconf 83' lang='lat' dir='ltr'>cundum</span> <span class='ocrx_word' id='word_1_1280' title='bbox 1587 3063 1633 3086; x_wconf 88' lang='lat' dir='ltr'>sed</span> <span class='ocrx_word' id='word_1_1281' title='bbox 1647 3062 1792 3086; x_wconf 88' lang='lat' dir='ltr'>secundum</span> <span class='ocrx_word' id='word_1_1282' title='bbox 1808 3061 1934 3085; x_wconf 85' lang='lat' dir='ltr'>rationem</span> <span class='ocrx_word' id='word_1_1283' title='bbox 1949 3068 2117 3085; x_wconf 88' lang='lat' dir='ltr'>communem</span> <span class='ocrx_word' id='word_1_1284' title='bbox 2131 3068 2182 3092; x_wconf 92' lang='lat' dir='ltr'>qua</span> <span class='ocrx_word' id='word_1_1285' title='bbox 2202 3060 2226 3084; x_wconf 90' lang='lat' dir='ltr'>in</span> <span class='ocrx_word' id='word_1_1286' title='bbox 2245 3059 2367 3084; x_wconf 87' lang='lat' dir='ltr'>omnibus</span> <span class='ocrx_word' id='word_1_1287' title='bbox 2387 3060 2524 3084; x_wconf 88' lang='lat' dir='ltr'>invenitur.</span> 
     </span>
    </p>
   </div>
   <div class='ocr_carea' id='block_1_21' title="bbox 1454 3110 2527 3146">
    <p class='ocr_par' dir='ltr' id='par_1_21' title="bbox 1454 3110 2527 3146">
     <span class='ocr_line' id='line_1_134' title="bbox 1454 3110 2527 3146; baseline -0.003 -8"><span class='ocrx_word' id='word_1_1288' title='bbox 1454 3115 1548 3138; x_wconf 83' lang='lat' dir='ltr'>Forma</span> <span class='ocrx_word' id='word_1_1289' title='bbox 1568 3114 1644 3146; x_wconf 87' lang='lat' dir='ltr'>igitur</span> <span class='ocrx_word' id='word_1_1290' title='bbox 1663 3121 1730 3145; x_wconf 91' lang='lat' dir='ltr'>quae</span> <span class='ocrx_word' id='word_1_1291' title='bbox 1756 3118 1795 3137; x_wconf 87' lang='lat' dir='ltr'>est</span> <span class='ocrx_word' id='word_1_1292' title='bbox 1819 3113 1978 3145; x_wconf 85' lang='lat' dir='ltr'>intelligendi</span> <span class='ocrx_word' id='word_1_1293' title='bbox 2005 3112 2158 3144; x_wconf 85' lang='lat' dir='ltr'>principium</span> <span class='ocrx_word' id='word_1_1294' title='bbox 2185 3111 2280 3135; x_wconf 85' lang='lat' dir='ltr'>Forma</span> <span class='ocrx_word' id='word_1_1295' title='bbox 2305 3111 2382 3143; x_wconf 85' lang='lat' dir='ltr'>igitur</span> <span class='ocrx_word' id='word_1_1296' title='bbox 2406 3110 2527 3143; x_wconf 85' lang='lat' dir='ltr'>intelligi-</span> 
     </span>
    </p>
   </div>
   <div class='ocr_carea' id='block_1_22' title="bbox 2559 1519 2716 1573">
    <p class='ocr_par' dir='ltr' id='par_1_22' title="bbox 2559 1519 2716 1573">
     <span class='ocr_line' id='line_1_135' title="bbox 2559 1519 2716 1546; baseline -0.013 -6"><span class='ocrx_word' id='word_1_1297' title='bbox 2559 1521 2566 1528; x_wconf 89' lang='lat'>&#39;</span> <span class='ocrx_word' id='word_1_1298' title='bbox 2583 1519 2643 1540; x_wconf 83' lang='lat' dir='ltr'>Casu</span> <span class='ocrx_word' id='word_1_1299' title='bbox 2658 1524 2699 1546; x_wconf 88' lang='lat' dir='ltr'>pro</span> <span class='ocrx_word' id='word_1_1300' title='bbox 2714 1532 2716 1538; x_wconf 51' lang='lat' dir='ltr'>i</span> 
     </span>
     <span class='ocr_line' id='line_1_136' title="bbox 2559 1547 2708 1573; baseline -0.007 -6"><span class='ocrx_word' id='word_1_1301' title='bbox 2559 1550 2587 1567; x_wconf 63' lang='lat' dir='ltr'>ci.</span> <span class='ocrx_word' id='word_1_1302' title='bbox 2605 1547 2640 1573; x_wconf 77' lang='lat'>27·</span> <span class='ocrx_word' id='word_1_1303' title='bbox 2656 1552 2667 1566; x_wconf 82' lang='lat' dir='ltr'>a</span> <span class='ocrx_word' id='word_1_1304' title='bbox 2678 1552 2708 1570; x_wconf 69' lang='lat'>13-</span> 
     </span>
    </p>
   </div>
   <div class='ocr_carea' id='block_1_23' title="bbox 2558 2701 2662 2721">
    <p class='ocr_par' dir='ltr' id='par_1_23' title="bbox 2558 2701 2662 2721">
     <span class='ocr_line' id='line_1_137' title="bbox 2558 2701 2662 2721; baseline -0.01 0"><span class='ocrx_word' id='word_1_1305' title='bbox 2558 2701 2662 2721; x_wconf 73' lang='lat' dir='ltr'>urbi.</span> 
     </span>
    </p>
   </div>
   <div class='ocr_carea' id='block_1_24' title="bbox 1453 3161 2528 3197">
    <p class='ocr_par' dir='ltr' id='par_1_24' title="bbox 1453 3161 2528 3197">
     <span class='ocr_line' id='line_1_138' title="bbox 1453 3161 2528 3197; baseline -0.004 -8"><span class='ocrx_word' id='word_1_1306' title='bbox 1453 3165 1511 3189; x_wconf 90' lang='lat' dir='ltr'>bilis</span> <span class='ocrx_word' id='word_1_1307' title='bbox 1532 3171 1578 3197; x_wconf 87' lang='lat' dir='ltr'>per</span> <span class='ocrx_word' id='word_1_1308' title='bbox 1596 3171 1675 3196; x_wconf 89' lang='lat' dir='ltr'>quam</span> <span class='ocrx_word' id='word_1_1309' title='bbox 1696 3164 1846 3196; x_wconf 88' lang='lat' dir='ltr'>intelligitur</span> <span class='ocrx_word' id='word_1_1310' title='bbox 1866 3169 1906 3188; x_wconf 90' lang='lat' dir='ltr'>est</span> <span class='ocrx_word' id='word_1_1311' title='bbox 1923 3163 2037 3188; x_wconf 85' lang='lat' dir='ltr'>retinens</span> <span class='ocrx_word' id='word_1_1312' title='bbox 2055 3163 2109 3187; x_wconf 88' lang='lat' dir='ltr'>vim</span> <span class='ocrx_word' id='word_1_1313' title='bbox 2128 3162 2324 3187; x_wconf 83' lang='lat' dir='ltr'>communitatis</span> <span class='ocrx_word' id='word_1_1314' title='bbox 2347 3165 2461 3186; x_wconf 88' lang='lat' dir='ltr'>naturae.</span> <span class='ocrx_word' id='word_1_1315' title='bbox 2480 3161 2528 3185; x_wconf 88' lang='lat' dir='ltr'>Est</span> 
     </span>
    </p>
   </div>
   <div class='ocr_carea' id='block_1_25' title="bbox 1452 3211 2527 3249">
    <p class='ocr_par' dir='ltr' id='par_1_25' title="bbox 1452 3211 2527 3249">
     <span class='ocr_line' id='line_1_139' title="bbox 1452 3211 2527 3249; baseline -0.005 -9"><span class='ocrx_word' id='word_1_1316' title='bbox 1452 3216 1529 3249; x_wconf 86' lang='lat' dir='ltr'>igitur</span> <span class='ocrx_word' id='word_1_1317' title='bbox 1549 3215 1679 3239; x_wconf 85' lang='lat' dir='ltr'>denudata</span> <span class='ocrx_word' id='word_1_1318' title='bbox 1700 3214 1732 3239; x_wconf 86' lang='lat' dir='ltr'>ab</span> <span class='ocrx_word' id='word_1_1319' title='bbox 1751 3214 1874 3238; x_wconf 85' lang='lat' dir='ltr'>omnibus</span> <span class='ocrx_word' id='word_1_1320' title='bbox 1897 3213 1992 3246; x_wconf 90' lang='lat' dir='ltr'>quibus</span> <span class='ocrx_word' id='word_1_1321' title='bbox 2015 3218 2107 3238; x_wconf 84' lang='lat' dir='ltr'>natura</span> <span class='ocrx_word' id='word_1_1322' title='bbox 2131 3212 2290 3237; x_wconf 89' lang='lat' dir='ltr'>contrahitur</span> <span class='ocrx_word' id='word_1_1323' title='bbox 2309 3212 2340 3236; x_wconf 92' lang='lat' dir='ltr'>ad</span> <span class='ocrx_word' id='word_1_1324' title='bbox 2365 3211 2415 3236; x_wconf 85' lang='lat' dir='ltr'>hoc</span> <span class='ocrx_word' id='word_1_1325' title='bbox 2433 3211 2476 3235; x_wconf 85' lang='lat' dir='ltr'>vel</span> <span class='ocrx_word' id='word_1_1326' title='bbox 2494 3211 2527 3235; x_wconf 87' lang='lat' dir='ltr'>ad</span> 
     </span>
    </p>
   </div>
   <div class='ocr_carea' id='block_1_26' title="bbox 1411 3257 2527 3296">
    <p class='ocr_par' dir='ltr' id='par_1_26' title="bbox 1411 3257 2527 3296">
     <span class='ocr_line' id='line_1_140' title="bbox 1411 3257 2527 3296; baseline -0.004 -5"><span class='ocrx_word' id='word_1_1327' title='bbox 1411 3279 1439 3296; x_wconf 56' lang='grc' dir='ltr'>Μ,</span> <span class='ocrx_word' id='word_1_1328' title='bbox 1453 3267 1517 3291; x_wconf 90' lang='lat' dir='ltr'>illud</span> <span class='ocrx_word' id='word_1_1329' title='bbox 1528 3257 1872 3290; x_wconf 74' lang='lat' dir='ltr'>individuum.&#39;Huiusmodi</span> <span class='ocrx_word' id='word_1_1330' title='bbox 1884 3270 1971 3289; x_wconf 83' lang='lat' dir='ltr'>autem</span> <span class='ocrx_word' id='word_1_1331' title='bbox 1985 3269 2046 3289; x_wconf 90' lang='lat' dir='ltr'>sunt</span> <span class='ocrx_word' id='word_1_1332' title='bbox 2058 3264 2165 3288; x_wconf 81' lang='lat' dir='ltr'>materia</span> <span class='ocrx_word' id='word_1_1333' title='bbox 2178 3269 2204 3288; x_wconf 92' lang='lat' dir='ltr'>et</span> <span class='ocrx_word' id='word_1_1334' title='bbox 2219 3263 2342 3288; x_wconf 83' lang='lat' dir='ltr'>materiae</span> <span class='ocrx_word' id='word_1_1335' title='bbox 2355 3263 2527 3287; x_wconf 86' lang='lat' dir='ltr'>conditiones.</span> 
     </span>
    </p>
   </div>
   <div class='ocr_carea' id='block_1_27' title="bbox 1450 3308 2526 3710">
    <p class='ocr_par' dir='ltr' id='par_1_27' title="bbox 1450 3308 2526 3710">
     <span class='ocr_line' id='line_1_141' title="bbox 1452 3308 2526 3350; baseline -0.004 -9"><span class='ocrx_word' id='word_1_1336' title='bbox 1452 3317 1566 3350; x_wconf 90' lang='lat' dir='ltr'>Oportet</span> <span class='ocrx_word' id='word_1_1337' title='bbox 1584 3317 1662 3349; x_wconf 85' lang='lat' dir='ltr'>igitur</span> <span class='ocrx_word' id='word_1_1338' title='bbox 1681 3316 1793 3341; x_wconf 88' lang='lat' dir='ltr'>formam</span> <span class='ocrx_word' id='word_1_1339' title='bbox 1812 3308 2001 3348; x_wconf 85' lang='lat' dir='ltr'>intelligibilem</span> <span class='ocrx_word' id='word_1_1340' title='bbox 2020 3322 2081 3340; x_wconf 90' lang='lat' dir='ltr'>esse</span> <span class='ocrx_word' id='word_1_1341' title='bbox 2100 3315 2202 3348; x_wconf 86' lang='lat' dir='ltr'>absque</span> <span class='ocrx_word' id='word_1_1342' title='bbox 2224 3314 2331 3338; x_wconf 89' lang='lat' dir='ltr'>materia</span> <span class='ocrx_word' id='word_1_1343' title='bbox 2357 3319 2383 3338; x_wconf 91' lang='lat' dir='ltr'>et</span> <span class='ocrx_word' id='word_1_1344' title='bbox 2402 3313 2526 3338; x_wconf 89' lang='lat' dir='ltr'>omnibus</span> 
     </span>
     <span class='ocr_line' id='line_1_142' title="bbox 1452 3364 2526 3400; baseline -0.005 -7"><span class='ocrx_word' id='word_1_1345' title='bbox 1452 3369 1574 3393; x_wconf 86' lang='lat' dir='ltr'>materiae</span> <span class='ocrx_word' id='word_1_1346' title='bbox 1595 3367 1784 3392; x_wconf 87' lang='lat' dir='ltr'>conditionibus</span> <span class='ocrx_word' id='word_1_1347' title='bbox 1806 3367 1895 3400; x_wconf 80' lang='lat' dir='ltr'>Igitur</span> <span class='ocrx_word' id='word_1_1348' title='bbox 1913 3370 1940 3391; x_wconf 82' lang='lat' dir='ltr'>et</span> <span class='ocrx_word' id='word_1_1349' title='bbox 1959 3367 2111 3399; x_wconf 81' lang='lat' dir='ltr'>intelligens</span> <span class='ocrx_word' id='word_1_1350' title='bbox 2130 3370 2156 3390; x_wconf 90' lang='lat' dir='ltr'>et</span> <span class='ocrx_word' id='word_1_1351' title='bbox 2181 3373 2212 3390; x_wconf 85' lang='lat' dir='ltr'>ex</span> <span class='ocrx_word' id='word_1_1352' title='bbox 2231 3365 2280 3390; x_wconf 88' lang='lat' dir='ltr'>hoc</span> <span class='ocrx_word' id='word_1_1353' title='bbox 2301 3364 2330 3389; x_wconf 89' lang='lat' dir='ltr'>fit</span> <span class='ocrx_word' id='word_1_1354' title='bbox 2351 3365 2526 3397; x_wconf 88' lang='lat' dir='ltr'>intelligibilis.</span> 
     </span>
     <span class='ocr_line' id='line_1_143' title="bbox 1452 3416 2526 3453; baseline -0.003 -10"><span class='ocrx_word' id='word_1_1355' title='bbox 1452 3420 1530 3453; x_wconf 86' lang='lat' dir='ltr'>lgitur</span> <span class='ocrx_word' id='word_1_1356' title='bbox 1549 3419 1697 3451; x_wconf 86' lang='lat' dir='ltr'>intelligens</span> <span class='ocrx_word' id='word_1_1357' title='bbox 1711 3418 1808 3450; x_wconf 89' lang='lat' dir='ltr'>aliquid</span> <span class='ocrx_word' id='word_1_1358' title='bbox 1822 3423 1912 3450; x_wconf 87' lang='lat' dir='ltr'>aptum</span> <span class='ocrx_word' id='word_1_1359' title='bbox 1925 3424 2017 3442; x_wconf 89' lang='lat' dir='ltr'>natum</span> <span class='ocrx_word' id='word_1_1360' title='bbox 2030 3422 2070 3442; x_wconf 89' lang='lat' dir='ltr'>est</span> <span class='ocrx_word' id='word_1_1361' title='bbox 2089 3425 2119 3442; x_wconf 88' lang='lat' dir='ltr'>ex</span> <span class='ocrx_word' id='word_1_1362' title='bbox 2138 3417 2187 3442; x_wconf 92' lang='lat' dir='ltr'>hoc</span> <span class='ocrx_word' id='word_1_1363' title='bbox 2210 3417 2281 3450; x_wconf 89' lang='lat' dir='ltr'>quod</span> <span class='ocrx_word' id='word_1_1364' title='bbox 2294 3421 2335 3441; x_wconf 88' lang='lat' dir='ltr'>est</span> <span class='ocrx_word' id='word_1_1365' title='bbox 2348 3416 2526 3447; x_wconf 86' lang='lat' dir='ltr'>immateriale,</span> 
     </span>
     <span class='ocr_line' id='line_1_144' title="bbox 1452 3466 2526 3502; baseline -0.004 -7"><span class='ocrx_word' id='word_1_1366' title='bbox 1452 3476 1477 3495; x_wconf 88' lang='lat' dir='ltr'>et</span> <span class='ocrx_word' id='word_1_1367' title='bbox 1490 3472 1526 3495; x_wconf 90' lang='lat' dir='ltr'>sic</span> <span class='ocrx_word' id='word_1_1368' title='bbox 1539 3471 1626 3495; x_wconf 87' lang='lat' dir='ltr'>omnis</span> <span class='ocrx_word' id='word_1_1369' title='bbox 1647 3470 1791 3495; x_wconf 88' lang='lat' dir='ltr'>substantia</span> <span class='ocrx_word' id='word_1_1370' title='bbox 1805 3477 1874 3502; x_wconf 84' lang='lat' dir='ltr'>quae</span> <span class='ocrx_word' id='word_1_1371' title='bbox 1887 3474 1928 3494; x_wconf 91' lang='lat' dir='ltr'>est</span> <span class='ocrx_word' id='word_1_1372' title='bbox 1941 3469 1996 3494; x_wconf 88' lang='lat' dir='ltr'>sine</span> <span class='ocrx_word' id='word_1_1373' title='bbox 2010 3469 2117 3494; x_wconf 87' lang='lat' dir='ltr'>materia</span> <span class='ocrx_word' id='word_1_1374' title='bbox 2130 3474 2171 3493; x_wconf 89' lang='lat' dir='ltr'>est</span> <span class='ocrx_word' id='word_1_1375' title='bbox 2188 3468 2346 3500; x_wconf 86' lang='lat' dir='ltr'>intelligens.</span> <span class='ocrx_word' id='word_1_1376' title='bbox 2366 3466 2437 3491; x_wconf 79' lang='lat' dir='ltr'>Deus</span> <span class='ocrx_word' id='word_1_1377' title='bbox 2450 3467 2526 3499; x_wconf 82' lang='lat' dir='ltr'>igitur</span> 
     </span>
     <span class='ocr_line' id='line_1_145' title="bbox 1451 3518 2526 3555; baseline -0.005 -8"><span class='ocrx_word' id='word_1_1378' title='bbox 1451 3529 1491 3547; x_wconf 88' lang='lat' dir='ltr'>est</span> <span class='ocrx_word' id='word_1_1379' title='bbox 1509 3522 1666 3555; x_wconf 82' lang='lat' dir='ltr'>intelligens.</span> <span class='ocrx_word' id='word_1_1380' title='bbox 1686 3522 1702 3555; x_wconf 66' lang='grc' dir='ltr'>ξ</span> <span class='ocrx_word' id='word_1_1381' title='bbox 1717 3522 1848 3554; x_wconf 87' lang='lat' dir='ltr'>Amplius.</span> <span class='ocrx_word' id='word_1_1382' title='bbox 1868 3521 1944 3545; x_wconf 90' lang='lat' dir='ltr'>Nulla</span> <span class='ocrx_word' id='word_1_1383' title='bbox 1963 3521 2045 3545; x_wconf 85' lang='lat' dir='ltr'>virtus</span> <span class='ocrx_word' id='word_1_1384' title='bbox 2065 3519 2162 3545; x_wconf 76' lang='lat' dir='ltr'>infinita</span> <span class='ocrx_word' id='word_1_1385' title='bbox 2186 3524 2227 3544; x_wconf 88' lang='lat' dir='ltr'>est</span> <span class='ocrx_word' id='word_1_1386' title='bbox 2244 3519 2328 3543; x_wconf 89' lang='lat' dir='ltr'>virtus</span> <span class='ocrx_word' id='word_1_1387' title='bbox 2352 3519 2377 3543; x_wconf 90' lang='lat' dir='ltr'>in</span> <span class='ocrx_word' id='word_1_1388' title='bbox 2396 3518 2526 3551; x_wconf 86' lang='lat' dir='ltr'>magnitu-</span> 
     </span>
     <span class='ocr_line' id='line_1_146' title="bbox 1451 3569 2525 3606; baseline -0.005 -8"><span class='ocrx_word' id='word_1_1389' title='bbox 1451 3574 1519 3605; x_wconf 82' lang='lat' dir='ltr'>dine,</span> <span class='ocrx_word' id='word_1_1390' title='bbox 1540 3579 1567 3598; x_wconf 89' lang='lat' dir='ltr'>ut</span> <span class='ocrx_word' id='word_1_1391' title='bbox 1586 3573 1726 3606; x_wconf 80' lang='lat' dir='ltr'>probatum</span> <span class='ocrx_word' id='word_1_1392' title='bbox 1745 3578 1786 3597; x_wconf 88' lang='lat' dir='ltr'>est</span> <span class='ocrx_word' id='word_1_1393' title='bbox 1804 3579 1892 3605; x_wconf 86' lang='lat' dir='ltr'>supra.</span> <span class='ocrx_word' id='word_1_1394' title='bbox 1911 3572 2060 3596; x_wconf 86' lang='lat' dir='ltr'>Intellectus</span> <span class='ocrx_word' id='word_1_1395' title='bbox 2083 3575 2170 3595; x_wconf 88' lang='lat' dir='ltr'>autem</span> <span class='ocrx_word' id='word_1_1396' title='bbox 2194 3576 2235 3595; x_wconf 87' lang='lat' dir='ltr'>est</span> <span class='ocrx_word' id='word_1_1397' title='bbox 2253 3570 2369 3603; x_wconf 89' lang='lat' dir='ltr'>quodam</span> <span class='ocrx_word' id='word_1_1398' title='bbox 2388 3570 2468 3594; x_wconf 85' lang='lat' dir='ltr'>modo</span> <span class='ocrx_word' id='word_1_1399' title='bbox 2486 3569 2525 3593; x_wconf 90' lang='lat' dir='ltr'>in-</span> 
     </span>
     <span class='ocr_line' id='line_1_147' title="bbox 1450 3619 2524 3656; baseline -0.005 -7"><span class='ocrx_word' id='word_1_1400' title='bbox 1450 3624 1536 3650; x_wconf 87' lang='lat' dir='ltr'>finitae</span> <span class='ocrx_word' id='word_1_1401' title='bbox 1554 3624 1666 3655; x_wconf 79' lang='lat' dir='ltr'>virtutis,</span> <span class='ocrx_word' id='word_1_1402' title='bbox 1685 3624 1839 3656; x_wconf 89' lang='lat' dir='ltr'>inquantum</span> <span class='ocrx_word' id='word_1_1403' title='bbox 1858 3622 2007 3647; x_wconf 88' lang='lat' dir='ltr'>universale</span> <span class='ocrx_word' id='word_1_1404' title='bbox 2029 3622 2170 3655; x_wconf 86' lang='lat' dir='ltr'>cognoscit,</span> <span class='ocrx_word' id='word_1_1405' title='bbox 2194 3621 2265 3654; x_wconf 92' lang='lat' dir='ltr'>quod</span> <span class='ocrx_word' id='word_1_1406' title='bbox 2289 3626 2330 3646; x_wconf 86' lang='lat' dir='ltr'>est</span> <span class='ocrx_word' id='word_1_1407' title='bbox 2347 3619 2476 3645; x_wconf 86' lang='lat' dir='ltr'>infinitum</span> <span class='ocrx_word' id='word_1_1408' title='bbox 2498 3621 2524 3644; x_wconf 93' lang='lat' dir='ltr'>in</span> 
     </span>
     <span class='ocr_line' id='line_1_148' title="bbox 1452 3672 2526 3710; baseline -0.006 -8"><span class='ocrx_word' id='word_1_1409' title='bbox 1452 3676 1575 3710; x_wconf 90' lang='lat' dir='ltr'>potentia,</span> <span class='ocrx_word' id='word_1_1410' title='bbox 1597 3682 1687 3708; x_wconf 88' lang='lat' dir='ltr'>utpote</span> <span class='ocrx_word' id='word_1_1411' title='bbox 1700 3676 1732 3700; x_wconf 92' lang='lat' dir='ltr'>ab</span> <span class='ocrx_word' id='word_1_1412' title='bbox 1742 3674 1846 3700; x_wconf 83' lang='lat' dir='ltr'>infinitis</span> <span class='ocrx_word' id='word_1_1413' title='bbox 1860 3674 2057 3708; x_wconf 87' lang='lat' dir='ltr'>particularibus</span> <span class='ocrx_word' id='word_1_1414' title='bbox 2072 3673 2257 3707; x_wconf 84' lang='lat' dir='ltr'>participabile.</span> <span class='ocrx_word' id='word_1_1415' title='bbox 2278 3673 2429 3698; x_wconf 89' lang='lat' dir='ltr'>Intellectus</span> <span class='ocrx_word' id='word_1_1416' title='bbox 2448 3672 2526 3704; x_wconf 84' lang='lat' dir='ltr'>igitur</span> 
     </span>
    </p>
   </div>
   <div class='ocr_carea' id='block_1_28' title="bbox 1450 3724 2523 3760">
    <p class='ocr_par' dir='ltr' id='par_1_28' title="bbox 1450 3724 2523 3760">
     <span class='ocr_line' id='line_1_149' title="bbox 1450 3724 2523 3760; baseline -0.005 -7"><span class='ocrx_word' id='word_1_1417' title='bbox 1450 3737 1502 3754; x_wconf 89' lang='lat' dir='ltr'>non</span> <span class='ocrx_word' id='word_1_1418' title='bbox 1521 3733 1562 3753; x_wconf 90' lang='lat' dir='ltr'>est</span> <span class='ocrx_word' id='word_1_1419' title='bbox 1579 3729 1662 3752; x_wconf 91' lang='lat' dir='ltr'>virtus</span> <span class='ocrx_word' id='word_1_1420' title='bbox 1682 3728 1708 3752; x_wconf 92' lang='lat' dir='ltr'>in</span> <span class='ocrx_word' id='word_1_1421' title='bbox 1727 3726 1913 3760; x_wconf 88' lang='lat' dir='ltr'>magnitudine.</span> <span class='ocrx_word' id='word_1_1422' title='bbox 1935 3727 2006 3751; x_wconf 87' lang='lat' dir='ltr'>Haec</span> <span class='ocrx_word' id='word_1_1423' title='bbox 2030 3730 2117 3750; x_wconf 89' lang='lat' dir='ltr'>autem</span> <span class='ocrx_word' id='word_1_1424' title='bbox 2142 3730 2183 3750; x_wconf 88' lang='lat' dir='ltr'>est</span> <span class='ocrx_word' id='word_1_1425' title='bbox 2207 3725 2354 3758; x_wconf 87' lang='lat' dir='ltr'>proprietas</span> <span class='ocrx_word' id='word_1_1426' title='bbox 2376 3724 2523 3749; x_wconf 87' lang='lat' dir='ltr'>intellectus</span> 
     </span>
    </p>
   </div>
   <div class='ocr_carea' id='block_1_29' title="bbox 1409 3775 2523 3816">
    <p class='ocr_par' dir='ltr' id='par_1_29' title="bbox 1409 3775 2523 3816">
     <span class='ocr_line' id='line_1_150' title="bbox 1409 3775 2523 3816; baseline -0.005 -11"><span class='ocrx_word' id='word_1_1427' title='bbox 1409 3797 1435 3816; x_wconf 81' lang='lat'>7⁰</span> <span class='ocrx_word' id='word_1_1428' title='bbox 1450 3789 1497 3814; x_wconf 90' lang='lat' dir='ltr'>per</span> <span class='ocrx_word' id='word_1_1429' title='bbox 1516 3788 1595 3813; x_wconf 89' lang='lat' dir='ltr'>quam</span> <span class='ocrx_word' id='word_1_1430' title='bbox 1614 3779 1646 3804; x_wconf 92' lang='lat' dir='ltr'>ab</span> <span class='ocrx_word' id='word_1_1431' title='bbox 1666 3779 1788 3803; x_wconf 85' lang='lat' dir='ltr'>omnibus</span> <span class='ocrx_word' id='word_1_1432' title='bbox 1808 3779 1863 3803; x_wconf 88' lang='lat' dir='ltr'>aliis</span> <span class='ocrx_word' id='word_1_1433' title='bbox 1883 3778 2057 3810; x_wconf 81' lang='lat' dir='ltr'>distinguitur,</span> <span class='ocrx_word' id='word_1_1434' title='bbox 2070 3777 2168 3802; x_wconf 89' lang='lat' dir='ltr'>scilicet</span> <span class='ocrx_word' id='word_1_1435' title='bbox 2181 3777 2254 3809; x_wconf 92' lang='lat' dir='ltr'>quod</span> <span class='ocrx_word' id='word_1_1436' title='bbox 2273 3781 2313 3801; x_wconf 89' lang='lat' dir='ltr'>est</span> <span class='ocrx_word' id='word_1_1437' title='bbox 2332 3775 2523 3808; x_wconf 84' lang='lat' dir='ltr'>cognoscitivus</span> 
     </span>
    </p>
   </div>
   <div class='ocr_carea' id='block_1_30' title="bbox 1450 3825 2523 3863">
    <p class='ocr_par' dir='ltr' id='par_1_30' title="bbox 1450 3825 2523 3863">
     <span class='ocr_line' id='line_1_151' title="bbox 1450 3825 2523 3863; baseline -0.006 -7"><span class='ocrx_word' id='word_1_1438' title='bbox 1450 3831 1618 3857; x_wconf 85' lang='lat' dir='ltr'>universalis.</span> <span class='ocrx_word' id='word_1_1439' title='bbox 1638 3831 1663 3855; x_wconf 88' lang='lat' dir='ltr'>Si</span> <span class='ocrx_word' id='word_1_1440' title='bbox 1683 3838 1746 3863; x_wconf 84' lang='lat' dir='ltr'>ergo</span> <span class='ocrx_word' id='word_1_1441' title='bbox 1770 3829 1819 3854; x_wconf 88' lang='lat' dir='ltr'>hoc</span> <span class='ocrx_word' id='word_1_1442' title='bbox 1843 3829 1968 3861; x_wconf 82' lang='lat' dir='ltr'>competit</span> <span class='ocrx_word' id='word_1_1443' title='bbox 1987 3829 2010 3852; x_wconf 92' lang='lat' dir='ltr'>ei</span> <span class='ocrx_word' id='word_1_1444' title='bbox 2033 3829 2189 3861; x_wconf 84' lang='lat' dir='ltr'>inquantum</span> <span class='ocrx_word' id='word_1_1445' title='bbox 2214 3833 2255 3852; x_wconf 88' lang='lat' dir='ltr'>est</span> <span class='ocrx_word' id='word_1_1446' title='bbox 2278 3827 2304 3851; x_wconf 86' lang='lat' dir='ltr'>in</span> <span class='ocrx_word' id='word_1_1447' title='bbox 2330 3827 2404 3851; x_wconf 86' lang='lat' dir='ltr'>nulla</span> <span class='ocrx_word' id='word_1_1448' title='bbox 2423 3825 2523 3858; x_wconf 87' lang='lat' dir='ltr'>absque</span> 
     </span>
    </p>
   </div>
   <div class='ocr_carea' id='block_1_31' title="bbox 1449 3877 2523 3916">
    <p class='ocr_par' dir='ltr' id='par_1_31' title="bbox 1449 3877 2523 3916">
     <span class='ocr_line' id='line_1_152' title="bbox 1449 3877 2523 3916; baseline -0.007 -8"><span class='ocrx_word' id='word_1_1449' title='bbox 1449 3883 1639 3916; x_wconf 85' lang='lat' dir='ltr'>magnitudine,</span> <span class='ocrx_word' id='word_1_1450' title='bbox 1659 3889 1706 3907; x_wconf 91' lang='lat' dir='ltr'>nec</span> <span class='ocrx_word' id='word_1_1451' title='bbox 1726 3882 1799 3906; x_wconf 79' lang='lat' dir='ltr'>aliter</span> <span class='ocrx_word' id='word_1_1452' title='bbox 1818 3881 1903 3905; x_wconf 81' lang='lat' dir='ltr'>inesse</span> <span class='ocrx_word' id='word_1_1453' title='bbox 1923 3885 2021 3912; x_wconf 89' lang='lat' dir='ltr'>posset,</span> <span class='ocrx_word' id='word_1_1454' title='bbox 2039 3884 2143 3912; x_wconf 87' lang='lat' dir='ltr'>oportet</span> <span class='ocrx_word' id='word_1_1455' title='bbox 2161 3887 2241 3903; x_wconf 93' lang='lat' dir='ltr'>omne</span> <span class='ocrx_word' id='word_1_1456' title='bbox 2266 3879 2336 3911; x_wconf 86' lang='lat' dir='ltr'>quod</span> <span class='ocrx_word' id='word_1_1457' title='bbox 2361 3883 2400 3902; x_wconf 91' lang='lat' dir='ltr'>est</span> <span class='ocrx_word' id='word_1_1458' title='bbox 2423 3877 2523 3909; x_wconf 86' lang='lat' dir='ltr'>absque</span> 
     </span>
    </p>
   </div>
   <div class='ocr_carea' id='block_1_32' title="bbox 390 3985 2261 4084">
    <p class='ocr_par' dir='ltr' id='par_1_32' title="bbox 390 3985 2261 4084">
     <span class='ocr_line' id='line_1_153' title="bbox 391 3985 2261 4040; baseline -0.013 -8"><span class='ocrx_word' id='word_1_1459' title='bbox 391 4005 478 4040; x_wconf 84' lang='lat'><strong>59-62</strong></span> <span class='ocrx_word' id='word_1_1460' title='bbox 498 4006 546 4030; x_wconf 82' lang='lat' dir='ltr'>His</span> <span class='ocrx_word' id='word_1_1461' title='bbox 622 4002 803 4033; x_wconf 86' lang='lat' dir='ltr'>ostendemus]</span> <span class='ocrx_word' id='word_1_1462' title='bbox 819 4003 968 4033; x_wconf 87' lang='lat' dir='ltr'>Antequam</span> <span class='ocrx_word' id='word_1_1463' title='bbox 988 3998 1051 4023; x_wconf 88' lang='lat' dir='ltr'>haec</span> <span class='ocrx_word' id='word_1_1464' title='bbox 1067 3996 1217 4022; x_wconf 80' lang='lat' dir='ltr'>delebantur</span> <span class='ocrx_word' id='word_1_1465' title='bbox 1230 3995 1281 4019; x_wconf 84' lang='lat' dir='ltr'>iam</span> <span class='ocrx_word' id='word_1_1466' title='bbox 1300 3993 1385 4018; x_wconf 86' lang='lat' dir='ltr'>deleta</span> <span class='ocrx_word' id='word_1_1467' title='bbox 1404 3996 1477 4017; x_wconf 84' lang='lat' dir='ltr'>erant</span> <span class='ocrx_word' id='word_1_1468' title='bbox 1486 3998 1538 4023; x_wconf 87' lang='lat' dir='ltr'>per</span> <span class='ocrx_word' id='word_1_1469' title='bbox 1558 3990 1628 4015; x_wconf 80' lang='lat' dir='ltr'>viam</span> <span class='ocrx_word' id='word_1_1470' title='bbox 1650 3988 1804 4014; x_wconf 83' lang='lat' dir='ltr'>remotionis</span> <span class='ocrx_word' id='word_1_1471' title='bbox 1824 3993 1848 4012; x_wconf 88' lang='lat' dir='ltr'>et</span> <span class='ocrx_word' id='word_1_1472' title='bbox 1869 3987 1895 4012; x_wconf 81' lang='lat' dir='ltr'>in</span> <span class='ocrx_word' id='word_1_1473' title='bbox 1915 3987 2008 4019; x_wconf 82' lang='lat' dir='ltr'>quibus</span> <span class='ocrx_word' id='word_1_1474' title='bbox 2070 3985 2261 4010; x_wconf 74' lang='lat' dir='ltr'>similitudinis.</span> 
     </span>
     <span class='ocr_line' id='line_1_154' title="bbox 390 4036 1608 4084; baseline -0.016 -7"><span class='ocrx_word' id='word_1_1475' title='bbox 390 4052 407 4076; x_wconf 94' lang='lat' dir='ltr'>b</span> <span class='ocrx_word' id='word_1_1476' title='bbox 424 4051 455 4084; x_wconf 87' lang='lat'>57</span> <span class='ocrx_word' id='word_1_1477' title='bbox 475 4050 570 4075; x_wconf 84' lang='lat' dir='ltr'>Forma</span> <span class='ocrx_word' id='word_1_1478' title='bbox 585 4068 592 4075; x_wconf 89' lang='lat'>.</span> <span class='ocrx_word' id='word_1_1479' title='bbox 606 4067 630 4074; x_wconf 75' lang='lat'>..</span> <span class='ocrx_word' id='word_1_1480' title='bbox 644 4045 810 4081; x_wconf 89' lang='lat' dir='ltr'>principium]</span> <span class='ocrx_word' id='word_1_1481' title='bbox 831 4046 901 4069; x_wconf 88' lang='lat' dir='ltr'>Casu</span> <span class='ocrx_word' id='word_1_1482' title='bbox 921 4052 973 4068; x_wconf 89' lang='lat' dir='ltr'>non</span> <span class='ocrx_word' id='word_1_1483' title='bbox 992 4043 1039 4068; x_wconf 82' lang='lat' dir='ltr'>fuit</span> <span class='ocrx_word' id='word_1_1484' title='bbox 1059 4042 1172 4066; x_wconf 85' lang='lat' dir='ltr'>deletum</span> <span class='ocrx_word' id='word_1_1485' title='bbox 1193 4040 1278 4072; x_wconf 88' lang='lat' dir='ltr'>primo</span> <span class='ocrx_word' id='word_1_1486' title='bbox 1298 4036 1445 4070; x_wconf 82' lang='lat' dir='ltr'>scriptionis</span> <span class='ocrx_word' id='word_1_1487' title='bbox 1464 4039 1608 4060; x_wconf 89' lang='lat' dir='ltr'>momento.</span> 
     </span>
    </p>
   </div>
  </div>
 </body>
</html>
