2768 4134
55 2583 268 2612 ·1.ib.11,cap.1x.

312 309 387 346 368
718 306 905 343 SUMMA
935 305 1157 342 CONTRA
1187 303 1462 349 GENTILES,
1492 304 1587 340 LIB.
1611 304 1652 348 II,
1683 303 1794 340 CAP.
1817 304 1945 349 XLIII,
1965 305 2099 341 XLIV.

310 389 397 421 dens.
424 388 508 425 Quia
532 387 638 417 omnis
661 392 770 417 motus
795 386 834 416 ad
858 385 995 416 formam
1021 391 1068 415 est
1093 395 1130 415 ex
1155 384 1258 415 forma
1275 384 1379 415 deter·
1433 383 1583 419 formam,
1607 383 1729 413 scilicet
1751 383 1877 413 ratione
1894 384 2052 420 ‚subiecti;
2078 390 2109 415 et
2132 385 2178 416 sic
2200 386 2355 418 intellexit
2373 388 2510 419 Sanctus

309 435 427 463 minata
458 433 491 462 in
521 431 659 461 formam
690 431 950 460 determinatam:
984 436 1015 460 et
1045 431 1089 460 sic
1121 430 1225 460 motui
1250 435 1379 469 oportet
1433 428 1579 458 Thomas
1602 428 1666 457 hoc
1690 428 1776 464 loco,
1793 434 1830 458 ut
1852 433 1939 468 patet
1963 437 2001 458 ex
2025 429 2150 459 ratione
2171 439 2270 469 quam
2293 431 2434 463 adducit.
2458 433 2509 464 ln-

308 485 570 517 praesupponere
599 475 739 515 aliquam
768 474 905 505 formam
933 476 966 505 in
998 475 1139 504 materia.
1172 493 1193 496 —
1221 473 1379 504 Probatur
1432 473 1568 503 trinsece
1592 478 1712 508 autem,
1729 472 1810 503 idest
1829 473 1953 502 ratione
1969 473 2108 510 termini,
2126 480 2173 504 est
2197 483 2214 504 e
2238 472 2414 507 contrario:
2432 478 2509 518 quia

308 530 441 561 quoque
465 520 707 559 consequentia.
732 519 827 557 Quia,
853 529 928 549 cum
954 518 1076 549 formae
1108 519 1286 548 materiales
1310 528 1377 548 non
1432 522 1541 547 motus
1565 516 1605 547 ad
1629 516 1767 547 formam
1792 523 1839 547 est
1861 516 2036 557 perfectior
2056 523 2149 548 motu
2178 518 2359 550 secundum
2385 520 2508 559 locum,

307 567 368 595 sint
385 574 442 605 per
457 573 490 594 se
507 565 724 600 subsistentes,
740 563 796 594 sed
813 574 923 594 earum
940 573 1008 594 esse
1033 564 1072 593 sit
1095 564 1199 594 inesse
1215 563 1377 599 materiae,
1404 599 1406 601 ι
1432 568 1463 592 et
1487 562 1575 601 prior
1597 561 1777 592 secundum
1801 567 1960 592 naturam.

306 619 372 639 non
390 615 525 649 possunt
549 609 581 638 in
607 618 676 638 esse
700 608 836 648 produci
853 609 913 639 nisi
930 615 985 639 aut
1001 618 1057 648 per
1074 608 1269 637 creationem
1288 617 1378 638 com·
1404 609 1407 633 l
1488 606 1540 636 111.
1557 605 1668 636 Sexto.
1686 606 1794 637 Partes
1817 607 1936 637 horum
1951 607 2185 647 generabilium
2202 614 2234 638 et
2249 609 2509 649 corruptibilium

306 654 411 693 positi,
436 659 491 683 aut
514 662 571 692 per
594 654 896 683 transmutationem
921 653 1072 683 materiae
1097 651 1136 682 ad
1161 652 1309 682 formam.
1431 651 1604 691 acquirunt
1627 660 1685 691 per
1707 651 1951 691 generationem
1971 651 2092 682 formas
2115 653 2149 682 in
2173 658 2247 683 actu
2263 663 2281 683 a
2297 652 2410 684 formis
2425 663 2510 694 quae

361 698 397 727 II.
425 697 557 733 Quinto.
583 697 692 727 Motus
716 697 756 727 ad
782 697 918 728 formam
943 703 1091 728 causatur
1107 707 1123 726 a
1145 702 1237 727 motu
1263 707 1377 727 secun·
1404 698 1406 704 ⁴
1431 702 1506 726 sunt
1521 697 1554 726 in
1571 696 1714 732 materia,
1731 705 1799 726 non
1815 706 1834 726 a
1849 695 1962 726 formis
1985 702 2072 726 extra
2095 698 2263 728 materiam
2282 698 2508 730 existentibus:

305 743 382 772 dum
407 742 528 772 locum.
554 742 640 782 Ergo
665 752 682 772 a
706 747 799 773 motu
824 742 914 773 caeli.
940 742 1024 782 Ergo
1049 751 1132 781 quae
1156 751 1223 771 non
1241 748 1378 781 possunt
1404 740 1406 748 ²
1431 750 1507 771 cum
1523 747 1673 780 oporteat
1696 750 1863 780 generanS,
1880 740 2002 771 scilicet
2017 741 2204 780 proximum
2220 748 2253 772 et
2273 742 2508 780 immediatum,

305 786 370 816 fieri
396 786 557 817 mediante
580 792 674 816 motu
699 787 788 823 caeli,
805 796 872 817 non
897 792 1033 827 possunt
1049 786 1116 816 fieri
1135 787 1174 816 ab
1190 792 1303 826 agente
1320 796 1378 826 per
1431 795 1500 815 esse
1524 785 1628 815 simile
1648 791 1815 825 generat03
1841 794 1879 815 ex
1896 785 1953 815 V11
1970 786 2226 826 Metaphysicae.
2251 787 2338 828 Ergo
2355 793 2387 818 et
2401 787 2509 818 totalis

304 837 430 861 motum
454 836 589 861 tantum.
618 830 682 861 Sed
713 840 771 871 per
800 837 928 861 motum
953 831 1031 861 caeli
1055 840 1122 860 non
1147 837 1285 871 possunt
1307 830 1376 862 fieri
1431 830 1602 870 acquisitio
1618 828 1798 860 formarum
1814 830 1846 860 in
1862 830 1994 861 materia
2009 839 2079 860 non
2095 836 2203 870 potest
2217 830 2287 862 fieri
2306 841 2364 872 per
2379 838 2508 863 motum

303 876 423 906 multae
440 875 563 906 formae
575 875 742 906 sensibiles
757 876 816 906 nisi
830 875 1046 906 mediantibus
1060 874 1278 905 determinatis
1291 876 1377 916 prin-
1403 873 1406 915 ξ
1431 875 1470 904 ab
1495 875 1602 914 aliqua
1627 875 1803 905 substantia
1834 880 1989 915 separata,
2013 875 2075 905 nisi
2104 875 2268 906 mediante
2295 882 2409 917 agente
2437 886 2509 908 cor·

304 921 410 960 cipiis:
433 921 515 950 sicut
531 919 689 960 quaedam
705 921 854 950 animalia
872 930 938 950 non
955 919 1038 950 fiunt
1054 920 1123 950 sine
1139 921 1272 951 semine.
1290 921 1376 960 Ergo
1403 921 1405 943 ἰ
1430 929 1544 960 poreo,
1561 919 1612 950 vel
1633 925 1771 956 creante,
1787 919 1844 960 qui
1867 919 1937 950 sine
1959 925 2054 950 motu
2077 920 2152 959 agit.
2172 937 2196 942 —
2218 920 2375 952 Probatur
2394 931 2509 953 conse-

303 965 428 995 illarum
460 964 635 995 formarum
670 965 773 1006 prima
806 965 965 995 institutio
996 974 1064 995 non
1094 971 1202 1005 potest
1235 964 1304 996 fieri
1337 966 1376 995 ab
1403 999 1405 1003 ¹
1431 966 1573 1004 quentia.
1598 964 1685 1002 Quia
1709 974 1746 994 ex
1778 964 1819 994 III
1842 964 1983 1005 Physic„
2008 964 2096 995 idem
2120 969 2168 994 est
2193 970 2305 996 motus
2326 966 2448 1004 localis,
2476 972 2509 998 et

303 1016 417 1049 agente
442 1019 498 1050 per
521 1016 649 1040 motum
679 1015 816 1040 tanturn.
849 1009 912 1040 Sed
943 1009 1004 1040 tale
1036 1015 1083 1039 est
1107 1019 1204 1049 agens
1228 1011 1283 1050 qui
1308 1019 1376 1040 non
1403 1007 1405 1045 i
1430 1009 1568 1040 mutatio
1591 1010 1807 1049 generationis
1831 1009 1955 1046 eadem,
1980 1009 2080 1039 totius
2104 1014 2135 1039 et
2158 1010 2267 1050 partis.

303 1060 410 1094 'potest
425 1054 577 1085 inducere
601 1055 661 1085 nisi
686 1054 825 1084 formam
842 1054 874 1084 in
890 1055 1032 1084 materia.
1057 1054 1144 1094 Ergo
1162 1060 1221 1085 etc.
1239 1071 1261 1076 —
1276 1055 1377 1085 Ante·
1486 1053 1638 1094 Septimo.
1657 1054 1734 1084 Esse
1751 1059 1799 1084 est
1814 1054 1965 1094 proprius
1982 1053 2115 1084 effectus
2131 1054 2254 1094 primae
2271 1063 2396 1085 causae.
2420 1054 2508 1096 Ergo

303 1099 420 1129 cedens
443 1099 606 1139 probatur.
631 1099 718 1137 Quia
747 1105 856 1129 motus
887 1099 927 1129 ad
958 1098 1096 1129 formam
1122 1104 1169 1129 est
1191 1099 1377 1130 naturaliter
1430 1105 1461 1129 et
1485 1099 1588 1139 prima
1612 1099 1780 1129 causalitas
1805 1099 2000 1129 formarum:
2026 1098 2103 1139 quia
2127 1108 2195 1129 esse
2220 1104 2268 1130 est
2283 1108 2342 1140 per
2357 1099 2507 1131 formam.

302 1145 461 1183 posterior
488 1150 581 1174 motu
605 1144 718 1174 locali:
744 1153 819 1174 cum
844 1143 883 1173 sit
907 1149 998 1174 actus
1020 1144 1122 1184 magis
1145 1143 1337 1184 imperfecti.
1354 1162 1377 1166 —
1490 1143 1625 1173 Octavo.
1657 1143 1778 1174 Omnia
1807 1143 2023 1174 assimilantur
2056 1143 2127 1174 Deo
2160 1144 2356 1184 inquantum
2387 1145 2509 1175 habent

301 1189 406 1218 Prima
431 1188 526 1218 etiam
550 1188 783 1229 consequentia
806 1194 904 1228 patet.
933 1188 1019 1226 Quia
1048 1189 1304 1229 primus‘motus
1328 1199 1377 1220 se·
1403 1222 1405 1234 Ι
1430 1187 1559 1224 formas,
1577 1197 1635 1228 per
1651 1197 1732 1228 quas
1748 1194 1823 1219 sunt
1838 1189 1871 1219 in
1888 1194 1980 1224 actu;
2005 1194 2037 1219 et
2059 1189 2256 1228 inquantum
2272 1188 2392 1220 formas
2407 1198 2508 1230 appe-

302 1233 446 1263 cundum
470 1233 581 1263 locum
606 1239 652 1264 est
676 1239 786 1264 motus
810 1233 900 1263 caeli.
1403 1266 1405 1272 ¹
1429 1238 1509 1269 tunt,
1526 1232 1668 1263 divinam
1693 1232 1937 1264 similitudinem
1957 1238 2110 1274 appetere
2126 1233 2288 1264 dicuntur.
2305 1234 2392 1275 Ergo
2408 1240 2470 1266 etc.
2485 1252 2509 1257 —

357 1277 599 1309 Advertendum
613 1277 702 1319 quod
714 1284 824 1308 motus
836 1277 904 1308 duo
916 1277 1055 1318 respicit,
1067 1277 1188 1308 scilicet
1200 1279 1375 1309 terminum
1430 1277 1520 1308 Patet
1544 1279 1788 1318 consequentia.
1812 1277 1900 1316 Quia
1923 1279 1963 1308 ab
1987 1278 2044 1309 illo
2064 1279 2202 1318 acquirit
2217 1277 2351 1310 effectus
2367 1277 2508 1310 formam

302 1328 332 1352 et
356 1323 547 1353 subiectum.
577 1323 609 1353 Si
634 1328 864 1363 comparentur
887 1328 997 1353 motus
1025 1329 1061 1353 ut
1084 1323 1203 1353 habent
1228 1323 1375 1354 ordinem
1403 1325 1405 1346 ἱ
1430 1323 1482 1353 cui
1506 1332 1565 1363 per
1589 1321 1728 1353 formam
1752 1323 1955 1353 assimilatur.

302 1367 341 1397 ad
364 1367 548 1404 terminum,
573 1368 618 1398 sic
642 1374 750 1398 motus
774 1367 884 1398 localis
908 1377 976 1398 non
1001 1374 1048 1398 est
1073 1367 1255 1408 perfectior,
1265 1368 1375 1398 'immo
1403 1382 1405 1398 r
1485 1367 1625 1398 Adverte
1649 1367 1740 1408 quod
1763 1375 1822 1408 per
1845 1368 1928 1398 hanc
1951 1367 2111 1399 rationem
2141 1377 2209 1398 non
2238 1369 2394 1409 probatur
2417 1367 2508 1409 quod

302 1417 349 1441 est
372 1411 591 1452 imperfectior
614 1418 707 1443 motu
731 1412 771 1443 ad
795 1411 952 1442 formam:
977 1413 1135 1443 terminus
1159 1413 1246 1443 enim
1267 1418 1377 1443 motus
1402 1403 1405 1432 f
1429 1412 1469 1442 ab
1493 1412 1610 1452 angelo
1634 1412 1726 1444 nullo
1751 1412 1853 1443 modo
1869 1412 2244 1453 imprimanturformae
2266 1413 2299 1443 in
2323 1414 2507 1444 materiam:

301 1457 411 1486 localis
436 1462 483 1487 est
507 1457 570 1493 ubi,
595 1456 686 1497 quod
709 1456 930 1498 imperfectius
962 1464 1009 1487 est
1039 1457 1192 1498 qualitate
1217 1463 1248 1488 et
1273 1457 1375 1488 forma
1402 1477 1404 1481 .
1429 1456 1485 1487 sed
1502 1457 1592 1497 quod
1614 1458 1711 1488 etiam
1735 1467 1753 1488 a
1777 1457 1849 1488 Deo
1873 1457 2110 1498 imprimantur,
2126 1463 2159 1488 et
2181 1467 2250 1489 non
2269 1457 2378 1488 solum
2395 1458 2435 1488 ab
2451 1467 2509 1490 an·

301 1502 508 1532 substantiali.
542 1501 576 1533 Si
606 1508 714 1533 autem
746 1508 976 1543 comparentur
1010 1502 1191 1533 secundum
1227 1502 1375 1533 ordinem
1428 1502 1513 1542 gelo.
1539 1502 1580 1532 Et
1604 1503 1649 1533 sic
1673 1502 1807 1542 angelus
1831 1512 1898 1533 non
1923 1502 1982 1533 erit
2005 1503 2109 1543 prima
2132 1511 2229 1534 causa
2257 1502 2509 1534 introductionis

301 1546 340 1576 ad
364 1546 556 1583 subiectum,
577 1547 622 1578 sic
646 1554 756 1578 motus
779 1547 890 1578 localis
914 1553 962 1577 est
985 1546 1174 1586 perfectior:
1201 1548 1276 1587 quia
1301 1548 1375 1578 sub·
1430 1546 1607 1578 formarum
1638 1547 1671 1578 in
1703 1547 1846 1578 materia.
1879 1547 1983 1578 Cuius
2014 1548 2205 1589 oppositum
2238 1547 2366 1579 dicebat
2392 1547 2507 1589 opinio

299 1591 420 1621 iectum
445 1591 513 1621 eius
544 1598 591 1622 est
620 1593 721 1632 magis
751 1591 943 1632 perfectum,
968 1597 1083 1632 utpote
1107 1592 1208 1632 magis
1232 1592 1264 1622 in
1290 1598 1374 1628 actu,
1430 1601 1514 1632 quae
1538 1592 1590 1622 hic
1613 1593 1833 1633 impugnatur.

301 1641 332 1665 et
355 1635 387 1665 in
411 1636 555 1676 potentia
579 1642 705 1667 tantum
729 1636 769 1667 ad
794 1637 856 1667 ubi.
881 1636 923 1667 Et
946 1637 1023 1676 quia
1046 1637 1202 1667 terminus
1219 1636 1258 1667 ad
1276 1646 1375 1677 quem
1485 1636 1718 1667 Coxmmwn
1752 1637 1832 1667 Gen.
1859 1647 1880 1674 i,
1910 1637 1968 1667 ubi
2003 1637 2145 1678 Moyses
2176 1643 2352 1678 postquam
2385 1636 2508 1668 dixerat

301 1684 348 1709 est
371 1680 561 1711 intrinsecus
584 1682 699 1717 motui,
717 1686 872 1721 tanquam
893 1681 979 1711 idem
1003 1681 1064 1721 ipsi
1089 1681 1244 1717 existens;
1269 1682 1375 1712 subie-
1428 1681 1534 1711 Deum
1564 1681 1596 1711 in
1623 1681 1787 1722 principio
1812 1691 1940 1712 creasse
1964 1687 2036 1718 etc„
2060 1681 2169 1712 subdit
2195 1681 2368 1722 quomodo
2395 1682 2507 1712 omnia

302 1730 389 1755 ctum
414 1731 523 1755 autem
548 1731 594 1755 est
618 1726 678 1766 ipsi
702 1726 933 1756 extrinsecum:
958 1725 1033 1756 ideo
1059 1725 1120 1756 dici
1150 1731 1256 1766 potest
1285 1726 1375 1766 quod
1427 1726 1460 1755 in
1485 1727 1631 1766 proprias
1655 1727 1780 1766 species
1804 1726 1956 1757 distinxit.
1982 1726 2062 1757 Item
2081 1726 2246 1763 Coloss.1,
2271 1726 2310 1757 In
2335 1726 2404 1767 ipso
2427 1735 2508 1757 con·

301 1774 410 1799 motus
434 1770 544 1800 localis
569 1771 744 1800 extrinsece
774 1770 906 1810 quidem
939 1776 985 1801 est
1016 1769 1188 1810 perfectior
1218 1776 1311 1801 motu
1335 1771 1374 1801 ad
1428 1770 1496 1800 dita
1519 1775 1596 1800 sunt
1619 1771 1740 1801 omnia.

1376 1857 1670 1902 ’always——

551 1996 1035 2053 CAPITULUM
1079 1997 1805 2074 QUADRAGESIMUM
1846 1996 2254 2075 QUARTUM

993 2105 1225 2146 Fragmentum
1250 2115 1288 2136 ex
1312 2106 1434 2146 Autog.
1458 2106 1610 2136 Ambros.
1642 2114 1683 2136 tv
1718 2106 1802 2137 a35.

726 2189 902 2241 QUOD
938 2188 1288 2230 DISTINCTIO
1323 2189 1539 2230 RERUM
1573 2189 1702 2230 NON
1736 2189 2074 2232 PROCESSIT

626 2251 705 2292 EX
730 2251 1102 2292 MERITORUM
1126 2252 1247 2292 VEL
1272 2252 1731 2294 DEMERITORUM
1755 2252 2174 2294 DIVERSITATE

502 2377 572 2402 unc
601 2373 775 2414 superest
803 2364 1006 2402 ostendere
1035 2364 1143 2414 quod
1164 2376 1296 2402 rerum
1315 2364 1371 2402 di·
1427 2364 1570 2412 minus,
1600 2366 1796 2415 quaedam
1815 2365 1865 2403 ab
1887 2378 1935 2404 eo
1955 2366 2178 2404 recedentes
2206 2368 2268 2404 vel
2297 2367 2418 2416 magis
2441 2370 2504 2406 vel

318 2462 323 2469 .
360 2457 383 2463 ,p
410 2444 412 2447 ψ
434 2414 493 2477 jz,
515 2417 663 2455 stinctio
693 2430 773 2455 non
803 2417 988 2468 processit
1017 2430 1063 2456 ex
1092 2418 1254 2456 diversis
1287 2430 1371 2455 mo·
1428 2418 1578 2464 minus;
1609 2429 1645 2456 et
1673 2420 1892 2457 secundum
1921 2421 1998 2458 hoc
2025 2420 2169 2458 diversi
2190 2421 2334 2470 gradus
2352 2420 2393 2459 in
2411 2422 2503 2460 sub-

352 2509 366 2531 Y,
427 2465 455 2503 '7³
472 2465 493 2514 κζ
514 2472 616 2509 tibus
644 2471 751 2510 liberi
780 2471 925 2509 arbitrii
953 2471 1200 2510 rationalium
1222 2480 1370 2510 creatu·
1428 2473 1573 2510 stantiis
1602 2472 1864 2523 spiritualibus
1882 2486 1929 2511 ex
1949 2473 2082 2511 divina
2101 2473 2242 2512 iustitia
2261 2482 2351 2512 sunt
2370 2474 2502 2514 subse-

386 2516 438 2560 23⁴,
471 2513 481 2540 f
515 2537 665 2563 rarum:
703 2533 745 2563 ut
782 2525 912 2575 posuit
948 2525 1154 2575 Origenes,
1194 2525 1232 2563 in
1273 2525 1370 2563 libro
1426 2526 1514 2573 cuti,
1543 2535 1584 2563 ut
1613 2526 1775 2576 quidam
1795 2536 1922 2564 essent
1945 2527 2069 2576 angeli
2088 2527 2308 2566 secundum
2328 2527 2504 2567 diversos

296 2581 525 2616 Periarclion
545 2579 576 2615 3.
607 2580 752 2616 Volens
781 2579 886 2617 enim
916 2579 1089 2617 resistere
1117 2579 1371 2629 antiquorum
1393 2598 1402 2619 ς
1426 2580 1593 2626 ordines,
1614 2580 1777 2630 quidam
1805 2580 1960 2618 animae
1989 2582 2187 2620 humanae
2216 2581 2333 2619 etiam
2365 2592 2502 2621 secun-

297 2632 579 2670 haereticorum
595 2632 880 2671 obiectionibus
896 2641 931 2670 et
947 2633 1154 2679 erroribus,
1165 2633 1231 2683 qui
1243 2641 1370 2670 osten·
1427 2634 1524 2671 dum
1544 2634 1719 2671 diversos
1743 2642 1873 2680 status,
1894 2634 2056 2684 quidam
2083 2635 2199 2673 etiam
2224 2635 2439 2674 daemones
2461 2635 2503 2675 in

296 2687 387 2723 dere
416 2686 637 2724 nitebantur
657 2687 852 2724 diversam
882 2695 1062 2725 naturam
1091 2687 1184 2725 boni
1214 2695 1250 2724 et
1278 2687 1369 2724 mali
1426 2687 1585 2725 statibus
1613 2687 1793 2733 diversis;
1814 2697 1851 2726 et
1870 2696 2030 2738 propter
2050 2688 2311 2727 diversitatem
2336 2689 2502 2728 rationa-

296 2753 378 2777 esse
399 2739 437 2777 in
457 2740 573 2778 rebus
589 2753 635 2778 ex
651 2741 851 2778 contrariis
870 2741 1075 2787 actoribus,
1094 2749 1252 2791 propter
1271 2742 1370 2778 mul-
1426 2741 1521 2779 lium
1549 2750 1815 2780 creaturarum
1845 2741 1997 2780 dicebat
2024 2742 2286 2780 diversitatem
2318 2755 2502 2794 corpora-

295 2802 374 2831 tam
390 2794 609 2832 distantiam
625 2794 825 2832 inventam
840 2803 919 2832 tam
939 2795 979 2832 in
995 2795 1111 2832 rebus
1131 2794 1370 2832 naturalibus
1424 2795 1520 2833 lium
1549 2803 1814 2833 creaturarum
1843 2797 1975 2834 Deum
2003 2795 2222 2843 instituisse,
2243 2804 2286 2834 ut
2305 2796 2502 2836 nobiliori-

296 2860 415 2896 quarn
436 2847 475 2885 in
496 2849 612 2886 rebus
628 2848 822 2894 humanis,
839 2861 959 2898 quam
980 2850 1085 2886 nulla
1104 2848 1241 2886 merita
1260 2861 1368 2898 prae·
1385 2867 1411 2882 ιο
1424 2849 1498 2887 bus
1526 2849 1757 2899 corporibus
1785 2849 1996 2888 nobiliores
2023 2849 2238 2900 spirituales
2266 2850 2501 2890 substantiae

295 2901 452 2938 cessisse
476 2901 667 2948 videntur,
693 2902 832 2939 scilicet
855 2903 963 2952 quod
988 2914 1153 2952 corpora
1173 2903 1368 2952 quaedam
1424 2903 1736 2952 adiungerentur,
1753 2911 1795 2941 ut
1814 2903 2078 2941 diversimode
2096 2903 2308 2954 corporalis
2325 2913 2502 2943 creamra

295 2963 382 2991 sunt
411 2954 548 3002 lucida,
570 2956 765 3005 quaedam
790 2956 967 3001 obscura,
997 2956 1159 3005 quidam
1188 2956 1368 2994 homines
1424 2956 1681 3007 spiritualium
1706 2957 2009 2996 substantiarum
2033 2956 2241 2996 diversitati
2265 2957 2501 3008 quibuslibet

294 3021 339 3045 ex
376 3008 559 3055 barbaris,
594 3009 756 3058 quidam
792 3021 838 3046 ex
875 3009 1101 3047 Christianis
1134 3018 1366 3056 nascuntur;
1423 3010 1551 3048 modis
1580 3010 1661 3049 aliis
1690 3011 1911 3049 deserviret.

294 3071 450 3099 coactus
470 3071 525 3099 est
547 3075 694 3112 ponere
720 3075 882 3100 omnem
906 3063 1167 3100 diversitatem
1192 3063 1231 3100 in
1251 3064 1367 3101 rebus
1478 3065 1584 3102 Haec
1613 3073 1745 3102 autem
1773 3065 1908 3115 opinio
1936 3065 2027 3103 falsa
2061 3077 2145 3103 esse
2177 3065 2378 3103 manifeste
2405 3076 2499 3104 con·

295 3115 492 3153 inventam
526 3128 570 3153 ex
610 3116 828 3154 diversitate
868 3117 1108 3163 meritorum,
1147 3118 1366 3155 secundum
1383 3135 1405 3154 ις
1422 3117 1599 3155 vincitur.
1622 3118 1782 3166 Quanto
1811 3118 1918 3156 enim
1945 3118 2090 3169 aliquid
2111 3127 2167 3157 est
2186 3118 2325 3157 melius
2343 3118 2383 3157 in
2406 3118 2498 3156 effe-

295 3168 365 3205 Dei
396 3169 589 3215 iustitiam,
611 3169 853 3220 processisse.
877 3169 976 3208 Dicit
996 3171 1100 3208 enim
1121 3171 1228 3220 quod
1259 3172 1366 3208 Deus
1421 3171 1556 3218 cubus,
1577 3180 1683 3209 tanto
1704 3180 1759 3209 est
1787 3172 1895 3222 prius
1920 3171 1958 3209 in
1979 3172 2190 3210 intentione
2210 3171 2366 3221 agentis.
2387 3170 2497 3222 Opti-

294 3235 338 3259 ex
369 3225 449 3260 sola
478 3236 547 3260 sua
571 3223 740 3261 bonitate
763 3223 891 3273 primo
921 3236 1059 3261 omnes
1082 3233 1276 3262 creaturas
1304 3238 1366 3263 ae·
1421 3237 1533 3263 mum
1554 3234 1686 3263 autem
1707 3225 1745 3263 in
1762 3226 1878 3263 rebus
1892 3226 2027 3264 creatis
2042 3235 2098 3264 est
2117 3225 2298 3276 perfectio
2314 3223 2496 3271 universi,

294 3278 426 3324 quales
446 3277 639 3326 produxit,
660 3286 697 3314 et
725 3290 864 3314 omnes
893 3277 1107 3327 spirituales
1135 3286 1171 3314 et
1202 3278 1365 3316 rationa-
1421 3291 1522 3328 quae
1551 3279 1722 3317 consistit
1750 3279 1789 3317 in
1818 3280 1955 3317 ordine
1983 3279 2248 3318 distinctarum
2277 3289 2426 3316 rerum:
2457 3278 2496 3316 in

295 3330 365 3375 les;
404 3342 504 3379 quae
542 3342 612 3380 per
653 3331 817 3368 liberum
860 3331 1060 3368 arbitrium
1105 3330 1365 3370 diversimode
1421 3332 1606 3370 omnibus
1634 3333 1740 3370 enim
1769 3333 1952 3383 perfectio
1987 3333 2104 3371 totius
2130 3329 2346 3382 praeminet
2373 3331 2495 3381 perfe-

294 3391 381 3419 sunt
411 3391 550 3429 motae,
574 3385 767 3433 quaedam
798 3385 1051 3422 adhaerentes
1080 3385 1165 3422 Deo
1193 3387 1280 3434 plus
1303 3388 1364 3423 vel
1381 3404 1406 3418 ao
1421 3386 1537 3423 ctioni
1553 3386 1805 3435 singularium
1824 3386 2005 3436 partium.
2022 3385 2137 3435 Igitur
2149 3383 2349 3422 diversitas
2364 3397 2495 3424 rerum

349 3488 362 3512 3
383 3489 544 3514 rationalium
564 3490 662 3519 Wbl'cg
682 3491 882 3517 rationabilium.
975 3498 1003 3516 ιι
1027 3491 1148 3516 videntur
1167 3491 1230 3521 ch;
1250 3492 1360 3517 videtur.

350 3530 358 3547 ι
383 3525 556 3556 quaedam...
576 3527 662 3551 minus
681 3526 741 3551 hom
761 3534 804 3552 om
824 3527 927 3552 GNYZ.
1026 3527 1068 3552 vel
1088 3527 1171 3559 magis
1191 3529 1213 3551 Α
1232 3528 1317 3559 solim
1336 3529 1427 3560 magis.
1530 3535 1562 3560 ¹4
1581 3528 1646 3554 falsa
1666 3536 1726 3554 esne
1746 3528 1798 3558 Etn
1817 3527 1883 3553 falsa
1901 3532 1942 3552 eet
1959 3531 1986 3552 et
2004 3525 2082 3558 GNZ,
2101 3526 2166 3552 falsa
2184 3525 2216 3556 Υ,
2236 3534 2295 3552 esse
2315 3527 2379 3553 falsa
2403 3527 2495 3554 cetere·-

296 3565 328 3591 ¹5>
348 3559 499 3593 praeminet]
519 3562 678 3593 praeeminet
702 3562 785 3587 Nbi‘c.
885 3569 918 3587 ’.το
942 3562 1020 3595 Igitur
1043 3562 1220 3588 diversitas...
1242 3563 1292 3597 369
1311 3571 1351 3589 aa
1372 3565 1526 3589 meritorum
1547 3564 1572 3590 A
1592 3565 1678 3594 solun
1701 3563 1781 3597 Igitur
1800 3562 1939 3589 diversit-⁸
1961 3569 2050 3588 rerum
2074 3562 2192 3594 provenit
2216 3570 2268 3587 non
2292 3571 2323 3588 ex
2347 3563 2495 3589 diver-nime

295 3594 455 3624 meritorum,
474 3596 520 3620 sed
540 3604 570 3621 ex
589 3597 721 3630 principali
742 3599 883 3623 intentione
902 3598 979 3631 primi
998 3598 1107 3631 agentis.
1131 3598 1214 3623 Verba
1233 3606 1263 3623 ex
1282 3599 1414 3632 principali
1434 3599 1575 3625 intentione
1595 3599 1671 3633 primi
1690 3599 1790 3632 agentis
1803 3598 1829 3623 i'n
1845 3599 1964 3630 Asupra
1984 3597 2134 3631 marginem
2152 3598 2291 3624 lateraIem
2309 3599 2439 3625 continua
2457 3599 2496 3624 ad

294 3636 380 3669 rerum
399 3630 561 3656 scribuntur.
586 3631 815 3666 Transcriptorem
835 3641 931 3659 errare
943 3634 1013 3668 fecit
1030 3634 1166 3660 crucIcula
1181 3638 1245 3666 post
1262 3636 1424 3666 meritorum,
1444 3643 1513 3668 quae
1537 3639 1627 3661 tamen
1651 3642 1703 3660 non
1722 3635 1761 3660 ad
1779 3633 1928 3667 marginem
1952 3633 2091 3658 lateralem
2117 3634 2200 3668 refert
2218 3634 2266 3659 sed
2288 3635 2326 3660 ad
2344 3634 2493 3669 marginem

293 3664 609 3726 ἱῖζῖἴῆίίξᾬῖζῗέἶῐῶἔέἰ
627 3675 720 3728 »Lectaque
739 3676 848 3701 sequens
867 3673 1057 3702 argumentum
1077 3670 1169 3696 Adhuc
1188 3670 1209 3694 si
1229 3678 1322 3695 omnes
1345 3671 1474 3703 scriptum
1498 3675 1546 3697 eat.
1575 3672 1609 3696 Ut
1627 3674 1792 3696 structuram
1813 3669 1944 3702 phraseos
1967 3669 2098 3695 obtineret
2117 3670 2298 3703 transcriptor
2315 3670 2349 3696 de
2366 3677 2416 3696 suo
2431 3677 2494 3696 con-

592 3711 615 3727 111
637 3721 641 3726 .
686 3722 692 3728 .
