2768 4134
52 3379 54 3383 >
66 3395 78 3418 .·
89 3395 110 3419 n
123 3396 204 3425 Pluys„
212 3403 244 3424 vr,
255 3397 278 3419 6.

811 285 999 323 SUMMA
1030 287 1251 325 CONTRA
1280 288 1554 335 GENTILES,
1584 290 1678 326 LIB.
1699 290 1740 335 11,
1771 289 1882 327 CAP.
1905 290 2002 327 XVI.

307 364 424 400 divina,
448 369 484 394 ut
507 363 656 400 diximus,
673 373 741 394 non
766 369 813 394 est
836 374 910 395 vere
935 366 1100 402 transiens,
1116 366 1173 397 sed
1188 373 1313 397 tantum
1330 377 1378 398 se-

305 407 452 440 cundum
474 407 719 440 similitudinem
744 413 775 438 et
798 408 935 440 modum
959 409 1169 450 significandi.

361 453 395 484 Si
418 458 528 484 autern
551 453 687 484 instetur
709 453 828 483 iterum
851 453 951 494 quod,
977 455 1051 485 licet
1074 456 1159 486 actio
1184 455 1292 486 divina
1315 465 1379 496 qua

306 497 394 528 Deus
417 507 467 528 res
490 497 630 538 simplici
645 497 834 538 operatione
850 499 883 528 in
901 508 968 529 esse
985 499 1146 539 producit,
1162 510 1229 531 non
1246 502 1286 531 sit
1305 509 1379 531 vere

304 543 477 578 transiens;
502 548 610 573 tamen
634 542 718 572 actio
743 551 807 582 qua
826 543 959 583 aliquod
975 553 1093 584 corpus
1110 545 1254 575 localiter
1268 551 1379 575 movet

305 592 360 617 aut
383 587 504 623 alterat,
521 592 569 617 est
588 596 662 617 vere
687 587 853 623 transiens,
877 589 953 628 quia
977 589 1010 618 in
1034 589 1103 619 aliis
1126 590 1331 620 moventibus
1347 595 1379 620 et

304 631 512 662 alterantibus
527 631 608 662 nihil
623 631 710 662 aliud
726 637 774 662 est
789 632 873 662 actio
889 641 1004 663 eorum
1023 634 1179 664 transiens
1195 643 1294 674 quam
1309 634 1378 674 ipse

304 681 414 706 motus
430 681 466 706 ut
481 681 529 706 est
552 685 571 706 a
592 681 762 706 movente:
788 681 820 706 et
842 677 887 706 sic
911 686 984 708 vere
1002 678 1190 709 attribuetur
1205 679 1278 709 Deo
1293 679 1377 709 actio

303 721 471 751 transiens.
485 737 509 742 —
525 720 616 757 Item,
633 730 708 751 cum
729 721 813 751 actio
829 722 984 752 transiens
1008 732 1046 752 ex
1070 732 1127 753 sua
1151 723 1276 754 ratione
1294 722 1378 753 dicat

303 764 427 805 aliquid
442 764 609 804 egrediens
625 765 664 795 ab
681 770 794 805 agente
819 771 850 796 et
872 772 1040 806 receptum
1063 767 1096 797 in
1120 776 1261 807 passum,
1279 776 1378 807 quare

303 818 371 840 non
395 808 586 840 conceditur
608 810 715 840 Deum
739 810 856 840 habere
879 811 1041 841 actionem
1058 821 1075 841 a
1091 820 1125 842 se
1148 817 1377 847 transeuntem,

303 854 386 884 sicut
409 859 441 884 et
464 854 581 885 habere
605 854 692 885 aliud
716 865 733 885 a
756 864 789 885 se
814 853 1032 895 productum?
1047 852 1069 878 -’

357 898 410 929 Ad
433 899 575 938 primum
599 898 813 939 respondetur
836 899 926 939 quod
950 901 983 930 in
1007 900 1176 940 agentibus
1192 906 1223 931 et
1243 910 1378 930 moven—

302 943 388 973 tibus
412 944 534 980 creatis,
551 945 627 984 quia
650 953 718 974 non
742 949 817 974 sunt
840 953 940 984 purus
960 950 1059 980 actus,
1076 953 1208 975 necesse
1225 950 1272 975 est
1287 944 1379 985 quod

302 997 359 1018 sua
383 988 468 1018 actio
492 998 509 1018 a
532 989 648 1019 virtute
673 988 885 1028 distinguatur
908 994 1062 1029 tanquam
1086 989 1250 1020 actualitas
1274 990 1313 1020 ab
1338 999 1377 1020 eo

303 1033 395 1063 cuius
426 1038 472 1062 est
500 1033 675 1063 actualitas.
701 1032 776 1063 Ideo
801 1033 845 1063 nil
869 1033 987 1064 mirum
1012 1034 1038 1063 si
1061 1039 1171 1064 motus
1195 1040 1242 1064 est
1264 1034 1378 1064 talium

302 1078 468 1117 agentium
491 1079 587 1108 actio.
612 1077 647 1108 In
671 1077 743 1108 Deo
763 1083 876 1117 ,autem
905 1087 973 1108 non
1004 1084 1051 1108 est
1078 1078 1231 1118 possibile
1254 1088 1378 1119 ponere

302 1121 393 1162 quod
421 1122 505 1152 actio
536 1132 594 1153 sua
624 1132 641 1152 a
669 1131 728 1152 sua
756 1122 874 1152 virtute
897 1121 1125 1162 distinguatur:
1151 1123 1297 1163 alioquin
1320 1132 1378 1164 per

302 1166 423 1207 aliquid
447 1176 465 1196 a
488 1176 521 1197 se
553 1166 740 1197 distinctum
770 1167 1019 1197 constitueretur
1049 1167 1081 1197 in
1113 1173 1197 1203 actu,
1221 1173 1252 1198 et
1275 1167 1320 1198 sic
1343 1168 1377 1198 in

301 1212 374 1251 ipso
398 1211 519 1250 aliquid
543 1211 786 1252 potentialitatis
810 1216 901 1241 esset.
933 1211 974 1241 Et
997 1210 1071 1242 ideo
1095 1217 1205 1242 motus
1232 1213 1377 1252 corporis

302 1256 341 1286 ab
358 1265 398 1287 eo
415 1257 495 1286 moti
520 1265 588 1286 non
612 1261 719 1296 potest
742 1265 811 1286 esse
835 1256 904 1286 eius
928 1256 1023 1292 actio,
1047 1255 1103 1286 sed
1127 1263 1174 1286 est
1198 1255 1330 1287 effectus
1346 1262 1377 1287 et

301 1301 457 1331 terminus
480 1310 557 1331 suae
581 1300 726 1336 actionis,
751 1309 835 1340 quae
859 1305 906 1330 est
929 1309 1025 1330 suum
1049 1300 1141 1331 velle.

355 1344 410 1375 Ad
431 1345 519 1376 aliud
542 1340 658 1375 dicitur
681 1344 772 1384 quod
802 1345 886 1375 actio
918 1345 1067 1375 nominat
1097 1345 1375 1385 complementum

300 1390 466 1429 potentiae
491 1395 522 1420 et
545 1395 593 1420 est
615 1389 738 1429 agentis
762 1388 928 1429 perfectio,
945 1389 1057 1419 saltem
1073 1399 1131 1429 per
1149 1389 1286 1420 modum
1302 1389 1376 1420 finis

301 1442 380 1474 quo,
398 1439 433 1463 ut
449 1433 597 1474 superius
609 1434 626 1449 ³*
649 1432 772 1463 dictum
796 1438 853 1463 est.
878 1432 1020 1464 Effectus
1043 1439 1153 1464 autem
1169 1443 1236 1464 non
1253 1439 1300 1464 est
1315 1444 1375 1475 po-

267 1476 272 1482 '
299 1477 418 1508 tentiae
442 1477 721 1518 complementum
747 1486 854 1518 neque
878 1478 1000 1518 agentis
1019 1477 1186 1517 perfectio,
1203 1477 1259 1509 sed
1274 1479 1375 1519 magis

299 1531 359 1563 per
381 1530 479 1562 agens
501 1531 599 1552 suum
615 1531 684 1553 esse
700 1527 731 1552 et
751 1531 843 1552 suam
867 1521 1100 1562 perfectionem
1125 1523 1276 1563 acquirit:
1301 1522 1376 1553 licet

299 1567 403 1608 possit
418 1566 481 1597 dici
497 1565 571 1597 finis
590 1566 712 1606 agentis
736 1575 774 1596 ex
798 1571 888 1606 parte
912 1566 1047 1597 actionis
1070 1568 1263 1598 transeuntis
1279 1577 1313 1597 se
1329 1573 1375 1598 te-

299 1620 391 1643 nens.
414 1610 502 1642 Nihil
525 1615 635 1642 autem
659 1611 874 1642 extrinsecum
889 1620 907 1640 a
924 1611 995 1641 Deo
1011 1616 1119 1650 potest
1139 1621 1207 1642 esse
1231 1612 1375 1652 comple-

299 1661 448 1688 mentum
470 1656 636 1697 potentiae
660 1655 787 1686 divinae
811 1660 867 1686 aut
890 1655 951 1686 Dei
974 1655 1147 1696 perfectio:
1172 1656 1228 1687 sed
1252 1656 1334 1687 bene
1358 1666 1376 1686 a

299 1701 372 1733 Deo
395 1706 504 1742 potest
526 1700 644 1731 habere
668 1700 946 1740 complementum
977 1700 1028 1730 sui
1058 1710 1126 1731 esse
1150 1706 1181 1731 et
1204 1710 1281 1731 suae
1304 1710 1376 1741 per-

300 1745 460 1778 fectionis.

358 1791 388 1822 5.
404 1790 456 1821 Ad
471 1789 653 1820 secundum
669 1789 846 1830 principale
862 1790 879 1807 ³
899 1789 1015 1820 dicitur
1031 1789 1122 1830 quod
1138 1789 1273 1820 Sanctus
1286 1789 1376 1820 Tho-

299 1844 369 1867 mas
384 1835 532 1876 superius
548 1834 674 1874 accepit
692 1835 855 1865 actionem
878 1839 1098 1865 transeuntem
1121 1834 1376 1866 similitudinarie

301 1885 332 1912 et
347 1879 529 1912 secundum
544 1878 682 1910 modum
698 1878 910 1919 significandi,
922 1888 990 1910 non
1006 1884 1115 1909 autem
1130 1879 1272 1919 proprie.
1285 1879 1376 1910 Velle

301 1925 390 1962 enim
413 1923 572 1960 divinum,
596 1929 632 1954 ut
655 1922 696 1954 ad
718 1924 827 1964 ipsum
850 1924 997 1964 sequitur
1020 1923 1216 1954 extrinsecus
1233 1923 1375 1960 effectus,

300 1969 397 2000 habet
412 1967 657 2000 similitudinem
673 1977 749 1999 cum
766 1969 894 1998 actione
906 1973 1107 1999 transeunte:
1126 1973 1157 1998 et
1173 1967 1378 2008 distinguitur

301 2013 340 2045 ab
364 2014 573 2050 immanente‚
590 2018 627 2043 ut
645 2012 700 2048 sic,
717 2011 897 2043 secundum
921 2013 1090 2048 rationem,
1107 2013 1300 2052 inquantum
1320 2022 1378 2053 per

301 2059 544 2094 immanentem,
569 2062 606 2088 ut
627 2057 810 2088 immanens
826 2062 883 2093 est,
899 2057 1007 2088 nullus
1031 2055 1222 2097 producitur
1245 2056 1377 2088 effectus

302 2104 508 2134 extrinsecus.

356 2147 426 2179 Vll.
451 2147 602 2188 Septimo.
628 2146 724 2178 Nulla
747 2146 879 2176 materia
903 2150 950 2176 est
979 2147 1224 2186 proportionata
1250 2144 1377 2177 divinae

301 2193 431 2224 actioni.
455 2191 542 2232 Ergo
566 2197 628 2222 etc.
654 2209 676 2213 -
703 2191 860 2221 Probatur
893 2191 1136 2231 consequentia.
1161 2190 1247 2229 Quia
1277 2200 1376 2221 omne

302 2246 399 2278 agens
430 2235 521 2277 quod
550 2236 584 2266 in
614 2233 740 2276 agendo
771 2235 903 2276 requirit
933 2236 1099 2266 materiam
1129 2236 1375 2275 praeiacentem‚

301 2281 397 2312 habet
420 2280 587 2311 materiam
610 2289 687 2311 suae
711 2281 832 2310 actioni
855 2281 1145 2320 proportionatam,
1162 2285 1198 2310 ut
1221 2279 1378 2320 quicquid

301 2331 350 2356 est
363 2326 398 2356 in
414 2326 531 2356 virtute
548 2325 680 2365 agentis,
697 2329 804 2355 totum
828 2325 867 2355 sit
890 2325 923 2355 in
947 2325 1093 2365 potentia
1112 2325 1278 2355 materiae:
1301 2325 1377 2355 alias

301 2369 418 2402 frustra
442 2375 525 2401 esset
547 2370 601 2400 illa
624 2370 739 2406 virtus,
765 2379 805 2400 eo
829 2369 920 2410 quod
943 2379 1042 2409 agens
1072 2378 1140 2400 non
1170 2375 1280 2409 posset
1302 2378 1378 2409 pro-

301 2415 420 2447 ducere
444 2414 602 2455 quicquid
624 2420 707 2445 esset
730 2414 764 2445 in
788 2424 845 2445 sua
868 2415 994 2444 virtute.
1022 2432 1045 2436 -
1071 2413 1277 2444 Antecedens
1300 2423 1377 2445 vero

301 2460 466 2501 probatur.
491 2459 578 2497 Quia
601 2459 700 2490 virtus
723 2458 830 2489 divina
855 2465 902 2489 est
926 2458 1063 2499 simplex
1087 2464 1118 2489 et
1145 2457 1280 2489 infinita.
1309 2459 1378 2489 Ma-

301 2505 380 2535 teria
396 2510 506 2535 autem
522 2513 590 2534 non
606 2509 713 2544 potest
730 2504 872 2544 recipere
896 2512 1140 2544 quamcumque
1156 2504 1378 2544 quantitatem,

302 2554 340 2580 ut
368 2548 485 2579 dicitur
514 2548 556 2579 111
580 2548 719 2589 Physic„
745 2557 812 2578 non
843 2553 890 2579 est
921 2548 1009 2578 enirn
1039 2549 1221 2588 susceptiva
1248 2549 1378 2578 maioris

303 2594 489 2634 quantitatis
501 2602 599 2634 quam
616 2593 656 2623 sit
672 2593 832 2633 quantitas
848 2593 942 2623 caeli:
960 2602 1036 2623 cum
1052 2598 1159 2623 tamen
1174 2592 1261 2623 Deus
1278 2593 1380 2632 possit

302 2639 336 2668 in
359 2637 524 2669 infinitum
547 2638 704 2668 maiorem
736 2647 864 2678 semper
893 2638 1104 2677 quantitatem
1129 2636 1319 2677 producere,
1344 2642 1380 2667 ut

303 2682 446 2713 fortassis
468 2682 602 2713 inferius
626 2681 822 2713 ostendetur.

361 2737 391 2758 2.
408 2727 473 2758 Sed
488 2737 557 2757 non
573 2726 699 2757 videtur
714 2727 794 2757 haec
811 2727 891 2757 ratio
908 2725 1114 2757 concludere.
1139 2726 1267 2756 Diceret
1291 2725 1379 2755 enim

303 2772 419 2812 aliquis
434 2775 502 2802 non
519 2777 671 2812 oportere
687 2780 786 2811 agens
802 2770 894 2811 quod
916 2771 1049 2811 requirit
1068 2771 1245 2806 materiam,
1262 2769 1379 2799 habere

302 2817 470 2848 materiam
485 2816 547 2846 sibi
562 2816 856 2856 proportionatam:
874 2824 934 2845 nec
950 2820 1058 2845 tamen
1074 2820 1207 2855 propter
1221 2814 1285 2844 hoc
1297 2819 1379 2844 esset

303 2860 540 2901 virtusagentis
552 2859 678 2890 frustra.
689 2859 732 2890 Ut
744 2860 832 2889 enim
844 2859 950 2899 inquit
958 2859 1094 2890 Sanctus
1102 2859 1248 2889 Thomas
1258 2858 1270 2888 1
1280 2858 1378 2893 Seni„

304 2904 336 2936 d.
352 2914 427 2935 xun
439 2906 466 2940 ’ζ
491 2914 519 2934 a.
540 2912 568 2940 ι,
585 2903 624 2934 ad
649 2904 678 2940 3,
696 2909 727 2934 et
742 2904 903 2937 Potentia,
928 2912 959 2943 q.
978 2914 998 2939 1,
1017 2913 1046 2939 2,
1064 2903 1103 2933 ad
1125 2911 1151 2939 1,
1172 2903 1247 2933 licet
1271 2903 1379 2933 virtuti

305 2949 432 2980 divinae
464 2949 552 2980 nulla
585 2948 836 2988 correspondeat
865 2948 1012 2988 potentia
1043 2948 1167 2987 passiva
1197 2946 1380 2987 adaequans

305 3003 387 3030 earn,
411 3003 480 3024 non
504 2998 614 3023 tamen
638 2992 755 3023 dicitur
777 2993 876 3022 virtus
900 2992 1007 3022 divina
1029 2991 1145 3022 frustra
1169 3001 1248 3022 esse.

360 3037 412 3069 Ad
435 3039 531 3069 huius
554 3037 808 3077 intelligentiam,
834 3036 1104 3067 considerandum
1121 3035 1212 3076 quod
1228 3035 1318 3066 aliter
1333 3042 1380 3066 est

305 3082 345 3114 de
369 3083 515 3123 potentia
538 3082 704 3123 agentium
727 3081 963 3122 requirentium
983 3081 1149 3111 materiam
1166 3081 1380 3121 praeexisten-

304 3133 385 3164 tem;
403 3133 435 3158 et
451 3128 541 3158 aliter
556 3127 596 3158 de
612 3127 758 3167 potentia
774 3135 858 3166 quae
873 3126 1040 3156 materiam
1051 3135 1120 3156 non
1136 3126 1379 3166 praesupponit.

304 3173 442 3213 Agentia
465 3173 552 3203 enim
576 3181 660 3212 quae
683 3171 851 3201 materiam
874 3176 1143 3211 praesupponunt
1166 3176 1198 3201 et
1220 3179 1288 3200 non
1303 3179 1380 3210 pos-

304 3222 380 3248 sunt
402 3218 464 3248 nisi
487 3227 526 3247 ex
549 3217 681 3246 materia
705 3216 906 3256 praeiacente
930 3215 1066 3255 operari,
1091 3215 1210 3246 habent
1228 3215 1379 3245 virtutem

304 3271 395 3292 suam
412 3263 446 3292 in
467 3261 580 3296 ordine
604 3260 644 3291 ad
667 3261 833 3291 materiam
857 3258 1097 3300 perficiendam.
1123 3258 1200 3290 Ideo
1224 3258 1379 3300 perfectio

305 3307 456 3337 materiae
480 3312 527 3337 est
549 3305 633 3342 finis,
657 3305 770 3335 saltem
794 3305 971 3344 proximus,
988 3304 1058 3334 talis
1082 3304 1215 3344 agentis
1239 3303 1281 3334 Et
1304 3304 1380 3343 quia

305 3350 420 3381 frustra
443 3357 491 3381 est
513 3350 605 3391 quod
629 3349 795 3380 ordinatur
817 3349 857 3379 ad
880 3348 979 3379 finem
1004 3354 1036 3379 et
1058 3349 1166 3388 ipsum
1182 3357 1249 3378 non
1266 3357 1380 3378 conse-

306 3396 416 3436 quitur
431 3397 458 3432 *‚
479 3395 565 3432 ideo,
582 3395 608 3425 si
624 3404 693 3425 non
709 3395 749 3425 sit
764 3394 896 3424 materia
918 3394 1018 3423 totius
1042 3394 1166 3423 virtutis
1189 3393 1311 3433 agentis
1327 3402 1380 3423 su-

305 3441 457 3481 sceptiva,
473 3440 528 3470 illa
543 3441 643 3470 virtus
666 3438 781 3470 frustra
801 3439 860 3469 erit
876 3444 906 3468 et
923 3447 1013 3474 vana,
1031 3447 1071 3468 eo
1088 3436 1179 3478 quod
1195 3447 1263 3467 non
1278 3438 1380 3477 possit

305 3494 403 3526 agens
426 3490 534 3515 totum
556 3483 647 3525 quod
670 3490 718 3515 est
740 3485 772 3514 in
797 3493 855 3514 sua
877 3483 993 3513 virtute
1013 3483 1115 3513 activa
1129 3483 1163 3512 in
1179 3487 1287 3512 actum
1303 3491 1379 3522 pro-

305 3529 434 3560 ducere.
458 3529 522 3560 Sed
545 3532 643 3569 agens
665 3528 758 3569 quod
780 3533 888 3568 potest
911 3528 1032 3567 absque
1052 3527 1296 3567 praesupposita
1311 3535 1379 3556 ma-

304 3575 384 3604 teria
395 3575 530 3615 operari,
543 3583 612 3604 non
625 3573 792 3604 ordinatur
807 3582 847 3603 ex
861 3582 895 3603 se
912 3571 952 3603 ad
967 3572 1133 3602 materiam
1149 3570 1378 3611 perficiendam

2428 292 2502 330 303

1432 367 1547 399 frustra
1570 369 1638 399 erit.
1663 368 1696 399 Si
1719 378 1796 408 ergo
1820 370 1926 408 agenti
1950 378 1988 399 ex
2011 370 2142 400 materia
2165 370 2334 409 supposita
2348 379 2417 401 non
2433 380 2504 401 cor-

1432 412 1642 453 responderet
1660 413 1792 444 materia
1815 414 2068 453 proportionata,
2086 415 2184 444 virtus
2199 413 2284 445 illius
2300 415 2422 455 agentis
2438 415 2504 445 fru-

1432 462 1495 487 stra
1518 463 1610 487 esset.
1634 456 1711 487 Non
1735 463 1844 487 autem
1860 456 1973 488 frustra
1997 463 2044 488 est
2067 459 2166 489 virtus
2185 459 2256 495 Dei,
2274 460 2420 500 quamvis
2443 460 2503 490 sibi

1432 501 1577 541 potentia
1604 502 1730 541 passiva
1760 501 1936 541 adaequata
1965 511 2033 532 non
2064 502 2272 543 respondeat:
2298 504 2374 544 quia
2404 504 2502 534 virtus

1431 544 1539 575 divina
1561 555 1629 575 non
1653 546 1718 585 agit
1741 554 1779 576 ex
1802 546 1995 585 praeiacenti
2014 547 2145 577 materia
2168 546 2208 578 de
2231 549 2430 584 necessitate,
2447 548 2502 579 sed

1432 594 1539 629 potest
1558 599 1596 620 ex
1617 589 1706 620 nulla
1730 590 1873 620 subiecta
1888 591 2020 621 materia
2034 592 2264 630 praeexistente
2288 602 2502 633 unamquam-

1432 643 1496 674 que
1519 643 1588 664 rem
1612 634 1802 674 producere.

1486 677 1731 709 Advertendum
1754 679 1851 709 etiarn
1870 678 1961 718 quod
1976 679 2112 710 Sanctus
2127 680 2281 717 Thomas,
2298 690 2337 711 ex
2353 691 2392 711 eo
2413 681 2502 722 quod

1430 723 1563 753 materia
1586 732 1654 753 non
1679 728 1726 753 est
1748 724 1781 753 in
1805 724 1950 763 potentia
1965 722 2005 754 ad
2024 725 2235 763 quantitatem
2249 734 2500 765 quamcumque,

1431 767 1535 807 arguit
1550 766 1641 807 quod
1656 768 1789 798 materia
1804 776 1872 798 non
1889 767 1984 798 habet
1999 769 2245 808 proportionem
2261 769 2501 810 adaequationis

1432 810 1472 842 ad
1495 811 1613 842 Deum.
1637 812 1723 850 Quia
1746 821 1785 842 ex
1808 812 1871 842 hoc
1896 811 1986 852 quod
2009 813 2139 843 materia
2162 822 2229 843 non
2253 819 2300 844 est
2319 814 2502 844 naturaliter

1431 857 1612 896 susceptiva
1635 857 1871 897 cuiuscumque
1895 857 2088 897 quantitatis,
2113 866 2189 887 cum
2211 864 2319 888 tamen
2343 859 2501 898 quantitas

1432 901 1471 931 sit
1501 899 1649 931 accidens
1682 910 1886 941 consequens
1918 902 2095 938 materiam,
2126 902 2230 935 multo
2262 903 2362 942 magis
2393 903 2500 933 haberi

1432 950 1539 986 potest
1562 944 1652 985 quod
1675 955 1743 976 non
1767 951 1814 976 est
1837 946 1868 975 in
1895 946 2040 986 potentia
2063 946 2103 976 ad
2126 946 2201 976 alias
2221 946 2338 977 formas
2362 956 2419 986 per
2442 956 2501 986 po-

1430 990 1564 1020 tentiam
1588 989 1729 1020 divinam
1753 989 1970 1029 producibiles
1994 999 2077 1030 quae
2101 991 2134 1020 in
2158 991 2289 1021 materia
2312 991 2411 1031 recipi
2433 1001 2501 1021 non

1431 1039 1577 1074 possunt,
1602 1039 1638 1064 ut
1661 1039 1735 1064 sunt
1757 1034 1995 1074 intelligentiae.

1487 1078 1569 1109 Vl11.
1601 1077 1743 1117 Octayo:
1766 1084 1797 1110 et
1820 1084 1867 1109 est
1890 1078 2093 1121 confirmatio
2116 1079 2336 1119 praecedentis
2359 1080 2499 1109 rationis.

1431 1123 1637 1154 Diversarum
1659 1132 1767 1154 rerum
1791 1122 1933 1154 diversae
1956 1129 2031 1154 sunt
2049 1124 2210 1154 materiae.
2227 1124 2313 1164 Ergo
2330 1124 2418 1154 nulla
2433 1133 2500 1154 ma-

1430 1168 1508 1198 teria
1524 1172 1572 1198 est
1587 1177 1669 1208 quae
1686 1168 1970 1208 proportionaliter
1985 1167 2110 1198 divinae
2134 1169 2241 1199 virtuti
2264 1168 2465 1208 respondeat.
2477 1186 2501 1190 —-

1430 1212 1520 1243 Patet
1544 1213 1786 1252 consequentia.
1811 1212 1896 1250 Quia
1920 1212 2008 1242 Deus
2027 1218 2074 1243 est
2090 1213 2275 1243 universalis
2291 1222 2385 1243 causa
2401 1213 2499 1243 totius

1431 1266 1509 1287 esse.
1534 1257 1631 1297 Ergo,
1651 1257 1677 1286 si
1700 1266 1767 1287 non
1791 1262 1838 1287 est
1862 1266 1925 1287 una
1949 1258 2079 1287 materia
2102 1257 2282 1298 susceptiva
2298 1258 2404 1287 omnis
2420 1267 2498 1293 esse,

1429 1301 1518 1331 nulla
1541 1301 1673 1331 materia
1696 1306 1744 1331 est
1766 1300 1892 1332 divinae
1915 1302 2023 1332 virtuti
2047 1301 2233 1342 adaequata.
2253 1320 2276 1323 —
2295 1301 2499 1332 Antecedens

1429 1355 1506 1376 vero
1530 1345 1693 1386 probatur.
1718 1345 1803 1383 Quia
1827 1350 1952 1376 constat
1981 1355 2048 1376 non
2078 1355 2146 1376 esse
2175 1345 2310 1377 eandem
2334 1347 2499 1376 materiam

1430 1390 1648 1430 corporalium
1672 1395 1703 1420 et
1726 1390 1948 1430 spiritualium,
1973 1399 2148 1430 corporum
2172 1390 2357 1421 caelestium
2381 1395 2413 1420 et
2428 1400 2499 1421 cor·

1429 1434 1647 1475 ruptibilium:
1673 1443 1749 1465 cum
1772 1435 1924 1474 recipere,
1949 1434 2039 1474 quod
2070 1441 2116 1465 est
2145 1435 2314 1475 proprium
2337 1436 2497 1471 materiae,

1429 1488 1497 1509 non
1520 1479 1560 1509 sit
1583 1478 1728 1509 eiusdem
1751 1479 1882 1509 rationis
1905 1479 1939 1509 in
1962 1478 2123 1509 omnibus.

1484 1522 1728 1554 Advertendum
1752 1522 1841 1563 quod
1864 1524 1998 1553 nomine
2022 1523 2178 1554 materiae
2192 1523 2431 1564 noh’accipitur
2446 1519 2498 1553 hic

1429 1568 1561 1598 materia
1575 1568 1689 1607 prima,
1707 1576 1790 1607 quae
1807 1573 1855 1597 est
1870 1577 1942 1608 pars
1957 1568 2135 1598 essentialis
2147 1575 2254 1598 rerum
2277 1567 2498 1603 materialium,

1429 1612 1486 1642 sed
1509 1613 1664 1652 accipitur
1687 1621 1785 1642 omne
1809 1613 2018 1652 receptivum.
2042 1611 2128 1650 Quia
2144 1612 2231 1643 enim
2246 1612 2415 1652 proprium
2430 1621 2498 1642 ma-

1429 1657 1527 1686 teriae
1543 1657 1666 1696 primae
1681 1662 1729 1687 est
1744 1665 1812 1686 esse
1828 1657 2027 1697 receptivum
2047 1655 2170 1687 formae
2185 1656 2409 1692 substantialis,
2425 1656 2498 1687 ideo

1430 1709 1529 1731 omne
1553 1701 1682 1731 alterius
1706 1700 1827 1731 formae
1852 1701 2061 1741 receptivum,
2086 1706 2121 1731 ut
2144 1701 2198 1737 sic,
2222 1701 2318 1731 habet
2340 1701 2497 1731 rationem

1430 1746 1592 1782 materiae,
1615 1745 1703 1786 largo
1728 1745 1829 1776 modo
1858 1744 2047 1785 accipiendo
2078 1746 2254 1775 materiam.
2284 1745 2326 1775 Et
2349 1745 2425 1785 quia
2448 1755 2500 1775 su-

1429 1790 1571 1830 sceptiva
1594 1795 1669 1820 sunt
1692 1789 1888 1820 diversarum
1908 1790 2080 1826 rationum,
2098 1790 2180 1820 sicut
2195 1795 2227 1820 et
2241 1790 2382 1829 recipere
2399 1789 2500 1820 diver-

1429 1834 1571 1865 sificatur
1600 1834 1782 1865 secundum
1811 1835 1980 1870 rationem,
2005 1843 2045 1864 eo
2070 1834 2160 1874 quod
2187 1833 2274 1864 aliud
2297 1835 2336 1864 sit
2359 1835 2499 1874 recipere

1431 1878 1554 1909 formae
1577 1879 1794 1910 immaterialis
1817 1884 1850 1909 et
1872 1878 1958 1910 aliud
1982 1878 2104 1909 formae
2128 1878 2359 1914 substantialis,
2376 1884 2408 1908 et
2430 1888 2487 1909 cor

1430 1933 1510 1964 pora
1541 1923 1687 1954 caelestia
1717 1924 1878 1964 recipiunt
1906 1923 2150 1954 innovationem
2181 1923 2260 1953 situs
2293 1932 2361 1953 non
2392 1929 2499 1953 autern

1430 1967 1674 1998 innovationem
1695 1967 1821 1998 essendi
1830 1978 1838 2004 ;
1862 1967 1937 1998 ideo
1953 1967 2104 1998 dicuntur
2119 1967 2314 1998 diversarum
2330 1977 2437 1998 rerum
2453 1967 2499 1998 di-

1431 2021 1540 2043 versae
1564 2020 1632 2042 esse
1656 2013 1817 2043 materiae.

1486 2055 1675 2087 Notandum
1699 2057 1805 2093 etiam,
1830 2066 1906 2087 cum
1929 2057 2035 2097 inquit
2057 2057 2222 2087 materiam
2243 2056 2321 2086 caeli
2336 2065 2404 2086 non
2420 2057 2498 2086 reci-

1431 2111 1507 2142 pere
1523 2101 1768 2131 innovationem
1784 2101 1919 2138 essendi,
1936 2101 1991 2132 sed
2007 2106 2132 2132 tantum
2147 2101 2390 2131 innovationem
2410 2101 2498 2137 situs,

1431 2145 1522 2186 quod
1545 2145 1690 2186 loquitur
1706 2145 1745 2176 de
1760 2147 1892 2176 materia
1908 2146 1972 2176 iam
1992 2146 2155 2176 existente.
2180 2145 2232 2175 Sic
2248 2146 2345 2181 enim,
2361 2145 2436 2176 licet
2451 2155 2499 2175 se-

1431 2190 1576 2221 cundum
1599 2189 1698 2221 fidem
1721 2191 1852 2221 materia
1875 2190 1955 2221 caeli
1978 2190 2152 2231 susceperit
2176 2199 2244 2220 esse
2264 2189 2304 2220 de
2319 2199 2408 2220 novo
2425 2191 2500 2230 quia

1430 2235 1526 2266 simul
1550 2234 1708 2275 producta
1724 2241 1771 2266 est
1787 2244 1863 2265 cum
1879 2234 1983 2265 forma
2006 2234 2095 2271 caeli,
2111 2239 2285 2274 postquam
2300 2239 2408 2264 tamen
2424 2244 2499 2274 pro-

1431 2279 1527 2311 ducta
1551 2279 1598 2310 est
1620 2279 1653 2310 in
1678 2289 1756 2316 esse,
1773 2288 1840 2310 non
1857 2285 1904 2310 est
1919 2279 2047 2310 alterius
2071 2288 2139 2309 esse
2163 2279 2332 2319 receptiva,
2349 2283 2385 2309 ut
2401 2279 2501 2319 possit

1431 2323 1494 2355 dici
1517 2323 1608 2365 quod
1627 2324 1744 2364 accipit
1759 2324 2004 2354 innovationem
2021 2322 2145 2354 essendi
2161 2323 2416 2353 substantialiter.
2438 2322 2502 2353 Sed

1430 2369 1514 2399 bene
1526 2369 1643 2408 accipit
1654 2369 1900 2399 innovationem
1912 2369 1991 2399 situs
2003 2367 2183 2398 secundum
2195 2368 2279 2408 ipsas
2291 2367 2370 2398 caeli
2386 2373 2500 2407 partes.

1488 2413 1541 2444 IX.
1569 2413 1667 2443 Nono
1691 2413 1844 2453 arguitur,
1871 2411 2010 2443 admisso
2034 2413 2131 2443 etiam
2164 2412 2254 2453 quod
2285 2417 2366 2442 esset
2396 2412 2502 2452 aliqua

1431 2458 1564 2489 materia
1579 2457 1705 2488 divinae
1729 2457 1848 2488 actioni
1875 2457 2129 2498 proportionata.
2155 2456 2188 2488 Si
2212 2457 2372 2487 invenitur
2397 2456 2502 2496 aliqua

1432 2502 1563 2533 materia
1580 2501 1706 2532 divinae
1722 2502 1841 2532 actioni
1856 2502 2110 2542 proportionata,
2130 2502 2214 2532 illius
2230 2501 2318 2531 Deus
2334 2506 2380 2531 est
2397 2511 2501 2531 causa.

1432 2547 1518 2587 Ergo
1543 2552 1604 2577 etc.
1628 2565 1650 2569 —
1671 2546 1761 2577 Patet
1785 2547 2032 2586 consequentia:
2058 2546 2143 2586 quia,
2167 2545 2379 2586 producendo
2403 2545 2500 2581 illam,

1432 2601 1500 2622 non
1523 2590 1645 2631 indiget
1675 2591 1816 2621 materia.
1840 2608 1863 2612 —
1886 2589 2090 2620 Antecedens
2120 2599 2196 2620 vero
2227 2590 2388 2629 probatur.
2416 2589 2502 2627 Quia

1433 2644 1717 2676 quorumcumque
1741 2640 1788 2665 est
1811 2634 1918 2675 aliqua
1942 2635 2110 2675 proportio
2135 2639 2166 2664 et
2196 2634 2310 2673 aliquis
2334 2633 2425 2669 ordo,
2450 2634 2501 2663 vel

1432 2689 1536 2710 unum
1553 2689 1667 2710 eorum
1684 2684 1731 2709 est
1746 2679 1785 2709 ab
1802 2679 1875 2715 alio,
1889 2678 1937 2709 vel
1955 2679 2051 2708 ambo
2069 2678 2107 2708 ab
2123 2678 2233 2718 aliquo
2246 2679 2354 2708 tertio:
2372 2683 2501 2718 oportet

1433 2725 1521 2755 enim
1544 2723 1691 2754 ordinem
1716 2723 1868 2754 constitui
1893 2724 1925 2753 in
1948 2732 2016 2753 uno
2040 2732 2097 2763 per
2120 2722 2438 2762 correspondentiam
2461 2722 2500 2752 ad

1433 2768 1534 2804 aliud3
1556 2768 1632 2799 alias
1647 2767 1728 2798 ordo
1744 2773 1776 2798 et
1798 2768 1966 2808 proportio
1982 2767 2036 2798 illa
2052 2772 2134 2798 esset
2149 2777 2167 2797 a
2183 2776 2268 2802 casu,
2285 2766 2375 2807 quod
2390 2767 2500 2807 primis

1432 2813 1597 2854 principiis
1621 2813 1795 2843 convenire
1818 2821 1885 2842 non
1909 2817 2025 2852 potest.
2050 2812 2138 2842 Deus
2162 2817 2269 2842 autern
2293 2821 2400 2851 neque
2421 2816 2468 2842 est
2483 2821 2500 2840 a

1433 2858 1565 2888 materia
1580 2866 1688 2898 neque
1704 2857 1743 2887 ab
1759 2857 1819 2887 alia
1831 2866 1940 2887 causa:
1958 2866 2033 2887 curn
2049 2857 2089 2886 sit
2104 2856 2245 2896 primum
2261 2865 2327 2886 ens,
2340 2856 2425 2896 Ergo
2439 2861 2500 2886 etc.

1488 2901 1730 2932 Advertendum
1755 2900 1855 2942 quod,
1880 2910 1955 2932 cum
1978 2901 2032 2931 illa
2055 2900 2201 2931 dicantur
2228 2910 2245 2930 a
2275 2910 2350 2931 casu
2374 2900 2500 2930 evenire

1433 2956 1517 2987 quae
1540 2951 1666 2987 praeter
1688 2947 1903 2977 intentionem
1919 2945 2053 2976 alicuius
2070 2946 2190 2986 agentis
2206 2945 2367 2980 eveniunt,
2384 2946 2410 2975 si
2426 2954 2501 2985 pro-

1433 2991 1541 3032 portio
1564 2991 1647 3021 inter
1669 2991 1776 3031 aliqua
1799 2990 1894 3021 debet
1918 3000 1935 3020 a
1958 2999 2034 3020 casu
2057 2999 2125 3020 non
2149 2999 2227 3026 esse,
2252 2994 2379 3029 oportet
2403 2994 2439 3019 ut
2461 2988 2500 3018 ab

1433 3036 1540 3076 aliqua
1564 3045 1660 3066 causa
1683 3034 1876 3066 intendatur.
1901 3035 1974 3065 Hoc
1999 3040 2107 3065 autem
2130 3044 2196 3064 non
2221 3039 2326 3074 potest
2349 3043 2416 3064 esse
2440 3032 2501 3063 nisi

1433 3086 1488 3111 aut
1511 3090 1615 3111 unum
1638 3086 1748 3110 causet
1778 3080 1912 3110 alterum
1943 3078 2110 3110 intendens
2140 3078 2317 3119 producere
2345 3078 2404 3108 sibi
2427 3086 2501 3117 pro-

1433 3125 1671 3165 portionatum;
1696 3130 1752 3155 aut
1781 3129 1956 3164 utrumque
1987 3124 2025 3154 ab
2057 3123 2164 3163 aliqua
2194 3132 2288 3153 causa
2315 3121 2501 3153 intendente

1433 3169 1500 3200 duo
1523 3170 1582 3200 sibi
1605 3170 1848 3210 proportionata
1872 3178 2011 3204 causare,
2035 3167 2241 3208 producatur.
2272 3167 2314 3197 Et
2335 3167 2398 3197 hoc
2425 3166 2501 3196 insi-

1432 3214 1544 3244 nuavit
1566 3213 1702 3244 Sanctus
1723 3213 1868 3243 Thomas
1892 3222 1967 3243 cum
1991 3211 2069 3243 dixit
2092 3210 2181 3252 quod
2205 3216 2332 3252 oportet
2355 3210 2500 3241 ordinem

1434 3259 1466 3288 in
1491 3268 1557 3288 uno
1589 3258 1742 3289 constitui
1766 3267 1830 3298 per
1858 3256 2176 3297 correspondentiam
2207 3256 2251 3286 ad
2279 3256 2388 3286 aliud:
2410 3254 2500 3290 idest,

1433 3308 1563 3343 oportet
1579 3308 1615 3333 ut
1630 3302 1711 3333 ordo
1728 3312 1785 3342 per
1800 3311 1834 3332 se
1851 3307 2005 3332 statuatur
2028 3302 2066 3331 ab
2091 3301 2200 3340 aliquo
2221 3299 2405 3330 intendente
2426 3308 2501 3339 pto-

1433 3348 1619 3388 portionem
1644 3353 1675 3377 et
1697 3346 1844 3377 ordinem
1868 3347 1963 3376 unius
1988 3345 2027 3376 ad
2051 3345 2195 3375 alterum.

1489 3392 1528 3422 X.
1553 3392 1699 3422 Decimo.
1725 3391 1857 3421 Materia
1880 3396 1926 3420 est
1950 3399 2006 3420 ens
2036 3390 2068 3419 in
2099 3389 2254 3430 potentia.
2278 3388 2319 3418 Et
2342 3388 2430 3418 Deus
2454 3393 2501 3418 est

1433 3442 1523 3467 actus
1538 3437 1662 3477 primus
1679 3441 1710 3466 et
1726 3445 1826 3476 purus
1838 3436 1864 3465 *.
1890 3434 1975 3474 Ergo
1993 3439 2039 3464 est
2054 3433 2241 3474 simpliciter
2256 3434 2344 3472 prior
2359 3433 2500 3462 materia.

1433 3481 1519 3521 Ergo
1544 3481 1633 3511 Deus
1657 3486 1703 3510 est
1727 3489 1821 3510 causa
1844 3479 2004 3509 materiae.
2030 3478 2115 3518 Ergo
2139 3487 2214 3507 suae
2239 3477 2358 3507 actioni
2377 3486 2444 3507 non
2461 3476 2501 3507 de

1431 3526 1619 3556 necessitate
1643 3524 1914 3565 praesupponitur
1936 3523 2077 3553 materia.
2093 3540 2116 3544 —
2131 3522 2288 3552 Probatur
2302 3521 2405 3562 prima
2424 3530 2502 3551 con-

1431 3570 1608 3610 sequentia.
1633 3569 1719 3607 Quia
1743 3574 1831 3598 actus
1847 3577 1914 3598 non
1931 3567 2038 3597 solum
2054 3572 2101 3597 est
2116 3567 2204 3606 prior
2219 3566 2364 3606 potentia
2378 3570 2501 3602 natura,

306 3624 342 3649 ut
365 3618 406 3649 ad
427 3617 537 3649 finem.
563 3617 650 3654 Ideo,
675 3618 822 3658 quamvis
846 3627 914 3648 non
937 3617 1118 3647 inveniatur
1133 3615 1264 3646 materia
1279 3615 1379 3645 totius
1431 3614 1488 3645 sed
1504 3615 1600 3644 etiam
1616 3619 1772 3654 tempore,
1790 3612 1975 3652 simpliciter
1990 3610 2173 3651 loquendo:
2196 3619 2271 3641 cum
2287 3610 2419 3640 materia
2434 3619 2502 3640 non

306 3663 430 3694 virtutis
454 3663 523 3694 eius
546 3663 737 3703 susceptiva,
753 3672 821 3693 non
846 3667 952 3692 tamen
978 3667 1109 3702 propter
1124 3660 1187 3690 hoc
1211 3660 1310 3690 virtus
1325 3659 1379 3689 illa
1432 3658 1602 3690 reducatur
1632 3659 1664 3688 in
1695 3663 1803 3688 actum
1834 3657 1894 3686 nisi
1921 3665 1979 3695 per
2002 3664 2058 3685 ens
2082 3660 2164 3685 actu.
2189 3673 2211 3677 -
2234 3653 2382 3685 Secunda
2406 3655 2502 3685 etiam

2530 3435 2541 3444 '¹
2549 3434 2585 3456 Cf.
2595 3437 2651 3456 text.
2661 3436 2683 3455 et
2694 3438 2741 3456 var.
