2716 4302
35 3078 68 3098 7v
84 3078 179 3100 aym.
198 3080 245 3096 102.

276 182 320 206 10

269 257 350 278 voce
375 247 436 277 dici
460 250 577 286 potest.
601 245 619 282 ξ
634 242 794 282 Amplius.
812 240 844 271 Si
860 239 974 279 aliquis
990 236 1122 268 effectus
1142 235 1181 265 ad
1197 235 1339 275 speciem

270 308 384 330 causae
396 297 564 338 pertingat,
577 292 849 334 praedicationem
867 289 1008 320 nominis
1021 287 1160 318 univoce
1176 295 1243 316 non
1262 294 1340 315 con-

270 354 422 389 sequetur
444 349 587 375 secundum
607 344 667 373 nisi
691 341 871 372 secundum
896 339 1036 370 eundern
1056 336 1182 368 essendi
1203 335 1339 370 modum

270 398 404 429 eandem
421 396 528 436 specie
545 394 683 424 formam
699 393 864 432 suscipiat:
883 400 951 420 non
968 390 1053 420 enim
1071 388 1211 418 univoce
1225 386 1341 416 dicitur

270 450 386 480 domus
411 457 493 487 quae
518 452 564 475 est
589 446 620 475 in
646 449 711 474 arte
736 449 767 473 et
791 443 823 472 in
847 442 988 476 materia,
1006 445 1139 480 propter
1162 439 1225 468 hoc
1251 437 1340 478 quod
1365 452 1373 472 ς

270 498 373 529 forrna
398 498 515 527 domus
531 505 571 524 est
590 498 722 523 dissimilis
739 493 847 534 (habet
872 502 940 522 esse
965 489 1130 531 dissimile)
1156 489 1340 528 utrobique.

269 550 332 580 Res
349 554 456 579 autem
475 570 481 577 .
499 571 506 577 .
521 571 527 577 .
546 546 682 576 modum
700 544 936 575 essendi.“Nam
953 542 1031 573 nihil
1049 547 1096 572 est
1112 542 1143 571 in
1162 541 1234 570 Deo
1252 539 1341 579 quod

269 611 336 632 non
360 601 399 630 sit
419 601 525 639 ipsum
551 608 618 628 esse
644 597 799 632 divinum,
826 602 861 625 ut
885 604 922 625 ex
947 593 1039 624 dictis
1064 598 1162 633 patet,
1186 595 1236 619 hoc
1255 600 1341 619 autem

270 651 387 694 (quod)
420 651 453 680 in
477 650 546 679 aliis
569 649 665 679 rebus
688 651 804 676 accidere
826 658 878 675 non
898 654 984 683 potest
1003 643 1085 686 (non
1110 642 1249 683 accidit.)
1281 642 1342 672 lm-

268 701 421 743 possibile
445 706 491 730 est
515 700 610 739 igitur
630 698 752 738 aliquid
777 698 915 728 univoce
940 695 980 726 de
1005 695 1076 725 Deo
1102 700 1133 723 et
1156 694 1252 723 rebus
1276 692 1343 722 aliis

269 753 455 794 praedicari.
487 753 503 767 ³*
527 752 544 790 §
564 750 690 781 Adhuc.
725 751 831 780 Omne
860 748 949 790 quod
978 748 1018 778 de
1041 750 1173 782 aliquibus
1197 745 1343 786 pluribus

269 805 409 835 univoce
436 802 648 843 praedicatur,
676 802 726 832 vel
755 807 801 832 est
824 810 926 841 genus
954 800 1003 830 vel
1032 799 1156 839 species
1180 797 1230 827 vel
1255 796 1343 827 diffe-

269 857 370 886 rentia
386 858 510 884 accidens
527 854 606 895 (vel)
623 853 772 884 accidens
796 858 850 882 aut
867 851 1046 891 proprium.
1065 850 1113 879 De
1138 849 1210 878 Deo
1235 854 1342 878 autem

269 909 348 939 nihil
373 907 575 948 praedicatur
607 911 642 935 ut
671 914 774 945 genus
806 913 866 934 nec
895 909 930 933 ut
962 901 1150 937 differentia,
1183 907 1218 931 ut
1248 909 1344 940 supra

271 965 439 990 ostensum
464 963 520 994 est,
541 968 588 986 nec
607 963 637 987 et
660 957 704 986 sic
721 965 781 985 nec
802 961 838 985 ut
854 954 1012 990 definitio,
1029 963 1089 983 nec
1106 953 1203 983 etiam
1221 958 1255 981 ut
1272 960 1343 991 spe-

271 1011 345 1047 cies,
366 1014 427 1047 quia
450 1009 558 1051 (quae)
585 1018 622 1038 ex
646 1017 763 1047 genere
781 1013 811 1036 et
836 1005 1014 1035 differentia
1034 1003 1250 1035 constituitur.
1276 1002 1343 1032 Nec

271 1061 392 1101 aliquid
425 1061 452 1091 ei
486 1059 630 1090 accidere
661 1063 778 1099 potest,
804 1063 839 1087 ut
870 1066 966 1096 supra
994 1055 1253 1086 demonstratum
1286 1060 1343 1089 est,

270 1123 296 1142 et
314 1117 350 1142 sic
371 1114 416 1154 (et
439 1110 494 1153 ita)
521 1111 599 1141 nihil
617 1110 656 1140 de
682 1110 752 1139 Deo
778 1108 979 1149 praedicatur
1002 1117 1110 1148 neque
1135 1112 1170 1137 ut
1195 1105 1344 1136 accidens

269 1173 377 1204 neque
394 1169 427 1193 ut
445 1162 624 1203 proprium.
641 1161 724 1191 Nam
743 1184 750 1190 .
765 1185 772 1192 .
787 1183 795 1190 .
813 1160 998 1200 praedicari.
1016 1159 1137 1198 §Item
1155 1157 1255 1196 Quod
1273 1158 1344 1188 uni-

271 1226 349 1246 voce
377 1216 415 1245 de
444 1215 588 1255 pluribus
616 1213 818 1253 praedicatur
846 1218 985 1252 utroque
1013 1211 1144 1241 illorum
1174 1210 1213 1240 ad
1237 1211 1345 1240 minus

273 1267 451 1297 secundum
482 1266 682 1296 intellectum
706 1268 777 1300 prius
797 1274 821 1292 et
846 1264 1025 1304 simplicius
1050 1269 1107 1294 est.
1139 1262 1211 1292 Deo
1237 1268 1345 1292 autem

269 1327 375 1358 neque
404 1316 583 1347 secundum
612 1325 679 1346 rem
708 1325 815 1355 neque
840 1314 1022 1346 secundum
1046 1314 1248 1344 intellectum
1276 1322 1346 1348 patet

245 1402 250 1405 ,
269 1376 377 1410 potest
393 1378 461 1398 esse
478 1367 599 1408 aliquid
617 1367 796 1407 simplicius
816 1376 841 1395 et
859 1370 940 1403 prius.
960 1366 1046 1396 Nihil
1063 1389 1069 1396 .
1085 1389 1092 1395 .
1107 1389 1114 1395 .
1132 1365 1344 1406 praedicatur.

269 1423 287 1460 ξ
308 1420 468 1461 Amplius.
502 1419 609 1450 Omne
629 1418 737 1449 ...de
769 1428 833 1458 qua
863 1418 1077 1458 praedicatur.
1107 1417 1190 1447 Nam
1221 1417 1346 1457 species

268 1473 458 1512 participare
488 1471 604 1501 dicitur
630 1479 743 1510 gemm,
776 1474 807 1499 et
838 1468 1043 1499 individuum
1067 1471 1248 1506 differentiam
1274 1477 1346 1508 spe-

270 1525 364 1554 ciem.
389 1523 437 1553 De
465 1523 534 1552 Deo
551 1528 659 1552 autem
677 1521 757 1552 nihil
782 1520 898 1551 dicitur
923 1530 980 1561 per
996 1520 1288 1561 participationem,
1310 1523 1347 1548 sic

270 1579 340 1603 enim
360 1578 432 1611 quod
452 1577 544 1602 dicitur
563 1585 615 1602 non
635 1577 786 1601 conveniret
805 1576 828 1600 ei
848 1576 993 1600 secundum
1014 1583 1088 1601 suam
1109 1581 1190 1600 totam
1214 1575 1347 1602 virtutem.

274 1625 362 1668 (narn
391 1635 489 1656 omne
517 1624 607 1665 quod
638 1625 847 1665 participatur
880 1623 1112 1654 determinatur
1142 1623 1181 1654 ad
1209 1623 1346 1654 modum

271 1679 462 1720 participati,
488 1684 519 1708 et
547 1678 591 1707 sic
623 1677 797 1717 partialiter
821 1685 846 1704 et
865 1687 917 1704 non
936 1679 1118 1704 universaliter
1142 1676 1288 1711 habetur,
1318 1682 1348 1706 et

271 1741 338 1761 non
356 1730 535 1760 secundum
557 1738 690 1759 omnem
711 1727 920 1768 perfectionis
936 1727 1075 1757 modum
1091 1732 1136 1764 qui
1156 1731 1178 1756 ei
1199 1736 1348 1764 competere

273 1782 382 1823 potest.)
408 1782 546 1822 Oportet
563 1782 660 1821 igitur
676 1780 754 1810 nihil
774 1780 812 1810 de
838 1780 909 1810 Deo
935 1786 965 1810 et
994 1780 1090 1810 rebus
1115 1779 1184 1810 aliis
1208 1780 1349 1810 univoce

274 1834 459 1874 praedicari.
489 1833 650 1872 §Adhuc
677 1832 776 1869 Quod
809 1831 1012 1871 praedicatur
1043 1830 1083 1862 de
1115 1831 1277 1871 aliquibus
1301 1841 1349 1861 se-

272 1885 415 1915 cundum
443 1886 531 1924 prius
549 1891 579 1914 et
599 1884 769 1924 posterius,
788 1889 910 1913 certum
938 1889 983 1912 est
1001 1883 1141 1912 univoce
1166 1892 1232 1912 non
1259 1892 1349 1922 prae-

272 1936 380 1966 dicari.
407 1939 471 1963 Nam
494 1939 563 1970 prior
582 1937 740 1970 praedicatio
763 1937 789 1961 in
813 1937 912 1961 ratione
937 1936 1092 1969 posterioris
1115 1936 1264 1966 includitur,
1289 1944 1349 1961 cum

273 1999 325 2016 non
345 1991 507 2023 praedicetur
526 1990 558 2014 de
578 1989 715 2022 posteriori
737 1988 785 2013 nisi
806 1989 1007 2022 praesupposito
1030 1988 1116 2021 priori,
1137 1988 1213 2019 sicut,
1232 1995 1293 2012 cum
1312 1988 1348 2012 di-

271 2041 344 2072 citur,
363 2040 516 2066 substantia
535 2043 574 2065 est
593 2040 712 2064 accidens
737 2045 778 2064 est
799 2047 855 2070 ens,
875 2039 1014 2065 includitur
1034 2041 1059 2064 in
1086 2039 1134 2064 hac
1159 2039 1349 2072 praedicatione

271 2092 423 2123 substantia,
436 2099 496 2116 cum
511 2091 629 2116 accidens
643 2099 694 2115 non
711 2091 811 2116 dicatur
826 2099 873 2116 ens
894 2091 942 2115 nisi
963 2099 1011 2124 per
1025 2091 1075 2116 hoc
1095 2091 1166 2124 quod
1186 2090 1350 2116 substantiae

270 2147 351 2175 inest;
370 2145 395 2170 in
415 2145 513 2170 ratione
534 2152 595 2169 vero
614 2144 708 2176 prioris
722 2143 919 2176 praedicationis
930 2143 993 2169 nihil
1014 2143 1162 2169 includitur.
1183 2144 1258 2169 Unde
1277 2145 1349 2177 quod

272 2198 351 2230 (per)
372 2196 542 2229 (secundum)
562 2197 634 2228 prius
655 2201 680 2220 et
700 2196 830 2228 posterius
845 2196 1016 2229 praedicatur,
1030 2204 1082 2221 non
1096 2201 1181 2229 potest
1201 2197 1348 2221 secundum

270 2255 350 2273 unam
370 2248 497 2272 rationem
517 2247 667 2280 praedicari.
683 2251 707 2271 et
723 2246 756 2271 ita
779 2254 827 2271 nec
846 2246 957 2271 univoce
974 2243 1071 2284 (Nam
1090 2244 1178 2284 prius
1193 2268 1199 2275 .
1216 2267 1222 2274 .
1239 2269 1245 2275 .
1258 2243 1348 2283 quod

271 2303 358 2338 patet
382 2306 451 2327 esse
476 2294 702 2338 impossibile.)
719 2295 806 2326 Nihil
831 2302 940 2326 autem
958 2295 997 2326 de
1022 2295 1093 2326 Deo
1111 2302 1141 2325 et
1160 2296 1255 2326 rebus
1280 2295 1349 2326 aliis

271 2348 472 2389 praedicatur
490 2347 606 2378 eodem
623 2347 747 2386 ordine,
766 2347 821 2378 secl
838 2347 1017 2378 secundum
1037 2347 1124 2387 prius
1141 2353 1171 2377 et
1189 2347 1350 2387 posterius

271 2412 332 2430 cum
348 2410 400 2436 per
420 2403 613 2428 derivationem
639 2403 672 2427 ab
691 2410 721 2428 eo
746 2410 805 2427 cum
830 2410 918 2427 rerum
943 2403 1062 2427 omnium
1087 2403 1260 2435 perfectiones
1281 2410 1349 2435 quae

271 2463 320 2488 per
337 2454 444 2480 nomina
463 2453 595 2487 quaelibet
618 2453 806 2485 exprimuntur,
826 2453 858 2478 ab
883 2461 915 2478 eo
941 2453 1091 2478 deriventur
1109 2454 1134 2478 in
1154 2453 1234 2478 rebus
1258 2449 1348 2491 (cum

273 2503 312 2534 de
338 2503 408 2532 Deo
433 2502 542 2532 omnia
567 2500 792 2541 praedicentur
813 2501 1032 2538 essentialiter,
1050 2501 1166 2532 dicitur
1184 2501 1271 2531 enim
1293 2511 1349 2532 ens

273 2555 364 2595 quasi
388 2555 455 2594 ipsa
481 2553 627 2587 essentia,
653 2560 683 2583 et
711 2554 818 2583 bonus
843 2554 934 2593 quasi
959 2554 1027 2594 ipsa
1051 2554 1188 2589 bonitas,
1215 2553 1254 2583 de
1280 2553 1348 2583 aliis

273 2612 380 2637 autem
406 2605 662 2645 praedicationes
687 2603 769 2634 fiunt
797 2613 853 2644 per
884 2605 1166 2645 participationem
1195 2609 1348 2642 inquantum

272 2662 386 2694 aliquam
402 2661 514 2686 formam
530 2661 571 2685 vel
586 2665 703 2698 naturam
718 2660 877 2692 participant.
897 2657 980 2686 sicut
996 2662 1098 2686 sortes
1114 2655 1230 2686 dicitur
1246 2655 1348 2686 homo

273 2719 339 2739 non
366 2708 441 2748 quia
465 2708 504 2738 sit
531 2708 598 2747 ipsa
626 2707 820 2743 humanitas,
849 2706 903 2737 sed
936 2707 1170 2737 humanitatem
1201 2704 1348 2747 habens.)

274 2761 473 2802 Impossibile
498 2767 544 2790 est
572 2761 668 2799 igitur
696 2759 818 2800 aliquid
845 2759 884 2790 de
914 2759 984 2789 Deo
1009 2765 1039 2789 et
1064 2759 1159 2789 rebus
1184 2759 1252 2789 aliis
1278 2759 1349 2790 uni-

274 2823 354 2844 voce
379 2813 450 2843 dici.

446 2926 526 2964 Cap.
552 2923 694 2954 xxxtu.
720 2925 817 2960 Quot>
843 2932 904 2952 nox
931 2933 1028 2952 (mma
1056 2932 1175 2952 ΝοΜιΝΑ

363 2986 518 3006 ntenxrtin
543 2986 583 3005 niz
610 2975 680 3005 Duo
706 2985 742 3004 ar
769 2985 937 3004 CREATURIS
962 2985 1040 3004 puae
1065 2984 1256 3004 Anamvoen.

318 3071 355 3100 R.
381 3069 479 3108 Quod
505 3079 570 3099 non
596 3070 705 3099 omnia
730 3069 862 3098 uomina
881 3068 1031 3099 dicuntur
1049 3068 1087 3099 de
1113 3069 1184 3099 Deo
1209 3075 1240 3099 et
1264 3078 1351 3099 crea-

274 3123 351 3152 turis
386 3131 465 3161 pure
497 3121 686 3160 aequivoce.
712 3139 730 3142 -
757 3121 774 3158 §
794 3131 843 3149 con
874 3124 931 3148 Non
959 3129 1045 3148 tamen
1077 3120 1135 3160 (Ex
1168 3121 1350 3160 praemissis

275 3174 368 3203 etiam
395 3179 482 3213 patet
506 3172 594 3212 quod
620 3171 700 3212 non)
726 3171 883 3212 quicquid
915 3171 954 3202 de
987 3172 1058 3202 Deo
1092 3178 1122 3202 et
1154 3172 1250 3202 rebus
1281 3171 1350 3202 aliis

275 3224 476 3264 praedicatur
509 3222 689 3253 secundum
726 3232 839 3263 puram
876 3224 1182 3263 aequivocationem
1222 3222 1350 3261 dicitur,

275 3275 357 3305 sicut
373 3285 410 3305 ea
427 3284 510 3314 quae
527 3280 600 3304 sunt
618 3284 634 3303 a
658 3284 733 3304 casu
751 3275 941 3314 aequivoca.
958 3274 1042 3304 Nam
1060 3275 1091 3304 in
1109 3275 1158 3305 his
1175 3284 1258 3315 quae
1276 3281 1350 3305 sunt

275 3337 292 3356 a
305 3336 380 3357 casu
401 3326 578 3366 aequivoca
596 3326 704 3356 nullus
721 3326 803 3356 ordo
817 3332 871 3356 aut
884 3331 1049 3366 respectus
1066 3326 1241 3356 attenditur
1254 3327 1350 3357 unius

276 3378 313 3408 ad
327 3378 473 3415 alterum,
487 3376 541 3407 sed
555 3377 692 3407 omnino
707 3386 763 3417 per
776 3377 926 3407 accidens
943 3384 988 3408 est
1006 3377 1096 3418 quod
1110 3387 1213 3408 unum
1227 3388 1349 3410 nomen

276 3429 406 3459 diversis
430 3429 524 3459 rebus
547 3432 692 3456 attribuitur
716 3429 906 3460 attribuatur
929 3433 1030 3466 absque
1052 3433 1102 3458 hoc
1126 3434 1199 3466 quod
1218 3434 1244 3459 in
1267 3434 1350 3467 impo-

277 3484 368 3509 sitione
387 3484 464 3508 unius
484 3483 596 3508 nominis
616 3484 707 3516 aliqua
727 3484 758 3508 ad
779 3492 860 3509 unum
881 3484 966 3518 aliqua
985 3484 1112 3510 habeatur
1131 3486 1304 3511 consideratio
1320 3487 1351 3512 de

278 3535 359 3559 altero
372 3535 435 3565 (non
455 3535 524 3559 enim
543 3535 648 3567 quando
668 3542 764 3559 nornen
781 3535 823 3559 uni
839 3535 980 3569 imponitur
993 3535 1106 3561 habetur
1120 3537 1207 3570 aliqua
1222 3537 1254 3562 de
1269 3537 1352 3562 altero

278 3583 459 3610 consideratio)
474 3579 554 3620 (non
568 3581 654 3611 enim
668 3591 787 3612 nomen
802 3582 991 3623 impositum
1002 3583 1058 3613 uni
1072 3582 1230 3623 significat
1243 3584 1350 3624 ipsum

278 3629 394 3660 habere
419 3631 565 3662 ordinem
590 3632 629 3662 ad
654 3631 766 3674 aliud.)
793 3633 843 3664 Sic
874 3639 981 3664 autem
1012 3644 1078 3665 non
1104 3641 1151 3665 est
1179 3634 1218 3665 de
1244 3637 1350 3666 nomi-

279 3681 373 3710 nibus
400 3691 482 3722 quae
506 3683 545 3712 de
570 3683 641 3714 Deo
667 3684 817 3715 dicuntur
842 3691 871 3715 et
896 3686 1058 3722 creaturis,
1083 3697 1144 3715 nam
1170 3691 1351 3723 praedicantur

279 3736 423 3761 secundum
444 3738 561 3762 ordinem
581 3746 673 3763 causae
689 3744 714 3764 et
732 3740 828 3764 causati
843 3739 915 3774 (nam
929 3748 959 3765 ex
974 3740 1014 3765 his
1034 3749 1102 3774 quae
1115 3742 1190 3767 nobis
1211 3748 1272 3768 sunt
1291 3748 1351 3768 uota

279 3787 385 3812 nomina
404 3787 429 3812 in
449 3787 531 3812 Deum
551 3789 740 3822 transferimus)
763 3785 995 3827 (consideratur
1011 3790 1145 3820 enimin
1164 3790 1350 3821 huiusmodi

279 3834 451 3865 nominum
468 3836 702 3866 communitate
724 3838 805 3867 ordo
823 3848 936 3869 causae
955 3846 984 3870 et
1002 3841 1132 3877 causati,
1151 3847 1186 3871 ut
1203 3851 1240 3871 ex
1258 3841 1350 3872 dictis

279 3891 390 3925 patet.)
409 3885 483 3916 Non
506 3887 602 3926 igitur
626 3889 805 3918 secundum
831 3899 943 3928 puram
970 3892 1273 3931 aequivocationem
1294 3893 1349 3923 ali-

280 3937 357 3977 quid
383 3938 422 3967 de
447 3938 518 3968 l)eo
543 3944 574 3968 et
596 3947 671 3967 creat
697 3940 791 3969 rebus
816 3941 883 3970 aliis
911 3942 1122 3981 praedicatur.
1148 3945 1165 3982 ,ξ
1187 3945 1347 3985 Amplius.

280 3988 341 4019 Ubi
361 3995 407 4019 est
424 3999 503 4029 pura
519 3991 756 4030 aequivocatio,
774 3991 861 4021 nulla
878 3993 1054 4024 similitudo
1072 4005 1159 4023 rerum
1177 3994 1222 4036 (in
1240 3997 1348 4035 rebus)

280 4041 462 4074 attenditur,
495 4041 549 4071 sed
578 4042 683 4072 solum
717 4043 821 4072 unitas
852 4044 1001 4074 nominis.
1033 4045 1153 4076 Rerum
1234 4056 1348 4087 puram

1361 710 1386 724 10

1361 1224 1387 1239 20

1363 1484 1386 1505 25

1366 1744 1391 1764 30

1367 1998 1389 2019 35

1365 2257 1391 2276 ⁴⁰

1365 2513 1388 2534 ⁴5

1367 2772 1392 2794 50

1368 3032 1389 3052 55

322 169 342 190 a
778 147 783 159 ·
1234 154 1499 192 APPENDIX

1396 232 1714 272 aequivocationem.
1742 230 1869 269 §Item.
1893 228 2036 267 Quando
2060 239 2168 261 unum
2196 230 2236 261 de
2259 230 2407 272 pluribus
2430 240 2479 262 se·

1396 283 1543 314 cundum
1555 291 1670 323 puram
1683 281 1989 322 aequivocationem
2002 281 2215 321 praedicatur,
2230 291 2267 312 ex
2280 291 2349 313 uno
2362 291 2478 313 eorum

1395 344 1463 366 non
1493 343 1669 375 possumus
1701 332 1776 363 duci
1806 333 1839 362 in
1863 332 2088 372 cognitionem
2120 332 2250 363 alterius
2273 337 2364 371 aliquo
2388 338 2479 370 modo,

1396 395 1471 416 nam
1490 385 1634 425 cognitio
1651 393 1759 414 rerum
1775 393 1843 413 non
1869 382 2032 423 dependet
2055 392 2094 413 ex
2111 394 2178 412 voce
2199 385 2336 415 vocibus
2359 384 2416 416 sed
2439 395 2478 416 ex

1398 437 1571 467 nominum
1592 436 1727 465 ratione.
1754 434 1801 464 Ex
1818 435 1866 464 his
1884 439 1993 464 autem
2018 434 2035 450 θ
2051 443 2136 474 quae
2159 435 2192 465 in
2217 435 2314 466 rebus
2337 436 2406 467 aliis
2429 437 2478 467 in-

1397 489 1572 518 veniuntur
1594 487 1627 516 in
1653 486 1839 516 divinorum
1872 485 2096 525 cognitionem
2125 486 2335 525 pervenimus
2358 490 2426 527 sieut
2447 498 2479 516 ex

1399 543 1607 568 consideratione
1636 542 1784 566 intellectus
1812 541 1896 566 nostri
1925 541 2110 574 (pervenitur)
2132 539 2325 577 (pervenimus)
2347 542 2373 568 in
2391 543 2479 576 cogni-

1399 595 1496 619 tionem
1518 594 1666 618 intellectus
1686 582 1773 624 divini,
1794 598 1819 618 et
1843 593 1881 618 sic
1899 593 1932 618 de
1957 593 2012 618 aliis
2035 590 2084 633 (ut
2108 600 2147 621 ex
2171 589 2265 620 dictis
2289 588 2400 631 patet,)
2428 594 2480 620 1m-

1395 646 1525 679 possibile
1545 648 1586 671 est
1614 645 1700 678 igitur
1730 640 1805 671 Non
1840 641 1938 683 igitur
1971 642 2152 674 secundum
2185 651 2300 683 puram
2324 643 2481 682 aequivo-

1400 695 1564 725 cationem
1581 693 1733 724 dicuntur
1756 693 1946 724 huiusmodi
1963 694 2003 725 de
2025 695 2097 725 Deo
2114 700 2147 725 et
2161 698 2262 724 crearis
2281 693 2351 724 aliis
2374 695 2481 725 rebus.

1399 749 1529 784 §Adhuc
1550 748 1722 774 Probationes
1742 748 1776 774 de
1800 755 1830 774 re
1849 756 1930 782 super
1952 757 1980 775 re
2000 750 2088 784 aliqua
2112 751 2144 775 ad
2162 750 2214 776 hoc
2232 750 2392 776 inducuntur
2409 750 2483 783 quod

1401 801 1486 834 aliqua
1511 801 1625 834 cognitio
1650 801 1682 825 de
1711 808 1740 826 re
1769 801 1811 826 illa
1840 800 1973 826 habeatur.
2000 801 2171 827 Inveniuntur
2198 806 2286 827 autem
2314 800 2483 834 probationes

1399 854 1436 878 ad
1459 860 1490 878 os
1515 852 1735 886 philosophorum
1760 853 1963 886 praecipuorum
1982 853 2016 878 de
2035 853 2067 878 ad
2090 852 2284 878 ostendendum
2308 853 2394 878 Deum
2414 860 2483 884 esse,

1401 905 1486 930 Deum
1501 905 1598 935 vivere,
1619 910 1644 929 et
1663 904 1712 929 alia
1730 904 1894 933 huiusmodi.
1916 904 2026 930 Frustra
2045 905 2124 938 igitur
2142 905 2294 930 huiusmodi
2313 905 2482 939 probationes

1401 956 1492 982 fierent
1512 956 1560 981 nisi
1581 964 1612 980 ex
1631 955 1681 980 hoc
1700 956 1788 990 aliqua
1807 955 1920 989 cognitio
1939 956 2038 981 homini
2058 956 2247 989 acquireretur.
2265 955 2292 982 Si
2312 949 2400 981 autem
2418 955 2484 981 haec

1400 1010 1546 1036 secundum
1572 1017 1674 1042 puram
1699 1009 1829 1042 aequivoc
1856 1016 1923 1043 pure
1951 1009 2095 1042 aequivoce
2122 1009 2156 1034 de
2182 1009 2239 1034 Deo
2264 1014 2290 1034 et
2321 1008 2403 1034 rebus
2426 1008 2484 1034 aliis

1401 1062 1591 1096 praedicentur,
1613 1062 1686 1086 nulla
1713 1061 1818 1095 penitus
1841 1068 1888 1094 per
1912 1060 2065 1086 huiusmodi
2091 1061 2168 1086 nobis
2191 1061 2307 1095 cognitio
2333 1060 2486 1095 acquiritur,

1401 1121 1462 1138 nam
1481 1119 1573 1138 noster
1586 1113 1735 1138 intellectus
1754 1108 1906 1138 huiusmodi
1922 1121 1974 1138 non
1987 1113 2123 1146 cognoscit
2137 1113 2186 1138 nisi
2206 1113 2354 1139 secundum
2373 1113 2446 1146 quod
2458 1113 2485 1138 in

1401 1163 1480 1188 rebus
1500 1163 1526 1188 in
1547 1163 1604 1188 istis
1623 1162 1801 1192 inveniuntur.
1817 1170 1831 1187 a
1850 1163 1948 1197 quibus
1967 1164 2102 1188 scientiam
2122 1163 2223 1197 accipit.
2242 1163 2311 1189 Nihil
2330 1163 2407 1197 igitur
2421 1163 2484 1198 plus

1401 1216 1544 1248 acquiritur
1563 1215 1639 1240 nobis
1660 1216 1692 1240 de
1711 1215 1861 1248 cognitione
1879 1215 1927 1240 Dei
1946 1223 1994 1249 per
2006 1215 2056 1241 hoc
2069 1216 2141 1249 quod
2155 1215 2282 1249 probatur
2295 1216 2384 1254 ipsum
2397 1216 2487 1242 vivere

1401 1274 1482 1299 quam
1497 1266 1668 1300 cognoscenti
1689 1267 1784 1292 animal
1805 1266 1923 1292 latrabile
1942 1267 2123 1299 acquireretur
2135 1267 2168 1292 de
2182 1260 2331 1299 cognitione
2350 1267 2443 1293 stellae
2454 1275 2485 1293 ex

1402 1317 1452 1342 hoc
1467 1318 1527 1342 solo
1546 1317 1618 1350 quod
1638 1317 1716 1342 sciret
1730 1324 1788 1342 eam
1809 1325 1901 1342 canem
1921 1317 2061 1343 nominari.
2075 1317 2181 1342 Frustra
2193 1318 2271 1350 igitur
2282 1325 2378 1343 omnes
2389 1317 2486 1352 proba-

1397 1369 1487 1403 ,tiones
1507 1370 1539 1394 de
1558 1370 1638 1395 rebus
1662 1369 1755 1394 divinis
1778 1369 1952 1395 adducuntur.
1976 1369 2054 1399 Quod
2079 1370 2102 1395 si
2121 1377 2215 1395 verum
2234 1375 2283 1401 est,
2309 1377 2362 1403 qua
2385 1370 2487 1396 ratione

1402 1421 1497 1453 poterit
1520 1420 1663 1446 ostendere
1681 1421 1786 1446 ostendi
1806 1421 1875 1446 nihil
1893 1420 1926 1446 de
1950 1421 2007 1446 Deo
2032 1426 2058 1446 et
2076 1420 2166 1462 rebus.
2181 1421 2295 1447 univoce
2317 1420 2374 1446 aliis
2396 1422 2487 1447 omnia

1402 1475 1546 1507 aequivoce
1565 1473 1723 1507 praedicari?
1744 1474 1813 1500 Haec
1832 1473 1912 1507 igitur
1934 1474 1999 1500 ratio
2017 1474 2133 1507 seipsam
2157 1474 2207 1500 sibi
2226 1474 2276 1507 ipsi
2294 1473 2375 1500 fidem
2394 1474 2486 1501 aufert.

1403 1525 1419 1559 5
1438 1526 1511 1551 Dicet
1530 1531 1618 1551 autem
1645 1526 1712 1550 sorte
1731 1526 1826 1559 aliquis
1845 1533 1893 1559 per
1910 1525 1961 1551 hoc
1981 1527 2053 1559 quod
2076 1526 2162 1551 Deum
2180 1526 2312 1552 viventem
2331 1526 2487 1561 probamin,

1404 1576 1454 1601 hoc
1468 1576 1544 1601 nobis
1559 1576 1714 1609 cognitionis
1728 1584 1878 1602 accrescere
1891 1579 1963 1610 quod
1978 1576 2154 1610 intelligamus
2167 1577 2252 1603 Deum
2268 1585 2321 1603 non
2341 1585 2402 1604 esse
2419 1578 2490 1604 sicut

1403 1636 1448 1653 res
1468 1627 1632 1658 inanimatas,
1651 1633 1681 1653 ut
1699 1628 1813 1661 lapidem
1832 1628 1874 1653 vel
1894 1628 1992 1662 aliquid
2012 1628 2172 1654 huiusmodi.
2192 1629 2244 1655 Sed
2263 1637 2312 1655 nec
2330 1629 2381 1655 hoc
2398 1629 2488 1663 ipsum

1405 1681 1438 1705 de
1460 1680 1516 1705 Deo
1542 1687 1702 1713 cognoscere
1722 1687 1869 1712 possumus
1889 1679 1910 1704 si
1923 1678 1974 1704 hoc
1987 1687 2085 1705 nomen
2103 1681 2213 1706 omnino
2228 1681 2260 1706 de
2272 1681 2332 1714 ipso
2343 1681 2489 1715 aequivoce

1405 1731 1579 1764 praedicatur.
1591 1731 1658 1756 Nam
1672 1738 1725 1756 non
1738 1731 1850 1756 viventia
1866 1738 1880 1756 a
1892 1730 2042 1756 viventibus
2056 1731 2231 1757 excluduntur
2248 1733 2396 1758 secundum
2415 1733 2489 1767 quod

1405 1789 1495 1810 carent
1507 1784 1559 1808 vita
1576 1791 1656 1816 quam
1674 1782 1787 1808 viventia
1801 1782 1907 1808 habent.
1922 1783 1948 1808 Si
1962 1782 2039 1816 igitur
2052 1783 2150 1816 aliquid
2164 1783 2264 1810 dicatur
2275 1785 2368 1810 vivens
2380 1785 2490 1811 omnino

1406 1834 1557 1867 aequivoce.
1576 1833 1646 1859 sct're
1665 1832 1724 1858 sciri
1744 1840 1796 1857 non
1816 1832 1912 1864 poterit
1930 1840 1963 1858 an
1981 1833 2017 1858 sit
2037 1833 2105 1858 illud
2123 1833 2194 1859 sieut
2213 1833 2278 1859 illud
2298 1834 2332 1860 sit
2350 1834 2418 1860 sicut
2433 1842 2488 1861 mn

1406 1886 1520 1911 viventia
1538 1893 1591 1918 que
1610 1890 1672 1910 sunt
1691 1883 1760 1917 apud
1780 1891 1838 1914 nos,
1857 1891 1926 1916 quse
1945 1891 1976 1909 ex
1995 1883 2046 1909 hoc
2065 1884 2186 1910 dicuntur
2207 1893 2261 1910 non
2281 1885 2395 1911 viventia
2416 1886 2490 1920 qoed

1405 1938 1473 1963 hanc
1488 1937 1568 1961 vitam
1583 1943 1637 1960 non
1650 1934 1748 1960 habent
1761 1942 1829 1968 quae
1848 1935 1874 1959 in
1887 1934 2034 1960 viventibus
2050 1942 2118 1968 quae
2130 1937 2199 1969 apud
2214 1944 2264 1962 nos
2278 1933 2341 1962 sun't
2352 1936 2490 1964 inventur.

1406 1989 1448 2014 Sic
1467 1988 1544 2022 igitur
1563 1994 1611 2012 nec
1634 1987 1749 2020 aliquam
1770 1984 1971 2011 affirmationem
1992 1994 2040 2012 nec
2059 1987 2175 2021 aliquam
2195 1989 2362 2022 negationem
2381 1989 2416 2015 de
2432 1989 2491 2016 neo

1406 2040 1474 2065 scire
1493 2039 1650 2072 poterimus,
1669 2042 1695 2062 et
1717 2037 1816 2063 erimus
1833 2037 1860 2062 in
1882 2037 2036 2063 omnimoda
2059 2038 2204 2072 ignorantia
2229 2039 2322 2074 ipsius.
2345 2037 2363 2055 '
2375 2037 2408 2078 (fi
2423 2036 2491 2069 Ad-

1406 2089 1480 2119 huc.
1499 2087 1740 2127 Aequivocatio
1757 2086 1901 2117 nominis
1917 2096 2109 2128 processum
2123 2089 2415 2129 argumentationis
2429 2090 2491 2121 im-

1406 2140 1505 2181 pedit.
1524 2139 1556 2170 Si
1574 2140 1670 2179 igitur
1686 2138 1766 2168 nihil
1783 2137 1944 2169 diceretur
1960 2138 2000 2169 de
2017 2139 2089 2170 Deo
2107 2146 2139 2170 et
2155 2141 2309 2171 creaturis
2325 2141 2386 2172 nisi
2408 2150 2491 2183 pure

1406 2192 1596 2232 aequivoce,
1622 2189 1711 2221 nulla
1727 2191 1967 2230 argumentatio
1983 2195 2017 2220 de
2034 2198 2146 2221 creatur
2161 2191 2231 2223 fieri
2245 2199 2357 2234 posset
2376 2202 2492 2235 proce-

1406 2243 1516 2275 dendo
1533 2243 1573 2273 de
1597 2242 1751 2273 creaturis
1775 2241 1815 2272 ad
1838 2242 1958 2274 Deum.
1977 2242 2082 2274 Cuius
2099 2267 2107 2274 .
2122 2267 2130 2275 .
2145 2268 2153 2277 .
2167 2244 2207 2275 de
2226 2243 2353 2285 divinis.
2377 2246 2397 2286 5
2409 2244 2492 2287 ¹Am-

1406 2296 1502 2336 plius.
1528 2295 1659 2325 Frustra
1676 2318 1683 2325 .
1699 2318 1706 2327 .
1721 2317 1728 2324 .
1745 2294 1785 2325 de
1809 2295 1963 2326 creaturis
1981 2295 2143 2327 dicuntur.
2168 2295 2298 2328 Frustra
2321 2297 2419 2338 igitur
2442 2297 2491 2330 di-

1406 2354 1533 2379 ceretur
1556 2354 1612 2378 aut
1635 2347 1827 2388 probaretur
1851 2346 1890 2378 de
1914 2346 1987 2378 Deo
2012 2347 2104 2388 quod
2121 2347 2210 2380 Deus
2223 2354 2271 2380 est
2287 2358 2356 2386 ens,
2372 2349 2491 2390 bonus,

1406 2400 1455 2431 vel
1469 2399 1490 2438 †
1507 2400 1532 2430 si
1551 2398 1629 2440 quid
1642 2398 1664 2438 †
1680 2397 1767 2430 aliud
1792 2398 1982 2430 huiusmodi
2007 2405 2065 2432 est.
2090 2401 2108 2439 §
2125 2399 2158 2431 Si
2178 2406 2288 2432 autem
2302 2424 2309 2432 .
2325 2424 2332 2432 .
2348 2426 2355 2434 .
2373 2399 2415 2436 ad
2429 2402 2488 2435 mi-

1405 2460 1467 2481 nus
1484 2450 1649 2491 oportebit
1662 2449 1753 2491 quod
1771 2450 1880 2480 vivum
1899 2449 1938 2481 de
1957 2450 2028 2481 Deo
2046 2457 2077 2481 et
2097 2452 2250 2482 creaturis
2267 2450 2492 2485 dictumtnhoc

1406 2502 1579 2533 conveniat
1611 2502 1643 2532 in
1672 2501 1846 2542 negatione
1875 2501 2054 2532 inanimati.
2082 2501 2123 2533 Et
2151 2502 2196 2534 sic
2223 2512 2292 2534 non
2320 2503 2380 2534 erit
2409 2511 2492 2544 pure

1406 2552 1652 2595 aequivocum.)
1678 2557 1691 2573 ⁸
1708 2558 1736 2592 (5
1754 2558 1900 2587 Praeterea.
1925 2557 1956 2583 Sa·
1979 2557 2076 2584 Omnis
2101 2558 2206 2592 negatio
2233 2558 2258 2584 in
2283 2559 2399 2593 aliquam
2422 2556 2492 2586 affl·-

1406 2611 1548 2636 mationem
1562 2611 1695 2637 reducitur
1709 2612 1776 2638 sicut
1789 2612 1821 2637 ad
1835 2619 1900 2637 suae
1918 2612 2074 2644 cognitionis
2090 2612 2255 2647 principium,
2271 2613 2342 2639 unde
2354 2613 2492 2640 ωκεὶιιείο

1406 2669 1459 2696 neg
1477 2663 1596 2695 negativa
1615 2663 1685 2689 enim
1705 2663 1840 2689 conclusio
1856 2661 1911 2689 fieri
1934 2671 1985 2688 non
2005 2669 2093 2698 potest
2111 2665 2162 2690 nisi
2186 2665 2267 2691 altera
2285 2665 2491 2698 praemia-rum

1407 2712 1560 2739 affirmativa
1581 2714 1716 2740 existente.
1736 2715 1762 2740 Si
1783 2715 1860 2748 igitur
1884 2722 1980 2740 omnes
2004 2713 2190 2741 affirmationes
2210 2715 2237 2740 in
2255 2715 2312 2741 Deo
2332 2721 2395 2742 sunt
2413 2715 2491 2742 uobis
2510 2738 2514 2742 .

1407 2764 1519 2797 ignotae.
1538 2770 1643 2798 oportet
1668 2770 1694 2790 et
1713 2766 1866 2799 negationes
1885 2773 1945 2791 esse
1966 2766 2108 2799 (omnino)
2129 2766 2252 2801 ignotas.)

1498 2873 1579 2914 Cap.
1609 2874 1754 2905 XXXIV.
1783 2874 1881 2913 Quou
1906 2885 1945 2906 aa
1970 2886 2055 2906 auita
2078 2885 2237 2906 meniu-un
2261 2885 2302 2906 na
2327 2875 2400 2908 Dno

1626 2935 1663 2956 ar
1688 2936 1868 2963 eamr-urus,
1894 2937 2052 2958 nicus-run
2076 2937 2268 2958 axuoorcs.

1452 3022 1470 3059 ,ξ
1487 3020 1539 3051 Sic
1564 3021 1661 3060 igitur
1677 3044 1684 3052 .
1700 3046 1707 3053 .
1723 3045 1729 3051 .
1748 3028 1783 3052 ut
1807 3022 1948 3062 signum.
1973 3021 2049 3052 Alio
2074 3021 2176 3053 modo
2193 3021 2376 3053 secundum
2400 3021 2492 3063 quod

1402 3075 1523 3108 plurium
1550 3071 1691 3103 duorum
1715 3072 1891 3104 attenditur
1915 3072 1996 3104 ordo
2022 3073 2071 3104 vel
2096 3079 2262 3114 respectus
2278 3082 2346 3104 non
2371 3070 2413 3104 ad
2434 3073 2492 3107 ali-

1407 3122 1486 3163 quid
1511 3122 1658 3160 alterum,
1675 3122 1730 3154 sed
1756 3123 1796 3154 ad
1820 3133 1924 3155 unum
1949 3124 2107 3165 ipsorum,
2131 3125 2244 3156 ’sicut
2269 3134 2326 3156 ens
2350 3125 2391 3157 de
2414 3124 2492 3157 sub-

1407 3174 1520 3204 stantia
1547 3180 1578 3204 et
1601 3174 1769 3205 accidente
1793 3174 1910 3206 dicitur
1926 3179 1988 3212 quia
2009 3175 2203 3217 (secundum
2219 3176 2324 3216 quod)
2341 3173 2491 3208 accidens

1407 3224 1446 3256 ad
1471 3225 1681 3256 substantiam
1707 3231 1891 3266 respectum
1915 3226 2023 3263 habet,
2048 3236 2116 3258 non
2142 3226 2233 3268 quod
2257 3226 2434 3259 substantia
2458 3231 2490 3258 et

1365 3287 1392 3306 ⁶0
1407 3276 1556 3307 accidens
1570 3275 1609 3307 ad
1623 3276 1744 3317 aliquid
1758 3277 1888 3308 tertium
1903 3276 2091 3311 referantur.
2109 3277 2308 3310 Huiusmodi
2322 3300 2330 3308 .
2345 3302 2352 3310 .
2367 3301 2374 3308 .
2386 3276 2489 3310 modo

1407 3327 1564 3360 secundo.
1582 3331 1643 3357 Νοη
1661 3335 1752 3357 autem
1767 3331 1794 3357 in
1809 3331 1963 3358 huiusmodi
1981 3330 1999 3368 ,δ
2017 3329 2050 3360 In
2068 3327 2257 3361 huiusmodi
2280 3334 2389 3360 autem
2414 3339 2489 3364 ana-

1407 3379 1514 3420 logica
1537 3378 1778 3420 praedicatione
1807 3380 1888 3411 ordo
1913 3380 2089 3412 attenditur
2112 3379 2198 3412 idem
2222 3379 2404 3411 secundum
2429 3390 2489 3412 no—

1408 3439 1484 3460 rnen
1509 3437 1540 3461 et
1565 3430 1745 3461 secundum
1771 3441 1839 3462 rem
1865 3431 2076 3472 quandoque,
2093 3429 2294 3471 quandoque
2319 3441 2396 3462 vero
2420 3441 2488 3463 non

1408 3480 1505 3512 idem.
1535 3481 1618 3512 Nam
1652 3481 1800 3513 ordo
1818 3481 1999 3513 secundum
2029 3482 2075 3513 rei
2102 3488 2261 3512 naturam.
2292 3481 2383 3513 Sicut
2413 3483 2488 3514 sub-

1366 3544 1390 3567 ⁶⁵
1408 3533 1522 3564 stantia
1551 3539 1598 3563 est
1629 3534 1718 3574 prior
1749 3533 1917 3565 accidente
1941 3543 1971 3563 re
1997 3533 2054 3575 (et)
2084 3539 2197 3564 natura
2221 3541 2248 3563 et
2265 3538 2422 3573 cognitione
2439 3535 2489 3566 in-

1408 3590 1567 3625 quantum
1593 3585 1769 3615 substantia
1789 3590 1836 3616 est
1860 3593 1955 3615 causa
1973 3583 2158 3621 accidentis,
2176 3591 2207 3615 et
2232 3585 2420 3627 cognitione
2439 3586 2487 3617 in-

1408 3641 1568 3676 quantum
1593 3635 1769 3666 substantia
1797 3635 1829 3666 in
1858 3633 2049 3666 definitione
2080 3635 2255 3667 accidentis
2279 3637 2422 3677 ponitur.
2447 3635 2489 3667 Et

1407 3687 1482 3718 ideo
1507 3691 1653 3717 substantia
1672 3690 1802 3716 invenitur
1819 3689 1891 3723 prior
1910 3690 1953 3718 <in
1973 3690 2094 3723 entitate>
2116 3690 2260 3725 (accidente
2279 3692 2305 3718 in
2325 3691 2392 3717 entia
2414 3698 2487 3725 prae-

1408 3742 1547 3777 dicatione)
1567 3737 1638 3781 (ens
1653 3738 1771 3770 dicitur
1783 3738 1872 3780 prius
1885 3737 1924 3769 de
1940 3738 2116 3770 substantia
2133 3749 2232 3781 quam
2249 3739 2290 3772 de
2306 3738 2486 3780 accidente)

1367 3804 1392 3825 το
1407 3799 1438 3823 et
1463 3791 1644 3823 secundum
1668 3791 1713 3822 rei
1739 3796 1885 3821 naturam
1903 3797 1934 3821 et
1950 3791 2131 3822 secundum
2151 3793 2294 3823 nominis
2316 3792 2486 3824 rationem.

1407 3843 1550 3881 Quando
1575 3851 1652 3874 vero
1666 3865 1673 3873 .
1689 3865 1696 3872 .
1712 3865 1719 3872 .
1733 3841 1913 3872 secundum
1931 3843 2072 3873 nominis
2089 3834 2259 3874 rationem.
2277 3843 2367 3875 Sicut
2387 3843 2488 3875 virtus

1407 3894 1539 3925 sanandi
1552 3904 1605 3931 per
1613 3897 1702 3930 prius,
1711 3896 1792 3930 prior
1804 3900 1851 3926 est,
1866 3902 1949 3933 quae
1967 3901 2014 3924 est
2036 3895 2066 3925 in
2092 3895 2242 3925 sanativis
2261 3895 2350 3936 prior
2367 3900 2415 3926 est
2429 3904 2486 3925 na-

1406 3945 1550 3976 turaliter
1565 3945 1699 3975 sanitate
1712 3953 1796 3984 quae
1813 3950 1860 3974 est
1872 3944 1904 3974 in
1922 3945 2051 3975 animali
2070 3946 2153 3976 sicut
2169 3954 2264 3976 causa
2277 3944 2405 3976 effectu.
2422 3944 2486 3976 Sed

1407 3997 1483 4037 quia
1501 4020 1507 4027 .
1523 4021 1530 4029 .
1545 4020 1553 4029 .
1570 3995 1684 4026 ordine
1701 3996 1755 4026 rei.
1773 3995 1836 4026 Sed
1853 3996 1971 4026 animal
1990 3995 2106 4027 dicitur
2123 4005 2180 4037 per
2195 3996 2284 4037 prius
2300 4005 2415 4027 sanum
2436 4006 2485 4026 se-

1365 4061 1388 4081 75
1407 4046 1552 4078 cundum
1571 4051 1634 4076 ordi
1652 4047 1794 4077 nominis
1807 4047 1975 4079 rationem.
1990 4047 2041 4078 Sic
2058 4047 2154 4088 igitur
2168 4071 2174 4078 .
2186 4073 2193 4080 .
2204 4070 2212 4078 .
2226 4057 2243 4078 a
2259 4048 2325 4079 suis
2337 4048 2484 4078 causatis.

2509 447 2547 469 7v
2563 441 2577 461 b
2593 448 2612 463 ta

2518 2039 2586 2070 7vb
2602 2045 2650 2069 m..
2665 2039 2711 2062 int.

2519 2563 2546 2588 lb
2568 2564 2636 2596 ιη.

2518 3027 2716 3057 7vbs⁸-r··0.

2518 3131 2611 3155 Srat.
