2768 4134
791 272 979 309 SUMMA
1009 273 1230 310 CONTRA
1259 273 1534 320 GENTILES,
1563 275 1658 311 LIB.
1679 275 1720 320 Π,
1751 274 1862 312 CAP.
1884 275 2000 312 XXII.

353 361 383 382 2.
409 350 503 382 Circa
525 351 614 382 illam
637 351 908 391 propositionem,
933 351 972 381 In
991 352 1140 391 potentia
1163 353 1245 382 entis
1268 352 1370 382 creati

296 401 343 427 est
367 405 462 426 omne
488 395 576 436 quod
606 405 672 426 non
704 400 868 436 repugnat
897 396 963 425 enti
993 401 1114 432 creato,
1139 396 1370 427 advertendum

296 439 387 481 quod
410 440 557 480 potentia
580 440 662 470 entis
685 440 783 470 creati
806 449 874 470 non
899 446 946 470 est
960 440 1147 481 accipienda
1171 441 1211 471 ad
1234 441 1371 472 modum

295 485 460 525 potentiae
484 483 662 515 formarum
685 484 891 520 naturalium,
909 485 999 524 quasi
1015 486 1055 515 sit
1070 485 1179 525 aliqua
1202 486 1317 516 entitas
1337 485 1370 516 in

296 539 362 569 qua
384 528 603 569 potentialiter
626 529 666 559 sit
689 538 788 559 omne
812 538 869 559 ens
893 534 1046 566 creatum,
1063 535 1095 560 et
1110 529 1150 560 de
1167 539 1232 570 qua
1248 529 1371 560 dicatur

294 574 330 604 in
353 579 462 604 actum
486 572 598 604 educi:
624 578 752 603 constat
775 574 862 603 enim
886 574 977 613 quod
999 574 1227 605 intellectualia
1249 579 1280 604 et
1302 583 1371 604 ma-

296 619 375 649 teria
390 619 495 658 prima
509 627 578 648 non
594 617 778 648 educuntur
793 617 833 648 de
849 619 995 658 potentia
1016 619 1179 655 materiae,
1197 627 1274 649 cum
1295 628 1371 658 pro-

296 662 392 694 ducta
415 663 480 692 sint
493 671 542 692 -ex
564 661 677 692 nihilo.
702 661 766 693 Sed
789 663 935 702 potentia
958 663 1040 693 entis
1064 663 1161 694 creati
1177 662 1293 694 dicitur
1307 663 1371 693 hoc

294 706 372 737 loco
389 706 540 747 potentia
563 706 685 747 logica,
711 716 795 747 quae
818 706 895 738 dicit
923 707 1167 747 possibilitatem
1198 707 1373 747 praedicati

296 760 373 781 cum
396 751 556 781 subiecto.
586 750 639 781 Sic
670 752 758 782 enim
781 751 898 782 dicitur
923 753 1058 782 materia
1082 752 1118 782 in
1145 752 1292 792 potentia
1315 761 1372 782 ens

296 800 451 832 creatum,
475 796 552 835 quia
582 796 641 826 ista
671 797 854 836 propositio
885 802 933 827 est
963 796 1135 836 possibilis,
1159 796 1304 826 Materia
1327 800 1374 826 est

295 849 353 871 ens
376 845 540 870 creatum:
562 841 655 876 sicut,
680 850 757 871 cum
780 840 906 877 dicitur,
926 841 1039 871 Sortes
1056 846 1166 881 potest
1180 850 1249 871 esse
1263 840 1371 875 homo,

295 893 409 918 sensus
429 890 490 914 est:
515 885 577 915 Ista
600 886 782 925 propositio
807 891 854 915 est
877 886 1049 925 possibilis,
1073 885 1186 915 Sortes
1203 890 1251 915 est
1264 885 1371 915 homo.
1398 897 1400 904 ·

295 928 337 958 Et
360 929 581 959 universaliter
604 935 711 969 potest
734 939 802 960 esse
826 930 939 966 homo,
956 931 1022 960 sive
1039 935 1087 960 est
1101 930 1135 960 in
1150 929 1297 969 potentia
1313 929 1373 959 hu-
1398 927 1400 937 ’

295 982 410 1003 manae
434 979 576 1010 naturae,
601 983 700 1004 omne
731 974 771 1004 de
800 983 868 1014 quo
903 979 1011 1014 potest
1041 974 1173 1004 formari
1202 974 1372 1014 proposito
1399 975 1401 994 ἴ

295 1017 457 1057 possibilis
484 1017 634 1055 dicendo,
650 1018 728 1049 Hoc
750 1024 798 1050 est
820 1019 927 1048 homo.
953 1018 995 1049 Et
1016 1018 1162 1049 similiter
1181 1023 1290 1058 potest
1305 1027 1373 1048 esse
1399 1027 1401 1032 ’

296 1071 354 1092 ens
377 1068 532 1098 creatum,
556 1063 623 1093 sive
652 1068 700 1093 est
726 1064 761 1094 in
790 1063 938 1103 potentia
968 1063 1050 1093 entis
1078 1063 1185 1098 creati,
1210 1072 1309 1092 omne
1333 1062 1373 1092 de
1399 1083 1401 1087 -

295 1115 364 1146 quo
387 1112 496 1146 potest
518 1106 651 1138 formari
674 1108 857 1148 propositio
883 1107 1046 1147 possibilis
1069 1106 1219 1143 dicendo,
1235 1107 1313 1138 Hoc
1327 1112 1375 1137 est

295 1160 353 1181 ens
375 1157 533 1182 creatum.
557 1152 632 1182 Hoc
657 1158 767 1183 autem
790 1157 838 1182 est
861 1161 960 1182 omne
984 1152 1075 1192 quod
1098 1153 1165 1182 enti
1181 1158 1288 1182 creato
1305 1161 1373 1182 non
1399 1181 1401 1184 .

295 1202 468 1236 repugnat:
493 1196 616 1226 scilicet
632 1196 723 1236 quod
741 1197 776 1227 in
792 1206 851 1227 sua
869 1196 993 1226 ratione
1008 1196 1089 1227 nihil
1105 1196 1241 1227 includit
1257 1197 1373 1227 rationi

296 1240 378 1270 entis
402 1241 500 1271 creati
522 1250 717 1281 repugnans.
743 1241 819 1271 Duo
839 1246 949 1271 autem
965 1246 1041 1271 sunt
1057 1250 1141 1281 quae
1159 1241 1276 1271 rationi
1293 1241 1374 1271 entis

296 1285 395 1315 creati
417 1290 613 1325 repugnant:
638 1285 770 1322 scilicet,
788 1285 879 1325 quod
896 1286 1033 1315 omnino
1050 1291 1097 1315 est
1113 1291 1199 1315 extra
1215 1286 1373 1316 rationem
1400 1315 1401 1321 ,

296 1329 507 1369 ςῃίξιεμςὶωθ
520 1329 611 1369 quod
634 1335 681 1360 est
704 1329 883 1360 formaliter
896 1339 965 1360 non
982 1339 1049 1366 ens,
1073 1334 1110 1360 ut
1133 1329 1223 1370 quod
1247 1335 1373 1360 contra—
1399 1324 1401 1355 s

296 1372 475 1404 dictionem
491 1374 652 1414 implicat;
678 1379 709 1404 et
725 1374 816 1414 quod
832 1379 880 1404 est
896 1379 984 1404 extra
998 1375 1159 1404 rationem
1175 1375 1282 1410 creati,
1298 1374 1374 1404 licet

286 1426 365 1449 non
389 1418 429 1457 sit
452 1424 539 1448 extra
561 1419 722 1449 rationem
745 1420 837 1455 entis,
861 1420 945 1449 sicut
968 1419 1067 1449 Deus.
1092 1418 1169 1449 Ideo
1191 1419 1299 1449 solum
1315 1419 1374 1449 ista

296 1462 356 1492 sub
381 1461 489 1492 divina
512 1463 659 1502 potentia
681 1472 750 1493 non
774 1463 904 1493 cadunt.

351 1505 400 1535 Ex
424 1507 542 1546 quibus
566 1512 654 1546 patet
678 1506 778 1547 quod,
803 1517 879 1538 curn
903 1507 1051 1547 superius
1067 1507 1084 1523 ⁴*
1108 1506 1231 1537 dictum
1249 1513 1295 1537 est
1311 1508 1372 1537 vir-

295 1553 400 1580 tutem
424 1550 566 1581 divinam
590 1560 624 1581 se
655 1550 826 1581 extendere
857 1551 897 1582 ad
928 1551 1038 1581 omnia
1069 1550 1123 1581 illa
1146 1560 1230 1590 quae
1256 1552 1374 1582 rationi

296 1593 378 1624 entis
401 1603 470 1624 non
494 1600 685 1635 repugnant,
702 1595 783 1625 illud
802 1595 1050 1635 intelligendum
1075 1600 1122 1625 est
1146 1594 1185 1625 de
1209 1595 1270 1625 illis
1289 1605 1372 1635 quae

294 1646 365 1668 non
379 1645 563 1679 repugnant
578 1640 695 1670 rationi
715 1640 798 1670 entis
814 1640 926 1670 creati.
951 1640 1001 1670 De
1019 1639 1084 1669 hoc
1101 1639 1187 1669 enim
1204 1645 1251 1669 est
1267 1649 1372 1670 sermo
1399 1633 1400 1640 ¹

1399 1686 1401 1700 ³
1426 1691 1484 1722 per
1507 1683 1611 1722 ipsam
1634 1682 1757 1723 aliquid
1781 1681 1963 1712 destruitur.
1988 1683 2051 1713 Sed
2074 1693 2187 1714 verum
2209 1690 2255 1715 est
2271 1686 2361 1725 quod
2376 1686 2416 1716 ad
2432 1696 2499 1716 esse

295 1691 372 1713 cum
395 1684 561 1724 quaeritur
584 1683 624 1714 ad
648 1684 739 1724 quod
763 1694 820 1714 ens
843 1694 877 1714 se
905 1683 1055 1715 extendat
1081 1683 1190 1714 divina
1215 1685 1372 1724 potentia.

353 1726 383 1758 3.
408 1727 472 1758 Sed
502 1733 581 1759 tunc
612 1728 753 1759 occurrit
777 1727 924 1760 dubium.
949 1727 1037 1767 Quia
1067 1736 1238 1768 processus
1265 1727 1373 1759 Sancti

295 1771 444 1802 Thomae
468 1772 509 1803 de
532 1773 679 1813 potentia
702 1773 828 1813 passiva
851 1783 919 1804 non
948 1773 1007 1803 erit
1035 1772 1076 1803 ad
1105 1772 1322 1812 propositum,
1347 1774 1373 1804 si

293 1817 442 1857 potentia
458 1817 540 1848 entis
557 1818 654 1848 creati
670 1827 738 1848 non
755 1817 833 1848 dicit
848 1817 1030 1858 potentiam
1054 1817 1224 1857 passivam,
1241 1816 1298 1847 sed
1312 1827 1374 1858 po-

294 1861 430 1891 tentiam
453 1861 604 1902 logicam.

350 1905 477 1936 Dicitur
493 1906 594 1946 quod,
611 1906 686 1936 licet
708 1907 855 1946 potentia
870 1907 952 1937 entis
969 1906 1066 1937 creati
1080 1915 1149 1936 non
1165 1906 1205 1936 sit
1227 1906 1373 1946 potentia

293 1951 420 1991 passiva
443 1951 581 1981 existens
605 1951 638 1981 in
662 1956 785 1987 natura,
809 1951 907 1982 habet
929 1956 1038 1981 tamen
1067 1949 1231 1990 quandam
1261 1950 1372 1980 simili-

294 1993 442 2025 tudinem
466 2005 541 2026 cum
565 1995 711 2036 potentia
734 1996 874 2035 passiva:
899 1996 1104 2036 inquantum,
1129 1995 1211 2024 sicut
1235 1995 1372 2025 existens

294 2039 329 2070 in
350 2040 498 2080 potentia
526 2041 652 2081 passiva
678 2045 787 2080 potest
817 2040 856 2070 ab
888 2040 999 2080 aliquo
1031 2039 1065 2070 in
1091 2044 1200 2069 actum
1223 2038 1371 2079 produci,

295 2088 328 2114 et
350 2084 396 2115 sic
416 2093 485 2115 esse
509 2085 542 2115 in
565 2085 620 2116 tali
640 2085 788 2126 potentia
803 2090 851 2115 est
865 2094 962 2125 posse
986 2083 1026 2115 de
1050 2083 1105 2114 tali
1128 2084 1273 2124 potentia
1296 2093 1371 2124 pro-

295 2127 385 2166 duci;
410 2129 454 2160 ita
477 2129 568 2170 quod
593 2134 640 2160 est
663 2130 697 2160 in
725 2130 870 2170 potentia
894 2129 976 2160 entis
1000 2129 1106 2165 creati,
1130 2134 1238 2168 potest
1262 2129 1371 2159 creari.

295 2172 373 2204 ldeo
397 2173 466 2204 vult
489 2174 626 2205 Sanctus
642 2173 788 2204 Thomas
811 2173 1098 2215 proportionaliter
1121 2182 1253 2213 arguere
1270 2172 1371 2213 quod,

295 2218 379 2249 sicut
393 2219 486 2249 omni
501 2218 667 2259 potentiae
683 2219 828 2259 passivae
843 2220 877 2249 in
898 2224 1012 2250 natura
1027 2223 1158 2258 oportet
1181 2226 1372 2258 correspon-

295 2261 371 2293 dere
394 2264 575 2304 potentiam
595 2264 743 2300 activam,
761 2269 792 2294 et
809 2264 951 2304 primum
967 2272 1065 2304 agens
1081 2262 1250 2303 corporale
1265 2267 1373 2302 potest

295 2307 435 2339 educere
457 2309 491 2339 in
515 2313 623 2339 actum
654 2308 813 2348 quicquid
843 2314 891 2339 est
917 2309 951 2339 in
975 2308 1030 2339 tali
1059 2307 1205 2347 potentia
1228 2307 1371 2346 passiva;

294 2351 339 2383 ita
361 2353 454 2383 omni
477 2354 643 2393 potentiae
665 2353 791 2394 logicae
815 2353 855 2383 ad
883 2363 952 2384 esse
981 2358 1124 2383 creatum
1147 2357 1278 2392 oportet
1302 2361 1372 2381 cor-
1399 2350 1400 2379 i

294 2396 493 2438 respondere
523 2397 658 2438 aliquod
685 2398 882 2438 principium
913 2397 1098 2428 creativum.
1130 2395 1164 2427 Si
1193 2396 1280 2426 enim
1308 2395 1372 2426 hoc

294 2447 404 2482 potest
426 2442 544 2472 habere
569 2451 638 2473 esse
662 2448 816 2478 creatum,
833 2451 965 2473 necesse
982 2447 1030 2472 est
1052 2447 1088 2472 ut
1112 2441 1151 2471 sit
1174 2439 1297 2480 aliquid
1312 2449 1373 2480 po·
1399 2441 1401 2460 ἕ

294 2491 367 2517 tens
382 2487 492 2526 ipsum
508 2495 632 2517 creare:
657 2487 822 2526 potentiae
838 2487 925 2518 enim
942 2486 982 2517 ad
999 2495 1067 2517 esse
1088 2485 1285 2526 productum
1303 2494 1373 2515 cor-

296 2530 472 2571 respondet
495 2532 641 2571 potentia
664 2531 866 2572 productiva,
883 2532 966 2562 sicut
990 2536 1023 2561 et
1044 2531 1209 2571 potentiae
1229 2529 1373 2569 passivae

295 2576 443 2616 potentia
458 2576 561 2607 activa
574 2575 819 2616 correspondet.
836 2576 878 2606 Et
894 2577 940 2607 sic
955 2585 1087 2606 necesse
1103 2580 1151 2605 est
1166 2579 1203 2605 ut
1217 2575 1250 2604 in
1266 2575 1372 2614 primo

297 2620 515 2660 etuniversali
532 2625 646 2661 agente
662 2621 703 2651 sit
717 2621 818 2651 virtus
833 2620 1023 2661 productiva
1041 2620 1148 2650 omnis
1165 2619 1246 2649 entis
1266 2619 1372 2654 creati,

297 2664 364 2695 sive
387 2665 495 2695 omnis
519 2665 600 2695 entis
624 2664 852 2706 producibilis:
878 2666 962 2696 sicut
984 2665 1016 2695 in
1040 2664 1147 2704 primo
1171 2668 1286 2703 agente
1302 2671 1373 2692 cor-

296 2717 400 2750 poreo
417 2714 465 2740 est
479 2709 626 2749 potentia
641 2710 748 2740 omnis
765 2709 894 2739 alterius
910 2710 956 2740 rei
972 2717 1148 2748 corporeae
1172 2706 1372 2747 productiva.

352 2754 392 2783 V.
412 2753 546 2790 Quinto.
570 2753 688 2784 Nullus
711 2753 844 2784 effectus
866 2758 974 2793 potest
997 2753 1140 2783 subtrahi
1163 2751 1289 2782 divinae
1311 2751 1374 2781 vir-

296 2799 358 2829 tuti
380 2803 515 2838 propter
538 2797 833 2828 dissimilitudinem
856 2797 990 2828 effectus
1013 2806 1090 2827 cum
1117 2797 1189 2835 ipso
1218 2795 1307 2825 Deo:
1332 2804 1372 2825 eo

297 2842 390 2885 quod
412 2842 686 2882 unumquodque,
710 2843 906 2881 inquantum
929 2841 1026 2871 habet
1047 2850 1126 2876 esse,
1142 2840 1183 2870 sit
1206 2840 1236 2870 ei
1259 2839 1372 2870 simile.

296 2887 366 2918 Nec
390 2892 524 2928 propter
553 2886 778 2917 excellentiam
806 2885 955 2916 effectus:
981 2895 1058 2916 cum
1087 2885 1128 2915 sit
1157 2884 1247 2914 Deus
1277 2893 1374 2924 supra

297 2932 409 2962 omnia
431 2932 465 2962 in
489 2931 633 2962 bonitate
658 2936 690 2961 et
712 2929 923 2970 perfectione.
948 2930 1017 2960 Nec
1046 2934 1180 2969 propter
1209 2927 1374 2958 defectum

297 2974 460 3013 materiae,
485 2976 561 3016 quia
588 2975 711 3005 scilicet
743 2974 876 3005 effectus
900 2974 1091 3004 determinet
1119 2973 1179 3003 sibi
1207 2973 1373 3003 materiam

296 3022 331 3052 in
355 3030 454 3061 quam
477 3021 567 3051 Deus
590 3029 683 3060 agere
706 3028 774 3049 non
797 3019 915 3059 possit:
941 3027 1016 3048 curn
1039 3018 1108 3058 ipse
1132 3017 1172 3047 sit
1195 3026 1291 3047 causa
1305 3026 1373 3047 ma-

297 3067 412 3102 teriae;
429 3075 467 3096 ac
483 3066 581 3096 etiam
596 3074 665 3095 non
680 3064 821 3103 requirat
836 3063 1004 3093 materiam
1019 3067 1175 3102 tanquam
1191 3061 1373 3092 subiectum

298 3121 337 3145 ex
353 3120 421 3151 quo
437 3119 506 3141 rem
530 3108 699 3149 producat,
716 3117 793 3139 cum
815 3108 907 3138 nullo
931 3107 1181 3147 praesupposito
1205 3115 1274 3136 rem
1298 3115 1373 3146 pro-

298 3155 395 3192 ducat
417 3156 452 3186 in
476 3164 555 3186 esse.
580 3154 667 3194 Ergo
691 3153 800 3183 nullus
824 3152 957 3183 effectus
980 3151 1107 3182 divinae
1126 3151 1235 3181 virtuti
1250 3150 1374 3181 subtra-

297 3200 393 3237 hitur,
418 3199 475 3230 sed
503 3199 692 3239 simpliciter
722 3198 833 3228 omnia
862 3201 979 3237 potest.
1004 3195 1106 3234 Quod
1134 3200 1181 3226 est
1204 3204 1280 3226 eum
1305 3204 1373 3225 esse

299 3246 559 3285 omnipotentem.
573 3262 593 3265 —
606 3243 763 3273 Probatur
779 3241 1022 3281 consequentia.
1035 3240 1121 3278 Quia
1134 3239 1224 3280 quod
1241 3238 1373 3270 effectus

298 3290 414 3330 aliquis
437 3299 505 3319 non
529 3288 630 3319 subsit
653 3288 817 3327 potentiae
841 3286 976 3316 alicuius
999 3285 1132 3325 agentiS,
1149 3290 1196 3315 est
1211 3293 1250 3314 ex
1267 3283 1374 3323 aliqua

299 3335 457 3365 dictarum
481 3342 660 3364 causarum.

355 3378 588 3410 Commwn
611 3376 780 3408 conclusio
806 3375 885 3406 Gen.
910 3384 983 3410 xvir,
1006 3374 1082 3415 Ego
1106 3373 1197 3403 Deus
1226 3372 1372 3412 omnipo-

299 3429 368 3454 tens
385 3429 463 3460 etc.;
489 3423 637 3461 Iob,x1.11‚
653 3421 728 3452 Scio
745 3421 822 3462 quia
839 3420 949 3450 omnia
959 3423 1054 3459 potes
1071 3423 1147 3454 etc.;
1172 3422 1204 3447 et
1226 3418 1336 3447 Lucae
1350 3427 1372 3453 1,

298 3468 375 3499 Non
400 3468 463 3498 erit
486 3467 682 3508 impossibile
705 3471 766 3496 etc.

347 3511 538 3543 Excluditur
550 3520 685 3552 quoque
698 3519 786 3540 error
797 3508 1068 3549 philosophorum
1079 3506 1256 3537 dicentium
1268 3515 1372 3536 unum

298 3562 424 3587 tantum
444 3555 596 3587 effectum
620 3566 638 3586 a
661 3555 733 3585 Deo
757 3553 943 3584 immediate
966 3551 1113 3592 produci.
1138 3550 1179 3580 Et
1195 3549 1372 3580 dicentium

301 3611 376 3632 eum
398 3611 468 3632 non
491 3610 588 3641 posse
618 3599 740 3639 aliquid
761 3596 876 3628 ‘facere
898 3598 960 3627 nisi
983 3602 1019 3627 ut
1041 3604 1148 3626 rerum
1178 3594 1372 3624 naturalium

301 3655 413 3676 cursus
437 3655 470 3675 se
494 3646 601 3675 habet.
625 3644 674 3674 De
699 3643 816 3683 quibus
841 3642 899 3672 Iob
915 3651 988 3677 xxn,
1009 3640 1111 3677 Quasi
1136 3639 1217 3669 nihil
1240 3644 1299 3669 etc.

2418 276 2491 312 323

1480 353 1533 383 VI.
1558 353 1653 383 Circa
1680 353 1842 394 praedicta
1871 353 2049 384 dubitatur:
2082 355 2158 395 quia
2187 355 2324 386 Sanctus
2350 351 2495 387 Thomas

1425 396 1437 426 1
1453 396 1552 433 Sem„
1569 396 1599 427 d.
1616 407 1689 434 xm,
1707 407 1738 437 q.
1756 408 1788 434 11,
1805 408 1833 428 a.
1852 407 1881 434 2,
1898 398 2024 429 videtur
2038 399 2120 429 velle
2138 399 2228 440 quod
2244 401 2341 431 etiam
2355 400 2389 431 id
2405 401 2495 441 quod

1423 441 1459 471 in
1474 451 1508 471 se
1523 447 1682 481 repugnat
1705 442 1821 472 rationi
1843 451 1912 472 non
1936 443 2027 479 entis,
2052 443 2140 474 Deus
2163 453 2232 474 non
2254 443 2494 485 possit'facere.

1425 484 1471 515 lbi
1487 486 1575 516 enim
1590 490 1679 521 tenet
1694 485 1785 525 quod
1808 486 1960 526 quicquid
1982 487 2015 517 in
2039 497 2073 517 se
2098 497 2162 518 non
2187 494 2351 530 repugnat
2372 491 2496 521 rationi

1425 530 1507 559 entis
1530 530 1581 560 vel
1604 530 1727 559 rationi
1751 539 1815 559 non
1841 531 1931 566 entis,
1955 531 2046 561 Deus
2063 532 2183 572 facere
2205 538 2323 573 potest.
2351 534 2385 565 Si
2409 536 2495 565 enim

1424 579 1533 614 potest
1555 573 1660 604 facere
1683 574 1840 614 quicquid
1863 575 1978 605 rationi
2002 577 2083 605 entis
2106 582 2162 606 aut
2183 578 2300 608 rationi
2322 588 2390 609 non
2414 580 2496 609 entis

1423 627 1494 649 non
1516 622 1685 657 repugnat,
1709 618 1902 658 relinquitur
1923 625 1960 648 ut
1982 620 2072 659 quod
2095 622 2211 651 rationi
2235 623 2315 652 entis
2338 629 2496 664 repugnat

1424 662 1530 693 facere
1553 671 1623 692 non
1646 662 1758 702 possit,
1783 668 1815 692 et
1838 663 1982 693 similiter
2005 663 2096 703 quod
2118 671 2275 705 repugnat
2296 667 2412 698 rationi
2427 677 2495 698 non

1426 706 1518 737 entis.
1542 706 1629 746 Ergo
1652 716 1721 737 non
1744 706 1852 737 solum
1876 707 1966 747 quod
1989 715 2147 748 repugnat
2169 710 2285 740 rationi
2308 712 2390 741 entis
2412 713 2446 742 in
2461 722 2495 742 se

1425 750 1612 787 formaliter,
1629 751 1825 782 subtrahitur
1840 761 1858 781 a
1874 751 1981 781 divina
2001 754 2156 791 potentia.
2181 753 2284 784 Cuius
2308 757 2496 795 oppositum

1426 795 1551 826 dictum
1575 800 1623 825 est
1645 796 1803 835 superius.

1482 839 1572 875 Item,
1596 839 1722 870 videtur
1745 840 1805 870 alia
1829 840 2052 870 contradictio.
2077 840 2172 878 Quia,
2196 843 2252 872 ubi
2275 852 2379 882 supra,
2404 851 2435 874 et
2457 845 2497 875 de

1426 885 1586 919 Potentia,
1603 894 1634 924 q.
1652 894 1672 920 1,
1689 894 1717 914 a.
1736 884 1765 920 3,
1783 884 1899 915 dicitur
1914 884 2005 924 quod
2024 885 2194 925 implicans
2210 887 2497 919 contradictionem

1427 938 1529 969 neque
1552 929 1711 959 rationem
1735 929 1818 959 entis
1837 929 1932 959 habet
1950 939 2052 969 neque
2068 930 2227 961 rationem
2245 940 2311 961 non
2327 933 2418 962 entis.
2434 933 2497 962 Hic

1427 979 1536 1003 autem
1560 972 1676 1003 dicitur
1698 973 1789 1013 quod
1819 974 1990 1014 implicans
2021 973 2310 1005 contradictionem
2339 977 2497 1007 rationem

1429 1028 1493 1048 non
1518 1017 1600 1048 entis
1624 1017 1770 1047 includit.

1483 1062 1551 1092 VII.
1565 1062 1617 1092 Ad
1633 1062 1729 1092 huius
1745 1061 1950 1099 evidentiam,
1963 1062 2030 1093 duo
2047 1068 2122 1093 sunt
2138 1063 2342 1095 advertenda.
2354 1065 2499 1096 Primum

1428 1112 1476 1136 est
1499 1106 1590 1147 quod
1613 1106 1783 1146 implicans
1807 1106 2108 1144 contradictionem,
2132 1108 2208 1138 licet
2229 1108 2374 1139 includat
2403 1110 2500 1140 simul

1428 1160 1496 1181 esse
1521 1156 1553 1181 et
1574 1160 1644 1181 non
1667 1160 1746 1187 esse,
1764 1161 1840 1181 cum
1863 1151 2007 1191 implicet
2030 1151 2277 1183 affirmationem
2301 1158 2332 1184 et
2354 1155 2498 1194 negatio—

1426 1205 1514 1232 nem,
1537 1201 1647 1225 tamen
1674 1204 1783 1235 neque
1811 1201 1858 1226 est
1887 1196 2075 1236 simpliciter
2103 1206 2170 1233 ens,
2195 1198 2271 1237 quia
2293 1207 2361 1228 non
2385 1207 2441 1228 ens
2464 1199 2498 1228 in

1426 1240 1499 1279 ipso
1523 1240 1683 1270 inclusum
1707 1240 1792 1270 tollit
1814 1249 1887 1276 ens;
1910 1250 2017 1280 neque
2041 1241 2227 1281 simpliciter
2249 1251 2317 1272 non
2339 1251 2405 1278 ens,
2423 1243 2499 1282 quia

1428 1293 1485 1314 ens
1501 1284 1533 1314 in
1550 1284 1622 1324 ipso
1638 1284 1800 1314 inclusum
1816 1284 1900 1314 tollit
1915 1295 1983 1315 non
1999 1294 2066 1315 ens.
2091 1285 2185 1316 Unde
2209 1295 2277 1316 non
2300 1292 2407 1326 potest
2422 1287 2498 1317 sim-

1427 1329 1553 1368 pliciter
1580 1334 1611 1358 et
1638 1329 1785 1358 absolute
1809 1328 1883 1364 dici,
1906 1329 2082 1359 Hominem
2109 1339 2177 1360 esse
2203 1331 2331 1361 asinum
2358 1336 2405 1361 est
2430 1341 2496 1367 ens,

1427 1382 1503 1403 cum
1532 1373 1700 1403 hominem
1724 1382 1793 1403 esse
1824 1374 1951 1403 asinum
1980 1373 2124 1404 includat
2146 1375 2315 1406 hominem
2338 1385 2406 1406 non
2429 1385 2497 1406 esse

1426 1417 1628 1453 rationalem,
1649 1417 1739 1457 quod
1760 1417 1836 1447 dicit
1859 1427 1926 1448 non
1951 1427 2023 1448 ens:
2048 1427 2156 1458 neque
2180 1419 2366 1460 simpliciter
2389 1425 2420 1450 et
2443 1420 2498 1450 ab-

1399 1465 1401 1474 '
1427 1461 1534 1492 solute
1548 1467 1656 1501 potest
1672 1461 1744 1498 dici,
1762 1461 1938 1492 Hominem
1959 1472 2026 1492 esse
2046 1463 2174 1493 asinum
2191 1469 2238 1494 est
2254 1473 2319 1494 non
2336 1474 2400 1500 ens,
2422 1474 2497 1495 cum

1427 1505 1571 1536 includat
1594 1506 1761 1536 hominem
1787 1515 1854 1536 esse
1879 1507 2007 1542 animal,
2033 1507 2123 1547 quod
2147 1513 2193 1538 est
2217 1518 2283 1538 ens.

1483 1549 1672 1581 Secundum
1693 1555 1749 1586 est,
1767 1559 1805 1580 ex
1822 1549 1967 1580 doctrina
1983 1550 2092 1581 Sancti
2108 1552 2267 1589 Thomae,
2284 1552 2341 1582 ubi
2357 1563 2452 1594 supra
2464 1555 2497 1584 *z

1428 1594 1518 1633 quod
1542 1595 1649 1624 omnis
1673 1595 1758 1624 actio
1783 1603 1898 1624 causae
1921 1595 2042 1625 activae
2067 1604 2131 1635 qua
2154 1596 2275 1636 aliquid
2298 1598 2498 1636 producitur,

1427 1639 1616 1668 terminatur
1639 1638 1679 1669 ad
1702 1648 1786 1673 esse3
1812 1638 1851 1668 ad
1875 1648 1943 1668 non
1973 1648 2041 1669 esse
2073 1645 2181 1670 autem
2208 1642 2397 1672 terminatur
2423 1652 2499 1672 cum

1426 1727 1616 1758 terminatur
1639 1727 1756 1767 primo,
1774 1725 1815 1756 ad
1829 1735 1897 1756 non
1915 1736 1983 1757 esse
2000 1734 2108 1758 autem
2124 1729 2328 1760 secundario:
2354 1739 2393 1760 eo
2410 1730 2500 1770 quod

1428 1770 1467 1801 ad
1490 1781 1559 1801 non
1583 1780 1652 1801 esse
1675 1780 1743 1801 non
1767 1771 1956 1803 terminatur
1978 1772 2040 1802 nisi
2062 1772 2256 1812 inquantum
2288 1783 2356 1804 esse
2379 1774 2500 1814 produ-

1428 1821 1517 1846 ctum
1541 1816 1638 1846 unius
1661 1825 1729 1845 non
1754 1816 1949 1855 compatitur
1973 1825 2041 1846 esse
2071 1816 2209 1847 alterius.
2239 1817 2308 1848 Nec
2332 1818 2437 1849 obstat
2460 1818 2500 1849 de

1427 1859 1670 1896 annihilatione,
1686 1860 1720 1890 in
1737 1868 1801 1899 qua
1817 1860 1944 1890 nullum
1968 1870 2036 1890 esse
2060 1861 2259 1900 producitur,
2277 1868 2308 1892 et
2326 1868 2434 1893 tamen
2450 1873 2499 1893 res

1427 1904 1543 1935 desinit
1559 1914 1642 1935 esse:
1660 1905 1735 1944 quia
1747 1913 1797 1934 res
1812 1914 1880 1934 non
1893 1905 2088 1935 annihilatur
2099 1915 2156 1946 per
2168 1906 2309 1946 aliquam
2327 1908 2498 1943 actionem,

1426 1949 1483 1979 sed
1498 1949 1574 1989 quia
1590 1949 1678 1978 Deus
1695 1948 1818 1979 desistit
1832 1949 1873 1978 ab
1888 1949 2016 1979 actione
2031 1959 2095 1989 qua
2112 1950 2161 1980 rei
2175 1950 2288 1981 tribuit
2303 1961 2379 1987 esse,
2396 1957 2432 1982 ut
2452 1951 2499 1982 di-

1427 1994 1510 2024 citur
1533 1993 1691 2027 Potentia,
1717 2003 1748 2033 q.
1765 2003 1795 2029 v,
1812 2003 1840 2023 a.
1860 1993 1888 2028 3,
1906 1993 1945 2023 ad
1963 2003 1991 2023 2.
2018 1993 2156 2033 Oportet
2180 2005 2256 2035 ergo
2281 2005 2414 2026 omnem
2437 2001 2498 2026 ter-

1426 2038 1554 2068 minum
1578 2037 1714 2068 actionis
1738 2046 1806 2067 esse
1830 2043 1885 2068 aut
1909 2038 2096 2077 simpliciter
2111 2048 2178 2075 ens,
2195 2040 2220 2070 si
2236 2040 2270 2069 in
2286 2049 2354 2070 esse
2377 2040 2498 2080 produ-

1427 2083 1518 2118 citur,
1536 2088 1591 2113 aut
1607 2091 1675 2112 esse
1699 2081 1887 2122 simpliciter
1902 2091 1971 2112 non
1988 2092 2055 2119 ens,
2071 2083 2098 2113 si
2113 2083 2214 2123 ipsius
2231 2093 2299 2114 esse
2315 2083 2496 2121 destruitur.

1427 2126 1513 2157 Cum
1530 2127 1617 2157 enim
1636 2125 1814 2167 productus
1832 2132 1879 2157 est
1895 2126 2012 2163 Sortes,
2030 2127 2175 2158 absolute
2191 2138 2304 2159 verum
2320 2134 2367 2159 est
2381 2128 2497 2165 dicere,

1426 2171 1538 2202 Sortes
1562 2176 1625 2201 est:
1648 2180 1724 2201 cum
1748 2176 1856 2201 autem
1881 2176 1927 2201 est
1951 2177 2131 2212 corruptus,
2156 2177 2203 2202 est
2225 2172 2370 2208 absolute
2384 2182 2498 2204 verum

1427 2215 1543 2252 dicere,
1568 2215 1681 2246 Sortes
1704 2225 1770 2246 non
1795 2221 1850 2246 est.

1483 2260 1571 2296 Ideo,
1589 2270 1665 2291 cum
1680 2259 1714 2290 id
1730 2259 1821 2300 quod
1843 2260 1988 2300 implicat
2004 2260 2294 2292 contradictionem
2309 2271 2378 2292 non
2397 2262 2499 2302 possit

1427 2304 1490 2335 dici
1514 2305 1660 2335 absolute
1684 2313 1753 2335 esse
1775 2313 1884 2344 neque
1907 2305 2054 2335 absolute
2077 2314 2146 2335 non
2169 2315 2247 2342 esse,
2273 2315 2349 2336 cum
2376 2312 2408 2336 et
2430 2315 2498 2337 esse

1428 2355 1460 2380 et
1482 2359 1549 2380 non
1574 2358 1642 2380 esse
1674 2348 1770 2379 simul
1799 2348 1958 2385 includat,
1983 2359 2050 2379 non
2082 2355 2189 2389 potest
2215 2350 2403 2381 huiusmodi
2431 2360 2499 2381 esse

1426 2395 1583 2424 terminus
1607 2394 1776 2434 primarius
1799 2394 1935 2423 actionis
1950 2403 2058 2433 neque
2074 2394 2170 2424 etiam
2187 2394 2404 2426 secundarius.
2426 2394 2499 2425 Ho-

1427 2439 1544 2469 minem
1575 2439 1662 2469 enim
1701 2447 1769 2468 esse
1798 2437 1936 2473 asinum,
1966 2439 2041 2478 quia
2068 2437 2203 2469 includit
2235 2439 2402 2470 hominem
2431 2449 2499 2469 esse

1427 2483 1618 2513 rationalem
1642 2487 1674 2512 et
1697 2483 1864 2512 hominem
1888 2491 1956 2512 non
1981 2491 2049 2512 esse
2072 2483 2271 2520 rationalem,
2295 2493 2363 2514 non
2393 2488 2500 2523 potest

1428 2537 1496 2559 esse
1516 2528 1674 2557 terminus
1697 2526 1920 2566 productionis
1936 2536 2001 2566 qua
2015 2526 2206 2566 producitur
2228 2527 2350 2567 aliquid
2365 2528 2399 2557 in
2415 2536 2497 2557 esse:

1428 2582 1503 2603 cum
1528 2572 1615 2602 enim
1639 2576 1788 2611 oporteat
1811 2571 1986 2600 terminum
2009 2570 2233 2610 productionis
2256 2571 2403 2601 absolute
2430 2580 2498 2602 esse

1428 2626 1495 2652 ens,
1512 2617 1577 2646 sive
1593 2615 1710 2646 habere
1727 2625 1805 2651 esse,
1822 2624 1953 2645 necesse
1978 2620 2060 2644 esset
2075 2620 2111 2645 ut
2126 2615 2273 2645 absolute
2295 2621 2406 2655 posset
2424 2614 2497 2651 dici,

1399 2654 1401 2670 ³
1427 2660 1538 2691 Homo
1553 2659 1726 2690 rationalis
1742 2664 1797 2694 est,
1811 2668 1887 2690 cum
1900 2658 2022 2689 factum
2034 2664 2081 2689 est
2096 2659 2263 2689 hominem
2276 2668 2344 2689 esse
2357 2659 2496 2695 asinum;

1427 2706 1491 2735 hoc
1515 2709 1623 2735 autern
1647 2703 1764 2734 falsum
1787 2709 1844 2740 est,
1869 2712 1945 2734 cum
1975 2703 2143 2733 hominem
2174 2712 2242 2733 esse
2274 2703 2400 2733 asinum
2429 2712 2497 2733 non

1427 2749 1534 2780 solum
1557 2747 1701 2779 includat
1729 2748 1838 2788 ipsum
1866 2757 1935 2778 esse
1962 2747 2160 2783 rationalem,
2185 2746 2241 2777 sed
2271 2747 2367 2777 etiam
2389 2747 2496 2787 ipsum

1426 2803 1496 2824 non
1519 2802 1588 2824 esse
1611 2792 1811 2823 rationalem.
1835 2792 1912 2822 Non
1935 2797 2043 2831 potest
2057 2792 2154 2822 etiam
2170 2801 2238 2821 esse
2254 2791 2409 2822 terminus
2425 2800 2496 2821 cor-

1426 2838 1602 2878 ruptionis:
1625 2837 1702 2877 quia
1716 2842 1794 2867 tunc
1810 2842 1920 2876 posset
1935 2836 2081 2866 absolute
2097 2835 2170 2872 dici,
2187 2845 2263 2866 cum
2278 2835 2315 2866 fit
2329 2836 2497 2866 hominem

1427 2892 1496 2914 esse
1511 2883 1649 2918 asinum,
1665 2881 1758 2922 quod
1779 2881 1891 2911 Homo
1916 2890 1981 2910 non
2006 2885 2053 2911 est
2075 2880 2265 2916 rationalis,·
2289 2879 2378 2920 quod
2400 2880 2496 2910 etiam

1426 2922 1543 2958 falsum
1559 2932 1616 2962 est,
1633 2935 1710 2956 cum
1731 2926 1899 2956 hominem
1923 2935 1991 2956 esse
2015 2925 2141 2955 asinum
2163 2924 2307 2955 includat
2329 2925 2496 2954 hominem

1427 2981 1496 3002 esse
1518 2970 1718 3001 rationalem.
1751 2970 1869 3001 Similis
1896 2970 1976 3000 ratio
2001 2974 2047 2999 est
2070 2978 2297 3010 quaecumque
2328 2967 2495 2998 affirmatio

1427 3021 1459 3046 et
1472 3015 1602 3056 negatio
1618 3015 1800 3045 inveniatur
1815 3015 1849 3044 in
1866 3024 1906 3044 eo
1923 3013 2014 3054 quod
2036 3013 2180 3053 implicat
2196 3012 2494 3043 contradictionem.

1427 3059 1550 3091 Idcirco
1573 3058 1762 3090 huiusmodi
1785 3058 1936 3089 dicuntur
1958 3058 2168 3098 impossibilia
2194 3057 2394 3097 simpliciter:
2420 3057 2496 3096 quia

1426 3104 1518 3135 nullo
1541 3103 1644 3135 modo
1667 3109 1805 3143 possunt
1829 3112 1897 3133 esse
1919 3103 2075 3133 terminus
2098 3101 2319 3142 productionis
2343 3106 2398 3131 aut
2425 3110 2495 3131 cor-

1427 3149 1602 3189 ruptionis;
1627 3154 1659 3179 et
1674 3157 1731 3189 per
1747 3157 1951 3187 consequens
1970 3147 2089 3177 habent
2112 3147 2355 3186 repugnantiam
2371 3145 2412 3175 ad
2427 3154 2495 3175 esse

1428 3198 1502 3224 actu
1533 3198 1564 3224 et
1595 3192 1636 3223 ad
1666 3202 1734 3223 non
1761 3201 1830 3222 esse
1857 3197 1941 3227 actu,
1963 3201 2003 3221 eo
2034 3190 2153 3221 scilicet
2182 3189 2282 3220 modo
2316 3199 2382 3230 quo
2411 3189 2496 3220 entia

1428 3247 1511 3278 quae
1531 3238 1620 3278 prius
1640 3237 1780 3267 existunt
1803 3236 1953 3266 dicuntur
1976 3241 2050 3276 post
2074 3235 2315 3274 corruptionem
2331 3243 2399 3264 non
2415 3243 2494 3264 esse.

1428 3282 1567 3322 Oportet
1591 3282 1677 3312 enim
1702 3280 1792 3321 quod
1815 3290 1882 3310 non
1907 3285 1954 3310 est
1974 3280 2036 3310 isto
2061 3278 2172 3315 modo,
2197 3287 2265 3308 esse
2293 3277 2414 3318 aliquid
2442 3278 2495 3308 cui

1427 3336 1494 3357 non
1519 3326 1673 3356 convenit
1702 3335 1770 3356 esse
1797 3324 1854 3355 sed
1877 3330 1984 3354 tamen
2008 3324 2095 3363 prius
2118 3323 2254 3353 habebat
2281 3331 2364 3353 esse:
2388 3322 2495 3362 impli-

1427 3380 1503 3401 cans
1526 3376 1636 3401 autem
1658 3369 1948 3400 contradictionem
1970 3377 2039 3398 non
2063 3373 2110 3398 est
2132 3366 2263 3406 aliquid,
2280 3366 2340 3397 sed
2357 3366 2447 3403 nihil,
2464 3371 2495 3396 et

1426 3415 1501 3446 ideo
1525 3424 1593 3445 non
1616 3419 1724 3455 potest
1747 3423 1814 3444 esse
1837 3422 1906 3443 non
1930 3421 1986 3442 ens
2008 3411 2110 3442 modo
2134 3411 2291 3451 exposito.

1483 3459 1583 3497 Quod
1607 3460 1632 3489 si
1655 3459 1805 3489 instetur:
1837 3456 2008 3496 implicans
2038 3455 2341 3491 contradictionem,
2365 3464 2424 3494 per
2452 3460 2494 3490 te,

1427 3509 1474 3535 est
1497 3503 1594 3540 nihil;
1619 3503 1705 3543 Ergo
1736 3508 1783 3532 est
1810 3501 1954 3532 absolute
1984 3510 2052 3530 non
2081 3509 2154 3536 ens;
2179 3499 2282 3530 Cuius
2306 3499 2495 3539 oppositum

1426 3554 1475 3579 est
1498 3547 1621 3578 dictum
1645 3547 1808 3587 superius:
1825 3563 1846 3568 —
1863 3545 1978 3575 dicitur
1994 3544 2085 3584 quod
2103 3544 2216 3584 utique
2240 3549 2287 3574 est
2310 3542 2495 3583 simpliciter

1425 3602 1494 3623 non
1511 3602 1577 3628 ens,
1594 3592 1620 3622 si
1635 3601 1703 3621 non
1729 3600 1784 3621 ens
1807 3589 1930 3620 dicatur
1954 3588 2043 3629 quod
2065 3588 2157 3619 nullo
2180 3587 2282 3619 modo
2305 3592 2412 3628 potest
2427 3596 2495 3617 esse

1426 3638 1460 3667 in
1484 3646 1591 3667 rerum
1614 3642 1736 3666 natura.
1761 3634 1836 3664 Non
1861 3639 1907 3664 est
1931 3638 2039 3663 autem
2062 3642 2129 3663 non
2154 3642 2220 3669 ens,
2237 3633 2262 3663 si
2282 3631 2405 3662 dicatur
2427 3641 2495 3662 non

2527 1555 2535 1563 ·
2550 1554 2558 1575 1
2573 1553 2646 1580 Sene„
2668 1558 2689 1575 et
2709 1555 2738 1576 de

2526 1580 2585 1606 Poe„
2601 1581 2645 1602 loc.
2661 1581 2698 1602 cit.
