2768 4134
22 639 78 662 ‘Cfi
87 642 144 661 text.
154 643 176 662 et
188 646 236 662 var.

92 3133 99 3145 ‚

17 3267 30 3279 ·
42 3267 115 3290 Num.
128 3273 163 3296 ιιι,
180 3267 237 3290 Ter-

0 3307 11 3842 ξ

0 3846 8 3990 ἓ

717 294 906 332 SUMMA
936 295 1158 333 CONTRA
1187 295 1464 344 GENTILES,
1493 298 1588 334 LIB.
1609 298 1650 342 II,
1682 297 1793 335 CAP.
1814 295 2019 336 LXXXIII.

321 370 385 403 Sed
410 372 500 413 quod
516 372 579 403 hoc
595 372 636 402 sit
651 366 860 413 Impossibile,
877 374 1042 414 probatur.
1060 374 1148 405 Tum
1165 376 1242 415 quia
1258 381 1340 406 esset

266 415 415 447 accidens
431 417 556 447 animae
578 417 663 447 uniri
686 418 831 458 corpori:
857 423 889 448 et
911 419 957 448 sic
980 419 1083 449 homo
1100 425 1183 449 esset
1206 429 1262 450 ens
1283 429 1341 460 per

264 460 423 492 accidens.
448 461 539 492 Patet
561 461 709 501 sequela:
735 463 811 502 quia
826 471 863 493 ea
880 472 963 504 quae
979 463 1165 494 naturaliter
1179 464 1341 494 variantur

265 506 350 536 circa
373 506 566 542 subiectum,
591 511 667 536 sunt
690 506 885 544 accidentia;
913 508 996 538 sicut
1018 508 1169 538 iuventus
1193 513 1225 538 et
1248 517 1340 538 sene-

265 555 345 581 ctus.
363 568 385 572 -
400 550 490 581 Tum
509 551 586 590 quia
609 551 805 581 substantiae
820 552 1054 583 intellectuales
1069 561 1138 582 non
1157 552 1340 583 subduntur

265 595 455 625 caelestibus
481 594 641 624 motibus:
671 604 748 625 cum
776 596 932 627 excedant
959 602 1067 627 totum
1095 596 1244 627 ordinem
1267 605 1339 627 cor-

263 640 352 679 poris
368 640 396 669 *.
413 638 523 669 Omne
538 644 648 669 autem
664 640 717 670 cui
734 640 851 671 accidit
871 641 1009 671 alteritas
1028 641 1135 680 aliqua
1157 640 1338 672 secundum

263 683 480 714 diversitatem
503 688 701 723 temporum,
725 690 773 714 est
796 685 978 716 subiectum
1002 685 1128 716 caelesti
1153 686 1269 716 motui.

321 728 351 758 3.
367 727 503 758 Dicetur
517 727 670 764 fortassis,
693 729 849 766 secundo,
867 729 958 770 quod
980 738 1088 770 neque
1111 739 1170 770 per
1189 734 1338 760 naturam

262 780 371 812 neque
401 781 461 812 per
490 772 680 803 violentiam
710 774 902 814 corporibus
936 775 1104 810 uniuntur,
1128 773 1184 804 sed
1206 774 1338 814 propria

261 816 439 847 voluntate.

318 860 383 892 Sed
402 866 514 892 contra
528 861 593 892 hoc
609 862 761 902 arguitur.
779 862 867 893 Turn
885 863 961 903 quia
977 863 1041 894 hoc
1056 872 1125 893 non
1140 867 1252 902 posset
1267 871 1336 893 esse

261 906 324 936 nisi
347 905 592 946 deciperentur:
617 915 692 937 cum
716 907 757 936 sit
779 907 887 937 anima
914 907 1034 938 altioris
1062 912 1162 937 status
1192 911 1336 947 separata

261 959 361 991 quam
378 951 479 987 unita,
495 951 635 981 maxime
651 950 832 982 secundum
848 951 1044 988 Platonicos,
1056 955 1217 992 ponentes
1231 951 1335 991 ipsam

262 1004 301 1026 ex
323 996 448 1026 unione
475 996 621 1035 corporis
644 997 711 1036 pati
735 996 934 1026 oblivionem
963 1001 994 1027 et
1017 1006 1035 1026 a
1059 995 1335 1036 contemplatione

260 1040 402 1070 veritatis
425 1039 592 1076 retardari;
616 1040 725 1071 nullus
748 1040 836 1071 enim
860 1040 957 1071 vellet
983 1041 1016 1070 in
1042 1040 1189 1080 peiorem
1215 1044 1334 1070 statum

260 1085 370 1115 venire
393 1084 454 1114 nisi
474 1083 640 1124 deceptus.
665 1084 766 1123 Quod
789 1085 903 1124 utique
922 1085 1049 1115 animae
1073 1084 1247 1115 convenire
1265 1093 1334 1114 non

260 1134 383 1170 potest:
409 1138 485 1159 cum
508 1128 597 1159 nulla
620 1129 654 1159 in
677 1129 747 1169 ipsa
770 1129 810 1159 sit
833 1128 1036 1169 deceptionis
1059 1138 1172 1164 causa:
1193 1129 1333 1159 maxime

261 1172 444 1205 secundum
466 1173 566 1214 ipsos,
583 1178 744 1213 ponentes
760 1182 832 1203 eam
848 1173 1015 1204 scientiam
1032 1173 1182 1203 omniurn
1205 1173 1333 1209 habere,

261 1223 294 1249 et
315 1227 385 1249 non
409 1227 478 1248 esse
501 1218 535 1248 in
558 1218 628 1258 ipsa
654 1218 832 1258 passiones,
856 1218 975 1258 quibus
1005 1218 1038 1248 in
1069 1217 1253 1258 particulari
1277 1217 1333 1247 eli-

259 1262 350 1303 gibili
373 1262 476 1302 possit
498 1261 657 1293 iudicium
681 1263 829 1303 perverti.
845 1280 868 1284 -
884 1262 973 1292 Turn
992 1262 1068 1302 quia
1091 1262 1257 1302 generatio
1273 1262 1332 1292 ho-

259 1307 357 1338 minis
379 1312 464 1340 esset
479 1316 504 1336 a
522 1316 618 1337 casu:
643 1316 730 1343 cum,
754 1306 935 1337 secundum
962 1306 1046 1337 hanc
1073 1306 1332 1346 responsionem,

258 1350 414 1392 procedat
425 1361 444 1381 a
458 1350 626 1382 voluntate
637 1352 736 1391 patris
747 1352 938 1391 generantis,
951 1356 983 1381 et
999 1360 1017 1381 a
1029 1350 1195 1381 voluntate
1207 1351 1333 1381 animae

258 1396 345 1427 uniri
366 1395 516 1434 volentis,
540 1405 609 1426 non
632 1395 825 1426 habentibus
847 1396 930 1426 inter
953 1404 987 1425 se
1005 1394 1171 1431 ordinem;
1199 1394 1333 1426 effectus

258 1445 370 1472 autem
393 1449 432 1470 ex
456 1449 619 1470 concursu
642 1439 780 1470 duarum
807 1439 1012 1470 voluntatum
1037 1438 1077 1470 ad
1100 1440 1241 1470 invicem
1263 1448 1332 1470 non

259 1484 482 1516 ordinatarum
505 1483 698 1524 procedens,
722 1485 763 1515 sit
786 1483 920 1514 effectus
943 1483 1090 1514 casualis.

313 1537 346 1568 4.
359 1528 494 1559 Dicetur
506 1528 600 1565 forte,
611 1529 719 1564 tertio,
732 1527 824 1568 quod
836 1537 875 1558 ex
887 1527 995 1559 divina
1007 1527 1212 1558 ordinatione
1225 1528 1333 1558 anima

257 1574 372 1605 unitur
393 1573 542 1613 corpori:
566 1581 635 1603 non
659 1578 769 1603 autem
792 1571 899 1602 modis
922 1571 1026 1603 dictis.

313 1615 379 1649 Sed
408 1625 470 1648 nec
499 1617 565 1647 hoc
594 1616 720 1647 videtur
748 1617 958 1652 conveniens,
988 1616 1014 1646 si
1045 1616 1172 1646 animae
1202 1615 1334 1646 fuerunt

258 1667 333 1693 ante
356 1669 496 1702 corpora
519 1666 654 1692 creatae.
674 1661 763 1691 Tum
787 1661 862 1701 quia
886 1669 954 1690 non
978 1660 1118 1700 pertinet
1140 1659 1180 1690 ad
1204 1659 1333 1690 ordina-

253 1707 383 1737 tionem
406 1705 535 1736 divinae
558 1705 711 1736 bonitatis
737 1714 788 1735 res
816 1704 856 1735 ad
886 1703 1073 1735 inferiorem
1096 1709 1215 1734 statum
1238 1703 1334 1734 redu-

256 1758 343 1782 cere.
366 1749 612 1781 Reducerentur
634 1754 744 1780 autem
767 1758 827 1790 per
849 1749 928 1780 hoc:
960 1749 1046 1789 quia,
1077 1749 1105 1779 si
1131 1749 1251 1779 creavit
1280 1757 1333 1779 eas

256 1795 348 1827 Deus
370 1800 540 1835 separatas,
564 1794 617 1825 hic
632 1793 752 1825 modus
767 1793 894 1825 essendi
910 1799 994 1824 esset
1011 1793 1259 1824 convenientior
1277 1802 1334 1823 na·

254 1840 338 1872 turis
353 1848 482 1876 earum3
500 1848 577 1870 cum
592 1838 705 1870 fecerit
720 1839 810 1869 Deus
825 1838 937 1869 omnia
953 1837 1048 1868 valde
1062 1838 1158 1873 bona,
1177 1837 1257 1868 Gen.
1274 1848 1295 1868 1.
1311 1855 1333 1860 -

256 1882 347 1916 Tum
370 1885 448 1926 quia
471 1892 548 1915 cum
571 1883 767 1914 detrimento
793 1883 936 1924 ipsarum
959 1882 1049 1913 Deus
1076 1891 1214 1922 corpora
1239 1882 1333 1912 nobi-

257 1929 388 1960 litasset.
404 1929 483 1959 Non
497 1929 637 1969 pertinet
655 1933 764 1958 autem
780 1926 821 1958 ad
844 1926 992 1958 ordinem
1008 1927 1135 1957 divinae
1158 1927 1333 1966 sapientiae

257 1982 335 2005 cum
358 1974 564 2014 superiorum
588 1972 783 2003 detrimento
806 1971 918 2002 infima
940 1971 1121 2002 nobilitare.

312 2017 347 2050 si
369 2017 505 2054 dicatur,
529 2022 566 2047 ut
589 2016 746 2057 Origenes
761 2015 851 2052 dixit,
868 2015 958 2057 quod
978 2015 1182 2046 ordinatione
1198 2014 1332 2055 quidem

256 2062 368 2094 divina
390 2062 584 2103 corporibus
599 2067 676 2092 sunt
694 2062 814 2098 unitae,
831 2060 888 2091 sed
904 2061 937 2091 in
953 2069 1064 2091 earum
1080 2069 1239 2100 poenam:
1256 2059 1333 2100 quia

258 2112 334 2139 ante
355 2116 495 2147 corpora
517 2111 744 2147 peccaverunt,
769 2110 801 2136 et
823 2104 910 2141 ideo,
926 2114 986 2146 pro
1002 2105 1181 2145 quantitate
1197 2105 1331 2145 peccati,

257 2152 452 2192 corporibus
473 2151 688 2182 nobilioribus
704 2150 755 2180 vel
771 2150 880 2180 minus
895 2149 1060 2180 nobilibus
1075 2154 1151 2180 sunt
1166 2149 1293 2180 unitae:
1309 2166 1332 2170 —

257 2196 324 2227 hoc
345 2202 429 2226 stare
451 2205 522 2226 non
544 2200 663 2236 potest.
687 2195 776 2225 Tum
797 2194 873 2235 quia
896 2203 966 2224 esse
981 2194 1150 2224 hominem
1166 2203 1235 2224 non
1250 2198 1333 2224 esset

257 2241 385 2272 bonum
398 2239 580 2271 secundum
591 2245 755 2270 naturam:
772 2248 848 2269 cum
863 2244 984 2275 tamen,
997 2243 1072 2278 post
1086 2238 1229 2269 hominis
1245 2247 1332 2268 crea-

256 2285 394 2322 tionem,
418 2284 543 2315 dicatur
567 2283 648 2314 Gen.
671 2294 698 2314 1:
730 2283 815 2314 Vidit
831 2283 922 2314 Deus
944 2288 1061 2313 cuncta
1083 2292 1168 2324 quae
1186 2283 1329 2324 fecerat,

257 2335 292 2361 et
311 2334 408 2360 erant
430 2328 526 2360 valde
547 2328 644 2359 bona.
667 2329 760 2359 Patet
781 2327 930 2368 sequela:
955 2328 1032 2368 quia
1047 2336 1155 2368 poena
1170 2327 1260 2357 bono
1277 2336 1333 2357 na-

257 2380 350 2406 turae
372 2374 572 2409 adversatur;
601 2379 633 2403 et
655 2373 711 2409 sic,
742 2373 769 2403 si
800 2373 881 2402 unio
904 2372 1031 2402 animae
1055 2377 1086 2402 et
1116 2372 1263 2411 corporis
1285 2377 1333 2401 est

257 2417 426 2460 quoddam
449 2418 598 2458 poenale,
621 2426 690 2448 non
713 2422 762 2448 est
784 2417 910 2447 bonum
932 2421 1075 2447 naturae.
1099 2433 1123 2439 —
1145 2416 1234 2446 Tum
1256 2416 1333 2456 quia

258 2463 387 2494 casuale
409 2462 522 2493 fuisset
545 2461 637 2502 quod
658 2462 762 2492 homo
782 2461 884 2492 fieret.
901 2461 950 2491 Ex
964 2460 1052 2491 malo
1068 2461 1157 2491 enim
1171 2470 1241 2491 non
1257 2470 1333 2501 pro-

257 2508 347 2538 venit
370 2508 496 2538 bonum
518 2507 581 2537 nisi
603 2515 662 2546 per
684 2505 843 2537 accidens.
860 2523 883 2529 -
901 2505 990 2536 Tum
1014 2506 1100 2545 quia,
1117 2510 1192 2545 post
1214 2513 1332 2535 conce-

257 2553 407 2594 ptionem
430 2551 527 2582 Iacob
551 2557 583 2582 et
606 2551 704 2588 Esau,
726 2556 764 2581 ut
786 2555 875 2591 patet
899 2550 979 2581 Gen.
995 2559 1067 2586 xxv,
1089 2549 1212 2580 dictum
1228 2555 1276 2580 est
1291 2549 1331 2580 de

257 2597 346 2638 ipsis,
369 2601 407 2628 ut
429 2596 566 2626 habetur
587 2595 682 2626 Rom.
698 2605 740 2632 rx,
756 2594 858 2636 quod,
874 2604 948 2625 cum
967 2594 1112 2625 nondum
1136 2594 1206 2625 nati
1228 2599 1334 2625 essent

258 2646 318 2672 aut
339 2640 466 2682 aliquid
487 2640 565 2670 boni
587 2640 638 2670 vel
653 2640 733 2670 mali
755 2640 906 2681 egissent,
923 2639 1045 2670 dictum
1061 2644 1109 2669 est
1121 2638 1209 2679 quod
1224 2639 1332 2669 maior

258 2686 378 2717 serviet
399 2685 531 2715 minor-i.
555 2684 605 2716 Ex
628 2694 695 2725 quo
718 2685 855 2715 habetur
883 2683 974 2724 quod
1004 2689 1078 2714 ante
1106 2683 1264 2714 unionem
1291 2682 1332 2713 ad

259 2739 398 2770 corpora
423 2730 550 2760 animm
577 2738 693 2759 eorum
714 2738 783 2759 non
805 2733 1032 2769 peccaverunt.
1055 2745 1079 2750 -
1102 2727 1226 2758 Contra
1248 2727 1331 2757 hanc

259 2774 409 2815 Origenis
437 2774 630 2814 opinionem
660 2773 754 2813 plura
786 2773 884 2803 etiam
913 2773 948 2802 in
977 2773 1041 2802 hoc
1065 2770 1210 2802 secundo
1237 2772 1330 2808 libro,

260 2819 368 2860 capite
388 2828 472 2854 xuv,
496 2823 572 2848 sunt
593 2817 738 2848 inducta.

314 2863 355 2894 V.
379 2862 444 2894 Sed
466 2862 570 2893 multa
592 2867 706 2892 contra
728 2866 876 2901 quartam
890 2861 1051 2891 rationem
1070 2859 1255 2890 immediate
1276 2859 1331 2890 ad-

259 2908 402 2944 ductam,
425 2908 597 2947 insurgunt
619 2906 727 2937 dubia.

315 2952 411 2983 Circa
433 2950 611 2982 secundam
634 2951 722 2981 enim
744 2950 903 2980 rationem
933 2958 999 2989 qua
1021 2949 1163 2988 arguitur
1190 2949 1332 2979 animam

260 3002 439 3038 separatam
454 3005 524 3026 non
539 2995 726 3026 naturaliter
744 2999 897 3034 appetere
915 2994 1000 3024 uniri
1014 2993 1177 3029 materiae,
1194 2994 1270 3033 quia
1286 2998 1334 3023 est

260 3041 366 3072 forma
389 3041 546 3081 corporis,
572 3040 724 3070 materiae
748 3044 858 3069 autem
886 3043 934 3068 est
964 3043 1116 3078 appetere
1139 3036 1279 3068 formam
1302 3042 1335 3067 et

261 3096 331 3117 non
354 3095 372 3116 e
396 3094 556 3116 converso
571 3085 603 3115 *z
620 3083 785 3115 dubitatur
799 3088 934 3123 propter
956 3082 1035 3113 duo.
1058 3082 1178 3118 Primo,
1202 3087 1335 3122 propter

261 3131 524 3172 propositionem
545 3128 668 3159 ibidem
690 3133 899 3168 assumptam,
931 3126 1189 3167 Unumquodque
1214 3126 1336 3166 appetit

261 3185 356 3207 suam
363 3174 610 3216 perfectionem.
628 3172 693 3204 Sed
710 3172 796 3203 uniri
811 3171 942 3211 corpori
957 3177 1005 3202 est
1019 3170 1176 3211 perfectio
1193 3171 1333 3201 animae:

263 3229 350 3256 cum,
366 3224 512 3260 separata
527 3228 546 3248 a
561 3227 710 3258 corpore,
726 3217 766 3247 sit
789 3226 807 3246 a
829 3225 891 3246 suo
910 3221 981 3246 toto
1001 3220 1147 3255 separata
1162 3220 1194 3246 et
1215 3216 1334 3255 imper-

262 3264 358 3300 fecta,
373 3269 411 3295 ut
433 3263 550 3294 dicitur
564 3264 599 3293 in
613 3262 706 3292 tertia
729 3261 854 3291 ratione
876 3259 1089 3301 principali*;
1113 3259 1204 3290 unita
1225 3265 1334 3290 autem

264 3309 405 3349 corpori,
421 3308 462 3338 sit
476 3308 510 3338 in
526 3317 587 3338 suo
603 3312 685 3337 toto.
698 3306 785 3346 Ergo
797 3305 905 3335 anima
916 3305 1040 3345 appetit
1054 3304 1239 3334 naturaliter
1249 3304 1335 3334 uniri

264 3353 405 3393 corpori,
429 3358 462 3383 et
482 3362 553 3382 non
575 3357 702 3382 tantum
725 3359 845 3390 corpus
867 3349 990 3389 appetit
1012 3349 1098 3379 unin'
1120 3349 1256 3379 animae.

320 3396 484 3432 Secundo,
509 3397 586 3436 quia
601 3396 735 3426 materia
757 3400 805 3425 est
827 3399 961 3434 propter
975 3392 1125 3428 formam,
1141 3402 1210 3423 non
1225 3397 1334 3423 autem

264 3452 283 3473 e
306 3450 477 3472 converso.
501 3441 588 3481 Ergo
607 3441 739 3471 materia
754 3438 927 3479 requiritur
942 3443 1075 3478 propter
1090 3437 1334 3468 inclinationem

265 3491 298 3517 et
319 3490 468 3516 naturam
491 3484 626 3521 formae,
651 3494 720 3515 non
742 3489 851 3514 autem
875 3481 979 3513 forma
996 3486 1130 3522 propter
1152 3481 1334 3512 inclinatio-

263 3539 341 3561 nem
363 3530 527 3560 materiae.

321 3573 554 3606 Confirmatur.
577 3573 664 3612 Quia
688 3572 823 3603 Sanctus
844 3571 999 3607 Thomas,
1023 3570 1140 3605 Prima,
1161 3579 1193 3610 q.
1210 3579 1333 3605 mxxxix,

264 3629 292 3650 a.
328 3627 356 3655 ι,
385 3624 475 3649 tenet
505 3617 596 3658 quod
626 3618 732 3648 anima
762 3618 873 3647 unitur
901 3615 1029 3655 corpori
1055 3618 1194 3654 propter
1220 3614 1335 3644 melius

265 3663 367 3703 ipsius
390 3662 530 3693 animae.

2387 302 2458 339 525

1453 385 1482 406 2.
1507 375 1601 407 Circa
1632 377 1771 407 rationes
1802 387 1936 418 quoque
1969 384 2080 409 contra
2110 380 2247 419 primam
2277 382 2462 421 responsio-

1393 421 1499 450 nem*
1518 420 1690 452 dubitatur.
1714 421 1873 452 Videntur
1896 423 1983 453 enim
2011 423 2206 454 concludere
2230 425 2326 455 etiam
2349 431 2462 456 contra

1393 470 1552 503 ponentes
1576 466 1717 495 animam
1741 475 1906 496 remanere
1922 473 1996 507 post
2020 477 2148 507 corpus,
2169 469 2196 498 si
2219 468 2363 500 efficaces
2387 475 2462 501 sunt

1393 513 1506 538 contra
1537 508 1722 549 Origenern‚
1746 516 1925 550 ponentem
1953 511 2057 551 ipsam
2084 513 2242 543 unionem
2272 513 2313 544 ad
2342 523 2461 555 corpus

1391 552 1594 592 praecedere.
1619 554 1782 593 Arguetur
1797 555 1883 584 enim
1905 555 2050 586 similiter
2066 556 2156 596 quod
2171 566 2238 587 non
2255 562 2303 587 est
2317 559 2460 589 naturale

1392 597 1519 627 animae
1542 606 1708 628 remanere
1739 603 1814 637 post
1843 608 1971 638 corpus.
1995 599 2096 637 Quod
2123 606 2230 631 tamen
2255 607 2303 631 est
2326 601 2458 633 falsum:

1393 649 1469 671 cum
1493 642 1659 681 corruptio
1682 642 1824 672 hominis
1847 643 1888 673 sit
1915 644 2077 680 naturalis,
2108 650 2140 675 et
2169 654 2227 685 per
2256 655 2460 687 consequens

1391 686 1550 725 separatio
1567 686 1693 716 animae
1709 696 1726 715 a
1743 695 1890 726 corpore.
1907 705 1929 709 —
1944 688 2106 727 Arguetur
2121 689 2207 719 enim
2228 690 2283 720 sic.
2306 690 2353 720 Ea
2376 700 2460 731 quae

1390 729 1578 760 naturaliter
1599 730 1761 761 variantur
1784 730 1867 760 circa
1890 731 2082 768 subiectum,
2111 738 2186 763 sunt
2214 733 2401 766 accidentia.
2426 735 2460 767 Si

1390 773 1488 814 igitur
1510 774 1596 805 uniri
1614 775 1755 814 corpori,
1771 780 1803 805 et
1819 784 1984 806 remanere
2006 782 2183 816 separatam
2207 787 2225 807 a
2248 787 2395 818 corpore,
2413 786 2460 810 est

1390 818 1535 848 naturale
1559 819 1694 855 animae,
1719 819 1804 850 uniri
1827 820 1957 860 corpori
1981 820 2039 850 erit
2062 821 2210 851 accidens
2232 823 2367 853 animae.
2385 824 2459 854 Hoc

1389 867 1499 893 autem
1516 868 1563 893 est
1587 862 1712 894 falsum.
1730 863 1816 903 Ergo
1831 873 1900 894 non
1917 864 1976 894 erit
1991 865 2135 895 naturale
2151 866 2278 896 animae
2294 876 2458 898 remanere

1390 912 1466 947 post
1489 917 1617 948 corpus.

1442 951 1595 982 Similiter
1609 957 1763 992 sequetur
1774 953 1801 989 *‚
1814 957 1851 983 ut
1865 953 1909 983 ibi
1925 953 1958 983 in
1970 953 2112 984 secunda
2123 955 2246 984 ratione
2259 956 2458 994 arguebatur,

1389 996 1529 1026 animam
1553 997 1731 1027 subiectam
1748 1006 1816 1028 esse
1833 997 1961 1028 caelesti
1980 999 2096 1037 motui,
2120 1004 2253 1039 propter
2267 999 2354 1029 illam
2367 1000 2459 1030 alter-

1388 1041 1554 1071 nationem
1571 1042 1700 1071 unionis
1715 1042 1749 1071 in
1765 1042 1925 1082 principio
1942 1047 1974 1072 et
1988 1043 2196 1082 separationis
2219 1048 2294 1083 post
2308 1049 2457 1074 mortem.

1445 1084 1475 1115 3.
1500 1084 1595 1116 Circa
1617 1085 1793 1116 secundam
1812 1087 1971 1116 rationem
1996 1092 2108 1117 contra
2123 1086 2300 1118 secundam
2323 1097 2457 1129 respon-

1387 1129 1513 1160 sionem
1525 1130 1552 1165 θ,
1583 1129 1757 1160 dubitatur.
1781 1130 1877 1168 Quia,
1908 1131 1992 1161 sicut
2022 1141 2061 1161 ex
2092 1140 2132 1161 eo
2164 1131 2254 1171 quod
2277 1132 2456 1163 voluntarie

1387 1174 1495 1203 anima
1517 1174 1628 1204 unitur
1651 1175 1790 1215 corpori,
1815 1175 1961 1215 sequitur
1986 1176 2144 1206 unionem
2167 1176 2293 1207 animae
2324 1182 2356 1207 et
2386 1186 2457 1207 cor-

1386 1218 1474 1257 poris
1498 1218 1660 1249 casualem
1684 1228 1763 1255 esse,
1787 1224 1920 1259 propter
1942 1228 2138 1250 concursum
2161 1220 2365 1251 voluntatum
2388 1230 2456 1252 non

1386 1261 1606 1293 ordinatarum
1637 1262 1677 1293 ad
1707 1263 1865 1299 invicem;
1893 1264 1937 1294 ita
1966 1264 2146 1294 secundum
2170 1265 2368 1304 positionem
2394 1275 2455 1296 no-

1386 1311 1493 1343 stram,
1518 1316 1583 1347 qua
1601 1308 1755 1347 ponimus
1778 1308 1919 1338 animam
1943 1309 2041 1338 creari
2065 1313 2098 1339 et
2120 1308 2199 1339 dum
2218 1314 2343 1339 creatur
2360 1310 2456 1340 simul

1385 1351 1470 1381 uniri
1493 1353 1634 1392 corpori,
1657 1351 1744 1382 idem
1768 1353 1861 1392 sequi
1884 1351 2020 1383 videtur.
2047 1353 2132 1383 Nam
2159 1353 2248 1384 Deus
2275 1353 2456 1384 voluntarie

1385 1395 1527 1426 animam
1551 1401 1646 1432 creat,
1663 1401 1695 1427 et
1717 1396 1898 1427 voluntarie
1921 1397 1992 1427 unit
2010 1397 2156 1437 corpori:
2181 1403 2212 1427 et
2230 1398 2379 1428 voluntas
2396 1398 2457 1429 Dei

1386 1448 1463 1470 cum
1493 1439 1660 1471 voluntate
1687 1441 1829 1471 hominis
1855 1442 2037 1481 generantis
2064 1450 2132 1472 non
2160 1441 2287 1472 videtur
2312 1442 2455 1482 aliquem

1386 1484 1503 1514 habere
1527 1484 1675 1515 ordinem
1699 1485 1934 1521 necessarium
1958 1490 1995 1515 ut
2017 1486 2149 1522 scilicet,
2173 1495 2250 1516 curn
2266 1486 2368 1517 homo
2387 1487 2456 1517 vult

1385 1537 1549 1568 generare,
1574 1528 1615 1559 de
1642 1529 1832 1559 necessitate
1856 1529 1944 1560 Deus
1968 1530 2109 1560 animam
2133 1535 2219 1560 creet
2241 1529 2456 1571 infundatque

1385 1573 1516 1611 corpori
1540 1582 1579 1603 ex
1602 1573 1769 1604 voluntate
1793 1573 1935 1604 hominis
1957 1579 2121 1614 generato.
2143 1574 2231 1614 Ergo
2255 1580 2316 1605 etc.

1441 1616 1495 1646 VI.
1519 1616 1571 1647 Ad
1591 1617 1786 1647 evidentiam
1810 1618 1905 1657 primi
1928 1617 2028 1654 dubii,
2053 1617 2120 1648 duo
2147 1624 2223 1648 sunt
2251 1618 2455 1649 attendenda.

1386 1659 1531 1690 Primum
1555 1665 1612 1699 est,
1636 1660 1727 1701 quod
1749 1667 1910 1701 ponentes
1933 1662 2055 1692 animas
2078 1667 2152 1692 ante
2176 1671 2313 1702 corpora
2336 1669 2456 1694 creatas

1387 1713 1466 1740 esse,
1490 1704 1639 1736 dixerunt
1663 1714 1716 1736 eas
1739 1714 1808 1736 esse
1831 1711 1961 1736 naturas
1977 1706 2156 1746 completas
2179 1712 2211 1736 et
2233 1706 2408 1746 perfectas;
2426 1713 2458 1737 et

1386 1747 1478 1789 quod
1501 1758 1620 1790 corpus
1639 1749 1804 1780 adveniret
1820 1750 1865 1780 eis
1880 1759 1938 1790 per
1953 1750 2112 1786 accidens,
2128 1750 2229 1781 veluti
2248 1759 2356 1781 carcer
2373 1752 2458 1791 ipsa-

1386 1802 1470 1824 rum.
1494 1793 1568 1824 Hoc
1592 1794 1680 1824 enim
1711 1795 1823 1825 recitat
1849 1793 1985 1825 Sanctus
2008 1794 2154 1825 Thomas
2177 1795 2336 1830 Potentia,
2361 1805 2392 1835 q.
2413 1806 2456 1831 m,

1387 1847 1415 1867 a.
1434 1846 1488 1874 10;
1512 1843 1544 1868 et
1566 1838 1606 1869 de
1629 1839 1758 1874 Anima,
1776 1848 1804 1869 a.
1823 1847 1853 1875 2,
1870 1838 1910 1869 ad
1934 1847 1982 1878 14.

1443 1882 1631 1913 Secundum
1651 1888 1709 1919 est,
1726 1882 1818 1924 quod
1839 1883 1983 1913 animam
1994 1883 2112 1923 perfici
2131 1883 2163 1913 in
2189 1884 2311 1914 unione
2325 1884 2369 1914 ad
2383 1893 2457 1914 cor-

1382 1935 1446 1965 pus
1472 1926 1644 1967 dupliciter
1670 1927 1805 1967 intelligi
1832 1932 1956 1967 potest:
1985 1936 2053 1958 uno
2085 1927 2197 1964 modo,
2229 1928 2320 1968 quod
2348 1929 2456 1968 ipsum

1386 1979 1515 2011 corpus,
1534 1970 1716 2002 secundum
1732 1981 1766 2002 se
1782 1976 1961 2011 sumptum,
1977 1972 2017 2002 sit
2032 1972 2158 2002 animae
2174 1973 2284 2002 unitae
2300 1971 2455 2012 perfectio

1385 2014 1564 2055 quaedam;
1587 2016 1652 2046 alio
1671 2015 1783 2052 modo,
1801 2015 1891 2056 quod
1915 2025 1953 2046 ex
1976 2016 2100 2046 unione
2123 2017 2250 2047 animae
2273 2016 2313 2047 ad
2336 2026 2455 2057 corpus

1385 2060 1493 2090 anima
1515 2061 1653 2100 accipiat
1675 2060 1838 2100 quandam
1856 2060 2091 2100 perfectionem
2114 2069 2213 2100 quam
2228 2066 2372 2101 separata
2387 2070 2455 2091 non

1385 2105 1491 2134 habet.
1508 2104 1550 2134 Et
1571 2104 1718 2135 similiter
1737 2105 1880 2135 animam
1905 2105 2103 2135 naturaliter
2118 2105 2273 2135 inclinari
2295 2105 2339 2136 ad
2362 2106 2455 2135 unio-

1387 2158 1458 2179 nem
1482 2158 1555 2179 cum
1579 2158 1718 2189 corpore
1741 2154 1848 2190 potest
1878 2149 2012 2189 intelligi
2040 2155 2095 2179 aut
2118 2150 2194 2189 quia
2220 2149 2392 2180 inclinatur
2415 2149 2456 2180 ad

1385 2193 1494 2233 ipsum
1510 2202 1630 2233 corpus
1646 2193 1826 2224 secundum
1849 2202 1897 2229 se;
1915 2199 1970 2224 aut
1985 2194 2062 2234 quia
2077 2194 2250 2224 inclinatur
2270 2193 2310 2224 ad
2333 2194 2455 2234 aliquid

1385 2237 1476 2278 quod
1504 2246 1542 2267 ex
1565 2238 1690 2268 unione
1712 2237 1752 2268 ad
1776 2247 1895 2278 corpus
1919 2239 2138 2278 consequitur.
2167 2237 2200 2268 Si
2223 2239 2329 2278 primo
2353 2238 2454 2269 modo

1385 2282 1572 2322 accipiatur,
1601 2283 1647 2312 sic
1670 2291 1738 2313 non
1762 2287 1809 2313 est
1832 2291 1944 2313 verum
1969 2282 2059 2322 quod
2083 2283 2191 2312 anima
2213 2282 2398 2322 perficiatur
2420 2284 2454 2313 in

1385 2327 1510 2357 unione
1535 2326 1576 2356 ad
1600 2336 1730 2367 corpus.
1754 2326 1972 2367 Comparatur
1994 2328 2082 2357 enim
2106 2336 2225 2367 corpus
2250 2326 2290 2357 ad
2313 2328 2455 2357 animam

1385 2371 1469 2402 sicut
1483 2371 1617 2401 materia
1631 2370 1672 2401 ad
1688 2370 1841 2402 formam:
1859 2372 1991 2402 materia
2007 2377 2116 2402 autem
2132 2370 2314 2401 secundum
2329 2381 2363 2402 se
2386 2381 2455 2402 non

1385 2421 1434 2446 est
1456 2415 1614 2455 perfectio
1628 2415 1764 2454 formae,
1785 2415 1841 2446 sed
1858 2425 1876 2446 e
1892 2416 2055 2446 contrario
2078 2415 2181 2446 forma
2205 2421 2253 2446 est
2275 2415 2455 2446 secundum

1385 2469 1421 2490 se
1443 2459 1600 2500 perfectio
1619 2461 1782 2490 materiae.
1800 2460 1894 2491 Unde
1918 2469 1978 2490 nec
2002 2460 2041 2490 ad
2064 2460 2172 2500 ipsum
2189 2469 2308 2500 corpus
2323 2466 2456 2500 propter

1385 2505 1528 2544 seipsum
1552 2505 1734 2535 inclinatur.
1750 2522 1773 2526 —
1789 2504 1822 2535 Si
1846 2510 1956 2535 autem
1979 2505 2155 2544 accipiatur
2174 2504 2318 2534 secundo
2341 2504 2454 2540 modo,

1385 2549 1477 2579 aliter
1499 2548 1674 2579 dicendum
1690 2554 1738 2579 est
1753 2549 1780 2578 si
1801 2558 1964 2589 ponamus
1982 2549 2124 2578 animam
2139 2548 2321 2578 secundum
2335 2558 2370 2579 se
2386 2558 2455 2579 esse

1385 2599 1533 2624 naturam
1549 2593 1747 2634 completam
1770 2593 1804 2623 in
1827 2594 1953 2633 specie:
1971 2599 2003 2623 et
2018 2593 2108 2622 aliter
2122 2593 2149 2622 si
2164 2601 2327 2632 ponamus
2349 2594 2454 2633 ipsam

1385 2637 1566 2668 secundum
1588 2646 1622 2667 se
1638 2647 1706 2668 non
1727 2637 1844 2667 habere
1862 2637 2142 2678 complementum
2161 2637 2291 2676 speciei,
2307 2637 2363 2667 sed
2385 2646 2454 2668 esse

1385 2687 1510 2722 partem
1534 2682 1737 2712 essentialem
1760 2687 1892 2712 naturae
1916 2682 2087 2712 humanae.
2115 2681 2199 2711 Nam
2226 2682 2253 2711 si
2276 2682 2316 2711 sit
2341 2687 2454 2712 natura

1385 2726 1559 2766 completa,
1579 2735 1637 2766 per
1659 2726 1817 2756 unionem
1833 2725 1873 2756 ad
1889 2735 2008 2766 corpus
2024 2726 2131 2756 anima
2147 2725 2382 2765 perfectionem
2406 2735 2455 2756 es-

1385 2770 1553 2801 sentialem
1569 2776 1625 2800 aut
1646 2770 1826 2800 naturalem
1841 2779 1909 2800 non
1932 2770 2062 2810 recipit:
2080 2771 2156 2810 quia
2171 2770 2278 2800 omnis
2297 2769 2454 2809 perfectio

1385 2815 1537 2845 naturalis
1560 2815 1621 2845 sibi
1643 2814 1824 2845 secundum
1847 2815 1987 2854 seipsam
2011 2814 2179 2850 convenit;
2203 2814 2286 2844 sicut
2309 2819 2342 2844 et
2364 2814 2455 2844 omni

1385 2865 1517 2890 naturae
1533 2858 1703 2899 specificae
1726 2859 1833 2889 omnis
1857 2859 1926 2889 eius
1948 2859 2100 2889 naturalis
2123 2858 2279 2898 perfectio
2303 2859 2456 2888 convenit

1386 2903 1567 2934 secundum
1579 2913 1623 2940 se,
1636 2912 1705 2934 non
1720 2909 1830 2934 autem
1845 2912 1902 2943 per
1917 2902 2039 2943 aliquid
2055 2904 2280 2933 extrinsecum.
2297 2902 2331 2933 Si
2346 2908 2455 2933 autem

1385 2949 1426 2978 sit
1440 2953 1555 2978 natura
1569 2947 1758 2988 imperfecta
1773 2957 1857 2988 quae
1872 2948 1912 2978 sit
1927 2957 2000 2987 pars
2015 2948 2134 2988 speciei
2157 2948 2328 2983 humanae,
2345 2948 2391 2977 sic
2407 2946 2455 2977 di-

1386 3002 1459 3023 cere
1483 2997 1614 3032 oportet
1637 2993 1741 3032 ipsam
1764 2992 1910 3032 accipere
1925 2992 2067 3032 aliquam
2084 3001 2122 3022 ex
2140 2992 2263 3021 unione
2279 2990 2319 3021 ad
2335 3000 2455 3031 corpus

1386 3035 1635 3077 perfectionem:
1653 3037 1730 3077 quia
1742 3046 1781 3067 ex
1797 3046 1838 3067 eo
1851 3035 1941 3076 quod
1956 3037 2066 3067 unitur
2078 3036 2218 3076 corpori,
2235 3035 2353 3075 accipit
2364 3045 2455 3066 com-

1386 3081 1590 3121 plementum
1612 3091 1689 3112 suae
1713 3081 1842 3121 speciei,
1867 3080 1946 3111 dum
1970 3086 2018 3111 est
2040 3081 2205 3111 actualiter
2227 3089 2299 3119 pars
2322 3085 2454 3110 naturae

1387 3126 1560 3162 humanae,
1583 3125 1675 3165 quod
1698 3126 1758 3155 sibi
1782 3135 1800 3155 a
1815 3134 1953 3165 corpore
1969 3130 2133 3165 separatae
2153 3133 2221 3154 non
2238 3124 2403 3154 convenit.

1444 3169 1540 3201 Unde
1563 3169 1681 3200 falsum
1697 3175 1745 3200 est
1760 3169 1852 3210 quod
1866 3169 1973 3209 inquit
1988 3169 2115 3204 Scotus‚
2130 3170 2164 3199 in
2180 3168 2317 3206 Quarto,
2334 3167 2365 3198 d.
2381 3177 2453 3204 ην,

1389 3225 1421 3255 q.
1437 3225 1461 3244 11
1472 3215 1499 3251 *‚
1515 3214 1658 3245 animam
1673 3215 1757 3245 uniri
1773 3214 1903 3253 corpori
1913 3223 1982 3244 non
1997 3218 2131 3253 propter
2146 3214 2270 3243 bonum
2286 3213 2455 3252 proprium

1388 3265 1445 3290 aut
1459 3259 1621 3295 materiae,
1637 3258 1694 3289 sed
1708 3263 1835 3289 tantum
1850 3263 1983 3298 propter
1998 3258 2123 3288 bonum
2135 3257 2320 3297 compositi.
2337 3256 2456 3287 Forma

1389 3304 1477 3334 enim
1496 3303 1682 3339 subsistens,
1697 3312 1766 3333 non
1781 3301 2034 3342 dependensque
2057 3312 2075 3332 a
2093 3302 2236 3337 materia,
2251 3310 2320 3331 non
2336 3310 2455 3332 conve-

1375 3349 1516 3386 nienter
1538 3353 1714 3387 poneretur
1736 3347 1820 3377 uniri
1843 3346 1993 3377 materiae
2017 3346 2078 3376 nisi
2102 3355 2140 3376 ex
2167 3346 2222 3375 tali
2252 3346 2375 3375 unione
2400 3345 2456 3376 ali-

1389 3391 1481 3433 quod
1503 3392 1630 3422 bonum
1653 3392 1822 3431 proprium
1847 3395 2109 3430 consequeretur.

1447 3446 1477 3467 2.
1501 3436 1555 3467 Ad
1577 3436 1713 3467 dubium
1737 3445 1814 3475 ergo
1838 3435 1954 3465 dicitur
1972 3434 2063 3474 quod
2085 3434 2166 3464 ratio
2183 3433 2293 3464 Sancti
2308 3434 2457 3464 Thomae

1390 3486 1438 3512 est
1460 3481 1504 3512 ad
1526 3481 1697 3511 hominem.
1729 3479 1893 3519 Supponit
1920 3479 2017 3515 enim,
2046 3477 2227 3509 secundum
2258 3478 2457 3518 positionem

1390 3525 1654 3560 adversariorum,
1679 3524 1819 3554 animam
1843 3533 1912 3554 esse
1935 3523 2015 3562 quid
2038 3522 2240 3562 completum
2269 3523 2303 3552 in
2332 3522 2457 3562 specie;

1390 3575 1422 3600 et
1443 3569 1626 3600 secundum
1648 3569 1825 3604 veritatem,
1849 3568 1952 3608 ipsam
1977 3577 2045 3598 esse
2073 3567 2218 3606 corporis
2249 3566 2398 3603 formam,
2422 3572 2460 3597 ut

1390 3615 1538 3654 superius
1562 3619 1609 3644 est
1632 3613 1815 3652 probatum.
1831 3612 1880 3642 Ex
1904 3612 2022 3652 quibus
2038 3612 2181 3652 arguitur
2199 3612 2302 3652 ipsam
2318 3620 2387 3641 non
2403 3620 2459 3651 ap-

1390 3664 1500 3698 petere
1523 3657 1706 3688 naturaliter
1730 3657 1887 3687 unionem
1907 3655 1946 3687 ad
1970 3665 2098 3696 corpus.
2123 3656 2277 3696 Arguitur
2292 3656 2379 3686 enirn
2403 3656 2458 3686 sic.

2489 434 2499 443 '‘
2515 432 2586 454 Num.
2604 438 2635 460 tv,
2656 439 2676 455 2.
2691 443 2704 451 -

2489 459 2526 481 cf.
2541 465 2604 481 num.
2615 465 2653 481 vu.

2487 960 2496 969 ·
2510 959 2546 981 Cf.
2561 965 2624 982 num.
2636 965 2699 988 ¹¹·3-

2484 1133 2494 1144 ”
2508 1133 2579 1156 Num.
2594 1139 2625 1161 w,
2649 1139 2669 1163 3.

2484 1159 2521 1183 cf.
2531 1166 2595 1182 num.
2606 1167 2629 1182 x.

2483 3219 2492 3228 ·
2506 3216 2556 3239 Fol.
2575 3222 2613 3245 ¹30
2629 3214 2700 3244 (Ven.

2484 3243 2557 3271 ¹497)-
