2768 4134
819 291 1007 330 SUMMA
1037 295 1258 334 CONTRA
1286 298 1561 348 GENTILES,
1592 301 1703 338 CAP.
1730 303 1938 340 LXXXIX.

280 367 388 416 quod
417 367 631 418 aliqualiter
662 368 750 418 quis
783 381 824 405 se
858 370 974 408 habet
1002 373 1050 409 ad
1084 375 1247 412 alterum
1280 378 1350 414 ho-
1405 385 1468 415 tur
1486 386 1528 416 ut
1547 381 1708 418 malum.
1728 382 1813 419 Nec
1832 390 1888 419 est
1904 382 1975 419 nisi
1995 383 2035 420 in
2053 384 2345 433 particularibus
2362 385 2475 423 bonis

280 432 384 457 rum:
411 421 464 458 sic
487 422 594 459 enim
621 434 708 472 spes
733 430 770 458 et
795 423 983 470 gaudium
1002 426 1195 465 differunt.
1220 429 1260 466 Si
1286 430 1350 478 igi-

279 481 342 510 tur
369 475 513 511 modus
542 475 623 524 ipse
653 487 692 512 se
721 475 891 512 habendi
920 478 968 514 ad
998 479 1194 518 obiectum
1218 483 1285 531 qui
1312 483 1373 520 in¹

279 526 427 564 ratione
459 527 650 577 passionis
683 527 902 575 includitur,
932 531 1017 568 Deo
1046 544 1126 569 non
1155 535 1349 584 competit,

2398 319 2468 355 241

1405 439 1447 468 ut
1475 433 1628 470 alterius
1664 435 1812 471 malum
1841 436 1961 484 possit
1988 437 2138 474 bonum
2168 437 2326 475 existere
2355 439 2473 487 alteri,

1406 484 1445 521 in
1474 485 1616 534 quibus
1645 490 1836 537 corruptio
1860 490 1969 525 unius
1991 496 2042 526 est
2059 492 2253 539 generatio
2272 492 2471 529 alterius*:

1406 538 1612 575 universali
1641 547 1772 577 autem
1798 541 1904 578 bono
1929 553 1975 578 ex
2005 544 2111 580 nullo
2129 543 2346 592 particulari
2366 545 2472 582 bono

279 592 353 617 nec
380 579 464 630 ipsa
491 581 621 630 passio
649 581 736 618 Deo
765 582 974 620 convenire
1003 593 1138 633 potest,
1161 587 1276 625 etiam
1305 601 1351 626 ex
1373 602 1382 621 ⁵
1405 591 1551 640 aliquid
1571 592 1730 641 deperit,
1752 594 1819 630 sed
1834 606 1904 643 per
1918 597 2232 645 unumquodque
2252 609 2472 646 repraesen-

279 633 428 671 ratione
460 634 640 683 propriae
679 634 833 683 speciei.
869 636 966 685 Spes
994 645 1137 685 autern,
1172 642 1351 689 quamvis

279 687 420 724 habeat
448 686 646 724 obiectum
665 687 829 734 bonum,
852 701 932 725 non
952 697 1083 727 tamen
1102 692 1252 730 bonurn
1272 694 1350 731 iam

279 739 495 786 obtentum,
525 741 593 777 sed
622 740 892 778 obtinendum.
924 743 1044 790 Quod
1073 744 1233 793 quidem
1265 748 1350 785 Deo

278 804 360 830 non
387 800 514 842 potest
539 802 776 843 competere,
803 793 949 832 ratione
978 809 1070 834 suae
1099 798 1349 847 perfectionis,

278 858 379 895 quae
398 854 503 883 tanta
522 854 578 884 est
597 847 706 896 quod
731 847 766 884 ei
793 847 939 885 additio
967 849 1052 886 fieri
1081 863 1162 888 non
1181 860 1304 901 potest
1318 854 1348 891 ²¹⁶.

278 901 369 949 Spes
387 899 501 948 igitur
528 900 568 937 in
592 901 678 938 Deo
698 913 782 938 esse
802 913 883 938 non
911 910 1048 951 potest,
1069 904 1184 941 etiam
1204 906 1350 944 ratione

0 963 17 991 ὲμ
277 962 372 990 suae
396 953 548 1003 speciei.
580 955 629 991 Et
651 954 824 991 similiter
847 966 919 992 nec
939 956 1160 994 desiderium
1190 958 1350 997 alicuius

5 1014 10 1022 ·
278 1017 359 1043 non
388 1006 520 1044 habiti.

2 827 8 878 'a
35 849 46 860 ⁶
61 848 120 877 Cap.
130 854 213 870 xxviii.

331 1060 523 1110 Amplius.
545 1059 654 1098 Sicut
673 1059 805 1098 divina
832 1062 1014 1111 perfectio
1034 1062 1195 1113 impedit
1214 1073 1349 1115 poten-

277 1112 372 1151 tiam
399 1113 607 1152 additionis
635 1114 797 1152 alicuius
826 1115 921 1152 boni
955 1117 1155 1155 obtinendi
1192 1131 1214 1156 a
1251 1120 1348 1165 Deo,

277 1166 328 1204 ita
355 1167 483 1214 etiam,
513 1175 550 1204 et
577 1168 702 1205 multo
731 1168 910 1217 amplius,
941 1170 1108 1208 excludit
1139 1172 1350 1220 potentiam

277 1220 327 1257 ad
346 1221 496 1258 malum
511 1220 541 1257 *.
572 1220 713 1258 Timor
740 1229 871 1258 autem
901 1224 1051 1273 respicit
1073 1226 1221 1262 malum
1242 1227 1350 1275 quod

168 1308 170 1311 ,
275 1280 402 1324 potest
429 1273 647 1326 imminere,
669 1274 766 1311 sicut
795 1287 882 1324 spes
907 1277 1058 1314 bonum
1078 1278 1347 1316 obtinendum.

187 1335 198 1342 *¹
236 1338 237 1341 ¹
276 1325 431 1377 ERN-205
459 1325 579 1376 igitur
600 1327 748 1365 ratione
778 1341 871 1366 suae
899 1330 1040 1379 speciei
1068 1333 1181 1369 timor
1213 1345 1235 1369 a
1263 1333 1348 1370 Deo

276 1379 508 1419 excluditur:
530 1388 567 1418 et
585 1381 679 1430 quia
706 1393 787 1419 non
816 1390 873 1419 est
891 1383 964 1420 nisi
992 1384 1184 1422 existentis
1212 1385 1252 1422 in
1279 1398 1349 1435 po-

274 1433 411 1493 tentia3
433 1441 470 1471 et
488 1433 581 1484 quia
594 1435 711 1472 habet
725 1435 923 1474 obiectum
938 1439 1087 1475 malum
1102 1439 1210 1487 quod
1225 1447 1351 1488 potest

275 1499 411 1524 messe.

328 1540 436 1578 Item.
451 1540 692 1579 Poenitentia
707 1542 964 1580 mutationem
979 1544 1139 1581 affectus
1155 1544 1347 1594 importat.

18 1631 20 1633 ,
56 1598 95 1623 0¹·
110 1604 229 1629 ammu-
274 1592 392 1643 Igitur
419 1602 456 1631 et
484 1594 579 1632 ratio
603 1597 856 1645 poenitentiae
883 1597 969 1634 Deo
998 1606 1186 1647 repugnat
1204 1598 1239 1643 ³⁸,
1271 1611 1349 1636 non

18 1208 45 1236 ¹·
58 1221 117 1251 cno-
132 1228 214 1250 mm,

33 1254 115 1273 ¹211!-

274 1700 533 1738 mutationem
561 1703 770 1740 voluntatis
798 1703 991 1752 importat.

327 1755 542 1792 Praeterea.
555 1756 715 1805 Absque
731 1768 860 1793 errore
876 1757 1090 1805 cognitivae
1102 1757 1250 1795 virtutis
1266 1770 1349 1796 esse

274 1819 355 1860 non
374 1816 500 1858 potest
519 1817 561 1845 ut
589 1809 683 1846 illud
709 1810 817 1859 quod
838 1818 893 1847 est
912 1810 1062 1848 bonum
1082 1812 1349 1861 apprehenda-

327 1923 342 1949 3
362 1924 420 1966 ipse
437 1931 480 1949 om
502 1932 542 1949 uc.
569 1959 575 1965 .
589 1960 595 1965 1
628 1932 642 1957 7
663 1925 714 1949 iam
734 1926 755 1949 A
769 1926 854 1956 solus;
873 1932 926 1950 om.

274 1967 307 1993 ²7
327 1959 821 2028 {oirigizgeldggggitlsslsngdeperit
839 1995 961 2030 (deperiit
979 1997 1007 2027 α)
1026 1996 1134 2029 aliquid.

267 2069 333 2099 post
349 2066 407 2093 tibi.

500 2074 532 2099 ²7
552 2067 653 2099 species
671 2069 695 2092 Α
713 2068 798 2098 solus;
818 2069 974 2101 specierum.

328 2288 476 2311 oneum
499 2280 724 2311 determinavit
747 2280 883 2311 Sanctus
907 2280 1051 2311 Thomas
1071 2280 1110 2312 de
1129 2281 1295 2312 intellectu
1318 2286 1349 2311 et

276 2291 497 2356 onluntate
520 2325 639 2361 divina,
659 2335 747 2355 nunc
766 2325 806 2356 de
825 2325 1030 2365 passionibus
1054 2330 1086 2356 et
1107 2326 1278 2356 virtutibus
1294 2325 1349 2356 de-

27 2371 91 2396 ·G·
111 2373 245 2405 0⁰th-
272 2369 422 2401 terminat
434 2370 461 2400 ⁴².
486 2369 581 2400 Circa
605 2370 668 2400 hoc
692 2374 802 2400 autem
826 2369 892 2400 duo
909 2369 999 2400 facit:
1024 2370 1140 2410 primo,
1159 2370 1350 2400 determinat

20 2405 81 2447 ,ω’
92 2405 155 2427 mv,
167 2399 216 2422 ‘²¹⁸'
273 2413 314 2446 de
328 2414 548 2455 passionibus;
573 2413 730 2451 secundo,
747 2414 787 2445 de
804 2414 975 2445 virtutibus
991 2423 1061 2454 cap.
1078 2424 1151 2445 xcn.
1176 2414 1270 2445 Circa
1286 2415 1350 2454 pri-

272 2467 366 2490 mum
381 2458 448 2489 duo
465 2458 555 2489 facit:
577 2459 696 2499 primo,
713 2459 778 2499 agit
793 2458 833 2489 de
849 2459 887 2489 iis
903 2468 987 2499 quae
1003 2469 1022 2489 a
1037 2459 1110 2489 Deo
1126 2465 1348 2495 removentur;

273 2503 430 2540 secundo,
454 2503 494 2534 de
517 2504 556 2534 iis
580 2513 664 2544 quae
691 2504 751 2534 sibi
779 2504 989 2539 conveniunt,
1018 2504 1122 2543 capite
1147 2505 1304 2543 sequenti.
1329 2522 1350 2525 —

272 2548 364 2579 Prius
387 2554 497 2579 autem
513 2547 705 2580 determinat
721 2547 762 2578 de
777 2548 981 2588 passionibus
998 2557 1096 2588 quam
1114 2547 1153 2579 de
1169 2549 1349 2585 virtutibus,

273 2593 350 2633 quia
365 2593 547 2633 aliquarum
563 2593 719 2624 virtutum
736 2593 863 2623 obiecta
886 2598 961 2623 sunt
984 2593 1165 2632 passiones;
1189 2593 1277 2633 prius
1293 2602 1350 2623 au-

272 2643 340 2669 tem
363 2636 646 2669 determinandum
670 2637 711 2668 de
735 2637 880 2668 obiectis.

329 2681 424 2713 Circa
447 2682 592 2722 primum
615 2682 683 2714 duo
707 2681 797 2712 facit:
821 2683 939 2722 primo,
965 2681 1106 2712 ostendit
1132 2682 1254 2712 nullam
1278 2691 1350 2721 pas-

273 2727 401 2757 sionem
424 2727 600 2758 convenire
624 2727 696 2757 Deo
720 2727 846 2757 ratione
869 2727 1004 2766 generis,
1026 2727 1146 2756 scilicet
1169 2725 1349 2756 secundum

272 2771 433 2803 rationem
448 2772 620 2812 passionis;
643 2771 800 2807 secundo,
817 2771 959 2802 ostendit
974 2771 1097 2811 aliquas
1114 2771 1209 2801 etiam
1225 2771 1348 2800 ratione

273 2816 423 2856 propriae
446 2817 567 2857 speciei
590 2816 629 2846 ab
653 2816 726 2856 ipso
750 2817 910 2846 removeri
926 2817 953 2846 ἢ

330 2859 501 2899 Quantum
532 2860 573 2892 ad
603 2861 758 2901 primum,
789 2860 1021 2891 advertendum
1052 2859 1143 2899 quod
1166 2859 1349 2900 affectionis

37 2922 41 2936 f
211 2942 214 2945 Ι
273 2906 410 2937 nomine
425 2905 511 2946 ipsas
525 2906 704 2946 passiones,
717 2910 754 2935 ut
770 2911 857 2945 patet
869 2915 907 2935 ex
923 2905 1029 2934 Prima
1041 2903 1219 2939 Secundae,
1234 2913 1264 2943 q.
1274 2913 1348 2939 xxn,

4 2965 6 2973 ν
42 2948 112 2978 «ΜΙ-
128 2948 178 2971 Sea
192 2955 248 2971 ⁶⁰¹¹·
275 2959 303 2980 a.
321 2959 340 2980 2
353 2950 383 2986 *‚
405 2949 544 2982 Sanctus
559 2949 705 2981 Thomas
728 2950 887 2989 intelligit.
912 2949 1016 2984 Unde,
1039 2958 1114 2978 cum
1138 2948 1243 2988 inquit
1259 2947 1348 2987 quod

39 3002 43 3009 ’
73 2991 80 2998 ”
276 2995 308 3024 in
333 2994 405 3025 Deo
431 3004 496 3025 non
520 2999 599 3026 sunt
613 2995 786 3035 passiones
810 2994 994 3035 affectuum,
1013 2999 1060 3023 est
1079 2993 1276 3023 constructio
1300 2993 1349 3022 in-

274 3039 448 3076 transitiva,
466 3045 498 3070 et
521 3045 569 3070 est
591 3049 705 3070 sensus
729 3038 820 3079 quod
844 3039 876 3069 in
902 3039 970 3078 ipso
995 3047 1060 3067 non
1085 3042 1162 3067 sunt
1177 3037 1349 3076 passiones

275 3083 445 3124 appetitus,
463 3093 547 3124 quae
567 3089 645 3114 sunt
659 3084 849 3124 affectiones
871 3082 1040 3124 quaedam.
1058 3081 1217 3111 Dicuntur
1239 3087 1348 3112 autem

274 3128 442 3168 passiones
473 3129 635 3168 appetitus
665 3128 853 3158 affectiones
877 3127 1036 3167 quaedam
1066 3125 1106 3155 ad
1137 3125 1348 3156 differentiam

274 3173 434 3213 passionis
457 3172 640 3203 intellectus
664 3178 695 3203 et
718 3182 841 3208 sensus
858 3181 940 3212 quae
965 3177 1039 3201 sunt
1061 3170 1264 3209 receptiones
1279 3176 1348 3199 tan-

274 3223 356 3253 tum,
373 3227 443 3248 non
465 3223 575 3248 autem
598 3223 709 3248 motus
733 3223 765 3247 et
787 3217 1012 3246 inclinationes
1028 3214 1067 3244 ad
1083 3224 1161 3250 rem,
1179 3214 1270 3254 quod
1288 3224 1348 3244 no-

51 3290 55 3298 .
274 3262 364 3293 mine
387 3262 572 3303 affectionis
594 3263 798 3302 importatur.

44 3302 49 3316 ⁸
71 3328 104 3343 ,,,,
331 3306 354 3336 1.
379 3306 537 3337 Probatur
563 3316 640 3346 ergo
669 3307 786 3346 prim0,
815 3305 940 3335 nullam
959 3303 1156 3344 passionem,
1181 3307 1217 3332 ut
1233 3303 1346 3342 passio

10 3347 11 3350 ¹
43 3345 48 3351 ⁴
276 3356 331 3386 est,
347 3351 420 3381 Deo
436 3351 612 3381 convenire
622 3360 730 3391 posse,
745 3351 799 3380 sic.
825 3348 1012 3380 Secundum
1028 3347 1255 3377 intellectivam
1271 3346 1347 3377 affe-

276 3396 420 3426 ctionem
443 3405 512 3426 non
537 3401 584 3426 est
607 3395 716 3435 aliqua
738 3395 856 3435 passi0‚
882 3393 937 3423 sed
961 3391 1141 3422 secundum
1165 3391 1348 3421 sensitivam

275 3445 413 3476 tantum,
429 3445 466 3470 ut
482 3440 599 3471 dieitur
616 3440 672 3470 VII
689 3439 798 3480 Pars„
817 3443 892 3468 text.
908 3437 955 3467 18.
973 3437 1059 3476 Ergo
1078 3437 1111 3465 in
1128 3435 1199 3465 Deo
1216 3445 1283 3465 non
1301 3440 1348 3465 est

276 3484 383 3524 aliqua
402 3485 523 3524 passio:
549 3485 582 3515 in
607 3494 647 3514 eo
674 3485 760 3514 enim
783 3493 851 3513 non
876 3488 922 3512 est
945 3481 1094 3511 sensitiva
1111 3479 1248 3515 affectio,
1266 3480 1347 3509 sicut

276 3538 337 3559 nec
361 3529 511 3559 sensitiva
536 3529 691 3569 cognitio.

332 3573 588 3609 Advertendum‚
613 3583 651 3603 ex
675 3573 780 3602 Prima
805 3570 982 3606 Secundae,
1007 3569 1081 3599 loco
1106 3568 1252 3607 superius
1271 3567 1347 3598 alle-

275 3623 350 3657 gato
363 3619 390 3654 ³²,
408 3624 439 3648 et
455 3618 494 3648 de
511 3618 618 3652 Verit.,
634 3627 664 3657 q.
677 3627 751 3647 xxw
763 3617 807 3652 ἢ,
825 3615 915 3656 quod
930 3615 1036 3654 passio
1053 3612 1182 3653 proprie
1198 3611 1282 3642 dicta
1297 3612 1346 3641 in-

276 3662 404 3693 venitur
420 3668 547 3692 tantum
564 3663 618 3692 ubi
636 3667 684 3692 est
699 3661 923 3691 transmutatio
940 3658 1124 3698 corporalis.
1139 3656 1223 3693 Quia
1234 3656 1346 3696 passio

35 2831 42 2844 2
55 2814 92 2839 Cf.
107 2821 173 2839 miv.

7 3607 12 3638 ’ξ
85 3617 107 3634 u.
122 3618 180 3640 xxii,
195 3618 216 3634 a.
229 3620 247 3635 i.

53 3661 56 3662 γ
93 3641 122 3661 n.
133 3646 152 3661 ι.

419 3725 513 3749 SUMMA
533 3724 644 3748 CONTRA
664 3723 798 3747 Gmmzs
819 3722 848 3746 D.
868 3722 982 3746 Tuomst:
1001 3720 1070 3744 Tou.
1090 3719 1106 3743 1.

1013 1932 1044 1950 12
1066 1925 1122 1959 nec]
1142 1933 1175 1951 ne
1193 1926 1272 1957 BCF;
1292 1927 1342 1952 lac.
1362 1927 1394 1951 H.

1278 2003 1288 2021 t
1344 1997 1393 2021 'am
1501 2015 1508 2022 .

271 2038 332 2057 cum
345 2038 399 2064 quo
409 2031 506 2060 cereri,-
524 2031 550 2056 in
565 2031 588 2056 Y
602 2035 741 2056 corrector
754 2039 838 2063 supra
852 2032 1019 2065 marginem:
1038 2042 1051 2055 ε
1069 2033 1122 2057 duo
1137 2032 1194 2057 libri
1208 2005 1245 2057 si9c
1259 1996 1389 2058 grininsed
1403 2002 1453 2065 eigo
1459 1997 1545 2057 ¹:cii-'edo
1559 2033 1631 2066 quod
1646 2033 1756 2059 defficiat
1769 2041 1822 2058 non
1836 2039 1895 2058 ante
1909 2035 2017 2059 verbum
2034 2034 2192 2068 aprehendat
2206 2043 2229 2059 ».

1405 651 1515 680 tatur.
1533 645 1640 682 Deus
1659 653 1790 683 autem
1811 654 1866 683 est
1885 647 2101 686 universale
2121 649 2282 696 bonum,
2300 650 2409 687 cuius
2424 651 2471 688 si-

1406 696 1662 735 militudinem
1681 699 1948 749 participando
1970 701 2102 738 omnia
2121 701 2302 740 dicuntur
2320 703 2424 741 bona
2438 704 2469 741 ²¹².

1405 750 1559 787 Nullius
1594 750 1708 799 igitur
1743 754 1892 790 malum
1928 753 1999 790 sibi
2027 762 2152 803 potest
2190 767 2271 792 esse
2306 757 2468 794 bonum.

1406 803 1489 839 Nec
1508 811 1634 852 potest
1653 817 1735 842 esse
1755 813 1797 842 ut
1816 805 1856 843 id
1875 807 1982 855 quod
2003 815 2058 844 est
2078 807 2298 856 simpliciter
2320 809 2470 847 bonum

1367 871 1391 885 ιο
1406 863 1442 892 et
1469 868 1550 893 non
1578 865 1634 894 est
1661 857 1733 895 sibi
1761 860 1922 906 malum,
1943 861 2208 909 apprehendat
2235 869 2278 898 ut
2303 864 2469 900 malum:

1406 908 1496 957 quia
1524 922 1594 946 sua
1623 910 1779 948 scientia
1816 920 1872 949 est
1899 913 2047 962 absque
2075 925 2216 961 errore,
2245 922 2288 951 ut
2315 927 2431 964 supra
2451 915 2471 937 '¹‘

1406 969 1605 999 ostensum
1625 972 1691 1001 est.
1713 965 1901 1002 Invidiam
1930 965 2043 1014 igitur
2070 966 2110 1003 in
2129 967 2215 1004 Deo
2235 967 2471 1017 impossibile

1406 1022 1461 1051 est
1480 1027 1573 1062 esse,
1594 1016 1708 1054 etiam
1738 1019 1956 1056 secundum
1975 1031 2067 1056 suae
2097 1020 2236 1069 speciei
2264 1021 2468 1058 rationem:

1405 1079 1485 1104 non
1514 1070 1642 1106 solum
1661 1070 1753 1119 quia
1781 1070 1925 1109 invidia
1944 1072 2090 1122 species
2119 1072 2285 1110 tristitiae
2307 1081 2373 1120 est,
2403 1074 2470 1111 sed

1366 1136 1388 1155 ις
1405 1121 1520 1158 etiam
1548 1122 1640 1171 quia
1667 1123 1833 1161 tristatur
1860 1125 1909 1162 de
1938 1126 2044 1163 bono
2073 1126 2239 1172 alterius,
2264 1134 2301 1164 et
2328 1127 2381 1164 sic
2409 1139 2470 1164 ac-

1405 1174 1494 1223 cipit
1522 1175 1672 1213 bonum
1701 1177 1854 1214 alterius
1881 1186 2069 1228 tanquam
2097 1180 2246 1216 malum
2275 1180 2357 1217 sibi.

1458 1228 1610 1265 Adhuc.
1641 1229 1828 1267 Eiusdem
1857 1231 2012 1269 rationis
2041 1240 2096 1269 est
2123 1232 2258 1270 tristari
2286 1233 2335 1270 de
2363 1233 2468 1270 bono

1405 1287 1441 1316 et
1469 1289 1651 1330 appetere
1685 1284 1851 1320 malum:
1889 1296 1980 1321 nam
2016 1285 2189 1334 primum
2223 1294 2279 1322 est
2313 1298 2358 1323 ex
2393 1287 2469 1324 hoc

1405 1334 1512 1382 quod
1540 1334 1691 1372 bonum
1711 1336 1933 1374 aestimatur
1950 1340 2118 1384 malum;
2139 1339 2356 1376 secundum
2374 1351 2468 1376 vero

1365 1403 1391 1417 20
1405 1394 1460 1423 est
1488 1399 1535 1424 ex
1563 1388 1640 1425 hoc
1667 1389 1775 1438 quod
1804 1391 1952 1427 malum
1981 1391 2202 1428 aestimatur
2229 1392 2391 1429 bonum.
2411 1393 2470 1429 Ira

1405 1447 1535 1477 autem
1564 1449 1620 1477 est
1647 1442 1837 1490 appetitus
1865 1443 1955 1480 mali
1983 1444 2135 1481 alterius
2164 1445 2210 1481 ad
2248 1444 2467 1482 vindictam.

1404 1495 1471 1530 Ira
1500 1492 1613 1541 igitur
1641 1507 1664 1531 a
1689 1495 1776 1532 Deo
1805 1497 1917 1544 longe
1946 1504 2002 1533 est
2036 1498 2252 1534 secundum
2280 1498 2469 1535 rationem

1405 1558 1497 1583 suae
1526 1547 1684 1596 speciei:
1715 1560 1795 1585 non
1831 1550 1958 1586 solum
1987 1550 2078 1599 quia
2113 1551 2271 1587 effectus
2303 1551 2468 1588 tristitiae

1405 1607 1478 1645 est;
1509 1600 1576 1637 sed
1605 1599 1721 1638 etiam
1750 1601 1842 1650 quia
1870 1610 1925 1638 est
1954 1602 2144 1652 appetitus
2163 1602 2353 1640 vindictae
2381 1616 2469 1653 pro-

275 1643 404 1690 solum
433 1647 525 1697 quia
554 1648 701 1698 species
729 1649 899 1687 tristitiae
928 1658 995 1697 est,
1026 1651 1238 1691 sedetiam
1258 1651 1350 1702 quia
1364 1668 1388 1688 ες
1404 1660 1488 1702 pter
1515 1652 1702 1690 tristitiam
1731 1665 1776 1691 ex
1805 1654 1943 1692 iniuria
1971 1655 2070 1692 illata
2097 1664 2336 1705 conceptam.

1458 1706 1619 1752 Rursus,
1656 1719 1929 1756 quaecumque
1969 1708 2064 1745 aliae
2098 1708 2295 1758 passiones
2330 1710 2469 1746 harum

1404 1759 1551 1808 species
1575 1767 1664 1796 sunt
1685 1761 1747 1797 vel
1775 1761 1824 1797 ab
1853 1761 1906 1797 eis
1926 1770 2143 1807 causantur,
2173 1762 2255 1811 pari
2284 1762 2429 1799 ratione
2449 1774 2471 1798 a

1404 1812 1489 1849 Deo
1519 1813 1787 1850 excluduntur.

1481 1926 1514 1952 16
1533 1927 1610 1951 etiam
1626 1932 1652 1952 et
1663 1928 1686 1952 A
1700 1928 1785 1958 solus;
1805 1935 1848 1953 om
1862 1927 1893 1958 D,
1909 1929 1986 1953 etiam
1998 1928 2088 1954 ceteri.
2174 1935 2207 1952 20
2225 1933 2250 1953 et
2267 1927 2336 1961 quia]
2351 1930 2411 1961 quia
2424 1930 2470 1955 αΖ.

1601 2004 1633 2022 io
1653 1999 1751 2022 malum
1770 1999 1817 2023 alt.
1831 1999 1887 2023 loco
1903 1998 2015 2032 legimus
2033 2006 2091 2024 cum
2112 1999 2224 2030 HWPd5
2243 1999 2352 2059 bonum·5
2360 2008 2423 2025 casu
2437 2002 2468 2032 A,

2320 2041 2330 2060 ι
2370 2037 2468 2060 malum

1035 2174 1370 2208 Commentaria
1401 2175 1712 2208 Fen-ariensis

1402 2282 1533 2321 proprie
1557 2281 1702 2311 nominat
1727 2282 1939 2321 receptionem
1963 2281 2102 2311 alicuius
2125 2291 2196 2311 cum
2221 2281 2355 2311 alterius
2385 2281 2469 2311 abie-

1403 2325 1510 2356 ctione
1526 2335 1591 2365 per
1610 2331 1750 2355 motum:
1773 2331 1804 2356 et
1828 2326 1904 2365 quia
1926 2326 2050 2355 moveri
2074 2331 2120 2356 est
2144 2335 2329 2365 corporum,
2346 2325 2419 2356 ideo
2435 2326 2469 2355 in

1403 2376 1478 2400 actu
1502 2370 1663 2410 appetitus
1686 2369 1883 2406 intellectivi,
1900 2370 1975 2409 quia
1998 2379 2066 2400 non
2090 2376 2137 2400 est
2159 2376 2248 2400 actus
2272 2371 2382 2410 organi
2401 2379 2470 2400 cor-

1403 2414 1532 2454 poralis,
1549 2423 1617 2444 non
1633 2420 1681 2444 est
1697 2415 1814 2454 passio,
1838 2413 1894 2445 sed
1917 2420 2042 2444 tantum
2066 2414 2099 2444 in
2122 2420 2195 2444 actu
2219 2415 2378 2454 appetitus
2399 2424 2469 2444 sen-

1403 2459 1496 2489 sitivi.
1522 2458 1616 2489 Unde
1641 2464 1673 2489 et
1695 2459 1795 2498 ipsius
1815 2459 1975 2499 appetitus
1991 2459 2133 2489 sensitivi
2148 2464 2256 2489 motus
2273 2469 2347 2489 cum
2364 2459 2469 2498 aliqua

1402 2504 1670 2534 transmutatione
1687 2504 1846 2543 corporali
1863 2503 2073 2534 definiuntur:
2099 2503 2215 2534 dicitur
2238 2505 2324 2534 enim
2347 2504 2392 2533 ira
2415 2513 2469 2533 ac—

1404 2548 1512 2579 censio
1535 2548 1709 2588 sanguinis
1732 2548 1820 2578 circa
1844 2557 1903 2578 cor
1917 2549 1943 2578 *.

1458 2592 1616 2623 Secundo.
1642 2592 1730 2622 Deus
1749 2602 1817 2622 non
1837 2597 1884 2622 est
1900 2601 2018 2631 corpus
2034 2601 2140 2631 neque
2156 2592 2255 2622 virtus
2270 2592 2304 2621 in
2320 2601 2466 2631 corpore.

1403 2637 1489 2677 Ergo
1514 2642 1574 2666 etc.
1594 2654 1617 2658 -
1639 2635 1796 2666 Probatur
1819 2637 2060 2676 consequentia.
2086 2636 2171 2673 Quia
2194 2636 2300 2665 omnis
2323 2635 2467 2665 affectiva

1402 2682 1508 2721 passio
1525 2680 1560 2710 fit
1576 2680 1755 2710 secundum
1771 2680 1912 2720 aliquam
1932 2680 2230 2710 transmutationem
2254 2680 2464 2719 corporalem.

1462 2725 1569 2755 Tertio
1582 2726 1608 2755 ὓ.
1630 2724 1705 2754 Non
1722 2730 1769 2755 est
1784 2725 1936 2764 possibile
1952 2725 2058 2755 Deum
2075 2730 2160 2754 extra
2176 2733 2266 2754 suam
2288 2723 2465 2753 naturalem

1402 2769 1648 2809 dispositionem
1672 2769 1851 2809 aliqualiter
1875 2769 1969 2799 trahi:
1996 2778 2070 2799 cum
2095 2769 2134 2798 sit
2157 2769 2292 2798 omnino
2315 2769 2465 2798 immuta-

1402 2815 1483 2845 bilis.
1508 2814 1594 2854 Ergo
1619 2819 1678 2843 etc.
1704 2831 1726 2836 -
1749 2814 1904 2844 Probatur
1933 2813 2172 2853 consequentia.
2201 2812 2285 2850 Quia
2312 2813 2345 2842 in
2374 2813 2464 2842 omni

1402 2858 1547 2889 affectiva
1573 2858 1723 2898 passione
1752 2858 1876 2897 patiens
1905 2858 2083 2897 aliqualiter
2108 2858 2240 2887 trahitur
2266 2862 2351 2887 extra
2373 2865 2463 2887 suam

1402 2902 1624 2933 conditionem
1657 2902 1856 2932 essentialem
1878 2903 1904 2938 *‚
1932 2902 1982 2932 vel
2013 2902 2252 2932 connaturalem
2283 2901 2464 2940 dispositio-

1401 2957 1487 2978 nem.
1521 2946 1614 2978 Unde
1637 2955 1695 2986 per
1718 2956 1827 2977 earum
1857 2947 2074 2977 intensionem
2104 2946 2251 2975 animalia
2273 2945 2462 2975 moriuntur.

1457 2991 1495 3021 11.
1520 2991 1583 3022 Sed
1606 2991 1745 3022 occurrit
1768 2992 1832 3021 hoc
1854 2991 1930 3021 loco
1954 2991 2089 3021 dubium
2104 3000 2172 3020 non
2188 2989 2462 3020 dissimulandum.

1401 3036 1485 3066 Nam
1497 3035 1639 3066 conditio
1656 3036 1835 3066 essentialis
1846 3035 1961 3065 dicitur
1973 3044 2055 3075 quae
2071 3035 2278 3073 consequitur
2296 3034 2341 3063 rei
2358 3043 2463 3063 essen-

1401 3081 1493 3116 tiam;
1519 3086 1550 3110 et
1573 3079 1742 3119 dispositio
1763 3080 1878 3110 dicitur
1894 3079 2118 3109 connaturalis
2134 3088 2215 3118 quae
2231 3083 2360 3108 naturae
2376 3078 2462 3117 prin-

1401 3125 1485 3164 cipia
1501 3125 1719 3164 consequitur.
1736 3125 1935 3154 Remanente
1958 3129 2065 3153 autem
2089 3123 2223 3153 essentia
2246 3127 2277 3152 et
2299 3122 2463 3161 principiis

1400 3169 1607 3205 naturalibus,
1631 3179 1699 3199 non
1723 3174 1830 3208 potest
1858 3168 2015 3198 removeri
2039 3167 2127 3207 quod
2156 3167 2322 3196 essentiam
2350 3175 2462 3195 conse-

1402 3214 1524 3253 quitur:
1550 3214 1694 3253 alioquin
1718 3222 1786 3243 non
1811 3217 2060 3252 consequeretur
2082 3211 2259 3241 necessario
2283 3210 2461 3240 essentiam.

1401 3258 1487 3298 Ergo
1511 3259 1617 3298 passio
1641 3267 1708 3288 non
1732 3262 1839 3297 potest
1853 3257 1975 3286 trahere
1991 3257 2131 3295 aliquem
2147 3260 2232 3284 extra
2247 3263 2337 3284 suam
2354 3254 2462 3294 dispo-

1401 3303 1552 3332 sitionem
1569 3302 1769 3332 essentialem
1785 3301 1844 3331 nisi
1864 3300 1943 3330 illud
1967 3298 2214 3338 corrumpendo.
2238 3299 2323 3337 Ergo
2347 3298 2462 3328 falsum

1401 3353 1448 3377 est
1472 3346 1561 3386 quod
1584 3347 1636 3376 hic
1661 3346 1785 3381 dicitur,
1802 3345 1922 3375 scilicet
1945 3344 2033 3383 quod
2052 3343 2181 3383 patiens
2204 3343 2345 3372 trahitur
2367 3347 2462 3372 extra

1400 3400 1493 3421 suam
1517 3390 1734 3420 conditionem
1758 3389 1967 3420 essentialem.

1455 3435 1682 3474 Respondetur
1698 3433 1787 3473 quod
1804 3432 1946 3463 conditio
1963 3432 2069 3471 aliqua
2085 3436 2191 3470 potest
2206 3430 2268 3460 dici
2285 3430 2463 3460 essentialis

1401 3478 1585 3519 dupliciter3
1611 3484 1642 3509 et
1665 3478 1807 3508 similiter
1825 3477 1991 3516 dispositio
2008 3474 2241 3505 connaturalis.
2258 3474 2333 3505 Uno
2349 3474 2461 3510 modo,

1401 3524 1477 3562 quia
1492 3523 1531 3553 ad
1547 3523 1704 3562 principia
1721 3521 1896 3552 essentialia
1913 3526 1944 3550 et
1959 3519 2113 3550 naturalia
2129 3519 2168 3549 de
2183 3519 2371 3549 necessitate
2384 3528 2462 3548 con-

1400 3568 1558 3607 sequitur:
1583 3567 1665 3596 sicut
1688 3576 1756 3596 esse
1779 3565 1895 3595 risibile
1919 3570 1966 3594 est
1989 3564 2156 3603 dispositio
2173 3563 2388 3593 connaturalis
2403 3563 2462 3593 ho-

1399 3612 1495 3641 minis
1512 3617 1542 3641 et
1559 3611 1732 3641 essentialis
1749 3609 1902 3639 conditio.
1920 3608 1994 3638 Alio
2007 3607 2118 3643 modo,
2136 3607 2211 3647 quia
2227 3608 2463 3637 concomitatur

1401 3656 1571 3686 essentiam
1594 3664 1730 3694 semper,
1755 3654 1779 3683 si
1803 3662 1877 3683 suae
1902 3658 2032 3682 naturae
2055 3661 2104 3682 res
2127 3651 2334 3690 relinquatur,
2352 3657 2383 3682 et
2402 3651 2462 3681 nisi

2287 3712 2314 3736 31

2501 495 2509 504 “
2525 494 2556 515 111
2566 494 2646 522 Phys„
2662 501 2713 522 vui,

2502 528 2521 542 ι.

2499 706 2507 714 ·
2523 704 2580 732 Cap.
2590 711 2655 726 xxix.

2498 915 2507 924 '
2523 914 2580 942 Cap.
2591 920 2637 936 un.

2496 2549 2503 2557 '¹
2518 2547 2528 2568 I
2543 2547 2572 2568 de
2584 2547 2674 2573 Anima,
2688 2553 2703 2573 ι,

2495 2580 2516 2595 u.
2534 2581 2566 2595 ιι.

2492 2724 2501 2732 ·
2516 2721 2550 2743 Cf.
2566 2727 2588 2743 n.
2601 2727 2635 2743 m.

2491 2901 2500 2909 “
2516 2899 2552 2921 Cf.
2561 2903 2615 2920 text.
2624 2902 2646 2920 et
2654 2904 2700 2920 var.
