2768 4134
0 4053 8 4134 -wr
0 3143 9 4046 ----,--κ-,ιψ-φν-Λ-μ---ιην-ν--υ---ι--η-ι---μ-φ-ψ----“η----·ννν---ν<Ἴ
0 3058 4 3120 —vv
0 3025 2 3036 Α*
0 2987 2 3011 2<
0 2966 1 2973 ⁴
0 2946 1 2951 Α

748 255 937 293 SUMMA
966 258 1188 297 CONTRA
1216 259 1491 309 GENTILES,
1520 262 1615 298 LIB.
1645 262 1686 308 ΙΙ,
1708 262 1819 299 CAP.
1840 262 2005 300 XCVIII.
2401 264 2474 301 583

276 335 310 366 in
325 342 444 374 genere
458 333 727 374 intelligibilium:
751 339 904 365 manente
920 336 1007 366 enim
1024 337 1115 367 totali
1131 343 1163 368 et
1178 337 1349 369 sufficienti

277 388 383 414 causa,
407 387 540 409 necesse
563 383 611 408 est
634 377 787 408 effectum
809 387 987 409 remanere.

334 432 363 454 2.
377 422 555 454 Sciendum
571 431 649 463 ergo
664 422 783 462 primo,
797 421 889 462 quod
905 424 1013 453 anima
1029 425 1223 456 intellectiva
1235 435 1350 457 secun-

277 467 357 499 dum
380 467 592 498 substantiam
615 475 708 497 suam
732 471 780 497 est
802 466 949 497 medium
974 469 1139 508 quoddam
1169 470 1252 500 inter
1275 471 1350 501 sub-

276 513 408 543 stantias
423 517 584 552 separatas
599 516 632 541 et
653 520 704 541 res
718 511 915 542 materiales:
933 514 1156 544 communicat
1171 515 1256 544 enim
1275 524 1350 545 cum

276 558 373 588 rebus
395 556 614 587 materialibus
636 555 830 595 inquantum
854 560 903 586 est
925 555 1030 587 forma
1054 557 1133 588 dans
1156 567 1225 588 esse
1251 564 1351 590 mate-

277 603 353 642 riae,
377 607 410 632 et
432 610 505 642 pars
528 599 705 640 compositi
734 600 922 637 materialis;
953 610 1029 631 curn
1060 603 1243 633 substantiis
1272 612 1350 634 vero

277 646 439 687 separatis,
451 645 648 685 inquantum
662 649 711 674 est
725 645 904 675 substantia
919 644 1138 677 immaterialis
1154 656 1211 686 per
1226 656 1260 677 se
1276 648 1351 678 sub-

277 691 402 729 sistens,
425 698 494 720 non
517 687 707 729 dependens
730 698 749 719 a
775 689 919 719 materia.
948 690 1058 730 Atque
1087 690 1207 722 idcirco
1232 690 1351 732 duplex

276 735 396 766 modus
419 732 545 764 essendi
567 733 629 764 sibi
647 733 823 764 convenire
838 738 956 774 potest,
981 735 1103 765 scilicet
1122 744 1179 775 per
1194 735 1352 767 unionem

277 779 317 811 ad
339 778 518 815 materiam,
542 783 575 809 et
598 787 675 808 cum
691 778 896 818 separatione
919 787 937 808 a
960 779 1108 810 materia:
1125 789 1267 820 quorum
1283 789 1351 811 uno

277 832 354 855 cum
376 823 473 854 rebus
496 822 715 853 materialibus
738 822 1001 853 convenientiam
1024 824 1130 863 habet,
1151 824 1251 854 altero
1274 834 1352 855 vero

276 876 354 899 cum
381 867 647 898 immaterialibus
676 867 936 898 subsistentibus.
971 867 1049 898 ldeo
1081 869 1267 907 coniuncta,
1303 869 1352 899 in-

277 917 438 953 quantum
460 910 661 951 huiusmodi,
685 915 734 942 est
756 911 797 942 de
820 911 935 942 ordine
953 913 1184 944 materialium:
1209 918 1352 953 separata

277 963 387 989 autem
410 962 459 988 est
480 956 522 987 de
546 956 660 987 ordine
675 956 948 987 immaterialium.
969 956 1064 988 Unde
1081 957 1122 988 de
1145 958 1214 998 ipsa
1237 967 1352 988 secun-

277 1002 357 1033 dum
380 1000 472 1043 quod
495 1006 543 1033 est
566 1001 752 1040 coniuncta,
769 1000 975 1042 loquendum
999 1007 1047 1032 est
1070 1002 1153 1045 sicut
1176 1001 1216 1033 de
1240 1001 1353 1033 formis

276 1046 508 1078 materialibus:
533 1045 716 1077 secundum
739 1054 818 1076 vero
842 1045 933 1086 quod
957 1051 1005 1076 est
1027 1052 1181 1087 separata,
1207 1047 1290 1078 sicut
1312 1046 1353 1078 de

276 1090 551 1122 immaterialibus.

334 1135 364 1166 3.
381 1134 559 1166 Sciendum
582 1133 740 1174 secundo,
758 1133 850 1176 quod
872 1134 1059 1174 materialia,
1079 1135 1259 1166 secundum
1284 1145 1352 1166 esse

276 1179 369 1221 quod
391 1179 512 1210 habent
533 1179 567 1210 in
590 1179 724 1210 materia
747 1179 942 1220 particulari,
965 1189 1035 1210 non
1058 1185 1134 1210 sunt
1162 1185 1236 1210 actu
1258 1180 1353 1210 intel-

276 1224 410 1265 ligibilia
426 1224 597 1260 obiective,
614 1223 671 1255 sed
686 1225 833 1264 potentia
849 1229 992 1255 tantum:
1013 1224 1094 1255 nihil
1111 1230 1158 1255 est
1174 1225 1262 1255 enim
1279 1229 1353 1255 actu

276 1268 477 1309 intelligibile
489 1269 552 1299 nisi
566 1269 609 1299 sit
623 1278 642 1299 a
657 1269 791 1299 materia
803 1274 999 1310 separatum.
1016 1268 1093 1300 Ideo
1107 1274 1139 1299 et
1154 1269 1223 1309 ipsa
1235 1269 1352 1308 anima,

262 1314 514 1346 .utr‹eouiuncta
536 1313 699 1352 materiae,
723 1323 792 1344 non
809 1314 870 1345 erit
884 1318 959 1344 actu
975 1313 1184 1354 intelligibilis
1207 1322 1265 1354 per
1281 1323 1353 1344 mo-

277 1357 358 1390 dum
381 1358 513 1397 obiecti,
538 1363 653 1398 utpote
683 1363 801 1398 potens
830 1359 938 1399 primo
970 1363 1002 1390 et
1028 1367 1087 1399 per
1116 1367 1150 1389 se
1181 1358 1352 1389 terminare

277 1408 386 1434 actum
409 1401 610 1443 intelligendi
637 1407 670 1433 et
692 1403 800 1444 ipsum
821 1408 940 1444 potens
963 1403 1165 1434 intellectum
1187 1402 1352 1444 perficere,

276 1447 334 1479 sed
355 1448 390 1479 in
413 1448 561 1488 potentia
581 1452 720 1478 tantum.

333 1492 409 1523 Alio
432 1497 542 1523 tamen
566 1491 668 1523 modo
691 1501 792 1533 quam
819 1492 880 1523 alia
908 1492 1084 1523 materialia
1111 1491 1228 1522 dicitur
1258 1491 1352 1522 intel-

276 1536 380 1568 lectus
402 1536 436 1567 in
459 1537 616 1577 potentia.
641 1536 698 1567 Illa
721 1537 809 1568 enim
832 1537 878 1568 sic
901 1542 978 1567 sunt
999 1536 1212 1577 intelligibilia
1235 1537 1268 1567 in
1292 1545 1352 1577 po-

276 1581 377 1612 tentia
393 1580 484 1621 quod
499 1580 541 1612 ad
555 1590 659 1622 genus
681 1581 934 1622 intelligibilium
957 1590 1026 1612 non
1050 1582 1212 1622 pertinent
1234 1581 1295 1611 nisi
1318 1582 1352 1612 in

276 1626 424 1667 potentia
445 1630 586 1656 remota:
605 1625 688 1656 ordo
703 1627 791 1657 enim
808 1625 1059 1666 intelligibilium
1076 1631 1124 1657 est
1139 1625 1221 1657 ordo
1238 1626 1353 1656 imma-

275 1670 447 1707 terialium,
471 1679 588 1701 eorum
611 1670 735 1702 scilicet
757 1679 842 1711 quae
857 1680 966 1712 neque
989 1681 1028 1702 ex
1044 1671 1178 1702 materia
1194 1676 1226 1701 et
1249 1670 1353 1702 forma

275 1719 352 1746 sunt
367 1714 561 1756 composita,
578 1724 686 1756 neque
699 1725 718 1746 a
729 1716 863 1746 materia
874 1715 1056 1747 secundum
1074 1725 1143 1746 esse
1155 1715 1351 1756 dependent.

276 1758 368 1799 item,
383 1759 560 1790 materialia
578 1759 618 1790 ab
633 1760 707 1800 ipso
722 1760 890 1792 intellectu
906 1761 964 1800 qui
979 1770 998 1790 a
1012 1760 1216 1791 sensibilibus
1240 1761 1353 1801 cogni-

275 1803 402 1835 tionem
429 1803 557 1844 accipit,
584 1803 669 1835 fiunt
684 1810 770 1843 ¹actu
793 1804 1006 1845 intelligibilia
1025 1804 1214 1845 simpliciter
1237 1810 1269 1836 et
1291 1814 1352 1846 po-

276 1848 377 1879 tentia
406 1857 464 1888 per
494 1849 600 1888 seipsa
628 1853 757 1879 actuare
787 1849 1001 1885 intellectum,
1029 1858 1097 1879 non
1130 1849 1264 1890 quidem
1295 1858 1354 1890 per

276 1892 503 1933 acceptionem
515 1892 651 1923 alicuius
663 1892 798 1929 formae,
810 1892 867 1924 sed
883 1902 942 1934 per
953 1894 1189 1934 separationem
1205 1898 1236 1924 et
1250 1892 1353 1934 depu-

275 1937 436 1968 rationem
459 1946 478 1967 a
493 1937 627 1967 materia
643 1942 675 1968 et
690 1937 908 1968 materialibus
924 1936 1178 1969 conditionibus.
1195 1955 1218 1959 —-
1233 1938 1353 1968 Anima

276 1990 354 2012 vero
371 1980 566 2012 intellectiva
583 1981 759 2012 coniuncta
782 1982 828 2012 sic
849 1987 896 2013 est
918 1981 1127 2022 intelligibilis
1150 1982 1184 2012 in
1206 1983 1353 2023 potentia

276 2025 370 2068 quod
391 2031 502 2057 tamen
530 2025 570 2056 ad
597 2025 747 2057 ordinem
773 2026 1025 2067 intelligibilium
1052 2025 1233 2057 secundum
1260 2036 1352 2058 suam

277 2070 488 2102 substantiam
504 2071 658 2111 pertinet:
675 2080 750 2101 cum
766 2079 875 2112 neque
891 2080 930 2101 ex
945 2071 1078 2101 materia
1094 2076 1126 2101 et
1140 2069 1246 2102 forma
1261 2081 1352 2102 com-

275 2121 428 2156 ponatur,
451 2124 559 2156 neque
587 2114 769 2156 dependeat
791 2125 809 2146 a
831 2115 965 2146 materia
987 2115 1168 2146 secundum
1193 2125 1272 2153 esse,
1296 2116 1353 2147 sed

276 2160 318 2191 sit
339 2160 526 2191 subsistens.
550 2159 704 2190 Similiter
718 2169 787 2190 non
810 2159 975 2191 reducitur
990 2159 1030 2190 ad
1045 2165 1155 2191 actum
1178 2161 1211 2191 in
1234 2171 1353 2201 genere

276 2204 527 2245 intelligibilium
549 2213 608 2245 per
630 2202 878 2245 depurationem
894 2214 910 2235 a
927 2205 1060 2235 materia
1076 2204 1256 2236 secundum
1272 2215 1352 2242 esse,

276 2254 314 2280 ut
329 2248 447 2280 accidit
462 2248 541 2280 dum
557 2255 735 2290 separatur:
761 2248 817 2280 sed
832 2259 891 2290 per
906 2249 1132 2290 acceptionem
1155 2249 1280 2281 formae
1304 2251 1352 2281 in-

276 2293 460 2334 telligibilis,
477 2294 561 2324 sicut
581 2295 713 2325 materia
736 2293 772 2324 fit
795 2294 829 2324 in
853 2299 926 2325 actu
946 2294 980 2324 in
1003 2303 1120 2334 genere
1144 2295 1269 2325 entium
1295 2304 1354 2336 per

277 2339 504 2380 acceptionem
527 2337 652 2369 formae
675 2338 900 2370 substantialis.
925 2338 983 2369 Est
1005 2339 1102 2369 etiam
1128 2339 1161 2369 in
1188 2349 1269 2380 pura
1293 2349 1353 2380 po-

275 2383 378 2414 tentia
393 2388 430 2414 ut
445 2383 656 2413 intellectiva:
682 2383 759 2423 quia
778 2392 847 2414 non
871 2387 980 2424 potest
1001 2388 1076 2414 actu
1098 2383 1276 2425 intelligere
1291 2385 1353 2415 nisi

277 2437 336 2469 per
357 2428 501 2468 speciem
524 2427 758 2468 intelligibilem
775 2433 942 2469 acceptam
966 2437 984 2458 a
1006 2428 1102 2458 rebus
1124 2427 1181 2458 fiat
1204 2429 1237 2459 in
1261 2434 1351 2465 actu;

277 2481 356 2503 cum
374 2482 393 2503 a
414 2471 576 2513 principio
592 2481 670 2503 suae
690 2473 861 2503 creationis
876 2472 998 2503 nullam
1015 2472 1132 2503 habeat
1146 2474 1288 2513 speciem
1303 2474 1353 2504 in-

277 2516 479 2557 telligibilem
497 2517 558 2547 sibi
577 2517 795 2557 congenitam,
812 2517 936 2558 species
960 2522 1070 2548 autem
1085 2517 1291 2558 intelligibilis
1313 2519 1354 2549 sit

277 2561 312 2592 id
327 2570 395 2602 quo
410 2561 594 2592 intellectus
608 2560 645 2592 fit
660 2566 735 2592 actu
750 2566 866 2602 potens
885 2562 1033 2602 proxime
1050 2561 1237 2602 intelligere.
1252 2562 1353 2601 Quod

277 2615 354 2637 sane
369 2606 429 2637 sibi
446 2606 600 2637 convenit
621 2615 661 2636 eo
679 2605 770 2647 quod
786 2611 895 2637 teneat
913 2606 1066 2637 ultimum
1087 2606 1223 2646 gradum
1243 2607 1275 2637 in
1297 2616 1352 2648 ge—

278 2660 355 2682 nere
372 2650 634 2691 intelligibilium,
651 2651 735 2681 sicut
753 2651 886 2682 materia
903 2651 1008 2691 prima
1021 2651 1055 2681 in
1075 2660 1193 2691 genere
1216 2652 1351 2682 entium.

335 2696 378 2726 At
400 2696 596 2726 substantiae
626 2700 800 2735 separatae,
825 2700 857 2726 et
879 2704 991 2726 earum
1018 2695 1212 2735 intellectus,
1237 2705 1352 2727 secun-

278 2739 359 2771 dum
373 2745 523 2770 naturam
538 2748 631 2770 suam
646 2745 722 2770 sunt
737 2744 811 2770 actu
827 2739 1058 2780 intelligibiles:
1077 2740 1153 2779 quia
1176 2740 1353 2771 subsistunt

279 2786 401 2825 absque
424 2785 567 2821 materia,
591 2793 676 2824 quae
694 2789 742 2815 est
760 2783 1046 2825 cognoscibilitatis
1068 2784 1351 2824 impedimentum.

278 2830 320 2861 Et
335 2828 410 2860 ideo
425 2829 546 2860 habent
561 2829 685 2870 species
700 2828 916 2869 intelligibiles
939 2829 999 2859 sibi
1019 2829 1217 2869 congenitas,
1234 2830 1352 2870 quibus

278 2883 390 2905 earum
413 2873 595 2904 intellectus
620 2878 776 2904 actuatur.
799 2873 930 2904 Habent
950 2881 1085 2914 quoque
1109 2878 1145 2904 ut
1168 2883 1206 2904 ex
1229 2875 1351 2915 seipsis,

278 2919 370 2950 nullo
387 2918 450 2949 alio
471 2919 705 2949 interveniente
724 2918 895 2959 principali
911 2923 1025 2958 agente
1041 2923 1096 2948 aut
1115 2918 1256 2956 obiecto,
1276 2928 1352 2959 pos—

278 2964 343 2995 sint
368 2962 544 2994 informare
570 2963 782 2999 intellectum,
806 2967 862 2993 aut
890 2971 948 3003 per
979 2963 1150 2993 essentiam
1176 2964 1352 3004 propriam,

277 3014 334 3040 aut
356 3017 415 3049 per
437 3008 603 3048 propriam
623 3007 767 3048 speciem
790 3007 824 3037 in
850 3006 1016 3037 intellectu
1042 3007 1303 3048 proportionato,
1326 3009 1354 3039 si

278 3063 347 3084 non
370 3053 411 3083 sit
437 3054 507 3083 eius
533 3053 642 3093 specie
665 3061 683 3082 a
706 3056 820 3082 natura
842 3051 1048 3082 informatus:
1073 3060 1150 3082 nam
1176 3061 1244 3083 non
1269 3051 1353 3084 fiunt

279 3098 340 3129 alia
355 3098 481 3128 ratione
503 3106 554 3128 res
578 3096 759 3127 materiales
779 3100 854 3126 actu
876 3095 1092 3136 intelligibiles
1109 3105 1168 3136 per
1190 3098 1353 3128 actionem

279 3142 462 3174 intellectus
485 3142 618 3183 agentis,
642 3141 703 3172 nisi
726 3141 804 3181 quia
826 3139 910 3171 fiunt
932 3140 1168 3171 immateriales.

336 3185 460 3218 Idcirco
481 3192 513 3217 et
536 3187 653 3222 anima,
674 3184 855 3216 secundum
879 3183 970 3225 quod
989 3190 1037 3216 est
1059 3194 1077 3215 a
1101 3194 1238 3226 corpore
1261 3195 1353 3226 sepa-

278 3237 356 3268 rata,
380 3237 537 3271 tanquam
552 3231 728 3261 subsistens
745 3230 867 3270 absque
889 3230 1032 3266 materia,
1057 3230 1116 3260 erit
1139 3234 1212 3260 actu
1235 3230 1353 3261 intelli-

277 3276 395 3317 gibilis,
411 3281 526 3316 utpote
550 3285 588 3306 ex
611 3276 716 3315 seipsa
737 3280 855 3315 potens
874 3274 1076 3305 intellectum
1092 3279 1221 3305 actuare
1237 3280 1269 3305 et
1291 3280 1353 3305 ter-

279 3321 404 3351 minare
427 3321 590 3352 actionem
612 3319 826 3360 intelligendi:
847 3328 923 3349 nam
947 3324 978 3349 et
1000 3319 1088 3359 ipsae
1103 3324 1236 3350 naturae
1251 3324 1352 3350 mate-

279 3365 383 3401 riales,
402 3365 584 3397 secundum
600 3364 691 3405 quod
713 3373 771 3405 per
793 3363 992 3394 intellectum
1009 3368 1158 3404 agentem
1181 3373 1199 3394 a
1221 3364 1352 3394 materia

279 3408 469 3440 individuali
491 3415 689 3451 separantur,
713 3413 788 3440 sunt
809 3407 1024 3448 intelligibiles
1047 3413 1132 3439 actu.

337 3453 386 3484 Ex
408 3454 447 3484 iis
470 3455 617 3495 sequitur
640 3453 741 3495 quod,
765 3454 847 3484 sicut
875 3453 1049 3483 coniuncta
1074 3461 1143 3483 non
1170 3457 1277 3492 potest
1303 3462 1352 3483 se—

280 3499 384 3539 ipsam
407 3507 466 3539 per
488 3508 581 3530 suam
605 3499 775 3530 essentiam
797 3506 1003 3538 cognoscere,
1021 3497 1097 3537 quia
1119 3506 1188 3527 non
1208 3502 1255 3527 est
1278 3502 1352 3527 actu

278 3543 488 3584 intelligibilis
504 3543 663 3574 obiective
682 3542 862 3574 secundum
878 3551 921 3578 se,
939 3541 1004 3578 sed,
1021 3547 1176 3582 tanquam
1199 3541 1351 3572 ultimum

278 3587 416 3628 gradum
439 3593 553 3619 tenens
575 3588 610 3619 in
625 3587 739 3619 ordine
759 3586 1029 3623 immaterialium,
1046 3591 1094 3617 est
1108 3595 1190 3627 pura
1205 3586 1351 3626 potentia

279 3632 314 3663 in
330 3642 447 3673 genere
468 3632 674 3664 obiectorum
695 3632 960 3673 intelligibilium:
980 3631 1032 3667 ita,
1050 3631 1126 3671 quia
1142 3635 1189 3661 est
1204 3635 1278 3661 actu
1294 3639 1350 3661 co-

1405 340 1592 379 gnoscibilis
1608 339 1767 371 obiective
1790 339 1870 371 dum
1893 346 1940 371 est
1962 345 2116 381 separata,
2133 346 2250 381 potest,
2267 342 2406 373 existens
2427 352 2476 373 se-

1405 389 1524 423 parata,
1549 393 1582 414 se
1605 393 1664 424 per
1687 385 1858 415 essentiam
1881 394 1974 415 suam
1997 394 2206 425 cognoscere.

1461 436 1493 467 4.
1517 427 1551 458 Si
1574 433 1683 458 autem
1700 434 1880 469 quaeratur,
1897 438 1974 460 cum
1997 435 2029 460 et
2053 439 2121 460 esse
2145 435 2327 470 separatum
2351 436 2383 461 et
2405 436 2475 462 esse

1406 473 1619 503 coniunctum
1635 473 1808 504 conveniat
1823 473 1966 510 animae:
1983 479 2015 504 et
2031 473 2210 504 secundum
2226 483 2331 505 unum
2346 475 2386 505 sit
2401 481 2475 506 actu

1405 516 1623 557 intelligibilis,
1647 517 1828 548 secundum
1851 527 1929 548 vero
1957 518 2094 549 alterum
2120 518 2328 558 intelligibilis
2358 520 2392 550 in
2415 529 2476 560 po-

1406 561 1519 591 tentia:
1536 570 1635 601 quare
1658 562 1805 592 absolute
1828 562 1964 593 Sanctus
1981 562 2126 593 Thomas
2141 562 2218 593 dicit
2233 563 2337 603 ipsam
2357 572 2425 594 esse
2441 565 2476 594 in

1405 614 1522 644 genere
1544 606 1794 646 intelligibilium
1809 607 1892 645 sicut
1906 605 2104 646 potentiam?
2120 625 2142 629 —
2156 607 2370 647 respondetur
2385 607 2476 648 quod

1406 649 1502 679 huius
1525 651 1606 680 ratio
1630 655 1687 687 est,
1711 651 1788 690 quia
1811 651 1896 681 uniri
1918 652 2058 691 corpori,
2075 657 2111 682 ut
2134 652 2310 692 superius*
2333 652 2475 683 ostendi-

1406 702 1489 732 muS,
1513 699 1562 724 est
1584 694 1644 725 sibi
1667 694 1811 725 naturale
1818 705 1826 731 ;
1850 694 1967 725 habere
1990 701 2099 726 autem
2123 704 2191 726 esse
2218 701 2401 736 separatum
2428 702 2476 727 est

1407 738 1466 767 sibi
1490 744 1614 778 praeter
1643 744 1800 770 naturam.
1825 738 1914 778 Ideo,
1938 740 2021 770 sicut
2043 739 2189 770 absolute
2212 739 2349 771 dicimus
2372 741 2475 781 ipsam

1407 790 1477 812 esse
1499 787 1609 814 actum
1632 784 1788 824 corporis,
1819 788 1852 814 et
1881 788 2028 814 naturam
2058 784 2159 824 ipsius
2190 793 2258 815 esse
2282 790 2318 815 ut
2345 786 2475 825 corpori

1407 827 1546 866 uniatur,
1570 828 1613 857 ita
1636 833 1668 858 et
1691 828 1754 858 hoc
1778 827 1870 868 quod
1893 827 2133 858 concomitatur
2155 837 2228 859 eam
2250 833 2287 858 ut
2315 834 2362 859 est
2386 830 2475 860 unita

1408 872 1547 911 corpori,
1571 871 1693 903 scilicet
1716 881 1785 903 esse
1808 873 1989 914 potentiam
2012 873 2046 903 in
2068 881 2187 912 genere
2214 873 2474 913 intelligibilium,

1407 914 1453 945 illi
1467 916 1639 946 tribuimus
1655 916 1812 956 absolute,
1836 922 1868 948 et
1891 916 2029 948 dicimus
2045 916 2125 947 illud
2140 916 2201 947 sibi
2223 917 2404 947 secundum
2419 928 2475 948 na-

1407 963 1512 990 turam
1529 961 1716 992 convenire:
1734 971 1803 992 esse
1819 966 1928 992 autem
1940 966 2014 992 actu
2030 960 2274 1001 intelligibilem,
2291 961 2382 1001 quod
2398 971 2477 992 con-

1408 1004 1581 1035 comitatur
1603 1006 1706 1045 ipsam
1730 1006 1910 1037 secundum
1934 1005 2025 1046 quod
2048 1011 2096 1036 est
2118 1010 2273 1046 separata,
2297 1014 2367 1036 non
2390 1007 2476 1036 attri-

1408 1048 1538 1079 buimus
1553 1049 1613 1080 sibi
1636 1050 1832 1090 simpliciter,
1849 1050 1905 1081 sed
1922 1059 1997 1082 cum
2013 1051 2073 1081 hac
2093 1049 2284 1089 adiectione,
2300 1050 2476 1081 secundum

1407 1093 1495 1133 quod
1517 1099 1564 1124 est
1586 1099 1748 1134 separata,
1774 1100 1804 1125 et
1833 1094 1969 1126 dicimus
1998 1096 2061 1125 hoc
2089 1095 2149 1125 sibi
2176 1099 2300 1135 praeter
2330 1100 2477 1126 naturam

1409 1139 1593 1177 convenire,
1617 1139 1700 1169 sicut
1723 1145 1755 1170 et
1778 1148 1846 1170 esse
1877 1145 2064 1180 separatam.
2096 1139 2148 1170 Sic
2179 1149 2255 1179 ergo
2283 1139 2477 1179 inquantum

1409 1187 1456 1212 est
1479 1187 1552 1213 actu
1576 1183 1750 1214 subsistens
1773 1184 1807 1214 in
1834 1193 1951 1224 genere
1975 1184 2108 1223 entium,
2139 1193 2207 1215 non
2238 1188 2347 1214 autern
2369 1189 2406 1214 ut
2430 1190 2477 1215 est

1409 1228 1590 1267 composita
1614 1236 1652 1257 ex
1668 1233 1742 1259 actu
1758 1233 1790 1258 et
1813 1229 1967 1268 potentia,
1983 1237 2092 1269 neque
2108 1234 2144 1259 ut
2167 1234 2214 1259 est
2237 1238 2255 1258 a
2277 1229 2409 1259 materia
2428 1239 2477 1260 se-

1409 1271 1553 1302 cundum
1577 1281 1646 1302 esse
1670 1272 1867 1313 dependens,
1890 1273 1986 1304 habet
2010 1272 2099 1313 quod
2123 1277 2197 1303 actu
2221 1273 2423 1303 contineatur
2443 1274 2477 1304 in

1407 1325 1525 1355 genere
1549 1316 1811 1357 intelligibilium:
1836 1317 2030 1358 inquantum
2047 1327 2124 1349 vero
2139 1318 2236 1348 habet
2258 1326 2326 1348 esse
2348 1318 2477 1348 unitum

1407 1361 1570 1399 materiae,
1593 1361 1690 1392 habet
1712 1367 1749 1392 ut
1772 1363 1805 1393 in
1828 1362 1899 1402 ipso
1922 1372 2040 1402 genere
2063 1361 2314 1402 intelligibilium
2337 1362 2377 1392 sit
2395 1361 2479 1392 sicut

1408 1406 1563 1445 potentia,
1587 1414 1655 1436 non
1672 1411 1780 1437 autem
1796 1407 1879 1437 sicut
1894 1411 1984 1437 actus
2000 1416 2107 1447 neque
2123 1407 2206 1437 sicut
2221 1406 2342 1436 habens
2358 1411 2477 1437 actum.

1466 1450 1494 1480 5.
1519 1449 1570 1480 Ad
1586 1450 1723 1481 dubium
1735 1460 1812 1491 ergo
1824 1450 1940 1482 dicitur
1951 1451 2041 1491 quod
2057 1451 2144 1482 nulla
2156 1456 2204 1482 est
2218 1450 2429 1481 contradictio
2444 1452 2478 1482 in

1408 1494 1511 1524 verbis
1522 1494 1630 1525 Sancti
1642 1494 1802 1535 Thomae,
1811 1501 1847 1525 ut
1856 1495 1969 1536 patuit.
1983 1496 2074 1526 Licet
2089 1496 2175 1526 enim
2188 1495 2301 1526 eadem
2317 1496 2356 1526 sit
2367 1501 2479 1526 natura

1408 1539 1533 1569 animae
1549 1544 1712 1579 separatae
1724 1544 1756 1570 et
1771 1540 1974 1578 coniunctae,
1987 1539 2177 1581 accipiendo
2194 1545 2346 1571 naturam
2358 1549 2418 1580 pro
2431 1549 2479 1571 es-

1408 1584 1509 1614 sentia
1526 1589 1557 1614 et
1573 1583 1748 1614 substantia
1770 1585 1826 1622 rei,
1852 1589 1898 1626 est
1921 1590 2030 1615 tamen
2054 1584 2133 1615 alius
2150 1589 2182 1614 et
2197 1584 2277 1615 alius
2297 1583 2415 1615 modus
2431 1594 2479 1615 es-

1408 1627 1509 1658 sendi.
1525 1627 1567 1658 Et
1582 1627 1656 1658 ideo
1672 1628 1768 1658 habet
1784 1629 1883 1659 alium
1898 1634 1929 1659 et
1945 1629 2043 1659 alium
2055 1628 2192 1659 modum
2207 1629 2479 1669 intelligibilitatis.

1465 1672 1504 1702 V.
1525 1672 1577 1703 Ad
1601 1672 1794 1703 evidentiam
1818 1672 1952 1704 secundi
1977 1673 2066 1704 dubii
2081 1674 2108 1712 *,
2136 1672 2417 1712 considerandum,
2442 1683 2480 1704 ex

1408 1716 1555 1748 doctrina
1575 1716 1683 1748 Sancti
1700 1717 1849 1748 Thomae
1867 1717 1973 1753 Ver-it„
1987 1728 2019 1758 q.
2030 1728 2095 1756 vm,
2108 1727 2138 1748 a.
2152 1718 2182 1756 6,
2199 1717 2239 1748 ad
2253 1727 2270 1747 2
2289 1723 2320 1748 et
2336 1718 2366 1757 6,
2380 1717 2479 1758 quod,

1409 1771 1485 1792 cum
1505 1761 1643 1792 essentia
1666 1762 1860 1792 substantiae
1884 1768 2057 1803 separatae,
2076 1767 2107 1792 et
2135 1762 2203 1793 eius
2225 1762 2417 1801 intellectus,
2441 1763 2482 1793 sit

1407 1807 1441 1836 in
1459 1806 1581 1846 duplici
1596 1815 1725 1847 genere,
1739 1807 1861 1837 scilicet
1876 1807 1910 1837 in
1925 1815 2043 1847 genere
2059 1807 2141 1837 entis
2157 1812 2189 1837 et
2204 1806 2237 1837 in
2252 1816 2370 1847 genere
2386 1807 2479 1838 intel—

1408 1850 1547 1890 ligibilis,
1567 1849 1688 1890 duplex
1711 1850 1793 1881 ordo
1817 1851 1900 1881 inter
1923 1851 1976 1882 illa
2000 1850 2195 1882 considerari
2212 1856 2335 1891 potest:
2359 1852 2481 1882 scilicet

1408 1894 1490 1925 ordo
1507 1895 1540 1925 in
1555 1903 1673 1934 genere
1697 1895 1835 1931 entium;
1861 1899 1893 1925 et
1916 1895 1997 1926 ordo
2021 1896 2054 1926 in
2077 1904 2195 1935 genere
2219 1895 2477 1936 intelligibilium.

1408 1938 1442 1969 Si
1465 1938 1710 1969 considerentur
1731 1944 1767 1969 ut
1788 1939 1912 1969 suntin
1934 1948 2053 1980 genere
2077 1940 2212 1975 entium,
2228 1940 2274 1970 sic
2297 1940 2478 1971 intellectus

1409 1988 1456 2014 est
1470 1983 1504 2014 in
1521 1984 1657 2014 essentia
1681 1983 1764 2013 sicut
1787 1982 1935 2014 accidens
1951 1984 1985 2014 in
2001 1993 2061 2014 suo
2084 1984 2242 2020 subiecto,
2260 1989 2292 2015 et
2313 1984 2397 2015 sicut
2419 1994 2478 2025 po-

1408 2028 1507 2058 tentia
1525 2028 1560 2058 in
1575 2028 1751 2058 substantia
1774 2027 1866 2058 cuius
1890 2033 1938 2058 est
1959 2028 2115 2068 potentia.
2140 2028 2173 2060 Si
2196 2033 2305 2059 autem
2329 2029 2477 2060 conside-

1408 2078 1518 2103 rentur
1538 2077 1573 2103 ut
1593 2077 1668 2103 sunt
1691 2072 1725 2103 in
1740 2081 1857 2112 genere
1880 2072 2140 2113 intelligibilium,
2160 2073 2206 2103 sic
2229 2078 2277 2103 est
2300 2075 2478 2105 contrarius

1408 2117 1505 2148 ordo:
1531 2117 1607 2157 quia
1631 2117 1768 2147 essentia
1791 2122 1997 2156 comparatur
2013 2116 2053 2148 ad
2068 2117 2270 2149 intellectum
2289 2118 2372 2149 sicut
2387 2124 2477 2149 actus

1408 2161 1448 2192 ad
1463 2162 1654 2202 potentiam,
1671 2166 1702 2192 et
1718 2161 1800 2192 sicut
1816 2161 1939 2202 species
1955 2161 2161 2202 intelligibilis
2177 2161 2218 2193 ad
2232 2163 2412 2203 potentiam
2428 2164 2478 2194 in-

1408 2206 1620 2247 telligentem;
1645 2215 1714 2236 non
1734 2205 1867 2246 quidem
1884 2206 2104 2248 sicutspecies
2124 2207 2303 2243 inhaerens,
2323 2206 2380 2238 sed
2394 2207 2478 2239 sicut

1413 2251 1538 2291 species
1549 2252 1583 2282 in
1595 2260 1629 2282 se
1641 2250 1827 2287 subsistens,
1839 2250 1960 2281 faciens
1975 2256 2084 2282 tamen
2100 2261 2204 2282 unum
2220 2261 2296 2282 cum
2312 2251 2477 2283 intellectu

1407 2296 1441 2326 in
1465 2305 1534 2326 esse
1556 2295 1748 2336 intelligibili
1772 2295 1811 2325 ad
1833 2295 2090 2335 intelligendum.

1463 2339 1706 2371 Advertendum
1730 2345 1839 2370 tamen
1859 2340 1960 2380 quod,
1980 2341 2055 2371 licet
2073 2340 2211 2370 essentia
2228 2349 2296 2371 non
2315 2340 2478 2371 inhaereat

1407 2385 1585 2416 intellectui
1607 2390 1763 2425 tanquam
1788 2383 1891 2415 forma
1914 2384 1992 2415 dans
2016 2393 2084 2415 esse
2107 2384 2163 2420 illi,
2188 2383 2228 2414 ad
2250 2384 2387 2416 modum
2409 2395 2476 2426 quo

1408 2430 1532 2470 species
1554 2428 1762 2480 intelligibilis
1785 2429 1967 2460 intellectus
1990 2429 2092 2460 nostri
2118 2428 2172 2459 dat
2198 2438 2266 2460 esse
2289 2429 2476 2466 intellectui,

1408 2480 1456 2505 est
1475 2481 1584 2505 tamen
1606 2474 1709 2504 maior
1731 2474 1811 2504 unio
1832 2474 1915 2504 inter
1933 2473 1988 2504 illa
2011 2482 2110 2514 quam
2131 2474 2158 2503 si
2177 2479 2260 2504 esset
2283 2474 2406 2515 species
2429 2476 2477 2505 in-

1406 2518 1589 2559 telligibilis.
1609 2518 1693 2549 Nam
1711 2518 1836 2559 species
1858 2517 2065 2558 intelligibilis
2088 2527 2156 2548 non
2179 2517 2233 2548 dat
2254 2518 2406 2549 virtutem
2429 2520 2477 2550 in-

1407 2562 1572 2604 telligendi
1590 2562 1755 2614 potentiae
1769 2562 1993 2599 intellectivae‚
2010 2571 2094 2602 quae
2110 2562 2263 2593 convenit
2277 2562 2347 2593 illi
2339 2572 2476 2604 inquan-

1406 2613 1478 2638 tum
1508 2613 1555 2638 est
1578 2607 1740 2647 potentia:
1764 2606 1821 2637 sed
1847 2607 2116 2647 praeexistentem
2141 2606 2293 2637 virtutem
2315 2613 2422 2638 actuat
2445 2613 2477 2638 et

1406 2651 1542 2692 perficit.
1567 2651 1713 2683 Essentia
1733 2656 1842 2682 autem
1864 2651 2059 2682 substantiae
2082 2656 2245 2692 separatae
2268 2651 2322 2682 dat
2343 2662 2404 2683 suo
2427 2653 2476 2683 in-

1406 2696 1550 2727 tellectui
1569 2706 1702 2727 omnem
1720 2696 1872 2726 virtutem
1895 2705 1994 2737 quam
2017 2695 2114 2726 habet
2137 2701 2168 2726 et
2190 2696 2294 2736 ipsam
2310 2702 2475 2734 sustentat,

1406 2742 1450 2771 ita
1465 2740 1556 2781 quod
1571 2740 1612 2772 ad
1627 2741 1798 2772 essentiam
1813 2739 1994 2772 intellectus
2009 2741 2078 2781 ipse
2093 2740 2272 2771 naturalem
2287 2740 2383 2772 habet
2398 2751 2477 2772 con-

1407 2786 1640 2816 comitantiam.
1672 2784 1750 2815 Ideo
1780 2794 1848 2816 non
1879 2791 1927 2816 est
1953 2786 2073 2816 mirum
2102 2785 2129 2815 si
2151 2786 2254 2825 possit
2277 2794 2345 2815 esse
2372 2785 2476 2816 forma

1405 2830 1507 2871 ipsius
1530 2830 1564 2860 in
1592 2839 1660 2861 esse
1683 2828 1885 2870 intelligibili,
1908 2829 2000 2867 idest,
2025 2829 2221 2870 principium
2250 2829 2385 2860 formale
2409 2839 2476 2871 quo

1407 2874 1494 2906 elicit
1515 2874 1781 2911 intellectionem‚
1798 2874 1946 2915 quamvis
1965 2874 2011 2905 illi
2026 2884 2095 2905 non
2111 2873 2164 2904 det
2181 2883 2250 2905 esse
2265 2883 2324 2914 per
2338 2874 2476 2906 modum

1406 2920 1610 2950 inhaerentis.
1634 2918 1711 2950 Non
1735 2919 1822 2950 enim
1845 2919 2018 2960 requiritur
2040 2919 2163 2960 species
2186 2917 2392 2959 intelligibilis
2414 2920 2476 2950 nisi

1407 2969 1444 2995 ut
1461 2963 1643 2995 intellectus
1667 2969 1698 2995 et
1719 2963 1919 3004 intelligibile
1934 2964 2101 2995 uniantur:
2120 2962 2211 3003 quod
2226 2963 2302 3003 quia
2317 2973 2385 2994 non
2402 2969 2476 3004 pot-

1408 3014 1455 3039 est
1474 3009 1508 3039 in
1528 3008 1597 3039 aliis
1620 3009 1755 3039 obiectis
1776 3007 1843 3039 fieri
1867 3017 1925 3049 per
1947 3008 2161 3049 praesentiam
2184 3017 2260 3039 suae
2283 3009 2477 3039 substantiae

1407 3053 1441 3084 in
1463 3053 1640 3090 intellectu,
1664 3062 1722 3094 per
1750 3052 1994 3084 similitudinem
2021 3053 2241 3084 inhaerentem
2264 3050 2319 3082 fiat
2345 3062 2476 3084 necesse

1408 3102 1464 3128 est.
1489 3097 1575 3128 lnter
1598 3098 1768 3128 essentiam
1792 3102 1900 3128 autem
1925 3097 2029 3138 angeli
2056 3102 2087 3135 et
2111 3097 2179 3127 eius
2207 3096 2407 3128 intellectum
2431 3103 2478 3128 est

1406 3142 1504 3182 longe
1525 3143 1629 3173 maior
1643 3143 1723 3173 unio
1744 3151 1843 3183 quam
1862 3142 1946 3172 inter
1959 3134 2161 3172 intellectum
2177 3146 2208 3171 et
2223 3142 2365 3181 speciem
2383 3142 2477 3173 intel-

1407 3186 1562 3227 ligibilem
1584 3187 1815 3218 inhaerentem.
1832 3185 1933 3216 Ideo
1925 3196 1994 3226 ipsa
2011 3186 2147 3217 essentia
2161 3195 2219 3226 per
2235 3195 2269 3216 se
2285 3195 2378 3226 agere
2401 3192 2476 3226 pot-

1407 3231 1467 3262 erit
1488 3231 1594 3262 vicem
1617 3232 1736 3272 speciei
1767 3231 1974 3271 intelligibilis
1999 3229 2040 3261 ad
2063 3231 2113 3261 sui
2132 3231 2363 3270 cognitionem,
2382 3230 2477 3271 perfi-

1408 3275 1524 3306 ciendo
1541 3276 1663 3316 absque
1679 3274 1867 3306 accidentali
1889 3275 2087 3306 inhaerentia
2110 3284 2207 3306 suum
2227 3275 2427 3306 intellectum
2443 3276 2476 3306 in

1407 3329 1476 3351 esse
1491 3319 1693 3361 intelligibili,
1717 3321 1760 3350 ita
1783 3325 1819 3350 ut
1842 3328 1880 3350 ex
1903 3319 1972 3360 ipsa
1996 3324 2028 3350 et
2049 3319 2217 3350 intellectu
2237 3318 2292 3350 fiat
2315 3329 2419 3350 unum
2441 3320 2475 3350 in

1407 3374 1476 3395 esse
1503 3364 1705 3405 intelligibili,
1726 3373 1794 3395 non
1815 3369 1924 3395 autem
1944 3365 1978 3394 in
1999 3373 2067 3394 esse
2088 3369 2220 3394 naturae
2243 3363 2335 3404 quod
2357 3363 2477 3395 forma·

1407 3410 1478 3440 liter
1501 3410 1638 3440 essentia
1662 3408 1715 3439 det
1737 3408 1925 3439 intellectui.

1463 3463 1493 3484 2.
1517 3453 1566 3484 Ex
1589 3454 1626 3484 iis
1650 3458 1737 3494 patet
1760 3463 1857 3483 vanas
1884 3462 1953 3483 esse
1979 3453 2119 3484 rationes
2144 3452 2243 3489 Secti,
2268 3453 2302 3483 in
2326 3452 2353 3483 11
2376 3452 2476 3489 Sent„

1406 3497 1437 3528 d.
1454 3507 1498 3534 m,
1515 3508 1546 3539 q.
1562 3507 1617 3528 vm
1629 3498 1656 3534 *,
1681 3497 1799 3538 quibus
1821 3497 1934 3528 nititur
1955 3497 2092 3536 probare
2113 3496 2203 3537 quod
2226 3498 2405 3538 praesentia
2428 3507 2477 3528 es-

1405 3542 1526 3573 sentiae
1550 3542 1655 3582 angeli
1677 3541 1717 3572 ad
1732 3541 1933 3572 intellectum
1947 3551 2015 3572 non
2039 3547 2146 3582 potest
2166 3550 2235 3572 esse
2258 3541 2305 3571 illi
2327 3541 2408 3572 ratio
2428 3542 2477 3572 in-

1405 3586 1579 3628 telligendi,
1605 3587 1681 3626 quia
1704 3586 1784 3617 nihil
1806 3591 1914 3627 potest
1942 3595 2034 3627 agere
2057 3595 2116 3626 per
2138 3584 2219 3616 illud
2246 3584 2336 3626 quod
2360 3591 2408 3617 est
2437 3587 2476 3616 ab

1405 3631 1477 3671 ipso
1499 3636 1692 3671 separatum.

2503 648 2511 656 ·
2521 646 2654 668 Commeat.
2666 652 2718 674 cap.

2502 679 2600 700 uxum,
2612 679 2635 695 n.
2644 679 2657 694 v
2665 679 2717 701 sqq.

2510 1681 2518 1688 ·
2534 1679 2604 1701 Num.
2623 1685 2658 1705 111,
2681 1679 2720 1700 Se-

2507 1705 2590 1727 cundo.

2504 3497 2639 3526 ·F01.31v.
2651 3497 2719 3524 (Ven

2507 3525 2580 3554 ¹497)
