2768 4134
54 730 64 739 ·
79 729 134 757 cap.
151 735 224 750 xxvn.

300 295 374 332 326

786 289 974 327 SUMMA
1003 288 1226 324 CONTRA
1255 286 1531 330 GENTILES,
1560 286 1717 330 LIB.11,
1748 286 1860 322 CAP.
1883 287 2014 322 XXIII.

298 382 406 412 neque
418 376 549 411 propter
564 369 788 400 necessitatem
804 367 971 402 scientiae;
988 351 1095 406 neque
1111 370 1244 405 propter
1259 373 1370 394 neces·
1397 364 1399 383 ¹
1425 363 1622 404 principium
1645 363 1792 393 actionis.
1816 362 1880 393 Sed
1895 363 1980 393 actio
1996 363 2092 393 debet
2107 373 2146 393 ex
2161 370 2251 403 parte
2274 366 2396 406 agentis
2412 375 2503 397 com-

298 417 422 446 sitatem
438 413 621 444 voluntatis.
645 412 834 452 Expressius
850 416 960 441 autem
975 411 1039 440 hoc
1055 415 1187 450 apparet
1203 418 1273 448 cap.
1286 418 1370 444 xxw,

298 461 353 490 ubi
376 459 453 489 dicit
477 463 640 488 ostensum
656 466 733 492 esse,
751 456 872 486 scilicet
887 456 921 485 in
937 455 1001 485 hoc
1018 455 1132 494 capite,
1149 452 1236 494 quod
1259 452 1371 483 divina

291 503 440 544 potentia
464 501 507 532 ad
530 501 762 532 determinatos
787 500 918 541 effectus
944 509 1010 529 non
1034 503 1234 532 coarctatur,
1251 506 1291 527 ac
1309 506 1371 537 per

296 549 358 578 hoc
380 546 468 587 quod
490 546 530 576 de
554 545 742 576 necessitate
766 549 906 575 naturae
929 553 994 574 non
1019 543 1100 584 agit.

353 590 453 628 Quod
476 595 586 620 autem
605 589 740 626 additur,
757 589 814 620 sed
830 598 895 629 per
910 588 1081 619 arbitrium
1098 586 1285 621 voluntatis,
1301 594 1370 616 non

297 636 411 666 obstat.
436 634 523 672 Quia
545 643 604 674 per
626 633 707 664 illud
725 643 795 664 non
810 633 879 663 vult
894 632 981 663 aliud
996 633 1114 662 habere
1130 630 1267 661 Sanctus
1279 630 1370 660 Tho-

295 689 365 710 mas
381 688 480 719 quam
497 677 587 719 quod
602 679 667 718 agit
682 687 740 718 per
755 678 975 714 voluntatem:
999 674 1171 716 quomodo
1188 680 1297 705 autem
1312 683 1370 714 per

295 724 506 759 voluntatem,
531 723 712 753 necessario
737 721 858 752 scilicet
878 731 919 751 an
934 721 1044 756 libere,
1060 719 1194 750 inferius
1206 719 1223 735 ᾗ*
1239 719 1299 749 erit
1314 718 1370 749 de-

295 767 493 798 clarandum.

293 819 298 826 ¹
350 812 512 848 Similiter,
539 811 615 842 licet
641 812 675 841 in
698 811 860 850 aliquibus
884 809 1062 840 rationibus
1089 807 1235 838 videatur
1259 807 1370 838 inferri

294 856 385 897 quod
404 856 493 886 Deus
508 855 608 886 libere
624 856 698 895 agit,
715 856 779 885 hoc
802 861 910 885 tamen
933 853 1069 884 infertur
1085 858 1122 884 ut
1136 853 1271 883 ulterius
1291 861 1369 882 con-

294 900 440 931 cludatur
457 899 548 940 quod
570 909 628 940 per
646 900 848 931 voluntatem
865 900 938 939 agit,
954 907 1023 928 non
1038 907 1097 938 per
1112 903 1276 928 naturam:
1301 906 1370 927 non

294 952 403 976 autem
426 950 462 975 ut
485 943 673 975 ostendatur
689 944 834 975 absolute
851 942 942 984 quod
965 952 1023 982 per
1045 942 1226 972 libertatem
1249 941 1323 981 agit.

350 990 386 1020 11.
411 989 462 1019 Ad
485 989 573 1019 hunc
597 998 674 1029 ergo
699 998 840 1024 sensum,
865 988 1020 1028 probatur
1052 986 1221 1017 conclusio
1246 985 1368 1027 primo.

293 1033 410 1064 Divina
437 1034 536 1064 virtus
563 1043 633 1063 non
657 1033 823 1063 ordinatur
853 1032 893 1062 ad
921 1040 1024 1062 unum
1055 1030 1208 1061 effectum
1231 1035 1368 1060 tantum.

292 1079 379 1118 Ergo
402 1087 471 1108 non
495 1078 559 1118 agit
581 1087 640 1118 per
662 1077 886 1108 necessitatem
910 1081 1053 1106 naturae.
1069 1094 1093 1098 -
1108 1074 1315 1106 Antecedens
1331 1084 1370 1105 ex

292 1123 511 1163 superioribus
534 1127 632 1162 patet.
660 1140 683 1144 -
711 1121 955 1161 Consequentia
984 1130 1062 1151 vero
1092 1121 1258 1160 probatur.
1283 1119 1370 1157 Quia

292 1167 398 1197 omnis
414 1167 536 1207 agentis
552 1176 610 1207 per
625 1167 850 1197 necessitatem
864 1170 998 1196 naturae
1013 1165 1114 1195 virtus
1138 1165 1370 1195 determinatur

291 1211 331 1242 ad
355 1221 468 1241 unum.
494 1210 598 1241 Cuius
626 1211 755 1251 signum
779 1216 826 1241 est
855 1210 932 1250 quia
958 1209 1115 1241 naturalia
1143 1218 1272 1249 semper
1296 1218 1369 1239 eve-

290 1256 385 1286 niunt
409 1255 526 1286 eodem
549 1254 661 1291 modo,
685 1255 746 1285 nisi
770 1255 810 1285 sit
832 1254 1116 1295 impedimentum.

346 1300 408 1330 Pro
424 1300 635 1340 intelligentia
650 1300 747 1330 huius
763 1300 907 1335 rationis,
920 1298 1193 1329 considerandum
1207 1303 1254 1328 est
1266 1297 1367 1338 quod,

292 1354 367 1375 cum
384 1354 484 1375 omne
499 1354 597 1384 agens
621 1343 780 1384 producat
799 1345 860 1374 sibi
875 1343 980 1374 simile
996 1349 1156 1384 quantum
1173 1342 1213 1373 ad
1229 1342 1368 1373 formam

291 1399 375 1430 quae
399 1395 447 1420 est
469 1389 666 1430 principium
690 1389 836 1425 actionis,
858 1388 893 1419 id
916 1389 1009 1420 cuius
1032 1388 1229 1428 principium
1253 1387 1369 1428 agendi

291 1440 338 1464 est
361 1434 430 1464 sola
452 1439 575 1470 natura,
599 1443 668 1464 non
696 1433 848 1474 producit
878 1433 938 1463 sibi
968 1433 1072 1463 simile
1102 1433 1163 1463 nisi
1187 1432 1369 1463 secundum

290 1484 452 1509 naturam:
474 1488 532 1519 per
547 1478 638 1518 quod
654 1478 860 1518 distinguitur
875 1478 914 1508 ab
931 1483 1045 1518 agente
1061 1487 1119 1517 per
1135 1477 1368 1518 cognitionem,

292 1522 382 1564 quod
404 1522 555 1564 producit
578 1523 638 1553 sibi
661 1523 764 1553 simile
794 1522 975 1553 secundum
1003 1521 1143 1552 formam
1171 1531 1368 1563 praeconce-

291 1573 391 1608 ptam,
414 1577 483 1598 non
507 1573 616 1598 autern
644 1567 825 1597 secundum
855 1572 1003 1597 naturam
1033 1567 1229 1607 inquantum
1257 1567 1369 1598 huius-

291 1612 391 1643 modi.
417 1612 504 1648 ldeo,
530 1612 593 1643 nisi
615 1613 658 1642 sit
681 1611 800 1652 aliquis
823 1611 969 1653 defectus
992 1621 1034 1641 ex
1051 1617 1150 1652 parte
1166 1612 1296 1642 virtutis
1312 1617 1370 1642 aut

286 1657 455 1698 potentiae
473 1657 635 1697 passivae,
654 1657 812 1696 producit
832 1656 893 1687 sibi
915 1657 1062 1696 aequale,
1079 1662 1115 1686 ut
1139 1656 1270 1687 deducit
1290 1656 1369 1687 San-

292 1708 362 1732 ctus
390 1701 535 1732 Thomas
558 1701 718 1737 Potentia,
744 1710 775 1741 q.
799 1711 843 1737 111,
866 1711 894 1731 a.
922 1701 970 1732 15.
995 1701 1051 1731 Est
1075 1710 1153 1740 ergo
1177 1707 1290 1731 natura
1314 1701 1368 1732 de-

292 1747 460 1776 terminata
483 1745 523 1776 ad
547 1755 667 1776 unum:
693 1746 770 1786 quia
793 1745 1024 1776 determinatur
1051 1745 1091 1776 ad
1119 1745 1368 1786 producendum

293 1791 428 1831 aequale
452 1789 632 1820 secundum
662 1795 820 1820 naturam.
852 1789 893 1820 Et
923 1790 978 1826 sic,
1003 1789 1028 1819 si
1052 1789 1142 1820 Deus
1175 1796 1282 1830 ageret
1311 1800 1369 1831 per

292 1835 515 1866 necessitatem
545 1840 678 1865 naturae
709 1840 897 1870 creaturam,
923 1834 1189 1864 determinaretur
1218 1834 1258 1865 ad
1282 1844 1369 1865 crea-

291 1885 397 1910 turam
412 1880 472 1909 sibi
488 1879 521 1909 in
544 1884 658 1909 natura
682 1879 861 1919 aequalem.
886 1878 987 1916 Quod
1011 1884 1058 1908 est
1080 1879 1298 1918 impossibile:
1323 1879 1368 1910 sic

292 1924 379 1954 enim
409 1923 498 1954 solus
529 1923 629 1954 Filius
659 1923 719 1953 Dei
745 1929 776 1954 et
808 1923 945 1963 Spiritus
969 1923 1105 1953 Sanctus
1132 1932 1192 1962 per
1220 1928 1368 1954 naturam

290 1968 490 2008 producitur.
522 1966 598 1997 Ideo
628 1968 858 1997 convenienter
887 1976 924 1997 ex
950 1976 990 1997 eo
1015 1967 1105 2007 quod
1128 1973 1241 1997 natura
1265 1967 1368 1998 deter-

290 2013 431 2042 minatur
446 2011 486 2042 ad
502 2021 616 2048 unum,
633 2012 736 2051 arguit
752 2011 888 2042 Sanctus
905 2011 1049 2041 Thomas
1066 2011 1174 2042 Deum
1189 2021 1258 2042 non
1275 2022 1367 2052 agere

289 2065 348 2097 per
370 2056 594 2086 necessitatem
618 2061 761 2086 naturae.

345 2100 397 2131 111.
422 2099 581 2130 Secundo.
607 2099 709 2130 Multa
733 2100 869 2130 subsunt
893 2099 1020 2131 divinae
1043 2101 1210 2141 potentiae
1226 2110 1310 2141 quae
1333 2101 1367 2132 in

289 2154 397 2175 rerum
419 2151 534 2175 natura
556 2154 624 2175 non
648 2145 867 2175 inveniuntur.
897 2145 983 2185 Ergo
1008 2151 1069 2176 etc.
1093 2163 1116 2167 —
1138 2145 1229 2176 Patet
1253 2155 1367 2176 conse-

290 2190 432 2230 quentia.
449 2189 535 2227 Quia
552 2190 754 2230 quicumque
778 2198 892 2220 eorum
918 2198 1002 2230 quae
1022 2195 1130 2230 potest
1145 2189 1251 2221 facere
1268 2199 1367 2231 quae—

290 2234 364 2264 dam
381 2233 456 2264 facit
472 2240 503 2264 et
520 2233 679 2274 quaedam
696 2243 764 2265 non
781 2233 857 2264 facit
873 2233 1034 2273 (deductis
1049 2235 1171 2266 scilicet
1187 2234 1367 2266 defectibus

290 2284 322 2309 et
337 2278 603 2319 impedimentis),
619 2279 684 2318 agit
695 2287 753 2319 per
765 2279 960 2310 electionem
972 2279 1159 2316 voluntatis,
1171 2289 1240 2310 non
1257 2285 1367 2311 autem

289 2332 347 2363 per
362 2323 585 2354 necessitatem
601 2328 744 2353 naturae.
757 2341 779 2346 -
791 2323 996 2354 Antecedens
1007 2333 1086 2354 vero
1102 2324 1267 2364 probatur.
1281 2324 1367 2362 Quia

289 2368 425 2398 subsunt
449 2367 574 2398 divinae
594 2368 758 2407 potentiae
775 2377 1003 2408 quaecumque
1018 2377 1087 2398 non
1103 2368 1272 2409 implicant
1288 2378 1367 2400 con-

288 2411 525 2443 tradictionem.
549 2411 654 2442 Multa
677 2417 786 2442 autem
806 2421 875 2442 non
891 2412 1014 2443 suntin
1030 2413 1127 2443 rebus
1147 2413 1260 2444 creatis
1284 2422 1367 2454 quae

289 2462 409 2492 tamen,
433 2456 459 2486 si
482 2461 597 2492 essent,
622 2466 689 2487 non
711 2456 916 2497 implicarent
938 2457 1238 2488 contradictionem.

348 2510 377 2531 2.
395 2500 515 2531 Tertio.
532 2501 621 2531 Deus
638 2506 686 2531 est
701 2510 758 2541 per
774 2510 865 2531 suam
883 2502 1053 2532 essentiam
1069 2501 1261 2542 intelligens.
1279 2502 1366 2543 Ergo

290 2544 468 2575 similitudo
494 2544 626 2576 effectus
650 2546 700 2576 sui
729 2551 775 2576 est
802 2546 834 2576 in
858 2546 931 2586 ipso
952 2545 1132 2576 secundum
1156 2547 1294 2578 modum
1318 2548 1367 2578 in-

290 2589 500 2629 telligibilem.
525 2589 612 2630 Ergo
632 2599 690 2630 per
712 2589 914 2620 intellectum
941 2591 1015 2630 agit.
1040 2590 1139 2631 Igitur
1165 2600 1224 2631 per
1250 2592 1368 2622 volun-

290 2640 398 2670 tatem,
423 2643 491 2664 non
515 2643 572 2674 per
601 2635 826 2665 necessitatem
857 2640 998 2665 naturae.
1026 2653 1048 2657 ——
1076 2635 1233 2666 Probatur
1263 2637 1367 2677 prima

290 2678 533 2719 consequentia.
557 2678 644 2716 Quia
668 2688 767 2710 omne
791 2679 882 2719 quod
898 2685 945 2710 est
960 2680 994 2710 in
1010 2679 1122 2716 altero,
1140 2686 1187 2711 est
1202 2681 1235 2711 in
1253 2691 1293 2712 eo
1310 2691 1368 2722 per

290 2722 427 2754 modum
451 2723 520 2754 eius
542 2723 577 2753 in
600 2732 668 2764 quo
685 2730 742 2754 est.
757 2741 781 2746 —
797 2723 946 2755 Secunda
970 2724 1067 2755 etiam
1090 2725 1255 2765 probatur.
1280 2725 1367 2764 Quia

289 2767 554 2808 unumquodque
577 2777 675 2808 agens
697 2768 762 2799 hoc
785 2767 887 2799 modo
911 2769 976 2809 agit
1005 2768 1187 2801 secundum
1211 2770 1303 2811 quod
1326 2771 1367 2802 si-

289 2811 439 2843 militudo
456 2811 532 2843 facti
547 2817 595 2842 est
610 2813 644 2843 in
659 2813 743 2853 ipso.
759 2830 782 2835 —
798 2813 919 2844 Ultima
939 2822 1075 2854 quoque
1098 2815 1263 2854 probatur.
1280 2814 1367 2853 Quia

288 2856 471 2888 intellectus
493 2866 562 2887 non
586 2857 650 2896 agit
679 2857 823 2897 aliquem
853 2856 1006 2888 effectum
1034 2859 1095 2889 nisi
1123 2859 1286 2891 mediante
1310 2870 1367 2891 vo-

290 2901 424 2932 luntate.

346 2944 441 2976 Circa
471 2945 560 2976 illam
590 2946 862 2986 propositionem,
890 2946 1148 2988 Unumquodque
1175 2958 1279 2990 agens
1305 2949 1367 2980 hoc

290 2989 386 3020 modo
409 2990 482 3032 agit
511 2989 688 3021 secundum
718 2990 807 3030 quod
832 2990 1011 3022 similitudo
1032 2992 1123 3033 sacti
1151 2998 1198 3024 est
1226 2993 1259 3024 in
1285 2994 1365 3034 ipso,

289 3033 522 3065 advertendum
546 3034 637 3075 quod
660 3034 780 3065 modus
795 3034 911 3075 agendi
927 3042 1034 3076 potest
1049 3037 1153 3077 accipi
1170 3043 1201 3068 et
1218 3047 1255 3068 ex
1277 3044 1366 3079 parte

289 3079 422 3118 agentis,
446 3084 478 3110 et
501 3088 539 3110 ex
569 3085 659 3119 parte
691 3078 775 3110 facti.
807 3079 841 3110 Si
865 3080 1064 3120 acciperetur
1096 3091 1134 3112 ex
1162 3088 1251 3122 parte
1279 3082 1365 3119 facti,

289 3132 401 3154 sensus
425 3129 508 3154 esset
532 3123 622 3163 quod
646 3132 744 3163 agens
766 3123 859 3154 illum
883 3124 1020 3155 modum
1037 3126 1163 3156 essendi
1186 3127 1219 3157 in
1243 3126 1366 3158 factum

290 3173 434 3199 causaret
457 3177 558 3208 quem
581 3167 759 3199 similitudo
784 3167 859 3199 facti
885 3169 982 3199 habet
1011 3170 1045 3200 in
1073 3176 1197 3210 agente.
1223 3171 1264 3202 Et
1287 3177 1365 3203 tunc

289 3213 469 3252 propositio
486 3222 555 3243 non
571 3218 654 3243 esset
669 3212 890 3244 universaliter
905 3222 992 3244 vera:
1018 3214 1195 3246 similitudo
1213 3217 1300 3247 enim
1319 3217 1366 3248 rei

289 3255 473 3287 artificiatae
497 3257 593 3287 habet
617 3266 686 3288 esse
709 3257 920 3288 immateriale
935 3258 969 3288 in
986 3264 1095 3290 mente
1116 3259 1254 3298 artificis,
1272 3267 1303 3291 et
1319 3267 1365 3292 ta-

290 3309 365 3330 men
381 3310 430 3331 res
446 3300 611 3332 artificiata
630 3301 726 3332 habet
742 3311 811 3333 esse
831 3302 1006 3334 materiale.
1024 3303 1118 3334 Unde
1134 3305 1167 3335 in
1184 3304 1248 3335 hoc
1268 3314 1365 3337 sensu

291 3353 361 3375 eam
385 3354 453 3376 non
478 3346 595 3386 accipit
618 3346 754 3377 Sanctus
772 3346 928 3377 Thomas.
951 3365 974 3369 -
1000 3347 1033 3378 Si
1057 3354 1167 3379 autem
1190 3350 1366 3390 accipiatur

291 3398 328 3418 ex
351 3395 441 3428 parte
464 3391 596 3430 agentis,
620 3400 733 3421 sensus
757 3396 805 3422 est
827 3391 919 3432 quod
942 3392 1038 3428 actio,
1063 3393 1243 3424 secundum
1274 3394 1365 3434 quod

290 3433 329 3461 ab
346 3440 458 3473 agente
476 3435 587 3472 oritur,
604 3435 699 3466 habet
716 3435 858 3466 eundem
878 3435 1015 3467 modum
1032 3446 1131 3477 quem
1148 3438 1244 3468 habet
1260 3438 1365 3470 forma

291 3485 374 3515 quae
398 3484 444 3508 est
466 3479 662 3519 principium
678 3479 794 3520 agendi
810 3486 842 3511 et
857 3480 1035 3512 similitudo
1051 3480 1137 3512 facti.
1162 3482 1203 3512 Et
1223 3488 1301 3514 tunc
1318 3489 1365 3514 est

292 3522 470 3560 propositio
494 3524 714 3555 universaliter
732 3534 817 3561 vera,
834 3531 866 3556 et
889 3526 1011 3556 intenta
1035 3526 1099 3557 hoc
1122 3526 1208 3557 loco.
1233 3527 1274 3558 Et
1290 3537 1364 3568 pro-

292 3564 383 3595 batur
399 3575 416 3596 a
436 3565 554 3598 Sancto
571 3567 710 3605 Thoma‚
728 3570 803 3609 quia
828 3579 923 3601 omne
945 3579 1050 3612 agens
1073 3570 1145 3612 agit
1165 3571 1227 3602 sibi
1249 3572 1363 3603 simile.

292 3607 340 3637 Ex
364 3618 427 3648 qua
458 3612 681 3651 propositione
711 3614 756 3644 sic
787 3614 856 3645 vult
886 3623 1029 3654 arguere.
1061 3614 1097 3646 In
1128 3616 1219 3646 omni
1250 3622 1365 3656 agente

293 3658 423 3691 oportet
447 3663 515 3685 esse
539 3656 781 3688 similitudinem
806 3664 837 3688 et
862 3657 999 3690 formam
1022 3659 1068 3691 rei
1093 3659 1194 3691 factae
1211 3666 1365 3702 tanquam

1425 407 1604 438 mensurari
1634 413 1666 437 et
1694 407 1937 447 proportionari
1967 416 2027 437 suo
2058 407 2220 447 principio
2250 407 2388 441 formali.
2415 411 2502 451 Ergo

1425 451 1545 482 modus
1568 452 1704 482 actionis
1728 461 1767 481 ex
1790 456 1880 491 parte
1903 452 2025 491 agentis
2050 457 2098 481 est
2112 451 2293 483 secundum
2308 453 2446 495 modum
2462 456 2504 485 si-

1425 495 1616 526 militudinis
1640 495 1716 526 facti
1739 495 1772 526 in
1797 502 1922 536 agente.
2106 497 2109 500 ’
2265 509 2267 511 ·

1483 540 1512 571 3.
1538 539 1602 571 Sed
1625 545 1704 571 tunc
1729 541 1869 570 occurrit
1892 539 2030 570 dubium
2045 540 2133 571 iuxta
2148 540 2330 572 secundum
2353 551 2501 574 sensum:

1425 586 1502 625 quia
1524 594 1594 615 non
1616 584 1744 615 videtur
1768 594 1837 616 esse
1859 585 2082 616 universaliter
2103 594 2189 617 vera.
2214 585 2298 616 Nam
2326 586 2503 618 similitudo

1424 638 1533 660 rerum
1556 629 1815 670 corruptibilium
1839 630 1874 659 in
1897 630 2089 670 corporibus
2112 630 2303 661 caelestibus
2323 631 2419 662 habet
2434 641 2504 663 esse

1424 673 1663 713 incorruptibili
1682 673 1795 704 modo·
1815 673 1856 704 Et
1879 679 1988 704 tamen
2005 675 2089 705 actio
2106 684 2171 715 qua
2187 684 2206 705 a
2221 684 2359 715 corpore
2375 676 2504 707 caelesti

1423 727 1474 749 res
1490 718 1708 758 corruptibilis
1731 717 1889 758 procedit,
1906 727 1975 748 non
1994 719 2091 749 habet
2113 720 2252 750 modum
2275 720 2504 761 incorruptibi-

1424 763 1499 800 lem,
1524 762 1581 794 sed
1604 762 1855 803 corruptibiliter
1877 762 2040 802 procedit:
2067 773 2143 794 cum
2167 764 2207 795 sit
2230 765 2315 796 actio
2335 765 2503 802 transiens,

1425 813 1466 844 et,
1490 817 1525 838 re
1548 806 1642 844 facta,
1666 807 1806 847 amplius
1828 816 1898 837 non
1922 808 1978 844 sit;
2003 813 2059 838 aut
2081 808 2195 839 saltem
2218 808 2259 839 ad
2283 809 2415 840 effectus
2432 819 2504 840 cor—

1423 853 1613 892 ruptionem
1636 858 1873 892 corrumpatur.
2332 864 2335 865 ⁷

1475 896 1705 938 Respondetur
1718 896 1810 937 quod
1821 897 2004 937 propositio
2017 896 2126 928 Sancti
2134 897 2284 928 Thomae
2296 898 2503 939 intelligenda

1425 947 1472 972 est
1488 941 1528 972 de
1544 941 1647 972 modo
1664 942 1721 981 qui
1737 947 1831 972 natus
1847 946 1895 971 est
1910 940 2016 972 facere
2033 941 2250 973 diversitatem
2269 942 2361 974 modi
2376 943 2502 984 agendi,

1423 995 1493 1017 non
1517 992 1627 1016 autem
1650 985 1690 1016 de
1715 986 1806 1016 omni
1829 985 1931 1016 modo
1956 985 2174 1017 similitudinis
2197 986 2283 1017 facti.
2306 986 2370 1018 Hic
2393 993 2503 1019 autem

1425 1036 1473 1061 est
1496 1030 1632 1071 duplex:
1658 1030 1780 1061 scilicet
1808 1030 1927 1061 modus
1956 1031 2120 1068 naturalis,
2144 1037 2176 1062 et
2205 1030 2324 1062 modus
2352 1031 2503 1073 intelligi-

1424 1075 1513 1111 bilis;
1538 1075 1578 1106 ad
1602 1085 1686 1115 quos
1709 1075 1909 1106 reducuntur
1925 1076 2022 1106 etiam
2038 1075 2130 1106 modi
2146 1076 2204 1116 qui
2218 1077 2299 1106 istos
2320 1077 2503 1107 necessario

1424 1120 1697 1156 concomitantur,
1721 1126 1757 1151 ut
1780 1121 1835 1150 sic.
1860 1119 1948 1156 Ideo,
1973 1121 2000 1151 si
2021 1120 2093 1151 talis
2116 1120 2295 1152 similitudo
2318 1121 2420 1152 habet
2430 1130 2504 1152 mo-

1425 1164 1504 1195 dum
1528 1165 1655 1196 essendi
1677 1165 1868 1201 naturalem,
1884 1164 2004 1196 modus
2020 1166 2157 1196 actionis
2177 1165 2237 1196 erit
2259 1171 2296 1196 ut
2318 1166 2505 1198 naturaliter

1423 1209 1593 1250 procedat:
1619 1210 1645 1240 si
1668 1215 1778 1240 autem
1793 1209 1891 1241 habet
1906 1219 1976 1240 esse
1999 1209 2210 1250 intelligibile,
2225 1210 2344 1242 modus
2368 1212 2504 1243 actionis

1425 1260 1472 1284 est
1495 1259 1532 1284 ut
1554 1254 1797 1295 intelligibiliter
1819 1253 1884 1285 fiat.
1908 1254 1987 1285 Esse
2011 1260 2120 1285 autem
2145 1255 2354 1296 corruptibile
2377 1261 2433 1286 aut
2454 1255 2504 1287 in-

1425 1298 1636 1339 corruptibile
1655 1298 1803 1335 ·formae,
1826 1308 1896 1329 non
1927 1299 2035 1336 habet,
2065 1305 2102 1330 ut
2133 1300 2189 1336 sic,
2213 1300 2335 1330 variare
2365 1300 2504 1331 modum

1425 1343 1556 1384 agendi:
1582 1344 1659 1384 quia
1681 1344 1733 1374 isti
1756 1349 1832 1374 sunt
1854 1343 1947 1374 modi
1970 1343 2094 1374 formae
2117 1349 2154 1374 ut
2177 1343 2282 1375 forma
2306 1350 2363 1381 est,
2383 1350 2421 1375 ut
2443 1345 2504 1376 sci-

1423 1388 1499 1419 licet
1522 1388 1706 1420 subiectum
1729 1389 1763 1419 in
1787 1389 1896 1429 seipso
1918 1388 2062 1429 perficit;
2085 1397 2155 1420 non
2179 1394 2288 1419 autem
2318 1395 2356 1420 ut
2378 1389 2504 1430 perficit

1423 1433 1457 1463 in
1486 1432 1600 1463 ordine
1630 1433 1670 1463 ad
1702 1433 1840 1464 alterum
1869 1438 2024 1474 tanquam
2055 1434 2254 1474 principium
2284 1435 2431 1466 actionis.
2454 1434 2504 1467 Ex

1423 1478 1542 1518 quibus
1558 1482 1646 1518 patet
1662 1477 1753 1518 quod
1765 1477 1904 1509 adducta
1919 1478 2070 1509 instantia
2086 1487 2155 1509 non
2171 1484 2219 1509 est
2231 1485 2344 1510 contra
2358 1484 2504 1511 mentem

1424 1522 1533 1553 Sancti
1554 1522 1715 1553 Thomae.
2088 1521 2090 1523 ’

1480 1567 1535 1597 IV.
1556 1566 1695 1603 Quarto.
1713 1567 1800 1598 Cum
1824 1568 1864 1598 sit
1888 1567 2008 1608 duplex
2031 1576 2134 1607 genus
2158 1568 2304 1605 actionis,
2322 1567 2504 1608 secundum

1422 1611 1672 1652 Philosophum,
1696 1612 1739 1642 lx
1761 1612 1916 1652 Metaph„
1942 1611 2050 1642 divina
2082 1613 2167 1643 actio
2195 1622 2264 1643 non
2298 1619 2345 1644 est
2377 1612 2418 1644 de
2447 1621 2504 1654 ge—

1423 1666 1499 1687 nere
1524 1656 1692 1686 actionum
1716 1665 1801 1697 quae
1827 1666 1896 1687 non
1924 1662 2000 1687 sunt
2021 1657 2056 1687 in
2079 1662 2205 1697 agente,
2229 1666 2306 1688 curn
2333 1667 2391 1688 sua
2417 1658 2503 1689 aetio

1423 1701 1464 1732 sit
1480 1710 1537 1732 sua
1558 1701 1750 1732 substantia:
1776 1700 1832 1731 sed
1849 1699 1889 1733 de
1903 1710 2023 1741 genere
2045 1702 2296 1733 immanentium
2318 1703 2351 1733 in
2376 1708 2503 1743 agente.

1423 1745 1511 1786 Ergo
1528 1751 1588 1776 etc.
1605 1763 1628 1768 —
1649 1745 1740 1777 Patet
1756 1746 2001 1787 consequentia.
2025 1745 2112 1784 Quia
2128 1747 2272 1778 actiones
2288 1747 2504 1778 immanentes

1422 1800 1491 1827 non
1516 1796 1591 1820 sunt
1614 1790 1675 1820 nisi
1699 1791 1844 1821 actiones
1868 1791 2095 1831 cognoscentis
2120 1796 2151 1821 et
2174 1792 2365 1832 appetentis.
2389 1791 2432 1823 Et
2445 1801 2505 1834 per

1424 1843 1629 1874 consequens
1660 1844 1729 1865 non
1761 1839 1836 1865 sunt
1866 1836 2010 1866 actiones
2041 1836 2163 1876 agentis
2191 1845 2250 1876 per
2278 1837 2504 1868 necessitatem

1423 1884 1566 1909 naturae.

1478 1923 1621 1953 Adverte
1643 1922 1736 1962 quod
1751 1931 1789 1953 ex
1805 1923 1869 1953 hoc
1885 1923 1960 1954 loco
1984 1929 2118 1964 apparet
2141 1923 2233 1964 quod
2255 1925 2405 1965 superius
2415 1926 2433 1943 ⁰
2448 1924 2515 1957 de-·
2531 1924 2542 1934 ‘

1422 1968 1678 2004 terminavimus,
1703 1976 1815 2000 verum
1833 1977 1918 1998 esse:
1943 1967 2075 2005 scilicet,
2092 1969 2256 2000 actionem
2271 1975 2503 2007 transeuntem,

1422 2012 1553 2052 proprie
1577 2011 1756 2052 loquendo,
1781 2012 1814 2042 in
1839 2012 1911 2043 Deo
1934 2021 2003 2043 non
2019 2021 2099 2050 esse,
2115 2012 2191 2044 licet
2205 2013 2251 2044 ibi
2267 2014 2307 2044 sit
2322 2013 2504 2049 secundum

1422 2055 1560 2087 modum
1584 2055 1797 2096 significandi.

1481 2110 1510 2132 2.
1524 2100 1658 2137 Quinto.
1672 2100 1762 2133 Deus
1777 2101 1841 2142 agit
1856 2106 1990 2142 propter
2005 2101 2116 2133 finem.
2129 2101 2216 2143 Ergo
2229 2111 2287 2144 per
2301 2103 2504 2146 intellectum

1423 2151 1454 2176 et
1478 2146 1691 2177 voluntatem.
1725 2145 1812 2186 Ergo
1837 2151 1898 2177 etc.
1925 2163 1949 2169 -
1975 2146 2066 2178 Patet
2096 2146 2301 2179 antecedens.
2325 2147 2422 2187 Quia,
2438 2157 2505 2191 ‘per

1422 2190 1671 2231 Philosophum,
1688 2191 1745 2221 ΧΠ
1759 2191 1902 2231 Metaph.
1916 2191 1943 2227 *,
1955 2197 2032 2222 text.
2047 2192 2099 2228 52,
2117 2192 2315 2230 universum,
2333 2193 2425 2234 quod
2442 2194 2504 2226 sci-

1421 2235 1496 2266 licet
1513 2241 1560 2266 est
1576 2235 1709 2266 effectus
1726 2235 1797 2271 Dei,
1813 2245 1883 2267 non
1899 2241 1946 2266 est
1963 2246 1980 2267 a
1996 2245 2085 2273 casu,
2098 2235 2155 2267 sed
2170 2235 2210 2268 ad
2225 2237 2362 2278 aliquod
2376 2238 2503 2270 bonum

1423 2279 1619 2311 ordinatum.
1643 2298 1667 2303 -
1690 2279 1936 2321 Consequentia
1959 2290 2036 2311 vero
2059 2282 2226 2322 probatur.
2250 2282 2336 2320 Quia
2360 2282 2503 2323 primum

1422 2334 1520 2364 agens
1543 2330 1677 2365 propter
1699 2324 1799 2356 finem
1823 2330 1954 2366 oportet
1987 2335 2056 2356 esse
2085 2334 2184 2366 agens
2214 2335 2272 2367 per
2301 2326 2503 2360 intellectum

1423 2375 1454 2400 et
1474 2370 1693 2400 voluntatem:
1719 2379 1796 2401 nam
1820 2379 1858 2401 ea
1881 2379 1966 2410 quae
1989 2370 2157 2402 intellectu
2173 2377 2293 2408 carent,
2310 2377 2411 2412 agunt
2425 2381 2502 2414 pro-

1421 2419 1492 2454 pter
1515 2413 1616 2445 finem
1640 2413 1761 2445 directa
1784 2415 1823 2445 ab
1847 2414 1958 2455 aliquo
1983 2421 2203 2455 cognoscente
2227 2421 2259 2447 et
2281 2415 2392 2454 finem,
2414 2422 2447 2448 et
2468 2417 2503 2449 id

1422 2458 1514 2499 quod
1529 2464 1578 2489 est
1593 2459 1632 2489 ad
1648 2458 1759 2496 finem,
1776 2465 1808 2490 et
1823 2460 2074 2500 proportionem
2089 2460 2172 2491 inter
2194 2465 2386 2502 utrumque;
2411 2461 2503 2504 quod

1423 2508 1471 2534 est
1494 2503 1601 2534 solum
1624 2503 1843 2544 intelligentis.
1868 2503 1959 2535 Patet
1982 2505 2047 2535 hoc
2075 2505 2226 2546 exemplo
2257 2505 2389 2546 sagittae
2412 2515 2431 2537 a
2453 2515 2503 2538 sa—

1421 2548 1555 2588 gittante
1579 2547 1728 2578 directae.
1756 2566 1780 2570 -
1806 2548 1856 2579 De
1886 2548 1992 2579 modis
2023 2555 2055 2580 et
2085 2549 2266 2581 diversitate
2297 2551 2502 2592 appetituum

1422 2591 1537 2623 diffuse
1553 2601 1571 2622 a
1587 2592 1707 2623 Sancto
1724 2592 1855 2624 Thoma
1878 2594 1911 2624 in
1935 2593 2041 2624 Prima
2065 2593 2234 2626 Secundae
2258 2594 2500 2628 determinatur.

1421 2636 1545 2668 Idcirco
1570 2638 1622 2668 hic
1646 2638 1832 2678 protrahere
1856 2647 2042 2669 sermonem
2065 2648 2133 2670 non
2158 2645 2298 2680 oportet.

1479 2681 1509 2713 3.
1522 2681 1633 2713 Sexto.
1646 2682 1736 2713 Deus
1748 2688 1795 2713 est
1807 2683 1951 2723 primum
1967 2693 2075 2723 agens.
2088 2683 2175 2724 Ergo
2192 2690 2240 2715 est
2255 2684 2410 2716 dominus
2425 2694 2502 2717 suo-

1421 2735 1495 2758 rum
1518 2732 1661 2758 actuum.
1687 2727 1774 2767 Ergo
1791 2727 1855 2768 agit
1874 2736 1933 2768 per
1956 2727 2170 2760 voluntatem.
2186 2745 2208 2753 -
2223 2729 2383 2761 Probatur
2397 2727 2502 2772 prima

1422 2772 1666 2812 consequentia.
1691 2771 1778 2810 Quia
1793 2772 1820 2803 si
1835 2781 1904 2803 non
1921 2778 2005 2803 esset
2019 2782 2156 2804 suorum
2178 2779 2312 2805 actuum
2335 2774 2501 2812 dominus,

1421 2825 1490 2846 non
1520 2821 1604 2847 esset
1633 2817 1777 2857 primum
1807 2826 1916 2857 agens.
1948 2816 2016 2855 Qui
2045 2818 2135 2849 enim
2165 2827 2241 2849 suae
2268 2819 2406 2850 actionis
2431 2828 2501 2850 non

1422 2867 1470 2891 est
1493 2860 1658 2905 dominuS,
1674 2870 1743 2892 non
1767 2870 1826 2902 per
1848 2871 1883 2892 se
1905 2862 1980 2902 agit,
1997 2861 2054 2893 sed
2070 2868 2119 2894 est
2134 2863 2227 2903 quasi
2250 2864 2289 2894 ab
2311 2863 2376 2894 alio
2397 2869 2500 2895 actm.

1422 2905 1522 2944 Quod
1553 2911 1663 2936 autem
1690 2915 1748 2946 per
1774 2915 1809 2937 se
1836 2907 1911 2947 agit,
1939 2906 2030 2947 prius
2057 2913 2106 2939 est
2132 2916 2173 2938 eo
2200 2907 2292 2948 quod
2323 2916 2383 2949 per
2412 2907 2501 2940 atiud

1422 2950 1502 2990 agit:
1529 2959 1628 2981 omne
1652 2951 1740 2981 enim
1756 2950 1846 2991 quod
1871 2956 1918 2982 est
1941 2960 1999 2991 per
2014 2951 2113 2989 aliud,
2129 2952 2295 2984 reducitur
2309 2953 2343 2983 in
2358 2951 2394 2984 id
2408 2952 2500 2994 quod

1422 2999 1470 3026 est
1493 3003 1550 3035 per
1574 3004 1619 3025 se.

1476 3038 1652 3070 Sciendum
1677 3039 1740 3070 hoc
1763 3040 1851 3076 loco,
1868 3049 1906 3070 ex
1922 3039 2070 3071 doctrina
2089 3039 2198 3072 Sancti
2217 3040 2367 3073 Thomae
2382 3041 2423 3073 de
2435 3041 2500 3073 1²0-

1421 3084 1531 3120 tentia,
1556 3084 1613 3115 ubi
1636 3093 1734 3124 supra
1749 3085 1775 3120 *‚
1800 3083 1892 3124 quod
1915 3093 2013 3125 agens
2035 3094 2094 3126 per
2116 3091 2275 3123 naturam,
2297 3086 2355 3127 qui
2377 3086 2501 3118 scilian

1420 3137 1497 3158 suae
1521 3129 1657 3159 actionis
1680 3138 1749 3159 non
1773 3135 1821 3160 est
1845 3128 2010 3166 dominus,
2033 3136 2185 3162 movetur
2213 3131 2253 3162 ab
2277 3130 2341 3162 alio
2365 3129 2498 3171 quando

1420 3172 1453 3204 id
1468 3172 1560 3213 quod
1583 3172 1774 3214 producitur
1790 3172 1957 3205 ordinatur
1973 3174 2013 3205 ad
2027 3173 2139 3212 finem,
2154 3185 2223 3206 non
2239 3180 2349 3206 autem
2364 3173 2496 3216 quando

1419 3227 1488 3248 non
1512 3217 1678 3249 ordinatur
1701 3217 1742 3248 ad
1765 3217 1875 3255 finem,
1899 3218 1956 3250 sed
1979 3224 2027 3250 est
2055 3218 2138 3250 finis.
2170 3219 2275 3256 Unde,
2298 3218 2375 3250 licet
2395 3218 2498 3250 Filius

1419 3262 1453 3292 in
1477 3261 1593 3293 divinis
1622 3262 1808 3293 naturaliter
1840 3262 2047 3303 producatur,
2071 3273 2140 3294 non
2164 3267 2294 3304 oportet
2322 3268 2430 3294 tamen
2461 3269 2498 3295 ut

1420 3306 1509 3337 Deus
1533 3306 1573 3338 ad
1596 3307 1666 3337 eius
1689 3306 1942 3347 productionem
1964 3314 2136 3339 moveatur
2158 3308 2198 3338 ab
2221 3312 2336 3348 agente
2358 3316 2417 3347 per
2438 3317 2497 3339 vo-

1419 3351 1588 3388 luntatem,
1605 3352 1681 3392 quia
1705 3361 1771 3382 non
1791 3352 1944 3393 procedit
1966 3357 2003 3383 ut
2024 3352 2068 3383 ad
2079 3351 2185 3393 finem
2206 3352 2425 3383 extrinsecum
2442 3362 2496 3383 on-
2514 3363 2519 3367 ·

1419 3395 1561 3432 dinatus,
1585 3396 1643 3426 sed
1665 3401 1701 3426 ut
1724 3397 1868 3427 omnium
1882 3397 1977 3438 finis.

1475 3440 1615 3471 Adverte
1628 3441 1725 3472 etiam
1738 3441 1828 3482 quod
1844 3441 1877 3482 ly
1889 3441 1983 3482 quasi
1997 3440 2154 3480 accipitur
2168 3446 2206 3471 ut
2217 3447 2264 3471 est
2276 3441 2496 3481 expressivum

1419 3485 1575 3516 veritatis:
1592 3494 1662 3516 non
1677 3490 1786 3516 autem
1802 3490 1840 3516 ut
1853 3484 2097 3516 similitudinem
2114 3484 2276 3525 importat.
2294 3485 2433 3517 Necesse
2449 3491 2497 3517 eat

1420 3530 1507 3560 enim
1531 3536 1567 3560 ut
1591 3530 1647 3570 qui
1671 3539 1750 3561 suae
1772 3530 1907 3561 actionis
1929 3538 1997 3559 non
2021 3534 2069 3559 est
2092 3527 2255 3567 dominus,
2271 3530 2311 3560 ab
2335 3530 2399 3561 alio
2422 3539 2496 3561 mo-

1419 3580 1531 3605 veatur
1561 3574 1601 3605 ad
1630 3573 1809 3615 agendum:
1835 3583 1876 3604 eo
1901 3572 1992 3614 quod
2014 3582 2083 3603 non
2107 3573 2147 3604 sit
2175 3574 2210 3604 in
2242 3574 2311 3605 eius
2334 3580 2495 3615 potestate

1419 3627 1513 3657 agere
1537 3625 1569 3649 et
1591 3627 1660 3649 non
1683 3627 1786 3658 agere,
1803 3624 1835 3648 et
1850 3617 1896 3648 sic
1912 3622 2061 3658 oporteat
2079 3618 2187 3658 ipsum
2204 3628 2297 3659 agere
2314 3619 2494 3651 secundum

1420 3662 1664 3693 inclinationem
1689 3662 1748 3693 sibi
1772 3662 1811 3692 ab
1835 3661 1899 3692 alio
1923 3661 2040 3692 datam.

2602 1939 2608 1946 .
2618 1930 2666 1952 xvi,
2676 1924 2749 1947 Com«

2531 1956 2586 1973 meu
2597 1966 2604 1973 .
2619 1957 2641 1974 n.
2652 1957 2683 1974 vr.

2530 2195 2540 2206 ·
2549 2195 2588 2218 tu.
2597 2195 2630 2218 ιιι
2639 2194 2747 2224 Metapa.

2525 3088 2535 3098 ·
2550 3086 2598 3115 Qu.
2615 3094 2651 3115 ιιι,
2665 3094 2686 3111 a.
2704 3094 2741 3117 ¹53

2523 3113 2554 3136 ef.
2571 3120 2594 3137 n.
2611 3121 2637 3136 ιι.
