<?xml version="1.0" encoding="UTF-8"?>
<!DOCTYPE html PUBLIC "-//W3C//DTD XHTML 1.0 Transitional//EN"
    "http://www.w3.org/TR/xhtml1/DTD/xhtml1-transitional.dtd">
<html xmlns="http://www.w3.org/1999/xhtml" xml:lang="en" lang="en">
 <head>
  <title>
</title>
<meta http-equiv="Content-Type" content="text/html;charset=utf-8" />
  <meta name='ocr-system' content='tesseract 3.04.00' />
  <meta name='ocr-capabilities' content='ocr_page ocr_carea ocr_par ocr_line ocrx_word'/>
</head>
<body>
  <div class='ocr_page' id='page_1' title='image "./operaomniaiussui13thom_0132.png"; bbox 0 0 2768 4134; ppageno 0'>
   <div class='ocr_carea' id='block_1_1' title="bbox 71 316 195 343">
    <p class='ocr_par' dir='ltr' id='par_1_1' title="bbox 71 316 195 343">
     <span class='ocr_line' id='line_1_1' title="bbox 71 316 195 343; baseline -0.016 -6"><span class='ocrx_word' id='word_1_1' title='bbox 71 317 79 326; x_wconf 90' lang='grc'>·</span> <span class='ocrx_word' id='word_1_2' title='bbox 94 316 157 337; x_wconf 79' lang='lat' dir='ltr'>Lect.</span> <span class='ocrx_word' id='word_1_3' title='bbox 173 319 195 343; x_wconf 87' lang='lat'>9.</span> 
     </span>
    </p>
   </div>
   <div class='ocr_carea' id='block_1_2' title="bbox 59 1311 271 1398">
    <p class='ocr_par' dir='ltr' id='par_1_2' title="bbox 59 1311 271 1398">
     <span class='ocr_line' id='line_1_2' title="bbox 59 1311 231 1356; baseline -0.012 -4"><span class='ocrx_word' id='word_1_4' title='bbox 59 1333 68 1342; x_wconf 86' lang='grc'><em>·</em></span> <span class='ocrx_word' id='word_1_5' title='bbox 84 1311 195 1356; x_wconf 47' lang='lat' dir='ltr'>Numa-1,</span> <span class='ocrx_word' id='word_1_6' title='bbox 226 1346 231 1350; x_wconf 95' lang='lat'>.</span> 
     </span>
     <span class='ocr_line' id='line_1_3' title="bbox 64 1374 271 1398; baseline -0.005 -2"><span class='ocrx_word' id='word_1_7' title='bbox 64 1377 73 1385; x_wconf 87' lang='grc'><em>·</em></span> <span class='ocrx_word' id='word_1_8' title='bbox 97 1375 159 1396; x_wconf 72' lang='lat' dir='ltr'>Lect.</span> <span class='ocrx_word' id='word_1_9' title='bbox 185 1381 207 1396; x_wconf 77' lang='lat'>21</span> <span class='ocrx_word' id='word_1_10' title='bbox 235 1374 271 1398; x_wconf 74' lang='lat' dir='ltr'>{ad</span> 
     </span>
    </p>
   </div>
   <div class='ocr_carea' id='block_1_3' title="bbox 57 2938 268 2991">
    <p class='ocr_par' dir='ltr' id='par_1_3' title="bbox 57 2938 268 2991">
     <span class='ocr_line' id='line_1_4' title="bbox 58 2938 268 2965; baseline 0.005 -7"><span class='ocrx_word' id='word_1_11' title='bbox 58 2940 66 2948; x_wconf 92' lang='grc'><em>·</em></span> <span class='ocrx_word' id='word_1_12' title='bbox 82 2938 131 2959; x_wconf 88' lang='lat' dir='ltr'>Vll!</span> <span class='ocrx_word' id='word_1_13' title='bbox 138 2938 268 2965; x_wconf 67' lang='lat' dir='ltr'>Physicor„</span> 
     </span>
     <span class='ocr_line' id='line_1_5' title="bbox 57 2968 230 2991; baseline 0.012 -6"><span class='ocrx_word' id='word_1_14' title='bbox 57 2968 121 2986; x_wconf 81' lang='lat' dir='ltr'>tract.</span> <span class='ocrx_word' id='word_1_15' title='bbox 133 2971 162 2991; x_wconf 84' lang='grc' dir='ltr'>ιν,</span> <span class='ocrx_word' id='word_1_16' title='bbox 178 2971 197 2987; x_wconf 86' lang='lat' dir='ltr'>c.</span> <span class='ocrx_word' id='word_1_17' title='bbox 211 2973 230 2987; x_wconf 76' lang='grc' dir='ltr'>ι.</span> 
     </span>
    </p>
   </div>
   <div class='ocr_carea' id='block_1_4' title="bbox 314 230 360 270">
    <p class='ocr_par' dir='ltr' id='par_1_4' title="bbox 314 230 360 270">
     <span class='ocr_line' id='line_1_6' title="bbox 314 230 360 270; baseline -0.043 0"><span class='ocrx_word' id='word_1_18' title='bbox 314 230 360 270; x_wconf 84' lang='grc'>58</span> 
     </span>
    </p>
   </div>
   <div class='ocr_carea' id='block_1_5' title="bbox 911 226 1906 276">
    <p class='ocr_par' dir='ltr' id='par_1_5' title="bbox 911 226 1906 276">
     <span class='ocr_line' id='line_1_7' title="bbox 911 226 1906 276; baseline 0.004 -11"><span class='ocrx_word' id='word_1_19' title='bbox 911 228 1100 265; x_wconf 89' lang='lat' dir='ltr'><strong>SUMMA</strong></span> <span class='ocrx_word' id='word_1_20' title='bbox 1129 226 1352 265; x_wconf 90' lang='lat' dir='ltr'>CONTRA</span> <span class='ocrx_word' id='word_1_21' title='bbox 1380 226 1658 276; x_wconf 87' lang='lat' dir='ltr'>GENTILES,</span> <span class='ocrx_word' id='word_1_22' title='bbox 1689 230 1800 268; x_wconf 89' lang='lat' dir='ltr'>CAP.</span> <span class='ocrx_word' id='word_1_23' title='bbox 1822 232 1906 268; x_wconf 91' lang='lat' dir='ltr'>XX.</span> 
     </span>
    </p>
   </div>
   <div class='ocr_carea' id='block_1_6' title="bbox 310 307 2511 352">
    <p class='ocr_par' dir='ltr' id='par_1_6' title="bbox 310 307 2511 352">
     <span class='ocr_line' id='line_1_8' title="bbox 310 307 2511 352; baseline 0 -11"><span class='ocrx_word' id='word_1_24' title='bbox 310 311 417 342; x_wconf 90' lang='lat' dir='ltr'>Sancti</span> <span class='ocrx_word' id='word_1_25' title='bbox 425 310 571 340; x_wconf 85' lang='lat' dir='ltr'>Thomae</span> <span class='ocrx_word' id='word_1_26' title='bbox 587 313 734 338; x_wconf 80' lang='lat' dir='ltr'>constare</span> <span class='ocrx_word' id='word_1_27' title='bbox 749 312 866 348; x_wconf 87' lang='lat' dir='ltr'>potest.</span> <span class='ocrx_word' id='word_1_28' title='bbox 885 307 920 338; x_wconf 91' lang='lat' dir='ltr'>ln</span> <span class='ocrx_word' id='word_1_29' title='bbox 932 307 1092 347; x_wconf 90' lang='lat' dir='ltr'>principio</span> <span class='ocrx_word' id='word_1_30' title='bbox 1106 307 1380 338; x_wconf 73' lang='lat' dir='ltr'>enimlecfionis*</span> <span class='ocrx_word' id='word_1_31' title='bbox 1436 312 1468 337; x_wconf 89' lang='lat' dir='ltr'>et</span> <span class='ocrx_word' id='word_1_32' title='bbox 1490 308 1590 338; x_wconf 89' lang='lat' dir='ltr'>totius</span> <span class='ocrx_word' id='word_1_33' title='bbox 1613 314 1763 349; x_wconf 88' lang='lat' dir='ltr'>respectu</span> <span class='ocrx_word' id='word_1_34' title='bbox 1793 311 1897 351; x_wconf 88' lang='lat' dir='ltr'>spatii,</span> <span class='ocrx_word' id='word_1_35' title='bbox 1921 311 1948 341; x_wconf 86' lang='lat' dir='ltr'>si</span> <span class='ocrx_word' id='word_1_36' title='bbox 1978 317 2108 352; x_wconf 84' lang='lat' dir='ltr'>tempus</span> <span class='ocrx_word' id='word_1_37' title='bbox 2131 310 2171 341; x_wconf 91' lang='lat' dir='ltr'>ad</span> <span class='ocrx_word' id='word_1_38' title='bbox 2193 310 2388 342; x_wconf 88' lang='lat' dir='ltr'>divisionem</span> <span class='ocrx_word' id='word_1_39' title='bbox 2417 310 2511 352; x_wconf 86' lang='lat' dir='ltr'>spatii</span> 
     </span>
    </p>
   </div>
   <div class='ocr_carea' id='block_1_7' title="bbox 297 351 1380 2400">
    <p class='ocr_par' dir='ltr' id='par_1_7' title="bbox 306 351 1380 482">
     <span class='ocr_line' id='line_1_9' title="bbox 308 351 1380 395; baseline -0.004 -10"><span class='ocrx_word' id='word_1_40' title='bbox 308 355 427 395; x_wconf 85' lang='lat' dir='ltr'>inquit:</span> <span class='ocrx_word' id='word_1_41' title='bbox 453 354 626 393; x_wconf 82' lang='lat' dir='ltr'>Postquam</span> <span class='ocrx_word' id='word_1_42' title='bbox 649 352 863 392; x_wconf 80' lang='lat' dir='ltr'><strong><em>Philosophus</em></strong></span> <span class='ocrx_word' id='word_1_43' title='bbox 890 351 1030 382; x_wconf 85' lang='lat' dir='ltr'><em>ostendit</em></span> <span class='ocrx_word' id='word_1_44' title='bbox 1045 351 1284 392; x_wconf 75' lang='lat' dir='ltr'><em>perfectionem</em></span> <span class='ocrx_word' id='word_1_45' title='bbox 1306 352 1380 382; x_wconf 82' lang='lat' dir='ltr'>sub-</span> 
     </span>
     <span class='ocr_line' id='line_1_10' title="bbox 306 395 1379 437; baseline -0.003 -8"><span class='ocrx_word' id='word_1_46' title='bbox 306 399 446 430; x_wconf 84' lang='lat' dir='ltr'>stantiae</span> <span class='ocrx_word' id='word_1_47' title='bbox 469 396 702 432; x_wconf 80' lang='lat' dir='ltr'>immaterialis,</span> <span class='ocrx_word' id='word_1_48' title='bbox 726 396 779 427; x_wconf 83' lang='lat' dir='ltr'>hic</span> <span class='ocrx_word' id='word_1_49' title='bbox 801 396 938 437; x_wconf 84' lang='lat' dir='ltr'><em>inquirit</em></span> <span class='ocrx_word' id='word_1_50' title='bbox 959 395 999 426; x_wconf 86' lang='lat' dir='ltr'>de</span> <span class='ocrx_word' id='word_1_51' title='bbox 1022 395 1146 426; x_wconf 83' lang='lat' dir='ltr'>unitate</span> <span class='ocrx_word' id='word_1_52' title='bbox 1169 397 1220 426; x_wconf 77' lang='lat' dir='ltr'>vel</span> <span class='ocrx_word' id='word_1_53' title='bbox 1235 396 1379 426; x_wconf 75' lang='lat' dir='ltr'>multitu-</span> 
     </span>
     <span class='ocr_line' id='line_1_11' title="bbox 307 440 1146 482; baseline -0.004 -10"><span class='ocrx_word' id='word_1_54' title='bbox 307 443 382 473; x_wconf 84' lang='lat' dir='ltr'><em>dine</em></span> <span class='ocrx_word' id='word_1_55' title='bbox 405 442 491 472; x_wconf 83' lang='lat' dir='ltr'>eius:</span> <span class='ocrx_word' id='word_1_56' title='bbox 514 441 666 482; x_wconf 84' lang='lat' dir='ltr'><strong>intellige,</strong></span> <span class='ocrx_word' id='word_1_57' title='bbox 689 441 888 471; x_wconf 79' lang='lat' dir='ltr'>substantiae</span> <span class='ocrx_word' id='word_1_58' title='bbox 912 440 1146 470; x_wconf 84' lang='lat' dir='ltr'>immaterialis.</span> 
     </span>
    </p>

    <p class='ocr_par' dir='ltr' id='par_1_8' title="bbox 304 485 1379 705">
     <span class='ocr_line' id='line_1_12' title="bbox 362 485 1379 526; baseline -0.001 -10"><span class='ocrx_word' id='word_1_59' title='bbox 362 487 421 517; x_wconf 90' lang='lat' dir='ltr'>Per</span> <span class='ocrx_word' id='word_1_60' title='bbox 443 486 507 516; x_wconf 90' lang='lat' dir='ltr'>hoc</span> <span class='ocrx_word' id='word_1_61' title='bbox 530 491 618 526; x_wconf 92' lang='lat' dir='ltr'>patet</span> <span class='ocrx_word' id='word_1_62' title='bbox 641 485 681 516; x_wconf 95' lang='lat' dir='ltr'>ad</span> <span class='ocrx_word' id='word_1_63' title='bbox 703 486 841 526; x_wconf 84' lang='lat' dir='ltr'><strong>primam</strong></span> <span class='ocrx_word' id='word_1_64' title='bbox 866 486 1024 516; x_wconf 90' lang='lat' dir='ltr'>rationem</span> <span class='ocrx_word' id='word_1_65' title='bbox 1047 485 1228 524; x_wconf 87' lang='lat' dir='ltr'>responsio.</span> <span class='ocrx_word' id='word_1_66' title='bbox 1253 485 1379 515; x_wconf 87' lang='lat' dir='ltr'>Dicitur</span> 
     </span>
     <span class='ocr_line' id='line_1_13' title="bbox 306 529 1378 571; baseline -0.003 -9"><span class='ocrx_word' id='word_1_67' title='bbox 306 532 393 562; x_wconf 89' lang='lat' dir='ltr'>enim</span> <span class='ocrx_word' id='word_1_68' title='bbox 426 529 516 571; x_wconf 90' lang='lat' dir='ltr'>quod</span> <span class='ocrx_word' id='word_1_69' title='bbox 546 530 633 571; x_wconf 91' lang='lat' dir='ltr'>apud</span> <span class='ocrx_word' id='word_1_70' title='bbox 665 530 901 571; x_wconf 87' lang='lat' dir='ltr'>Philosophum</span> <span class='ocrx_word' id='word_1_71' title='bbox 934 535 1010 560; x_wconf 88' lang='lat' dir='ltr'>sunt</span> <span class='ocrx_word' id='word_1_72' title='bbox 1041 529 1150 569; x_wconf 88' lang='lat' dir='ltr'>plures</span> <span class='ocrx_word' id='word_1_73' title='bbox 1182 529 1378 560; x_wconf 90' lang='lat' dir='ltr'>substantiae</span> 
     </span>
     <span class='ocr_line' id='line_1_14' title="bbox 305 573 1378 615; baseline -0.002 -9"><span class='ocrx_word' id='word_1_74' title='bbox 305 574 450 606; x_wconf 89' lang='lat' dir='ltr'>eiusdem</span> <span class='ocrx_word' id='word_1_75' title='bbox 473 574 670 605; x_wconf 84' lang='lat' dir='ltr'>conditionis</span> <span class='ocrx_word' id='word_1_76' title='bbox 694 584 769 605; x_wconf 89' lang='lat' dir='ltr'>cum</span> <span class='ocrx_word' id='word_1_77' title='bbox 792 575 895 615; x_wconf 89' lang='lat' dir='ltr'>prima</span> <span class='ocrx_word' id='word_1_78' title='bbox 918 578 1077 614; x_wconf 89' lang='lat' dir='ltr'>quantum</span> <span class='ocrx_word' id='word_1_79' title='bbox 1097 573 1137 604; x_wconf 91' lang='lat' dir='ltr'>ad</span> <span class='ocrx_word' id='word_1_80' title='bbox 1159 573 1378 604; x_wconf 85' lang='lat' dir='ltr'>immateriali-</span> 
     </span>
     <span class='ocr_line' id='line_1_15' title="bbox 304 618 1377 660; baseline -0.002 -10"><span class='ocrx_word' id='word_1_81' title='bbox 304 625 413 655; x_wconf 85' lang='lat' dir='ltr'>tatem,</span> <span class='ocrx_word' id='word_1_82' title='bbox 447 620 733 660; x_wconf 84' lang='lat' dir='ltr'>sempiternitatem</span> <span class='ocrx_word' id='word_1_83' title='bbox 766 625 797 650; x_wconf 90' lang='lat' dir='ltr'>et</span> <span class='ocrx_word' id='word_1_84' title='bbox 829 618 1131 660; x_wconf 87' lang='lat' dir='ltr'>impassibilitatem,</span> <span class='ocrx_word' id='word_1_85' title='bbox 1165 627 1234 649; x_wconf 91' lang='lat' dir='ltr'>non</span> <span class='ocrx_word' id='word_1_86' title='bbox 1267 623 1377 649; x_wconf 92' lang='lat' dir='ltr'>autem</span> 
     </span>
     <span class='ocr_line' id='line_1_16' title="bbox 305 663 902 705; baseline -0.002 -10"><span class='ocrx_word' id='word_1_87' title='bbox 305 669 464 705; x_wconf 89' lang='lat' dir='ltr'>quantum</span> <span class='ocrx_word' id='word_1_88' title='bbox 487 663 527 695; x_wconf 92' lang='lat' dir='ltr'>ad</span> <span class='ocrx_word' id='word_1_89' title='bbox 551 673 665 695; x_wconf 89' lang='lat' dir='ltr'>omnes</span> <span class='ocrx_word' id='word_1_90' title='bbox 689 663 902 695; x_wconf 86' lang='lat' dir='ltr'>conditiones.</span> 
     </span>
    </p>

    <p class='ocr_par' dir='ltr' id='par_1_9' title="bbox 299 707 1376 1328">
     <span class='ocr_line' id='line_1_17' title="bbox 359 707 1376 748; baseline -0.003 -8"><span class='ocrx_word' id='word_1_91' title='bbox 359 708 411 740; x_wconf 84' lang='lat' dir='ltr'>Ad</span> <span class='ocrx_word' id='word_1_92' title='bbox 441 708 616 740; x_wconf 90' lang='lat' dir='ltr'>secundam</span> <span class='ocrx_word' id='word_1_93' title='bbox 647 708 763 739; x_wconf 88' lang='lat' dir='ltr'>dicitur</span> <span class='ocrx_word' id='word_1_94' title='bbox 793 708 893 748; x_wconf 94' lang='lat' dir='ltr'>quod,</span> <span class='ocrx_word' id='word_1_95' title='bbox 918 707 996 737; x_wconf 91' lang='lat' dir='ltr'>dum</span> <span class='ocrx_word' id='word_1_96' title='bbox 1025 707 1131 748; x_wconf 85' lang='lat' dir='ltr'>inquit</span> <span class='ocrx_word' id='word_1_97' title='bbox 1158 707 1376 747; x_wconf 88' lang='lat' dir='ltr'>Philosophus</span> 
     </span>
     <span class='ocr_line' id='line_1_18' title="bbox 303 751 1376 795; baseline -0.003 -11"><span class='ocrx_word' id='word_1_98' title='bbox 303 763 372 784; x_wconf 91' lang='lat' dir='ltr'>esse</span> <span class='ocrx_word' id='word_1_99' title='bbox 395 753 504 795; x_wconf 91' lang='lat' dir='ltr'>plures</span> <span class='ocrx_word' id='word_1_100' title='bbox 521 759 661 795; x_wconf 81' lang='lat' dir='ltr'>propter</span> <span class='ocrx_word' id='word_1_101' title='bbox 668 753 873 794; x_wconf 83' lang='lat' dir='ltr'>praedictam</span> <span class='ocrx_word' id='word_1_102' title='bbox 889 761 1032 786; x_wconf 86' lang='lat' dir='ltr'>causam,</span> <span class='ocrx_word' id='word_1_103' title='bbox 1049 761 1118 782; x_wconf 91' lang='lat' dir='ltr'>non</span> <span class='ocrx_word' id='word_1_104' title='bbox 1133 751 1230 782; x_wconf 85' lang='lat' dir='ltr'>refert</span> <span class='ocrx_word' id='word_1_105' title='bbox 1245 761 1376 782; x_wconf 87' lang='lat' dir='ltr'>causam</span> 
     </span>
     <span class='ocr_line' id='line_1_19' title="bbox 302 795 1375 839; baseline -0.004 -10"><span class='ocrx_word' id='word_1_106' title='bbox 302 804 436 839; x_wconf 89' lang='lat' dir='ltr'>propter</span> <span class='ocrx_word' id='word_1_107' title='bbox 459 807 557 838; x_wconf 89' lang='lat' dir='ltr'>quam</span> <span class='ocrx_word' id='word_1_108' title='bbox 581 799 684 839; x_wconf 89' lang='lat' dir='ltr'>prima</span> <span class='ocrx_word' id='word_1_109' title='bbox 707 798 881 828; x_wconf 89' lang='lat' dir='ltr'>substantia</span> <span class='ocrx_word' id='word_1_110' title='bbox 905 806 972 827; x_wconf 94' lang='lat' dir='ltr'>non</span> <span class='ocrx_word' id='word_1_111' title='bbox 1001 801 1048 826; x_wconf 86' lang='lat' dir='ltr'>est</span> <span class='ocrx_word' id='word_1_112' title='bbox 1077 796 1111 826; x_wconf 90' lang='lat' dir='ltr'>in</span> <span class='ocrx_word' id='word_1_113' title='bbox 1141 795 1375 836; x_wconf 81' lang='lat' dir='ltr'>magnitudine,</span> 
     </span>
     <span class='ocr_line' id='line_1_20' title="bbox 302 840 1376 881; baseline -0.004 -7"><span class='ocrx_word' id='word_1_114' title='bbox 302 842 360 874; x_wconf 87' lang='lat' dir='ltr'>sed</span> <span class='ocrx_word' id='word_1_115' title='bbox 391 852 521 874; x_wconf 87' lang='lat' dir='ltr'>causam</span> <span class='ocrx_word' id='word_1_116' title='bbox 548 842 733 873; x_wconf 81' lang='lat' dir='ltr'>immediate</span> <span class='ocrx_word' id='word_1_117' title='bbox 763 841 881 872; x_wconf 88' lang='lat' dir='ltr'>dictam</span> <span class='ocrx_word' id='word_1_118' title='bbox 905 842 938 872; x_wconf 90' lang='lat' dir='ltr'>in</span> <span class='ocrx_word' id='word_1_119' title='bbox 961 846 1051 871; x_wconf 88' lang='lat' dir='ltr'>textu</span> <span class='ocrx_word' id='word_1_120' title='bbox 1073 840 1128 880; x_wconf 90' lang='lat'>43,</span> <span class='ocrx_word' id='word_1_121' title='bbox 1153 841 1230 881; x_wconf 87' lang='lat' dir='ltr'>quia</span> <span class='ocrx_word' id='word_1_122' title='bbox 1254 840 1376 871; x_wconf 88' lang='lat' dir='ltr'>scilicet</span> 
     </span>
     <span class='ocr_line' id='line_1_21' title="bbox 302 885 1375 928; baseline -0.003 -10"><span class='ocrx_word' id='word_1_123' title='bbox 302 893 431 918; x_wconf 91' lang='lat' dir='ltr'>motum</span> <span class='ocrx_word' id='word_1_124' title='bbox 454 887 686 928; x_wconf 89' lang='lat' dir='ltr'>sempiternum</span> <span class='ocrx_word' id='word_1_125' title='bbox 710 896 728 917; x_wconf 93' lang='lat' dir='ltr'>a</span> <span class='ocrx_word' id='word_1_126' title='bbox 751 887 945 926; x_wconf 89' lang='lat' dir='ltr'>sempiterna</span> <span class='ocrx_word' id='word_1_127' title='bbox 968 885 1144 915; x_wconf 87' lang='lat' dir='ltr'>substantia</span> <span class='ocrx_word' id='word_1_128' title='bbox 1159 894 1229 916; x_wconf 88' lang='lat' dir='ltr'>esse</span> <span class='ocrx_word' id='word_1_129' title='bbox 1243 894 1375 915; x_wconf 89' lang='lat' dir='ltr'>necesse</span> 
     </span>
     <span class='ocr_line' id='line_1_22' title="bbox 303 931 1376 970; baseline -0.003 -7"><span class='ocrx_word' id='word_1_130' title='bbox 303 938 351 962; x_wconf 90' lang='lat' dir='ltr'>est</span> <span class='ocrx_word' id='word_1_131' title='bbox 374 937 406 963; x_wconf 91' lang='lat' dir='ltr'>et</span> <span class='ocrx_word' id='word_1_132' title='bbox 428 931 608 963; x_wconf 89' lang='lat' dir='ltr'>secundum</span> <span class='ocrx_word' id='word_1_133' title='bbox 632 941 666 962; x_wconf 90' lang='lat' dir='ltr'>se</span> <span class='ocrx_word' id='word_1_134' title='bbox 695 931 866 966; x_wconf 84' lang='lat' dir='ltr'>immobili,</span> <span class='ocrx_word' id='word_1_135' title='bbox 891 935 923 960; x_wconf 88' lang='lat' dir='ltr'>et</span> <span class='ocrx_word' id='word_1_136' title='bbox 953 939 1057 960; x_wconf 91' lang='lat' dir='ltr'>unum</span> <span class='ocrx_word' id='word_1_137' title='bbox 1085 934 1216 960; x_wconf 85' lang='lat' dir='ltr'>motum</span> <span class='ocrx_word' id='word_1_138' title='bbox 1245 934 1376 970; x_wconf 84' lang='lat' dir='ltr'>oportet</span> 
     </span>
     <span class='ocr_line' id='line_1_23' title="bbox 302 973 1374 1015; baseline -0.003 -8"><span class='ocrx_word' id='word_1_139' title='bbox 302 977 341 1007; x_wconf 90' lang='lat' dir='ltr'>ab</span> <span class='ocrx_word' id='word_1_140' title='bbox 366 986 433 1007; x_wconf 91' lang='lat' dir='ltr'>uno</span> <span class='ocrx_word' id='word_1_141' title='bbox 457 982 585 1007; x_wconf 91' lang='lat' dir='ltr'>motore</span> <span class='ocrx_word' id='word_1_142' title='bbox 608 986 686 1006; x_wconf 92' lang='lat' dir='ltr'>esse.</span> <span class='ocrx_word' id='word_1_143' title='bbox 712 974 806 1006; x_wconf 90' lang='lat' dir='ltr'>Unde</span> <span class='ocrx_word' id='word_1_144' title='bbox 830 974 920 1015; x_wconf 89' lang='lat' dir='ltr'>quod</span> <span class='ocrx_word' id='word_1_145' title='bbox 942 974 1048 1014; x_wconf 88' lang='lat' dir='ltr'>inquit</span> <span class='ocrx_word' id='word_1_146' title='bbox 1064 973 1202 1006; x_wconf 86' lang='lat' dir='ltr'>Sanctus</span> <span class='ocrx_word' id='word_1_147' title='bbox 1218 973 1374 1010; x_wconf 84' lang='lat' dir='ltr'>Thomas,</span> 
     </span>
     <span class='ocr_line' id='line_1_24' title="bbox 302 1017 1374 1062; baseline -0.002 -11"><span class='ocrx_word' id='word_1_148' title='bbox 302 1020 392 1062; x_wconf 93' lang='lat' dir='ltr'>quod</span> <span class='ocrx_word' id='word_1_149' title='bbox 415 1026 549 1052; x_wconf 81' lang='lat' dir='ltr'>movent</span> <span class='ocrx_word' id='word_1_150' title='bbox 572 1021 688 1051; x_wconf 89' lang='lat' dir='ltr'>virtute</span> <span class='ocrx_word' id='word_1_151' title='bbox 711 1019 845 1055; x_wconf 86' lang='lat' dir='ltr'>infinita,</span> <span class='ocrx_word' id='word_1_152' title='bbox 869 1017 1117 1059; x_wconf 89' lang='lat' dir='ltr'>intelligendum</span> <span class='ocrx_word' id='word_1_153' title='bbox 1146 1023 1203 1054; x_wconf 88' lang='lat' dir='ltr'>est,</span> <span class='ocrx_word' id='word_1_154' title='bbox 1227 1027 1296 1049; x_wconf 91' lang='lat' dir='ltr'>non</span> <span class='ocrx_word' id='word_1_155' title='bbox 1325 1027 1374 1049; x_wconf 89' lang='lat' dir='ltr'>se-</span> 
     </span>
     <span class='ocr_line' id='line_1_25' title="bbox 301 1063 1374 1105; baseline -0.002 -9"><span class='ocrx_word' id='word_1_156' title='bbox 301 1065 447 1096; x_wconf 90' lang='lat' dir='ltr'>cundum</span> <span class='ocrx_word' id='word_1_157' title='bbox 469 1066 615 1105; x_wconf 90' lang='lat' dir='ltr'>vigorem</span> <span class='ocrx_word' id='word_1_158' title='bbox 638 1063 772 1100; x_wconf 91' lang='lat' dir='ltr'>infinita,</span> <span class='ocrx_word' id='word_1_159' title='bbox 790 1063 881 1104; x_wconf 93' lang='lat' dir='ltr'>quod</span> <span class='ocrx_word' id='word_1_160' title='bbox 896 1063 1004 1094; x_wconf 90' lang='lat' dir='ltr'>solum</span> <span class='ocrx_word' id='word_1_161' title='bbox 1020 1063 1143 1104; x_wconf 79' lang='lat' dir='ltr'>primae</span> <span class='ocrx_word' id='word_1_162' title='bbox 1159 1072 1275 1094; x_wconf 88' lang='lat' dir='ltr'>causae</span> <span class='ocrx_word' id='word_1_163' title='bbox 1295 1072 1374 1094; x_wconf 91' lang='lat' dir='ltr'>con-</span> 
     </span>
     <span class='ocr_line' id='line_1_26' title="bbox 300 1106 1373 1146; baseline -0.002 -6"><span class='ocrx_word' id='word_1_164' title='bbox 300 1110 398 1146; x_wconf 88' lang='lat' dir='ltr'>venit,</span> <span class='ocrx_word' id='word_1_165' title='bbox 412 1109 468 1140; x_wconf 91' lang='lat' dir='ltr'>sed</span> <span class='ocrx_word' id='word_1_166' title='bbox 480 1109 660 1141; x_wconf 91' lang='lat' dir='ltr'>secundum</span> <span class='ocrx_word' id='word_1_167' title='bbox 673 1109 887 1140; x_wconf 83' lang='lat' dir='ltr'>durationem.</span> <span class='ocrx_word' id='word_1_168' title='bbox 901 1108 987 1146; x_wconf 91' lang='lat' dir='ltr'>Quia</span> <span class='ocrx_word' id='word_1_169' title='bbox 999 1108 1086 1138; x_wconf 91' lang='lat' dir='ltr'>enim</span> <span class='ocrx_word' id='word_1_170' title='bbox 1098 1113 1234 1139; x_wconf 88' lang='lat' dir='ltr'>movent</span> <span class='ocrx_word' id='word_1_171' title='bbox 1244 1106 1373 1138; x_wconf 89' lang='lat' dir='ltr'>infinito</span> 
     </span>
     <span class='ocr_line' id='line_1_27' title="bbox 300 1151 1375 1194; baseline -0.001 -10"><span class='ocrx_word' id='word_1_172' title='bbox 300 1160 458 1194; x_wconf 88' lang='lat' dir='ltr'>tempore,</span> <span class='ocrx_word' id='word_1_173' title='bbox 481 1155 632 1185; x_wconf 87' lang='lat' dir='ltr'>virtutem</span> <span class='ocrx_word' id='word_1_174' title='bbox 658 1154 814 1184; x_wconf 91' lang='lat' dir='ltr'>motivam</span> <span class='ocrx_word' id='word_1_175' title='bbox 843 1162 954 1183; x_wconf 89' lang='lat' dir='ltr'>earum</span> <span class='ocrx_word' id='word_1_176' title='bbox 982 1161 1114 1183; x_wconf 87' lang='lat' dir='ltr'>necesse</span> <span class='ocrx_word' id='word_1_177' title='bbox 1138 1158 1186 1183; x_wconf 90' lang='lat' dir='ltr'>est</span> <span class='ocrx_word' id='word_1_178' title='bbox 1209 1161 1279 1183; x_wconf 87' lang='lat' dir='ltr'>esse</span> <span class='ocrx_word' id='word_1_179' title='bbox 1301 1151 1375 1183; x_wconf 85' lang='lat' dir='ltr'>infi-</span> 
     </span>
     <span class='ocr_line' id='line_1_28' title="bbox 299 1196 1374 1238; baseline -0.002 -9"><span class='ocrx_word' id='word_1_180' title='bbox 299 1199 386 1229; x_wconf 90' lang='lat' dir='ltr'>nitae</span> <span class='ocrx_word' id='word_1_181' title='bbox 409 1198 596 1234; x_wconf 85' lang='lat' dir='ltr'>durationis,</span> <span class='ocrx_word' id='word_1_182' title='bbox 620 1199 686 1229; x_wconf 93' lang='lat' dir='ltr'>sive</span> <span class='ocrx_word' id='word_1_183' title='bbox 717 1207 785 1228; x_wconf 91' lang='lat' dir='ltr'>esse</span> <span class='ocrx_word' id='word_1_184' title='bbox 815 1197 1055 1238; x_wconf 88' lang='lat' dir='ltr'>sempiternam,</span> <span class='ocrx_word' id='word_1_185' title='bbox 1080 1196 1171 1237; x_wconf 91' lang='lat' dir='ltr'>quod</span> <span class='ocrx_word' id='word_1_186' title='bbox 1201 1196 1288 1227; x_wconf 91' lang='lat' dir='ltr'>idem</span> <span class='ocrx_word' id='word_1_187' title='bbox 1317 1202 1374 1228; x_wconf 90' lang='lat' dir='ltr'>est.</span> 
     </span>
     <span class='ocr_line' id='line_1_29' title="bbox 300 1241 1373 1284; baseline -0.001 -11"><span class='ocrx_word' id='word_1_188' title='bbox 300 1242 377 1273; x_wconf 92' lang='lat' dir='ltr'>Ideo</span> <span class='ocrx_word' id='word_1_189' title='bbox 401 1248 530 1284; x_wconf 88' lang='lat' dir='ltr'>oportet</span> <span class='ocrx_word' id='word_1_190' title='bbox 554 1249 585 1273; x_wconf 92' lang='lat' dir='ltr'>et</span> <span class='ocrx_word' id='word_1_191' title='bbox 608 1243 692 1283; x_wconf 90' lang='lat' dir='ltr'>ipsas</span> <span class='ocrx_word' id='word_1_192' title='bbox 715 1252 784 1273; x_wconf 90' lang='lat' dir='ltr'>esse</span> <span class='ocrx_word' id='word_1_193' title='bbox 808 1242 999 1273; x_wconf 89' lang='lat' dir='ltr'>substantias</span> <span class='ocrx_word' id='word_1_194' title='bbox 1023 1241 1192 1272; x_wconf 84' lang='lat' dir='ltr'>duratione</span> <span class='ocrx_word' id='word_1_195' title='bbox 1221 1241 1373 1278; x_wconf 88' lang='lat' dir='ltr'>infinitas,</span> 
     </span>
     <span class='ocr_line' id='line_1_30' title="bbox 299 1288 609 1328; baseline 0 -10"><span class='ocrx_word' id='word_1_196' title='bbox 299 1288 365 1318; x_wconf 78' lang='lat' dir='ltr'>siVe</span> <span class='ocrx_word' id='word_1_197' title='bbox 389 1288 609 1328; x_wconf 88' lang='lat' dir='ltr'>sempiternas.</span> 
     </span>
    </p>

    <p class='ocr_par' dir='ltr' id='par_1_10' title="bbox 299 1329 1375 1684">
     <span class='ocr_line' id='line_1_31' title="bbox 355 1329 1375 1372; baseline 0 -10"><span class='ocrx_word' id='word_1_198' title='bbox 355 1331 422 1362; x_wconf 88' lang='lat' dir='ltr'>VH.</span> <span class='ocrx_word' id='word_1_199' title='bbox 446 1331 498 1362; x_wconf 89' lang='lat' dir='ltr'>Ad</span> <span class='ocrx_word' id='word_1_200' title='bbox 521 1332 658 1363; x_wconf 91' lang='lat' dir='ltr'>dubium</span> <span class='ocrx_word' id='word_1_201' title='bbox 682 1341 759 1372; x_wconf 88' lang='lat' dir='ltr'>ergo</span> <span class='ocrx_word' id='word_1_202' title='bbox 783 1330 961 1372; x_wconf 87' lang='lat' dir='ltr'>principale</span> <span class='ocrx_word' id='word_1_203' title='bbox 975 1331 993 1347; x_wconf 75' lang='lat'>⁴*</span> <span class='ocrx_word' id='word_1_204' title='bbox 1016 1329 1195 1367; x_wconf 89' lang='lat' dir='ltr'>redeundo,</span> <span class='ocrx_word' id='word_1_205' title='bbox 1211 1331 1300 1361; x_wconf 86' lang='lat' dir='ltr'>iuxta</span> <span class='ocrx_word' id='word_1_206' title='bbox 1315 1330 1375 1362; x_wconf 91' lang='lat' dir='ltr'>do-</span> 
     </span>
     <span class='ocr_line' id='line_1_32' title="bbox 300 1374 1373 1416; baseline -0.001 -9"><span class='ocrx_word' id='word_1_207' title='bbox 300 1377 434 1407; x_wconf 88' lang='lat' dir='ltr'>ctrinam</span> <span class='ocrx_word' id='word_1_208' title='bbox 458 1376 566 1407; x_wconf 84' lang='lat' dir='ltr'>Sancti</span> <span class='ocrx_word' id='word_1_209' title='bbox 590 1376 740 1407; x_wconf 90' lang='lat' dir='ltr'>Thomae</span> <span class='ocrx_word' id='word_1_210' title='bbox 759 1375 831 1406; x_wconf 86' lang='lat' dir='ltr'>VIII</span> <span class='ocrx_word' id='word_1_211' title='bbox 848 1375 978 1416; x_wconf 72' lang='lat' dir='ltr'>Pnysic.</span> <span class='ocrx_word' id='word_1_212' title='bbox 991 1376 1019 1411; x_wconf 78' lang='lat'>*,</span> <span class='ocrx_word' id='word_1_213' title='bbox 1044 1374 1232 1416; x_wconf 85' lang='lat' dir='ltr'>responderi</span> <span class='ocrx_word' id='word_1_214' title='bbox 1255 1381 1373 1416; x_wconf 87' lang='lat' dir='ltr'>potest,</span> 
     </span>
     <span class='ocr_line' id='line_1_33' title="bbox 300 1420 1374 1462; baseline -0.001 -11"><span class='ocrx_word' id='word_1_215' title='bbox 300 1421 406 1461; x_wconf 90' lang='lat' dir='ltr'>primo</span> <span class='ocrx_word' id='word_1_216' title='bbox 422 1422 450 1457; x_wconf 75' lang='grc'>“,</span> <span class='ocrx_word' id='word_1_217' title='bbox 475 1420 566 1462; x_wconf 92' lang='lat' dir='ltr'>quod</span> <span class='ocrx_word' id='word_1_218' title='bbox 589 1420 778 1451; x_wconf 90' lang='lat' dir='ltr'>Aristoteles</span> <span class='ocrx_word' id='word_1_219' title='bbox 800 1420 946 1461; x_wconf 90' lang='lat' dir='ltr'>loquitur</span> <span class='ocrx_word' id='word_1_220' title='bbox 965 1429 1024 1461; x_wconf 87' lang='lat' dir='ltr'>per</span> <span class='ocrx_word' id='word_1_221' title='bbox 1039 1420 1318 1460; x_wconf 87' lang='lat' dir='ltr'>comparationem</span> <span class='ocrx_word' id='word_1_222' title='bbox 1333 1420 1374 1451; x_wconf 88' lang='lat' dir='ltr'>ad</span> 
     </span>
     <span class='ocr_line' id='line_1_34' title="bbox 300 1464 1374 1507; baseline 0 -11"><span class='ocrx_word' id='word_1_223' title='bbox 300 1465 434 1507; x_wconf 90' lang='lat' dir='ltr'>aliquod</span> <span class='ocrx_word' id='word_1_224' title='bbox 456 1467 585 1507; x_wconf 88' lang='lat' dir='ltr'>signum</span> <span class='ocrx_word' id='word_1_225' title='bbox 608 1466 642 1496; x_wconf 89' lang='lat' dir='ltr'>in</span> <span class='ocrx_word' id='word_1_226' title='bbox 665 1464 897 1506; x_wconf 86' lang='lat' dir='ltr'>magnitudine.</span> <span class='ocrx_word' id='word_1_227' title='bbox 929 1464 982 1496; x_wconf 91' lang='lat' dir='ltr'>Sic</span> <span class='ocrx_word' id='word_1_228' title='bbox 1006 1465 1094 1496; x_wconf 89' lang='lat' dir='ltr'>enim</span> <span class='ocrx_word' id='word_1_229' title='bbox 1117 1465 1221 1495; x_wconf 85' lang='lat' dir='ltr'>maius</span> <span class='ocrx_word' id='word_1_230' title='bbox 1244 1470 1374 1506; x_wconf 86' lang='lat' dir='ltr'>tempus</span> 
     </span>
     <span class='ocr_line' id='line_1_35' title="bbox 299 1509 1374 1551; baseline -0.001 -10"><span class='ocrx_word' id='word_1_231' title='bbox 299 1510 472 1551; x_wconf 86' lang='lat' dir='ltr'>requiritur</span> <span class='ocrx_word' id='word_1_232' title='bbox 495 1509 535 1541; x_wconf 90' lang='lat' dir='ltr'>ad</span> <span class='ocrx_word' id='word_1_233' title='bbox 558 1510 622 1541; x_wconf 89' lang='lat' dir='ltr'>hoc</span> <span class='ocrx_word' id='word_1_234' title='bbox 645 1515 682 1540; x_wconf 93' lang='lat' dir='ltr'>ut</span> <span class='ocrx_word' id='word_1_235' title='bbox 703 1515 811 1541; x_wconf 91' lang='lat' dir='ltr'>totum</span> <span class='ocrx_word' id='word_1_236' title='bbox 834 1509 957 1541; x_wconf 87' lang='lat' dir='ltr'>mobile</span> <span class='ocrx_word' id='word_1_237' title='bbox 984 1509 1114 1550; x_wconf 89' lang='lat' dir='ltr'>signum</span> <span class='ocrx_word' id='word_1_238' title='bbox 1144 1509 1279 1550; x_wconf 90' lang='lat' dir='ltr'>aliquod</span> <span class='ocrx_word' id='word_1_239' title='bbox 1306 1520 1374 1541; x_wconf 88' lang='lat' dir='ltr'>ma-</span> 
     </span>
     <span class='ocr_line' id='line_1_36' title="bbox 299 1553 1372 1595; baseline 0 -10"><span class='ocrx_word' id='word_1_240' title='bbox 299 1554 476 1595; x_wconf 86' lang='lat' dir='ltr'>gnitudinis</span> <span class='ocrx_word' id='word_1_241' title='bbox 498 1560 704 1595; x_wconf 86' lang='lat' dir='ltr'>pertranseat,</span> <span class='ocrx_word' id='word_1_242' title='bbox 721 1564 820 1595; x_wconf 89' lang='lat' dir='ltr'>quam</span> <span class='ocrx_word' id='word_1_243' title='bbox 839 1559 876 1586; x_wconf 91' lang='lat' dir='ltr'>ut</span> <span class='ocrx_word' id='word_1_244' title='bbox 890 1553 971 1585; x_wconf 92' lang='lat' dir='ltr'>illud</span> <span class='ocrx_word' id='word_1_245' title='bbox 994 1559 1190 1594; x_wconf 84' lang='lat' dir='ltr'>pertranseat</span> <span class='ocrx_word' id='word_1_246' title='bbox 1205 1554 1274 1585; x_wconf 90' lang='lat' dir='ltr'>eius</span> <span class='ocrx_word' id='word_1_247' title='bbox 1290 1564 1372 1595; x_wconf 87' lang='lat' dir='ltr'>pars.</span> 
     </span>
     <span class='ocr_line' id='line_1_37' title="bbox 301 1598 1372 1640; baseline -0.001 -10"><span class='ocrx_word' id='word_1_248' title='bbox 301 1599 451 1630; x_wconf 90' lang='lat' dir='ltr'>Obiectio</span> <span class='ocrx_word' id='word_1_249' title='bbox 476 1605 585 1630; x_wconf 88' lang='lat' dir='ltr'>autem</span> <span class='ocrx_word' id='word_1_250' title='bbox 603 1598 751 1640; x_wconf 89' lang='lat' dir='ltr'>procedit</span> <span class='ocrx_word' id='word_1_251' title='bbox 766 1598 806 1630; x_wconf 89' lang='lat' dir='ltr'>de</span> <span class='ocrx_word' id='word_1_252' title='bbox 821 1605 892 1630; x_wconf 89' lang='lat' dir='ltr'>toto</span> <span class='ocrx_word' id='word_1_253' title='bbox 909 1604 941 1629; x_wconf 92' lang='lat' dir='ltr'>et</span> <span class='ocrx_word' id='word_1_254' title='bbox 956 1604 1046 1639; x_wconf 86' lang='lat' dir='ltr'>parte</span> <span class='ocrx_word' id='word_1_255' title='bbox 1061 1599 1209 1629; x_wconf 85' lang='lat' dir='ltr'>absolute</span> <span class='ocrx_word' id='word_1_256' title='bbox 1226 1600 1372 1640; x_wconf 88' lang='lat' dir='ltr'>sumptis,</span> 
     </span>
     <span class='ocr_line' id='line_1_38' title="bbox 299 1643 1306 1684; baseline -0.001 -9"><span class='ocrx_word' id='word_1_257' title='bbox 299 1654 368 1675; x_wconf 92' lang='lat' dir='ltr'>non</span> <span class='ocrx_word' id='word_1_258' title='bbox 392 1650 501 1675; x_wconf 89' lang='lat' dir='ltr'>autem</span> <span class='ocrx_word' id='word_1_259' title='bbox 524 1644 559 1674; x_wconf 88' lang='lat' dir='ltr'>in</span> <span class='ocrx_word' id='word_1_260' title='bbox 582 1645 825 1684; x_wconf 84' lang='lat' dir='ltr'>comparatione</span> <span class='ocrx_word' id='word_1_261' title='bbox 847 1643 889 1675; x_wconf 88' lang='lat' dir='ltr'>ad</span> <span class='ocrx_word' id='word_1_262' title='bbox 911 1644 1041 1684; x_wconf 87' lang='lat' dir='ltr'>signum</span> <span class='ocrx_word' id='word_1_263' title='bbox 1064 1643 1306 1684; x_wconf 84' lang='lat' dir='ltr'>magnitudinis.</span> 
     </span>
    </p>

    <p class='ocr_par' dir='ltr' id='par_1_11' title="bbox 299 1688 1374 1819">
     <span class='ocr_line' id='line_1_39' title="bbox 358 1688 1374 1730; baseline 0 -11"><span class='ocrx_word' id='word_1_264' title='bbox 358 1698 388 1719; x_wconf 90' lang='lat'>2.</span> <span class='ocrx_word' id='word_1_265' title='bbox 412 1688 476 1720; x_wconf 87' lang='lat' dir='ltr'>Sed</span> <span class='ocrx_word' id='word_1_266' title='bbox 499 1694 612 1719; x_wconf 91' lang='lat' dir='ltr'>contra</span> <span class='ocrx_word' id='word_1_267' title='bbox 634 1689 729 1719; x_wconf 90' lang='lat' dir='ltr'>istam</span> <span class='ocrx_word' id='word_1_268' title='bbox 752 1688 1000 1730; x_wconf 81' lang='lat' dir='ltr'>responsionem</span> <span class='ocrx_word' id='word_1_269' title='bbox 1022 1689 1168 1719; x_wconf 86' lang='lat' dir='ltr'>instatur.</span> <span class='ocrx_word' id='word_1_270' title='bbox 1193 1688 1281 1719; x_wconf 92' lang='lat' dir='ltr'>Tum</span> <span class='ocrx_word' id='word_1_271' title='bbox 1297 1689 1374 1729; x_wconf 87' lang='lat' dir='ltr'>quia</span> 
     </span>
     <span class='ocr_line' id='line_1_40' title="bbox 299 1731 1373 1773; baseline 0 -9"><span class='ocrx_word' id='word_1_272' title='bbox 299 1733 488 1764; x_wconf 82' lang='lat' dir='ltr'>Aristoteles</span> <span class='ocrx_word' id='word_1_273' title='bbox 503 1733 627 1764; x_wconf 86' lang='lat' dir='ltr'>nullam</span> <span class='ocrx_word' id='word_1_274' title='bbox 642 1734 844 1765; x_wconf 89' lang='lat' dir='ltr'>mentionem</span> <span class='ocrx_word' id='word_1_275' title='bbox 860 1732 901 1764; x_wconf 92' lang='lat' dir='ltr'>de</span> <span class='ocrx_word' id='word_1_276' title='bbox 916 1733 1021 1773; x_wconf 91' lang='lat' dir='ltr'>spatio</span> <span class='ocrx_word' id='word_1_277' title='bbox 1037 1731 1123 1769; x_wconf 86' lang='lat' dir='ltr'>facit,</span> <span class='ocrx_word' id='word_1_278' title='bbox 1139 1732 1197 1764; x_wconf 82' lang='lat' dir='ltr'>sed</span> <span class='ocrx_word' id='word_1_279' title='bbox 1211 1742 1282 1764; x_wconf 91' lang='lat' dir='ltr'>esse</span> <span class='ocrx_word' id='word_1_280' title='bbox 1303 1738 1373 1764; x_wconf 90' lang='lat' dir='ltr'>tan-</span> 
     </span>
     <span class='ocr_line' id='line_1_41' title="bbox 300 1778 1371 1819; baseline 0 -11"><span class='ocrx_word' id='word_1_281' title='bbox 300 1784 371 1809; x_wconf 90' lang='lat' dir='ltr'>tum</span> <span class='ocrx_word' id='word_1_282' title='bbox 387 1779 445 1808; x_wconf 87' lang='lat' dir='ltr'>tria</span> <span class='ocrx_word' id='word_1_283' title='bbox 460 1778 576 1819; x_wconf 88' lang='lat' dir='ltr'>inquit,</span> <span class='ocrx_word' id='word_1_284' title='bbox 593 1778 714 1809; x_wconf 88' lang='lat' dir='ltr'>scilicet</span> <span class='ocrx_word' id='word_1_285' title='bbox 737 1787 878 1814; x_wconf 73' lang='lat' dir='ltr'>movenS,</span> <span class='ocrx_word' id='word_1_286' title='bbox 896 1778 984 1819; x_wconf 83' lang='lat' dir='ltr'>quod</span> <span class='ocrx_word' id='word_1_287' title='bbox 1007 1783 1166 1814; x_wconf 74' lang='lat' dir='ltr'>movetur,</span> <span class='ocrx_word' id='word_1_288' title='bbox 1184 1783 1215 1808; x_wconf 92' lang='lat' dir='ltr'>et</span> <span class='ocrx_word' id='word_1_289' title='bbox 1238 1782 1371 1818; x_wconf 80' lang='lat' dir='ltr'>tempus.</span> 
     </span>
    </p>

    <p class='ocr_par' dir='ltr' id='par_1_12' title="bbox 299 1822 1373 1953">
     <span class='ocr_line' id='line_1_42' title="bbox 356 1822 1373 1864; baseline 0 -11"><span class='ocrx_word' id='word_1_290' title='bbox 356 1822 444 1853; x_wconf 92' lang='lat' dir='ltr'>Tum</span> <span class='ocrx_word' id='word_1_291' title='bbox 475 1823 562 1864; x_wconf 88' lang='lat' dir='ltr'>quia,</span> <span class='ocrx_word' id='word_1_292' title='bbox 587 1823 709 1853; x_wconf 86' lang='lat' dir='ltr'>abscisa</span> <span class='ocrx_word' id='word_1_293' title='bbox 736 1828 825 1864; x_wconf 87' lang='lat' dir='ltr'>parte</span> <span class='ocrx_word' id='word_1_294' title='bbox 853 1832 872 1853; x_wconf 89' lang='lat' dir='ltr'>a</span> <span class='ocrx_word' id='word_1_295' title='bbox 900 1827 983 1858; x_wconf 88' lang='lat' dir='ltr'>toto,</span> <span class='ocrx_word' id='word_1_296' title='bbox 1007 1822 1161 1854; x_wconf 86' lang='lat' dir='ltr'>velocitas</span> <span class='ocrx_word' id='word_1_297' title='bbox 1190 1822 1373 1853; x_wconf 86' lang='lat' dir='ltr'>attendetur</span> 
     </span>
     <span class='ocr_line' id='line_1_43' title="bbox 299 1867 1372 1909; baseline -0.001 -11"><span class='ocrx_word' id='word_1_298' title='bbox 299 1877 400 1909; x_wconf 90' lang='lat' dir='ltr'>penes</span> <span class='ocrx_word' id='word_1_299' title='bbox 427 1872 587 1908; x_wconf 92' lang='lat' dir='ltr'>punctum</span> <span class='ocrx_word' id='word_1_300' title='bbox 619 1867 765 1898; x_wconf 90' lang='lat' dir='ltr'>medium</span> <span class='ocrx_word' id='word_1_301' title='bbox 795 1867 893 1908; x_wconf 84' lang='lat' dir='ltr'>partis</span> <span class='ocrx_word' id='word_1_302' title='bbox 921 1872 953 1898; x_wconf 91' lang='lat' dir='ltr'>et</span> <span class='ocrx_word' id='word_1_303' title='bbox 984 1867 1095 1902; x_wconf 82' lang='lat' dir='ltr'>totius,</span> <span class='ocrx_word' id='word_1_304' title='bbox 1125 1875 1194 1897; x_wconf 92' lang='lat' dir='ltr'>non</span> <span class='ocrx_word' id='word_1_305' title='bbox 1223 1872 1372 1908; x_wconf 88' lang='lat' dir='ltr'>respectu</span> 
     </span>
     <span class='ocr_line' id='line_1_44' title="bbox 300 1911 939 1953; baseline 0 -11"><span class='ocrx_word' id='word_1_306' title='bbox 300 1912 413 1953; x_wconf 91' lang='lat' dir='ltr'>puncti</span> <span class='ocrx_word' id='word_1_307' title='bbox 436 1912 470 1942; x_wconf 91' lang='lat' dir='ltr'>in</span> <span class='ocrx_word' id='word_1_308' title='bbox 493 1912 607 1952; x_wconf 87' lang='lat' dir='ltr'>spatio,</span> <span class='ocrx_word' id='word_1_309' title='bbox 631 1911 688 1942; x_wconf 91' lang='lat' dir='ltr'>sed</span> <span class='ocrx_word' id='word_1_310' title='bbox 711 1913 812 1943; x_wconf 88' lang='lat' dir='ltr'>totius</span> <span class='ocrx_word' id='word_1_311' title='bbox 835 1912 939 1952; x_wconf 88' lang='lat' dir='ltr'>spatii.</span> 
     </span>
    </p>

    <p class='ocr_par' dir='ltr' id='par_1_13' title="bbox 299 1955 1373 2086">
     <span class='ocr_line' id='line_1_45' title="bbox 355 1955 1373 1997; baseline -0.001 -10"><span class='ocrx_word' id='word_1_312' title='bbox 355 1956 444 1987; x_wconf 91' lang='lat' dir='ltr'>Tum</span> <span class='ocrx_word' id='word_1_313' title='bbox 467 1957 543 1997; x_wconf 92' lang='lat' dir='ltr'>quia</span> <span class='ocrx_word' id='word_1_314' title='bbox 565 1956 754 1987; x_wconf 84' lang='lat' dir='ltr'>Aristoteles</span> <span class='ocrx_word' id='word_1_315' title='bbox 777 1956 923 1997; x_wconf 90' lang='lat' dir='ltr'>loquitur</span> <span class='ocrx_word' id='word_1_316' title='bbox 944 1961 1011 1986; x_wconf 90' lang='lat' dir='ltr'>tam</span> <span class='ocrx_word' id='word_1_317' title='bbox 1041 1955 1074 1986; x_wconf 90' lang='lat' dir='ltr'>in</span> <span class='ocrx_word' id='word_1_318' title='bbox 1104 1960 1198 1986; x_wconf 89' lang='lat' dir='ltr'>motu</span> <span class='ocrx_word' id='word_1_319' title='bbox 1225 1955 1373 1986; x_wconf 83' lang='lat' dir='ltr'>circulari</span> 
     </span>
     <span class='ocr_line' id='line_1_46' title="bbox 299 2001 1372 2041; baseline -0.001 -10"><span class='ocrx_word' id='word_1_320' title='bbox 299 2010 398 2041; x_wconf 90' lang='lat' dir='ltr'>quam</span> <span class='ocrx_word' id='word_1_321' title='bbox 420 2001 454 2031; x_wconf 88' lang='lat' dir='ltr'>in</span> <span class='ocrx_word' id='word_1_322' title='bbox 477 2007 571 2031; x_wconf 89' lang='lat' dir='ltr'>motu</span> <span class='ocrx_word' id='word_1_323' title='bbox 594 2006 694 2032; x_wconf 91' lang='lat' dir='ltr'>recto.</span> <span class='ocrx_word' id='word_1_324' title='bbox 719 2001 754 2031; x_wconf 94' lang='lat' dir='ltr'>In</span> <span class='ocrx_word' id='word_1_325' title='bbox 779 2001 926 2032; x_wconf 91' lang='lat' dir='ltr'>circulari</span> <span class='ocrx_word' id='word_1_326' title='bbox 949 2005 1057 2030; x_wconf 89' lang='lat' dir='ltr'>autem</span> <span class='ocrx_word' id='word_1_327' title='bbox 1082 2005 1192 2030; x_wconf 90' lang='lat' dir='ltr'>motus</span> <span class='ocrx_word' id='word_1_328' title='bbox 1207 2009 1276 2030; x_wconf 90' lang='lat' dir='ltr'>non</span> <span class='ocrx_word' id='word_1_329' title='bbox 1292 2009 1372 2030; x_wconf 93' lang='lat' dir='ltr'>con-</span> 
     </span>
     <span class='ocr_line' id='line_1_47' title="bbox 299 2044 1151 2086; baseline -0.002 -10"><span class='ocrx_word' id='word_1_330' title='bbox 299 2045 453 2076; x_wconf 88' lang='lat' dir='ltr'>sideratur</span> <span class='ocrx_word' id='word_1_331' title='bbox 475 2051 623 2086; x_wconf 88' lang='lat' dir='ltr'>respectu</span> <span class='ocrx_word' id='word_1_332' title='bbox 647 2045 849 2076; x_wconf 90' lang='lat' dir='ltr'>determinati</span> <span class='ocrx_word' id='word_1_333' title='bbox 872 2045 954 2085; x_wconf 89' lang='lat' dir='ltr'>signi</span> <span class='ocrx_word' id='word_1_334' title='bbox 977 2044 1011 2075; x_wconf 90' lang='lat' dir='ltr'>in</span> <span class='ocrx_word' id='word_1_335' title='bbox 1035 2044 1151 2085; x_wconf 91' lang='lat' dir='ltr'>spatio.</span> 
     </span>
    </p>

    <p class='ocr_par' dir='ltr' id='par_1_14' title="bbox 297 2087 1373 2400">
     <span class='ocr_line' id='line_1_48' title="bbox 355 2087 1371 2130; baseline -0.002 -9"><span class='ocrx_word' id='word_1_336' title='bbox 355 2090 384 2121; x_wconf 88' lang='lat'>3.</span> <span class='ocrx_word' id='word_1_337' title='bbox 415 2089 468 2120; x_wconf 84' lang='lat' dir='ltr'>Ad</span> <span class='ocrx_word' id='word_1_338' title='bbox 499 2090 618 2121; x_wconf 89' lang='lat' dir='ltr'>horum</span> <span class='ocrx_word' id='word_1_339' title='bbox 653 2089 847 2121; x_wconf 86' lang='lat' dir='ltr'>evidentiam</span> <span class='ocrx_word' id='word_1_340' title='bbox 884 2087 1156 2120; x_wconf 89' lang='lat' dir='ltr'>considerandum</span> <span class='ocrx_word' id='word_1_341' title='bbox 1189 2093 1236 2119; x_wconf 90' lang='lat' dir='ltr'>est</span> <span class='ocrx_word' id='word_1_342' title='bbox 1269 2087 1371 2130; x_wconf 93' lang='lat' dir='ltr'>quod,</span> 
     </span>
     <span class='ocr_line' id='line_1_49' title="bbox 298 2131 1373 2176; baseline -0.001 -11"><span class='ocrx_word' id='word_1_343' title='bbox 298 2144 374 2166; x_wconf 88' lang='lat' dir='ltr'>cum</span> <span class='ocrx_word' id='word_1_344' title='bbox 397 2140 526 2175; x_wconf 89' lang='lat' dir='ltr'>tempus</span> <span class='ocrx_word' id='word_1_345' title='bbox 550 2140 659 2166; x_wconf 89' lang='lat' dir='ltr'>motus</span> <span class='ocrx_word' id='word_1_346' title='bbox 682 2134 853 2176; x_wconf 85' lang='lat' dir='ltr'>dupliciter</span> <span class='ocrx_word' id='word_1_347' title='bbox 868 2133 1036 2170; x_wconf 88' lang='lat' dir='ltr'>dividatur,</span> <span class='ocrx_word' id='word_1_348' title='bbox 1053 2131 1235 2165; x_wconf 87' lang='lat' dir='ltr'>secundum</span> <span class='ocrx_word' id='word_1_349' title='bbox 1251 2133 1373 2164; x_wconf 88' lang='lat' dir='ltr'>scilicet</span> 
     </span>
     <span class='ocr_line' id='line_1_50' title="bbox 297 2177 1373 2221; baseline -0.001 -11"><span class='ocrx_word' id='word_1_350' title='bbox 297 2185 402 2220; x_wconf 89' lang='lat' dir='ltr'>partes</span> <span class='ocrx_word' id='word_1_351' title='bbox 421 2179 651 2220; x_wconf 86' lang='lat' dir='ltr'>magnitudinis</span> <span class='ocrx_word' id='word_1_352' title='bbox 667 2189 764 2221; x_wconf 91' lang='lat' dir='ltr'>super</span> <span class='ocrx_word' id='word_1_353' title='bbox 780 2189 879 2221; x_wconf 91' lang='lat' dir='ltr'>quam</span> <span class='ocrx_word' id='word_1_354' title='bbox 894 2178 931 2210; x_wconf 88' lang='lat' dir='ltr'>fit</span> <span class='ocrx_word' id='word_1_355' title='bbox 946 2185 1066 2216; x_wconf 87' lang='lat' dir='ltr'>motus,</span> <span class='ocrx_word' id='word_1_356' title='bbox 1083 2177 1265 2210; x_wconf 88' lang='lat' dir='ltr'>secundum</span> <span class='ocrx_word' id='word_1_357' title='bbox 1281 2177 1373 2219; x_wconf 91' lang='lat' dir='ltr'>quod</span> 
     </span>
     <span class='ocr_line' id='line_1_51' title="bbox 297 2222 1372 2265; baseline -0.002 -10"><span class='ocrx_word' id='word_1_358' title='bbox 297 2229 406 2255; x_wconf 91' lang='lat' dir='ltr'>totum</span> <span class='ocrx_word' id='word_1_359' title='bbox 428 2224 549 2255; x_wconf 81' lang='lat' dir='ltr'>mobile</span> <span class='ocrx_word' id='word_1_360' title='bbox 573 2225 662 2265; x_wconf 90' lang='lat' dir='ltr'>prius</span> <span class='ocrx_word' id='word_1_361' title='bbox 685 2225 854 2265; x_wconf 85' lang='lat' dir='ltr'>pertransit</span> <span class='ocrx_word' id='word_1_362' title='bbox 877 2233 976 2255; x_wconf 90' lang='lat' dir='ltr'>unam</span> <span class='ocrx_word' id='word_1_363' title='bbox 999 2229 1125 2265; x_wconf 87' lang='lat' dir='ltr'>partem</span> <span class='ocrx_word' id='word_1_364' title='bbox 1141 2222 1372 2264; x_wconf 81' lang='lat' dir='ltr'>magnitudinis</span> 
     </span>
     <span class='ocr_line' id='line_1_52' title="bbox 298 2267 1373 2310; baseline -0.002 -10"><span class='ocrx_word' id='word_1_365' title='bbox 298 2278 398 2310; x_wconf 90' lang='lat' dir='ltr'>quam</span> <span class='ocrx_word' id='word_1_366' title='bbox 413 2274 530 2306; x_wconf 84' lang='lat' dir='ltr'>totam;</span> <span class='ocrx_word' id='word_1_367' title='bbox 555 2275 586 2300; x_wconf 92' lang='lat' dir='ltr'>et</span> <span class='ocrx_word' id='word_1_368' title='bbox 609 2269 788 2300; x_wconf 89' lang='lat' dir='ltr'>secundum</span> <span class='ocrx_word' id='word_1_369' title='bbox 805 2274 910 2310; x_wconf 90' lang='lat' dir='ltr'>partes</span> <span class='ocrx_word' id='word_1_370' title='bbox 925 2268 1066 2304; x_wconf 88' lang='lat' dir='ltr'>mobilis,</span> <span class='ocrx_word' id='word_1_371' title='bbox 1082 2267 1264 2299; x_wconf 88' lang='lat' dir='ltr'>secundum</span> <span class='ocrx_word' id='word_1_372' title='bbox 1281 2267 1373 2308; x_wconf 91' lang='lat' dir='ltr'>quod</span> 
     </span>
     <span class='ocr_line' id='line_1_53' title="bbox 298 2313 1372 2355; baseline -0.001 -11"><span class='ocrx_word' id='word_1_373' title='bbox 298 2313 432 2355; x_wconf 88' lang='lat' dir='ltr'>aliquod</span> <span class='ocrx_word' id='word_1_374' title='bbox 447 2314 575 2355; x_wconf 84' lang='lat' dir='ltr'>signum</span> <span class='ocrx_word' id='word_1_375' title='bbox 598 2314 828 2354; x_wconf 82' lang='lat' dir='ltr'>magnitudinis</span> <span class='ocrx_word' id='word_1_376' title='bbox 843 2314 931 2355; x_wconf 90' lang='lat' dir='ltr'>prius</span> <span class='ocrx_word' id='word_1_377' title='bbox 947 2313 1117 2355; x_wconf 77' lang='lat' dir='ltr'>pertransit</span> <span class='ocrx_word' id='word_1_378' title='bbox 1132 2322 1197 2344; x_wconf 90' lang='lat' dir='ltr'>una</span> <span class='ocrx_word' id='word_1_379' title='bbox 1211 2321 1285 2353; x_wconf 87' lang='lat' dir='ltr'>pars</span> <span class='ocrx_word' id='word_1_380' title='bbox 1301 2321 1372 2343; x_wconf 89' lang='lat' dir='ltr'>mo-</span> 
     </span>
     <span class='ocr_line' id='line_1_54' title="bbox 299 2357 1371 2400; baseline -0.002 -11"><span class='ocrx_word' id='word_1_381' title='bbox 299 2358 370 2390; x_wconf 87' lang='lat' dir='ltr'>bilis</span> <span class='ocrx_word' id='word_1_382' title='bbox 387 2368 485 2399; x_wconf 89' lang='lat' dir='ltr'>quam</span> <span class='ocrx_word' id='word_1_383' title='bbox 501 2364 618 2394; x_wconf 88' lang='lat' dir='ltr'>totum,</span> <span class='ocrx_word' id='word_1_384' title='bbox 636 2364 667 2390; x_wconf 91' lang='lat' dir='ltr'>et</span> <span class='ocrx_word' id='word_1_385' title='bbox 682 2359 771 2400; x_wconf 88' lang='lat' dir='ltr'>prius</span> <span class='ocrx_word' id='word_1_386' title='bbox 787 2369 853 2390; x_wconf 91' lang='lat' dir='ltr'>una</span> <span class='ocrx_word' id='word_1_387' title='bbox 869 2367 941 2400; x_wconf 88' lang='lat' dir='ltr'>pars</span> <span class='ocrx_word' id='word_1_388' title='bbox 957 2367 1056 2399; x_wconf 87' lang='lat' dir='ltr'>quam</span> <span class='ocrx_word' id='word_1_389' title='bbox 1073 2357 1148 2389; x_wconf 87' lang='lat' dir='ltr'>alia:</span> <span class='ocrx_word' id='word_1_390' title='bbox 1168 2357 1202 2388; x_wconf 89' lang='lat' dir='ltr'>in</span> <span class='ocrx_word' id='word_1_391' title='bbox 1214 2357 1272 2388; x_wconf 92' lang='lat' dir='ltr'>VII</span> <span class='ocrx_word' id='word_1_392' title='bbox 1285 2357 1371 2398; x_wconf 69' lang='lat' dir='ltr'><em>Pny-</em></span> 
     </span>
    </p>
   </div>
   <div class='ocr_carea' id='block_1_8' title="bbox 57 2401 1372 2483">
    <p class='ocr_par' dir='ltr' id='par_1_15' title="bbox 57 2401 1372 2483">
     <span class='ocr_line' id='line_1_55' title="bbox 57 2401 1372 2483; baseline -0.002 -48"><span class='ocrx_word' id='word_1_393' title='bbox 57 2410 65 2456; x_wconf 57' lang='grc' dir='ltr'>Ι·</span> <span class='ocrx_word' id='word_1_394' title='bbox 83 2408 140 2483; x_wconf 51' lang='lat' dir='ltr'>{aa</span> <span class='ocrx_word' id='word_1_395' title='bbox 158 2415 177 2430; x_wconf 74' lang='lat' dir='ltr'>v:</span> <span class='ocrx_word' id='word_1_396' title='bbox 194 2416 211 2428; x_wconf 64' lang='lat'>³-</span> <span class='ocrx_word' id='word_1_397' title='bbox 241 2407 270 2427; x_wconf 72' lang='grc' dir='ltr'>ἰ-</span> <span class='ocrx_word' id='word_1_398' title='bbox 298 2404 441 2434; x_wconf 80' lang='lat' dir='ltr'>sicerum</span> <span class='ocrx_word' id='word_1_399' title='bbox 454 2404 481 2440; x_wconf 57' lang='lat'>³,</span> <span class='ocrx_word' id='word_1_400' title='bbox 495 2409 531 2434; x_wconf 88' lang='lat' dir='ltr'>ut</span> <span class='ocrx_word' id='word_1_401' title='bbox 549 2404 654 2445; x_wconf 89' lang='lat' dir='ltr'>inquit</span> <span class='ocrx_word' id='word_1_402' title='bbox 669 2403 805 2435; x_wconf 83' lang='lat' dir='ltr'>Sanctus</span> <span class='ocrx_word' id='word_1_403' title='bbox 817 2404 963 2435; x_wconf 85' lang='lat' dir='ltr'>Thomas</span> <span class='ocrx_word' id='word_1_404' title='bbox 975 2402 1047 2434; x_wconf 91' lang='lat' dir='ltr'>VIII</span> <span class='ocrx_word' id='word_1_405' title='bbox 1064 2401 1210 2433; x_wconf 90' lang='lat' dir='ltr'>eiusdem</span> <span class='ocrx_word' id='word_1_406' title='bbox 1218 2402 1264 2438; x_wconf 76' lang='lat'>”,</span> <span class='ocrx_word' id='word_1_407' title='bbox 1280 2411 1372 2433; x_wconf 89' lang='lat' dir='ltr'>com-</span> 
     </span>
     <span class='ocr_line' id='line_1_56' title="bbox 59 2463 199 2483; baseline 0 0"><span class='ocrx_word' id='word_1_408' title='bbox 59 2463 78 2472; x_wconf 84' lang='grc'>’·</span> <span class='ocrx_word' id='word_1_409' title='bbox 113 2465 199 2483; x_wconf 82' lang='lat' dir='ltr'>ect.2=.</span> 
     </span>
    </p>
   </div>
   <div class='ocr_carea' id='block_1_9' title="bbox 296 2445 1375 3647">
    <p class='ocr_par' dir='ltr' id='par_1_16' title="bbox 296 2445 1373 3282">
     <span class='ocr_line' id='line_1_57' title="bbox 299 2445 1373 2490; baseline -0.002 -11"><span class='ocrx_word' id='word_1_410' title='bbox 299 2454 427 2490; x_wconf 88' lang='lat' dir='ltr'>paratur</span> <span class='ocrx_word' id='word_1_411' title='bbox 442 2453 511 2479; x_wconf 89' lang='lat' dir='ltr'>tota</span> <span class='ocrx_word' id='word_1_412' title='bbox 525 2449 671 2489; x_wconf 88' lang='lat' dir='ltr'>potentia</span> <span class='ocrx_word' id='word_1_413' title='bbox 686 2448 727 2479; x_wconf 88' lang='lat' dir='ltr'>ad</span> <span class='ocrx_word' id='word_1_414' title='bbox 742 2454 866 2490; x_wconf 85' lang='lat' dir='ltr'>partem</span> <span class='ocrx_word' id='word_1_415' title='bbox 890 2447 1056 2489; x_wconf 88' lang='lat' dir='ltr'>potentiae</span> <span class='ocrx_word' id='word_1_416' title='bbox 1079 2445 1261 2478; x_wconf 87' lang='lat' dir='ltr'>secundum</span> <span class='ocrx_word' id='word_1_417' title='bbox 1281 2445 1373 2488; x_wconf 90' lang='lat' dir='ltr'>quod</span> 
     </span>
     <span class='ocr_line' id='line_1_58' title="bbox 299 2490 1373 2534; baseline -0.002 -10"><span class='ocrx_word' id='word_1_418' title='bbox 299 2499 428 2534; x_wconf 87' lang='lat' dir='ltr'>tempus</span> <span class='ocrx_word' id='word_1_419' title='bbox 457 2498 566 2524; x_wconf 91' lang='lat' dir='ltr'>motus</span> <span class='ocrx_word' id='word_1_420' title='bbox 597 2492 748 2525; x_wconf 87' lang='lat' dir='ltr'>dividitur</span> <span class='ocrx_word' id='word_1_421' title='bbox 771 2493 810 2525; x_wconf 88' lang='lat' dir='ltr'>ad</span> <span class='ocrx_word' id='word_1_422' title='bbox 833 2492 1028 2524; x_wconf 90' lang='lat' dir='ltr'>divisionem</span> <span class='ocrx_word' id='word_1_423' title='bbox 1050 2490 1295 2532; x_wconf 78' lang='lat' dir='ltr'>magnitudinis:</span> <span class='ocrx_word' id='word_1_424' title='bbox 1325 2497 1373 2522; x_wconf 82' lang='lat' dir='ltr'>est</span> 
     </span>
     <span class='ocr_line' id='line_1_59' title="bbox 299 2535 1372 2580; baseline -0.003 -11"><span class='ocrx_word' id='word_1_425' title='bbox 299 2539 387 2569; x_wconf 90' lang='lat' dir='ltr'>enim</span> <span class='ocrx_word' id='word_1_426' title='bbox 411 2547 522 2569; x_wconf 91' lang='lat' dir='ltr'>verum</span> <span class='ocrx_word' id='word_1_427' title='bbox 547 2537 637 2579; x_wconf 91' lang='lat' dir='ltr'>quod</span> <span class='ocrx_word' id='word_1_428' title='bbox 666 2538 699 2569; x_wconf 91' lang='lat' dir='ltr'>in</span> <span class='ocrx_word' id='word_1_429' title='bbox 730 2543 854 2580; x_wconf 88' lang='lat' dir='ltr'>quanto</span> <span class='ocrx_word' id='word_1_430' title='bbox 884 2543 1034 2578; x_wconf 88' lang='lat' dir='ltr'>tempore</span> <span class='ocrx_word' id='word_1_431' title='bbox 1062 2541 1171 2568; x_wconf 90' lang='lat' dir='ltr'>totum</span> <span class='ocrx_word' id='word_1_432' title='bbox 1197 2535 1331 2573; x_wconf 87' lang='lat' dir='ltr'>mobile,</span> <span class='ocrx_word' id='word_1_433' title='bbox 1354 2545 1372 2566; x_wconf 91' lang='lat' dir='ltr'>a</span> 
     </span>
     <span class='ocr_line' id='line_1_60' title="bbox 299 2579 1371 2624; baseline -0.002 -11"><span class='ocrx_word' id='word_1_434' title='bbox 299 2588 366 2614; x_wconf 87' lang='lat' dir='ltr'>tota</span> <span class='ocrx_word' id='word_1_435' title='bbox 382 2583 526 2624; x_wconf 89' lang='lat' dir='ltr'>potentia</span> <span class='ocrx_word' id='word_1_436' title='bbox 541 2588 681 2619; x_wconf 89' lang='lat' dir='ltr'>motum,</span> <span class='ocrx_word' id='word_1_437' title='bbox 699 2583 868 2624; x_wconf 87' lang='lat' dir='ltr'>pertransit</span> <span class='ocrx_word' id='word_1_438' title='bbox 888 2582 1029 2623; x_wconf 88' lang='lat' dir='ltr'>aliquam</span> <span class='ocrx_word' id='word_1_439' title='bbox 1053 2579 1322 2622; x_wconf 86' lang='lat' dir='ltr'>magnitudinem,</span> <span class='ocrx_word' id='word_1_440' title='bbox 1338 2581 1371 2611; x_wconf 92' lang='lat' dir='ltr'>in</span> 
     </span>
     <span class='ocr_line' id='line_1_61' title="bbox 298 2625 1371 2669; baseline -0.003 -11"><span class='ocrx_word' id='word_1_441' title='bbox 298 2634 388 2658; x_wconf 88' lang='lat' dir='ltr'>tanto</span> <span class='ocrx_word' id='word_1_442' title='bbox 412 2637 483 2668; x_wconf 89' lang='lat' dir='ltr'>pars</span> <span class='ocrx_word' id='word_1_443' title='bbox 511 2627 651 2663; x_wconf 84' lang='lat' dir='ltr'>mobilis,</span> <span class='ocrx_word' id='word_1_444' title='bbox 671 2637 688 2658; x_wconf 88' lang='lat' dir='ltr'>a</span> <span class='ocrx_word' id='word_1_445' title='bbox 712 2633 802 2669; x_wconf 89' lang='lat' dir='ltr'>parte</span> <span class='ocrx_word' id='word_1_446' title='bbox 826 2627 991 2668; x_wconf 88' lang='lat' dir='ltr'>potentiae</span> <span class='ocrx_word' id='word_1_447' title='bbox 1014 2631 1114 2662; x_wconf 85' lang='lat' dir='ltr'>mota,</span> <span class='ocrx_word' id='word_1_448' title='bbox 1143 2625 1281 2656; x_wconf 90' lang='lat' dir='ltr'>eandem</span> <span class='ocrx_word' id='word_1_449' title='bbox 1304 2635 1371 2656; x_wconf 91' lang='lat' dir='ltr'>ma-</span> 
     </span>
     <span class='ocr_line' id='line_1_62' title="bbox 297 2670 1372 2713; baseline -0.003 -10"><span class='ocrx_word' id='word_1_450' title='bbox 297 2672 500 2713; x_wconf 90' lang='lat' dir='ltr'>gnitudinem</span> <span class='ocrx_word' id='word_1_451' title='bbox 523 2672 740 2713; x_wconf 67' lang='lat' dir='ltr'>pertransibin</span> <span class='ocrx_word' id='word_1_452' title='bbox 765 2672 869 2713; x_wconf 89' lang='lat' dir='ltr'>qualis</span> <span class='ocrx_word' id='word_1_453' title='bbox 892 2672 980 2702; x_wconf 90' lang='lat' dir='ltr'>enim</span> <span class='ocrx_word' id='word_1_454' title='bbox 1004 2676 1051 2701; x_wconf 86' lang='lat' dir='ltr'>est</span> <span class='ocrx_word' id='word_1_455' title='bbox 1075 2671 1245 2711; x_wconf 88' lang='lat' dir='ltr'>proportio</span> <span class='ocrx_word' id='word_1_456' title='bbox 1272 2670 1372 2701; x_wconf 86' lang='lat' dir='ltr'>totius</span> 
     </span>
     <span class='ocr_line' id='line_1_63' title="bbox 297 2715 1372 2758; baseline -0.003 -10"><span class='ocrx_word' id='word_1_457' title='bbox 297 2718 462 2758; x_wconf 86' lang='lat' dir='ltr'>potentiae</span> <span class='ocrx_word' id='word_1_458' title='bbox 485 2716 526 2747; x_wconf 88' lang='lat' dir='ltr'>ad</span> <span class='ocrx_word' id='word_1_459' title='bbox 547 2722 655 2748; x_wconf 89' lang='lat' dir='ltr'>totum</span> <span class='ocrx_word' id='word_1_460' title='bbox 678 2716 812 2753; x_wconf 89' lang='lat' dir='ltr'>mobile,</span> <span class='ocrx_word' id='word_1_461' title='bbox 832 2716 903 2747; x_wconf 89' lang='lat' dir='ltr'>talis</span> <span class='ocrx_word' id='word_1_462' title='bbox 926 2721 974 2747; x_wconf 81' lang='lat' dir='ltr'>est</span> <span class='ocrx_word' id='word_1_463' title='bbox 997 2715 1166 2756; x_wconf 86' lang='lat' dir='ltr'>proportio</span> <span class='ocrx_word' id='word_1_464' title='bbox 1188 2715 1284 2755; x_wconf 86' lang='lat' dir='ltr'>partis</span> <span class='ocrx_word' id='word_1_465' title='bbox 1300 2724 1372 2746; x_wconf 89' lang='lat' dir='ltr'>mo-</span> 
     </span>
     <span class='ocr_line' id='line_1_64' title="bbox 297 2759 1372 2802; baseline -0.001 -11"><span class='ocrx_word' id='word_1_466' title='bbox 297 2762 400 2793; x_wconf 86' lang='lat' dir='ltr'>ventis</span> <span class='ocrx_word' id='word_1_467' title='bbox 427 2761 468 2792; x_wconf 87' lang='lat' dir='ltr'>ad</span> <span class='ocrx_word' id='word_1_468' title='bbox 494 2767 618 2802; x_wconf 88' lang='lat' dir='ltr'>partem</span> <span class='ocrx_word' id='word_1_469' title='bbox 641 2761 782 2798; x_wconf 87' lang='lat' dir='ltr'>mobilis,</span> <span class='ocrx_word' id='word_1_470' title='bbox 806 2761 832 2792; x_wconf 91' lang='lat' dir='ltr'>si</span> <span class='ocrx_word' id='word_1_471' title='bbox 856 2766 962 2801; x_wconf 87' lang='lat' dir='ltr'>partes</span> <span class='ocrx_word' id='word_1_472' title='bbox 992 2760 1152 2791; x_wconf 83' lang='lat' dir='ltr'>moventis</span> <span class='ocrx_word' id='word_1_473' title='bbox 1181 2765 1212 2790; x_wconf 89' lang='lat' dir='ltr'>et</span> <span class='ocrx_word' id='word_1_474' title='bbox 1242 2759 1372 2790; x_wconf 88' lang='lat' dir='ltr'>mobilis</span> 
     </span>
     <span class='ocr_line' id='line_1_65' title="bbox 296 2804 1371 2847; baseline -0.003 -10"><span class='ocrx_word' id='word_1_475' title='bbox 296 2806 616 2847; x_wconf 83' lang='lat' dir='ltr'>proportionabiliter</span> <span class='ocrx_word' id='word_1_476' title='bbox 647 2811 826 2837; x_wconf 86' lang='lat' dir='ltr'>sumantur.</span> <span class='ocrx_word' id='word_1_477' title='bbox 859 2805 895 2836; x_wconf 88' lang='lat' dir='ltr'>ln</span> <span class='ocrx_word' id='word_1_478' title='bbox 919 2804 993 2835; x_wconf 87' lang='lat' dir='ltr'>VIII</span> <span class='ocrx_word' id='word_1_479' title='bbox 1017 2810 1126 2835; x_wconf 89' lang='lat' dir='ltr'>autem</span> <span class='ocrx_word' id='word_1_480' title='bbox 1156 2804 1371 2845; x_wconf 66' lang='lat' dir='ltr'>Pity-sicerum</span> 
     </span>
     <span class='ocr_line' id='line_1_66' title="bbox 296 2848 1372 2892; baseline -0.003 -10"><span class='ocrx_word' id='word_1_481' title='bbox 296 2851 414 2892; x_wconf 90' lang='lat' dir='ltr'>accipit</span> <span class='ocrx_word' id='word_1_482' title='bbox 437 2850 656 2891; x_wconf 85' lang='lat' dir='ltr'>Philosophus</span> <span class='ocrx_word' id='word_1_483' title='bbox 679 2856 810 2891; x_wconf 89' lang='lat' dir='ltr'>tempus</span> <span class='ocrx_word' id='word_1_484' title='bbox 833 2848 1014 2881; x_wconf 87' lang='lat' dir='ltr'>secundum</span> <span class='ocrx_word' id='word_1_485' title='bbox 1038 2848 1129 2890; x_wconf 92' lang='lat' dir='ltr'>quod</span> <span class='ocrx_word' id='word_1_486' title='bbox 1158 2848 1308 2880; x_wconf 87' lang='lat' dir='ltr'>dividitur</span> <span class='ocrx_word' id='word_1_487' title='bbox 1332 2848 1372 2879; x_wconf 90' lang='lat' dir='ltr'>ad</span> 
     </span>
     <span class='ocr_line' id='line_1_67' title="bbox 296 2893 1371 2935; baseline -0.002 -9"><span class='ocrx_word' id='word_1_488' title='bbox 296 2895 491 2926; x_wconf 88' lang='lat' dir='ltr'>divisionem</span> <span class='ocrx_word' id='word_1_489' title='bbox 506 2894 646 2926; x_wconf 85' lang='lat' dir='ltr'>mobilis.</span> <span class='ocrx_word' id='word_1_490' title='bbox 662 2894 757 2931; x_wconf 87' lang='lat' dir='ltr'>Nam,</span> <span class='ocrx_word' id='word_1_491' title='bbox 770 2895 795 2925; x_wconf 89' lang='lat' dir='ltr'>si</span> <span class='ocrx_word' id='word_1_492' title='bbox 812 2893 959 2935; x_wconf 84' lang='lat' dir='ltr'>potentia</span> <span class='ocrx_word' id='word_1_493' title='bbox 974 2894 1188 2925; x_wconf 85' lang='lat' dir='ltr'>constituatur</span> <span class='ocrx_word' id='word_1_494' title='bbox 1203 2903 1242 2924; x_wconf 86' lang='lat' dir='ltr'>ex</span> <span class='ocrx_word' id='word_1_495' title='bbox 1258 2893 1371 2925; x_wconf 90' lang='lat' dir='ltr'>decem</span> 
     </span>
     <span class='ocr_line' id='line_1_68' title="bbox 297 2937 1370 2981; baseline -0.002 -10"><span class='ocrx_word' id='word_1_496' title='bbox 297 2940 451 2981; x_wconf 90' lang='lat' dir='ltr'>partibus,</span> <span class='ocrx_word' id='word_1_497' title='bbox 467 2945 503 2970; x_wconf 91' lang='lat' dir='ltr'>ut</span> <span class='ocrx_word' id='word_1_498' title='bbox 520 2939 626 2980; x_wconf 90' lang='lat' dir='ltr'>inquit</span> <span class='ocrx_word' id='word_1_499' title='bbox 641 2939 792 2970; x_wconf 85' lang='lat' dir='ltr'>Albertus</span> <span class='ocrx_word' id='word_1_500' title='bbox 804 2939 831 2975; x_wconf 70' lang='lat'>⁶,</span> <span class='ocrx_word' id='word_1_501' title='bbox 848 2947 888 2970; x_wconf 87' lang='lat' dir='ltr'>ex</span> <span class='ocrx_word' id='word_1_502' title='bbox 903 2938 1022 2979; x_wconf 88' lang='lat' dir='ltr'>quibus</span> <span class='ocrx_word' id='word_1_503' title='bbox 1037 2938 1134 2969; x_wconf 86' lang='lat' dir='ltr'>habet</span> <span class='ocrx_word' id='word_1_504' title='bbox 1152 2943 1189 2969; x_wconf 87' lang='lat' dir='ltr'>ut</span> <span class='ocrx_word' id='word_1_505' title='bbox 1208 2939 1241 2969; x_wconf 92' lang='lat' dir='ltr'>in</span> <span class='ocrx_word' id='word_1_506' title='bbox 1257 2937 1370 2969; x_wconf 87' lang='lat' dir='ltr'>decem</span> 
     </span>
     <span class='ocr_line' id='line_1_69' title="bbox 297 2982 1372 3024; baseline -0.001 -9"><span class='ocrx_word' id='word_1_507' title='bbox 297 2984 386 3016; x_wconf 88' lang='lat' dir='ltr'>horis</span> <span class='ocrx_word' id='word_1_508' title='bbox 405 2989 514 3015; x_wconf 88' lang='lat' dir='ltr'>totum</span> <span class='ocrx_word' id='word_1_509' title='bbox 536 2983 659 3015; x_wconf 90' lang='lat' dir='ltr'>mobile</span> <span class='ocrx_word' id='word_1_510' title='bbox 682 2988 823 3019; x_wconf 83' lang='lat' dir='ltr'>moveat,</span> <span class='ocrx_word' id='word_1_511' title='bbox 846 2983 881 3014; x_wconf 91' lang='lat' dir='ltr'>in</span> <span class='ocrx_word' id='word_1_512' title='bbox 905 2991 1102 3024; x_wconf 84' lang='lat' dir='ltr'>unaquaque</span> <span class='ocrx_word' id='word_1_513' title='bbox 1124 2983 1204 3014; x_wconf 88' lang='lat' dir='ltr'>hora</span> <span class='ocrx_word' id='word_1_514' title='bbox 1223 2982 1372 3014; x_wconf 87' lang='lat' dir='ltr'>videlicet</span> 
     </span>
     <span class='ocr_line' id='line_1_70' title="bbox 298 3027 1371 3069; baseline -0.002 -9"><span class='ocrx_word' id='word_1_515' title='bbox 298 3038 398 3060; x_wconf 89' lang='lat' dir='ltr'>unam</span> <span class='ocrx_word' id='word_1_516' title='bbox 413 3034 538 3069; x_wconf 85' lang='lat' dir='ltr'>partem</span> <span class='ocrx_word' id='word_1_517' title='bbox 558 3028 688 3059; x_wconf 91' lang='lat' dir='ltr'>mobilis</span> <span class='ocrx_word' id='word_1_518' title='bbox 703 3027 852 3059; x_wconf 88' lang='lat' dir='ltr'>faciendo</span> <span class='ocrx_word' id='word_1_519' title='bbox 869 3028 998 3068; x_wconf 88' lang='lat' dir='ltr'>signum</span> <span class='ocrx_word' id='word_1_520' title='bbox 1014 3027 1147 3068; x_wconf 86' lang='lat' dir='ltr'>aliquod</span> <span class='ocrx_word' id='word_1_521' title='bbox 1170 3028 1371 3068; x_wconf 87' lang='lat' dir='ltr'>pertransire,</span> 
     </span>
     <span class='ocr_line' id='line_1_71' title="bbox 299 3072 1372 3114; baseline -0.001 -10"><span class='ocrx_word' id='word_1_522' title='bbox 299 3079 424 3104; x_wconf 90' lang='lat' dir='ltr'>certum</span> <span class='ocrx_word' id='word_1_523' title='bbox 440 3078 488 3104; x_wconf 90' lang='lat' dir='ltr'>est</span> <span class='ocrx_word' id='word_1_524' title='bbox 509 3072 600 3114; x_wconf 92' lang='lat' dir='ltr'>quod</span> <span class='ocrx_word' id='word_1_525' title='bbox 622 3082 687 3103; x_wconf 88' lang='lat' dir='ltr'>una</span> <span class='ocrx_word' id='word_1_526' title='bbox 710 3082 783 3114; x_wconf 86' lang='lat' dir='ltr'>pars</span> <span class='ocrx_word' id='word_1_527' title='bbox 807 3073 983 3113; x_wconf 81' lang='lat' dir='ltr'>potentiae,</span> <span class='ocrx_word' id='word_1_528' title='bbox 1000 3072 1137 3103; x_wconf 86' lang='lat' dir='ltr'>existens</span> <span class='ocrx_word' id='word_1_529' title='bbox 1152 3072 1185 3103; x_wconf 88' lang='lat' dir='ltr'>in</span> <span class='ocrx_word' id='word_1_530' title='bbox 1202 3081 1267 3103; x_wconf 88' lang='lat' dir='ltr'>una</span> <span class='ocrx_word' id='word_1_531' title='bbox 1283 3077 1372 3113; x_wconf 86' lang='lat' dir='ltr'>parte</span> 
     </span>
     <span class='ocr_line' id='line_1_72' title="bbox 298 3116 1372 3158; baseline -0.002 -9"><span class='ocrx_word' id='word_1_532' title='bbox 298 3118 471 3154; x_wconf 85' lang='lat' dir='ltr'>moventis,</span> <span class='ocrx_word' id='word_1_533' title='bbox 494 3116 590 3148; x_wconf 83' lang='lat' dir='ltr'>faciet</span> <span class='ocrx_word' id='word_1_534' title='bbox 612 3126 712 3148; x_wconf 86' lang='lat' dir='ltr'>unam</span> <span class='ocrx_word' id='word_1_535' title='bbox 735 3122 860 3158; x_wconf 85' lang='lat' dir='ltr'>partem</span> <span class='ocrx_word' id='word_1_536' title='bbox 881 3117 1009 3148; x_wconf 88' lang='lat' dir='ltr'>mobilis</span> <span class='ocrx_word' id='word_1_537' title='bbox 1025 3117 1058 3147; x_wconf 92' lang='lat' dir='ltr'>in</span> <span class='ocrx_word' id='word_1_538' title='bbox 1074 3125 1139 3148; x_wconf 88' lang='lat' dir='ltr'>una</span> <span class='ocrx_word' id='word_1_539' title='bbox 1154 3116 1234 3147; x_wconf 89' lang='lat' dir='ltr'>hora</span> <span class='ocrx_word' id='word_1_540' title='bbox 1249 3116 1372 3148; x_wconf 89' lang='lat' dir='ltr'>dictum</span> 
     </span>
     <span class='ocr_line' id='line_1_73' title="bbox 299 3160 1372 3203; baseline -0.001 -9"><span class='ocrx_word' id='word_1_541' title='bbox 299 3163 427 3203; x_wconf 85' lang='lat' dir='ltr'>signum</span> <span class='ocrx_word' id='word_1_542' title='bbox 450 3162 652 3203; x_wconf 88' lang='lat' dir='ltr'>pertransire.</span> <span class='ocrx_word' id='word_1_543' title='bbox 675 3161 717 3192; x_wconf 92' lang='lat' dir='ltr'>Et</span> <span class='ocrx_word' id='word_1_544' title='bbox 740 3161 961 3193; x_wconf 85' lang='lat' dir='ltr'>universaliter</span> <span class='ocrx_word' id='word_1_545' title='bbox 975 3170 1089 3192; x_wconf 86' lang='lat' dir='ltr'>verum</span> <span class='ocrx_word' id='word_1_546' title='bbox 1110 3166 1167 3198; x_wconf 80' lang='lat' dir='ltr'>est,</span> <span class='ocrx_word' id='word_1_547' title='bbox 1184 3161 1247 3192; x_wconf 90' lang='lat' dir='ltr'>hoc</span> <span class='ocrx_word' id='word_1_548' title='bbox 1270 3160 1372 3193; x_wconf 90' lang='lat' dir='ltr'>modo</span> 
     </span>
     <span class='ocr_line' id='line_1_74' title="bbox 299 3205 1372 3248; baseline -0.001 -11"><span class='ocrx_word' id='word_1_549' title='bbox 299 3213 428 3248; x_wconf 88' lang='lat' dir='ltr'>tempus</span> <span class='ocrx_word' id='word_1_550' title='bbox 448 3206 633 3243; x_wconf 89' lang='lat' dir='ltr'>dividendo,</span> <span class='ocrx_word' id='word_1_551' title='bbox 650 3205 742 3247; x_wconf 90' lang='lat' dir='ltr'>quod</span> <span class='ocrx_word' id='word_1_552' title='bbox 758 3206 861 3237; x_wconf 91' lang='lat' dir='ltr'>maior</span> <span class='ocrx_word' id='word_1_553' title='bbox 883 3206 1029 3247; x_wconf 86' lang='lat' dir='ltr'>potentia</span> <span class='ocrx_word' id='word_1_554' title='bbox 1044 3206 1077 3236; x_wconf 93' lang='lat' dir='ltr'>in</span> <span class='ocrx_word' id='word_1_555' title='bbox 1094 3206 1209 3237; x_wconf 87' lang='lat' dir='ltr'>maiori</span> <span class='ocrx_word' id='word_1_556' title='bbox 1225 3211 1372 3248; x_wconf 87' lang='lat' dir='ltr'>tempore</span> 
     </span>
     <span class='ocr_line' id='line_1_75' title="bbox 300 3251 838 3282; baseline -0.002 0"><span class='ocrx_word' id='word_1_557' title='bbox 300 3252 444 3282; x_wconf 90' lang='lat' dir='ltr'>movebit</span> <span class='ocrx_word' id='word_1_558' title='bbox 467 3256 499 3282; x_wconf 89' lang='lat' dir='ltr'>et</span> <span class='ocrx_word' id='word_1_559' title='bbox 522 3252 630 3282; x_wconf 86' lang='lat' dir='ltr'>minor</span> <span class='ocrx_word' id='word_1_560' title='bbox 651 3251 686 3282; x_wconf 89' lang='lat' dir='ltr'>in</span> <span class='ocrx_word' id='word_1_561' title='bbox 709 3251 838 3282; x_wconf 88' lang='lat' dir='ltr'>minori.</span> 
     </span>
    </p>

    <p class='ocr_par' dir='ltr' id='par_1_17' title="bbox 301 3293 1374 3558">
     <span class='ocr_line' id='line_1_76' title="bbox 357 3293 1373 3336; baseline 0 -10"><span class='ocrx_word' id='word_1_562' title='bbox 357 3295 408 3326; x_wconf 80' lang='lat' dir='ltr'>Ad</span> <span class='ocrx_word' id='word_1_563' title='bbox 430 3296 568 3336; x_wconf 88' lang='lat' dir='ltr'>primam</span> <span class='ocrx_word' id='word_1_564' title='bbox 591 3305 669 3336; x_wconf 90' lang='lat' dir='ltr'>ergo</span> <span class='ocrx_word' id='word_1_565' title='bbox 696 3295 880 3326; x_wconf 80' lang='lat' dir='ltr'>instantiam</span> <span class='ocrx_word' id='word_1_566' title='bbox 911 3293 1125 3335; x_wconf 86' lang='lat' dir='ltr'>respondetur</span> <span class='ocrx_word' id='word_1_567' title='bbox 1148 3294 1238 3336; x_wconf 94' lang='lat' dir='ltr'>quod</span> <span class='ocrx_word' id='word_1_568' title='bbox 1265 3295 1373 3326; x_wconf 84' lang='lat' dir='ltr'>Philo-</span> 
     </span>
     <span class='ocr_line' id='line_1_77' title="bbox 301 3339 1373 3380; baseline -0.001 -9"><span class='ocrx_word' id='word_1_569' title='bbox 301 3340 423 3380; x_wconf 88' lang='lat' dir='ltr'>sophus</span> <span class='ocrx_word' id='word_1_570' title='bbox 441 3341 642 3371; x_wconf 81' lang='lat' dir='ltr'>enumeravit</span> <span class='ocrx_word' id='word_1_571' title='bbox 665 3349 703 3371; x_wconf 88' lang='lat' dir='ltr'>ea</span> <span class='ocrx_word' id='word_1_572' title='bbox 726 3345 852 3371; x_wconf 89' lang='lat' dir='ltr'>tantum</span> <span class='ocrx_word' id='word_1_573' title='bbox 871 3348 1014 3380; x_wconf 90' lang='lat' dir='ltr'>quorum</span> <span class='ocrx_word' id='word_1_574' title='bbox 1037 3339 1195 3371; x_wconf 88' lang='lat' dir='ltr'>divisione</span> <span class='ocrx_word' id='word_1_575' title='bbox 1218 3339 1258 3370; x_wconf 87' lang='lat' dir='ltr'>ad</span> <span class='ocrx_word' id='word_1_576' title='bbox 1281 3349 1373 3370; x_wconf 84' lang='lat' dir='ltr'>suam</span> 
     </span>
     <span class='ocr_line' id='line_1_78' title="bbox 302 3383 1374 3425; baseline 0.001 -11"><span class='ocrx_word' id='word_1_577' title='bbox 302 3384 459 3415; x_wconf 87' lang='lat' dir='ltr'>rationem</span> <span class='ocrx_word' id='word_1_578' title='bbox 491 3384 669 3425; x_wconf 85' lang='lat' dir='ltr'>indigebat,</span> <span class='ocrx_word' id='word_1_579' title='bbox 697 3384 820 3415; x_wconf 86' lang='lat' dir='ltr'>scilicet</span> <span class='ocrx_word' id='word_1_580' title='bbox 851 3393 998 3419; x_wconf 87' lang='lat' dir='ltr'>movens,</span> <span class='ocrx_word' id='word_1_581' title='bbox 1027 3383 1117 3424; x_wconf 91' lang='lat' dir='ltr'>quod</span> <span class='ocrx_word' id='word_1_582' title='bbox 1149 3390 1313 3420; x_wconf 90' lang='lat' dir='ltr'>movetur,</span> <span class='ocrx_word' id='word_1_583' title='bbox 1342 3390 1374 3415; x_wconf 88' lang='lat' dir='ltr'>et</span> 
     </span>
     <span class='ocr_line' id='line_1_79' title="bbox 302 3427 1374 3469; baseline 0.001 -11"><span class='ocrx_word' id='word_1_584' title='bbox 302 3433 440 3468; x_wconf 88' lang='lat' dir='ltr'>tempus.</span> <span class='ocrx_word' id='word_1_585' title='bbox 465 3429 696 3469; x_wconf 85' lang='lat' dir='ltr'>Magnitudinis</span> <span class='ocrx_word' id='word_1_586' title='bbox 712 3434 821 3460; x_wconf 85' lang='lat' dir='ltr'>autem</span> <span class='ocrx_word' id='word_1_587' title='bbox 837 3427 996 3460; x_wconf 86' lang='lat' dir='ltr'>divisione</span> <span class='ocrx_word' id='word_1_588' title='bbox 1012 3438 1080 3459; x_wconf 91' lang='lat' dir='ltr'>non</span> <span class='ocrx_word' id='word_1_589' title='bbox 1097 3427 1272 3469; x_wconf 87' lang='lat' dir='ltr'>indigebat:</span> <span class='ocrx_word' id='word_1_590' title='bbox 1298 3438 1374 3460; x_wconf 89' lang='lat' dir='ltr'>cum</span> 
     </span>
     <span class='ocr_line' id='line_1_80' title="bbox 302 3472 1373 3514; baseline 0.002 -12"><span class='ocrx_word' id='word_1_591' title='bbox 302 3477 410 3503; x_wconf 86' lang='lat' dir='ltr'>motus</span> <span class='ocrx_word' id='word_1_592' title='bbox 434 3474 631 3513; x_wconf 88' lang='lat' dir='ltr'>acciperetur</span> <span class='ocrx_word' id='word_1_593' title='bbox 662 3483 720 3514; x_wconf 92' lang='lat' dir='ltr'>per</span> <span class='ocrx_word' id='word_1_594' title='bbox 749 3473 1027 3514; x_wconf 88' lang='lat' dir='ltr'>comparationem</span> <span class='ocrx_word' id='word_1_595' title='bbox 1059 3472 1099 3503; x_wconf 86' lang='lat' dir='ltr'>ad</span> <span class='ocrx_word' id='word_1_596' title='bbox 1126 3472 1373 3504; x_wconf 85' lang='lat' dir='ltr'>determinatum</span> 
     </span>
     <span class='ocr_line' id='line_1_81' title="bbox 304 3517 1241 3558; baseline 0.001 -12"><span class='ocrx_word' id='word_1_597' title='bbox 304 3517 372 3546; x_wconf 83' lang='lat' dir='ltr'>eius</span> <span class='ocrx_word' id='word_1_598' title='bbox 395 3517 534 3557; x_wconf 82' lang='lat' dir='ltr'>signum.</span> <span class='ocrx_word' id='word_1_599' title='bbox 560 3517 636 3549; x_wconf 88' lang='lat' dir='ltr'>Ideo</span> <span class='ocrx_word' id='word_1_600' title='bbox 659 3518 916 3558; x_wconf 86' lang='lat' dir='ltr'>magnitudinem</span> <span class='ocrx_word' id='word_1_601' title='bbox 939 3526 1008 3548; x_wconf 89' lang='lat' dir='ltr'>non</span> <span class='ocrx_word' id='word_1_602' title='bbox 1032 3518 1241 3548; x_wconf 82' lang='lat' dir='ltr'>enumeravit.</span> 
     </span>
    </p>

    <p class='ocr_par' dir='ltr' id='par_1_18' title="bbox 303 3560 1375 3647">
     <span class='ocr_line' id='line_1_82' title="bbox 358 3560 1374 3604; baseline 0.002 -14"><span class='ocrx_word' id='word_1_603' title='bbox 358 3560 410 3590; x_wconf 79' lang='lat' dir='ltr'>Ad</span> <span class='ocrx_word' id='word_1_604' title='bbox 433 3561 607 3592; x_wconf 90' lang='lat' dir='ltr'>secundam</span> <span class='ocrx_word' id='word_1_605' title='bbox 638 3561 754 3593; x_wconf 86' lang='lat' dir='ltr'>dIcitur</span> <span class='ocrx_word' id='word_1_606' title='bbox 784 3561 875 3604; x_wconf 88' lang='lat' dir='ltr'>quod</span> <span class='ocrx_word' id='word_1_607' title='bbox 906 3562 990 3598; x_wconf 88' lang='lat' dir='ltr'>licet,</span> <span class='ocrx_word' id='word_1_608' title='bbox 1015 3567 1105 3602; x_wconf 87' lang='lat' dir='ltr'>parte</span> <span class='ocrx_word' id='word_1_609' title='bbox 1129 3561 1250 3593; x_wconf 87' lang='lat' dir='ltr'>abscisa</span> <span class='ocrx_word' id='word_1_610' title='bbox 1273 3571 1291 3592; x_wconf 90' lang='lat' dir='ltr'>a</span> <span class='ocrx_word' id='word_1_611' title='bbox 1315 3571 1374 3602; x_wconf 88' lang='lat' dir='ltr'>po-</span> 
     </span>
     <span class='ocr_line' id='line_1_83' title="bbox 303 3604 1375 3647; baseline 0.003 -13"><span class='ocrx_word' id='word_1_612' title='bbox 303 3604 412 3639; x_wconf 86' lang='lat' dir='ltr'>tentia,</span> <span class='ocrx_word' id='word_1_613' title='bbox 437 3605 617 3636; x_wconf 89' lang='lat' dir='ltr'>attendatur</span> <span class='ocrx_word' id='word_1_614' title='bbox 639 3607 792 3637; x_wconf 87' lang='lat' dir='ltr'>velocitas</span> <span class='ocrx_word' id='word_1_615' title='bbox 815 3616 916 3647; x_wconf 86' lang='lat' dir='ltr'>penes</span> <span class='ocrx_word' id='word_1_616' title='bbox 939 3610 1099 3647; x_wconf 89' lang='lat' dir='ltr'>punctum</span> <span class='ocrx_word' id='word_1_617' title='bbox 1116 3606 1261 3637; x_wconf 89' lang='lat' dir='ltr'>medium</span> <span class='ocrx_word' id='word_1_618' title='bbox 1277 3607 1375 3647; x_wconf 82' lang='lat' dir='ltr'>partis</span> 
     </span>
    </p>
   </div>
   <div class='ocr_carea' id='block_1_10' title="bbox 1428 350 2511 1061">
    <p class='ocr_par' dir='ltr' id='par_1_19' title="bbox 1433 350 2511 480">
     <span class='ocr_line' id='line_1_84' title="bbox 1434 350 2511 396; baseline 0.006 -16"><span class='ocrx_word' id='word_1_619' title='bbox 1434 350 1608 388; x_wconf 84' lang='lat' dir='ltr'>dividatur;</span> <span class='ocrx_word' id='word_1_620' title='bbox 1632 353 1659 383; x_wconf 88' lang='lat' dir='ltr'>si</span> <span class='ocrx_word' id='word_1_621' title='bbox 1681 358 1792 385; x_wconf 86' lang='lat' dir='ltr'>tamen</span> <span class='ocrx_word' id='word_1_622' title='bbox 1814 354 1976 386; x_wconf 89' lang='lat' dir='ltr'>dividatur</span> <span class='ocrx_word' id='word_1_623' title='bbox 1998 358 2128 396; x_wconf 89' lang='lat' dir='ltr'>tempus</span> <span class='ocrx_word' id='word_1_624' title='bbox 2151 355 2193 386; x_wconf 89' lang='lat' dir='ltr'>ad</span> <span class='ocrx_word' id='word_1_625' title='bbox 2215 355 2407 386; x_wconf 85' lang='lat' dir='ltr'>divisionem</span> <span class='ocrx_word' id='word_1_626' title='bbox 2437 365 2511 387; x_wconf 89' lang='lat' dir='ltr'>mo-</span> 
     </span>
     <span class='ocr_line' id='line_1_85' title="bbox 1434 395 2511 440; baseline 0.006 -16"><span class='ocrx_word' id='word_1_627' title='bbox 1434 395 1517 431; x_wconf 89' lang='lat' dir='ltr'>bilis,</span> <span class='ocrx_word' id='word_1_628' title='bbox 1547 395 1702 428; x_wconf 83' lang='lat' dir='ltr'>velocitas</span> <span class='ocrx_word' id='word_1_629' title='bbox 1733 399 1916 430; x_wconf 88' lang='lat' dir='ltr'>attendetur</span> <span class='ocrx_word' id='word_1_630' title='bbox 1947 405 2096 440; x_wconf 89' lang='lat' dir='ltr'>respectu</span> <span class='ocrx_word' id='word_1_631' title='bbox 2127 399 2331 430; x_wconf 87' lang='lat' dir='ltr'>determinati</span> <span class='ocrx_word' id='word_1_632' title='bbox 2362 401 2446 440; x_wconf 87' lang='lat' dir='ltr'>signi</span> <span class='ocrx_word' id='word_1_633' title='bbox 2476 401 2511 431; x_wconf 88' lang='lat' dir='ltr'>in</span> 
     </span>
     <span class='ocr_line' id='line_1_86' title="bbox 1433 439 2177 480; baseline 0.007 -10"><span class='ocrx_word' id='word_1_634' title='bbox 1433 439 1668 480; x_wconf 87' lang='lat' dir='ltr'>magnitudine.</span> <span class='ocrx_word' id='word_1_635' title='bbox 2174 453 2177 455; x_wconf 89' lang='lat'>·</span> 
     </span>
    </p>

    <p class='ocr_par' dir='ltr' id='par_1_20' title="bbox 1429 483 2510 838">
     <span class='ocr_line' id='line_1_87' title="bbox 1488 483 2510 530; baseline 0.005 -16"><span class='ocrx_word' id='word_1_636' title='bbox 1488 483 1541 514; x_wconf 87' lang='lat' dir='ltr'>Ad</span> <span class='ocrx_word' id='word_1_637' title='bbox 1563 485 1690 516; x_wconf 87' lang='lat' dir='ltr'>tertiam</span> <span class='ocrx_word' id='word_1_638' title='bbox 1713 485 1830 518; x_wconf 87' lang='lat' dir='ltr'>dicitur</span> <span class='ocrx_word' id='word_1_639' title='bbox 1853 487 1944 528; x_wconf 90' lang='lat' dir='ltr'>quod</span> <span class='ocrx_word' id='word_1_640' title='bbox 1967 489 2065 519; x_wconf 90' lang='lat' dir='ltr'>etiam</span> <span class='ocrx_word' id='word_1_641' title='bbox 2088 489 2123 519; x_wconf 92' lang='lat' dir='ltr'>in</span> <span class='ocrx_word' id='word_1_642' title='bbox 2145 493 2240 519; x_wconf 90' lang='lat' dir='ltr'>motu</span> <span class='ocrx_word' id='word_1_643' title='bbox 2263 488 2410 519; x_wconf 89' lang='lat' dir='ltr'>circulari</span> <span class='ocrx_word' id='word_1_644' title='bbox 2438 498 2510 530; x_wconf 88' lang='lat' dir='ltr'>pars</span> 
     </span>
     <span class='ocr_line' id='line_1_88' title="bbox 1432 528 2509 574; baseline 0.006 -17"><span class='ocrx_word' id='word_1_645' title='bbox 1432 528 1466 558; x_wconf 91' lang='lat' dir='ltr'>in</span> <span class='ocrx_word' id='word_1_646' title='bbox 1481 529 1601 559; x_wconf 90' lang='lat' dir='ltr'>minori</span> <span class='ocrx_word' id='word_1_647' title='bbox 1615 534 1765 571; x_wconf 87' lang='lat' dir='ltr'>tempore</span> <span class='ocrx_word' id='word_1_648' title='bbox 1778 533 1949 572; x_wconf 85' lang='lat' dir='ltr'>pertransit</span> <span class='ocrx_word' id='word_1_649' title='bbox 1963 532 2098 574; x_wconf 89' lang='lat' dir='ltr'>aliquod</span> <span class='ocrx_word' id='word_1_650' title='bbox 2118 533 2248 573; x_wconf 88' lang='lat' dir='ltr'>signum</span> <span class='ocrx_word' id='word_1_651' title='bbox 2267 531 2509 574; x_wconf 89' lang='lat' dir='ltr'>magnitudinis,</span> 
     </span>
     <span class='ocr_line' id='line_1_89' title="bbox 1432 572 2510 617; baseline 0.006 -15"><span class='ocrx_word' id='word_1_652' title='bbox 1432 578 1490 603; x_wconf 86' lang='lat' dir='ltr'>aut</span> <span class='ocrx_word' id='word_1_653' title='bbox 1510 572 1611 604; x_wconf 74' lang='lat' dir='ltr'>realis-</span> <span class='ocrx_word' id='word_1_654' title='bbox 1621 579 1678 604; x_wconf 87' lang='lat' dir='ltr'>aut</span> <span class='ocrx_word' id='word_1_655' title='bbox 1701 575 1917 616; x_wconf 68' lang='lat' dir='ltr'>imaginariae,</span> <span class='ocrx_word' id='word_1_656' title='bbox 1941 585 2041 617; x_wconf 88' lang='lat' dir='ltr'>quarn</span> <span class='ocrx_word' id='word_1_657' title='bbox 2064 583 2181 608; x_wconf 91' lang='lat' dir='ltr'>totum.</span> <span class='ocrx_word' id='word_1_658' title='bbox 2213 577 2297 608; x_wconf 90' lang='lat' dir='ltr'>Nam</span> <span class='ocrx_word' id='word_1_659' title='bbox 2320 578 2354 608; x_wconf 90' lang='lat' dir='ltr'>in</span> <span class='ocrx_word' id='word_1_660' title='bbox 2377 577 2510 608; x_wconf 81' lang='lat' dir='ltr'>inferio-</span> 
     </span>
     <span class='ocr_line' id='line_1_90' title="bbox 1430 617 2510 663; baseline 0.006 -17"><span class='ocrx_word' id='word_1_661' title='bbox 1430 617 1519 647; x_wconf 89' lang='lat' dir='ltr'>ribus</span> <span class='ocrx_word' id='word_1_662' title='bbox 1541 617 1686 658; x_wconf 86' lang='lat' dir='ltr'>sphaeris</span> <span class='ocrx_word' id='word_1_663' title='bbox 1704 618 1813 660; x_wconf 84' lang='lat' dir='ltr'>aliqua</span> <span class='ocrx_word' id='word_1_664' title='bbox 1827 629 1902 661; x_wconf 86' lang='lat' dir='ltr'>pars</span> <span class='ocrx_word' id='word_1_665' title='bbox 1917 621 2015 658; x_wconf 91' lang='lat' dir='ltr'>orbis,</span> <span class='ocrx_word' id='word_1_666' title='bbox 2030 627 2110 662; x_wconf 89' lang='lat' dir='ltr'>puta</span> <span class='ocrx_word' id='word_1_667' title='bbox 2126 631 2246 662; x_wconf 87' lang='lat' dir='ltr'>corpus</span> <span class='ocrx_word' id='word_1_668' title='bbox 2261 622 2421 663; x_wconf 90' lang='lat' dir='ltr'>planetae,</span> <span class='ocrx_word' id='word_1_669' title='bbox 2437 631 2510 663; x_wconf 90' lang='lat' dir='ltr'>per—</span> 
     </span>
     <span class='ocr_line' id='line_1_91' title="bbox 1430 661 2508 708; baseline 0.006 -18"><span class='ocrx_word' id='word_1_670' title='bbox 1430 661 1543 691; x_wconf 83' lang='lat' dir='ltr'>transit</span> <span class='ocrx_word' id='word_1_671' title='bbox 1565 661 1700 702; x_wconf 80' lang='lat' dir='ltr'>aliquod</span> <span class='ocrx_word' id='word_1_672' title='bbox 1723 663 1854 703; x_wconf 84' lang='lat' dir='ltr'>signum</span> <span class='ocrx_word' id='word_1_673' title='bbox 1875 665 2052 706; x_wconf 82' lang='lat' dir='ltr'>superioris</span> <span class='ocrx_word' id='word_1_674' title='bbox 2074 666 2161 696; x_wconf 86' lang='lat' dir='ltr'>orbis</span> <span class='ocrx_word' id='word_1_675' title='bbox 2176 667 2210 697; x_wconf 90' lang='lat' dir='ltr'>in</span> <span class='ocrx_word' id='word_1_676' title='bbox 2225 667 2346 697; x_wconf 89' lang='lat' dir='ltr'>minori</span> <span class='ocrx_word' id='word_1_677' title='bbox 2361 673 2508 708; x_wconf 92' lang='lat' dir='ltr'>tempore</span> 
     </span>
     <span class='ocr_line' id='line_1_92' title="bbox 1431 707 2509 752; baseline 0.006 -16"><span class='ocrx_word' id='word_1_678' title='bbox 1431 715 1531 746; x_wconf 89' lang='lat' dir='ltr'>quam</span> <span class='ocrx_word' id='word_1_679' title='bbox 1560 711 1649 737; x_wconf 87' lang='lat' dir='ltr'>totus</span> <span class='ocrx_word' id='word_1_680' title='bbox 1679 707 1781 744; x_wconf 88' lang='lat' dir='ltr'>orbis;</span> <span class='ocrx_word' id='word_1_681' title='bbox 1813 713 1845 738; x_wconf 90' lang='lat' dir='ltr'>et</span> <span class='ocrx_word' id='word_1_682' title='bbox 1876 718 2029 750; x_wconf 73' lang='lat' dir='ltr'>suprema</span> <span class='ocrx_word' id='word_1_683' title='bbox 2058 710 2194 751; x_wconf 86' lang='lat' dir='ltr'>sphaera</span> <span class='ocrx_word' id='word_1_684' title='bbox 2223 712 2394 752; x_wconf 86' lang='lat' dir='ltr'>pertransit</span> <span class='ocrx_word' id='word_1_685' title='bbox 2419 712 2509 752; x_wconf 87' lang='lat' dir='ltr'>prius</span> 
     </span>
     <span class='ocr_line' id='line_1_93' title="bbox 1430 749 2508 796; baseline 0.006 -16"><span class='ocrx_word' id='word_1_686' title='bbox 1430 749 1613 781; x_wconf 90' lang='lat' dir='ltr'>secundum</span> <span class='ocrx_word' id='word_1_687' title='bbox 1635 756 1772 791; x_wconf 87' lang='lat' dir='ltr'>partem,</span> <span class='ocrx_word' id='word_1_688' title='bbox 1796 757 1829 782; x_wconf 87' lang='lat' dir='ltr'>et</span> <span class='ocrx_word' id='word_1_689' title='bbox 1850 753 1885 783; x_wconf 90' lang='lat' dir='ltr'>in</span> <span class='ocrx_word' id='word_1_690' title='bbox 1908 754 2027 784; x_wconf 86' lang='lat' dir='ltr'>minori</span> <span class='ocrx_word' id='word_1_691' title='bbox 2050 761 2210 795; x_wconf 88' lang='lat' dir='ltr'>tempore,</span> <span class='ocrx_word' id='word_1_692' title='bbox 2225 755 2360 796; x_wconf 91' lang='lat' dir='ltr'>aliquod</span> <span class='ocrx_word' id='word_1_693' title='bbox 2379 757 2508 796; x_wconf 85' lang='lat' dir='ltr'>signum</span> 
     </span>
     <span class='ocr_line' id='line_1_94' title="bbox 1429 795 2383 838; baseline 0.007 -14"><span class='ocrx_word' id='word_1_694' title='bbox 1429 795 1604 835; x_wconf 84' lang='lat' dir='ltr'>superioris</span> <span class='ocrx_word' id='word_1_695' title='bbox 1627 795 1716 826; x_wconf 89' lang='lat' dir='ltr'>orbis</span> <span class='ocrx_word' id='word_1_696' title='bbox 1738 796 1914 837; x_wconf 86' lang='lat' dir='ltr'>imaginati,</span> <span class='ocrx_word' id='word_1_697' title='bbox 1939 806 2039 838; x_wconf 90' lang='lat' dir='ltr'>quam</span> <span class='ocrx_word' id='word_1_698' title='bbox 2061 798 2243 830; x_wconf 88' lang='lat' dir='ltr'>secundum</span> <span class='ocrx_word' id='word_1_699' title='bbox 2265 805 2383 831; x_wconf 89' lang='lat' dir='ltr'>totum.</span> 
     </span>
    </p>

    <p class='ocr_par' dir='ltr' id='par_1_21' title="bbox 1428 839 2508 1061">
     <span class='ocr_line' id='line_1_95' title="bbox 1485 839 2508 885; baseline 0.007 -16"><span class='ocrx_word' id='word_1_700' title='bbox 1485 839 1568 870; x_wconf 88' lang='lat' dir='ltr'>VIII.</span> <span class='ocrx_word' id='word_1_701' title='bbox 1589 839 1743 871; x_wconf 88' lang='lat' dir='ltr'>Secundo</span> <span class='ocrx_word' id='word_1_702' title='bbox 1759 840 1801 871; x_wconf 91' lang='lat' dir='ltr'>ad</span> <span class='ocrx_word' id='word_1_703' title='bbox 1822 841 2002 882; x_wconf 88' lang='lat' dir='ltr'>principale</span> <span class='ocrx_word' id='word_1_704' title='bbox 2017 841 2155 874; x_wconf 86' lang='lat' dir='ltr'>dubium</span> <span class='ocrx_word' id='word_1_705' title='bbox 2169 844 2359 884; x_wconf 82' lang='lat' dir='ltr'>responderi</span> <span class='ocrx_word' id='word_1_706' title='bbox 2374 846 2508 885; x_wconf 72' lang='lat' dir='ltr'>potest*</span> 
     </span>
     <span class='ocr_line' id='line_1_96' title="bbox 1429 883 2508 930; baseline 0.006 -17"><span class='ocrx_word' id='word_1_707' title='bbox 1429 883 1521 924; x_wconf 91' lang='lat' dir='ltr'>quod</span> <span class='ocrx_word' id='word_1_708' title='bbox 1544 883 1682 915; x_wconf 89' lang='lat' dir='ltr'>Sanctus</span> <span class='ocrx_word' id='word_1_709' title='bbox 1700 884 1847 916; x_wconf 84' lang='lat' dir='ltr'>Thomas</span> <span class='ocrx_word' id='word_1_710' title='bbox 1869 886 1937 923; x_wconf 51' lang='lat' dir='ltr'>hoc,</span> <span class='ocrx_word' id='word_1_711' title='bbox 1956 886 2034 918; x_wconf 91' lang='lat' dir='ltr'>loco</span> <span class='ocrx_word' id='word_1_712' title='bbox 2056 895 2126 918; x_wconf 86' lang='lat' dir='ltr'>non</span> <span class='ocrx_word' id='word_1_713' title='bbox 2148 888 2267 928; x_wconf 86' lang='lat' dir='ltr'>accipit</span> <span class='ocrx_word' id='word_1_714' title='bbox 2289 894 2413 930; x_wconf 86' lang='lat' dir='ltr'>partem</span> <span class='ocrx_word' id='word_1_715' title='bbox 2435 899 2508 920; x_wconf 88' lang='lat' dir='ltr'>mo-</span> 
     </span>
     <span class='ocr_line' id='line_1_97' title="bbox 1429 928 2506 975; baseline 0.007 -18"><span class='ocrx_word' id='word_1_716' title='bbox 1429 928 1533 958; x_wconf 83' lang='lat' dir='ltr'>ventis</span> <span class='ocrx_word' id='word_1_717' title='bbox 1555 929 1590 959; x_wconf 91' lang='lat' dir='ltr'>in</span> <span class='ocrx_word' id='word_1_718' title='bbox 1613 928 1728 960; x_wconf 91' lang='lat' dir='ltr'>ordine</span> <span class='ocrx_word' id='word_1_719' title='bbox 1744 929 1784 960; x_wconf 88' lang='lat' dir='ltr'>ad</span> <span class='ocrx_word' id='word_1_720' title='bbox 1803 935 1929 970; x_wconf 88' lang='lat' dir='ltr'>partem</span> <span class='ocrx_word' id='word_1_721' title='bbox 1945 931 2087 967; x_wconf 91' lang='lat' dir='ltr'>mobilis,</span> <span class='ocrx_word' id='word_1_722' title='bbox 2103 936 2140 961; x_wconf 93' lang='lat' dir='ltr'>ut</span> <span class='ocrx_word' id='word_1_723' title='bbox 2155 931 2346 964; x_wconf 81' lang='lat' dir='ltr'>Aristoteles</span> <span class='ocrx_word' id='word_1_724' title='bbox 2367 935 2506 975; x_wconf 88' lang='lat' dir='ltr'>accepit:</span> 
     </span>
     <span class='ocr_line' id='line_1_98' title="bbox 1428 971 2507 1016; baseline 0.006 -14"><span class='ocrx_word' id='word_1_725' title='bbox 1428 971 1487 1003; x_wconf 86' lang='lat' dir='ltr'>sed</span> <span class='ocrx_word' id='word_1_726' title='bbox 1513 973 1736 1013; x_wconf 84' lang='lat' dir='ltr'>comparando</span> <span class='ocrx_word' id='word_1_727' title='bbox 1766 979 1894 1005; x_wconf 81' lang='lat' dir='ltr'>tantum</span> <span class='ocrx_word' id='word_1_728' title='bbox 1921 974 1962 1006; x_wconf 92' lang='lat' dir='ltr'>ad</span> <span class='ocrx_word' id='word_1_729' title='bbox 1987 981 2099 1006; x_wconf 91' lang='lat' dir='ltr'>motus</span> <span class='ocrx_word' id='word_1_730' title='bbox 2126 975 2341 1008; x_wconf 74' lang='lat' dir='ltr'>durationem.</span> <span class='ocrx_word' id='word_1_731' title='bbox 2372 977 2507 1016; x_wconf 85' lang='lat' dir='ltr'>Quanto</span> 
     </span>
     <span class='ocr_line' id='line_1_99' title="bbox 1429 1017 2507 1061; baseline 0.006 -14"><span class='ocrx_word' id='word_1_732' title='bbox 1429 1017 1518 1047; x_wconf 89' lang='lat' dir='ltr'>enim</span> <span class='ocrx_word' id='word_1_733' title='bbox 1540 1018 1642 1048; x_wconf 89' lang='lat' dir='ltr'>virtus</span> <span class='ocrx_word' id='word_1_734' title='bbox 1665 1023 1713 1049; x_wconf 90' lang='lat' dir='ltr'>est</span> <span class='ocrx_word' id='word_1_735' title='bbox 1735 1019 1850 1056; x_wconf 88' lang='lat' dir='ltr'>maior,</span> <span class='ocrx_word' id='word_1_736' title='bbox 1869 1025 1961 1050; x_wconf 89' lang='lat' dir='ltr'>tanto</span> <span class='ocrx_word' id='word_1_737' title='bbox 1984 1021 2087 1061; x_wconf 86' lang='lat' dir='ltr'>magis</span> <span class='ocrx_word' id='word_1_738' title='bbox 2113 1026 2222 1060; x_wconf 87' lang='lat' dir='ltr'>potest</span> <span class='ocrx_word' id='word_1_739' title='bbox 2251 1029 2349 1052; x_wconf 90' lang='lat' dir='ltr'>suum</span> <span class='ocrx_word' id='word_1_740' title='bbox 2378 1028 2507 1054; x_wconf 86' lang='lat' dir='ltr'>motum</span> 
     </span>
    </p>
   </div>
   <div class='ocr_carea' id='block_1_11' title="bbox 1419 1063 2508 1106">
    <p class='ocr_par' dir='ltr' id='par_1_22' title="bbox 1419 1063 2508 1106">
     <span class='ocr_line' id='line_1_100' title="bbox 1419 1063 2508 1106; baseline 0.006 -15"><span class='ocrx_word' id='word_1_741' title='bbox 1419 1070 1587 1102; x_wconf 86' lang='lat' dir='ltr'>suamque</span> <span class='ocrx_word' id='word_1_742' title='bbox 1604 1063 1829 1103; x_wconf 87' lang='lat' dir='ltr'>operationem</span> <span class='ocrx_word' id='word_1_743' title='bbox 1845 1065 2048 1096; x_wconf 87' lang='lat' dir='ltr'>continuare.</span> <span class='ocrx_word' id='word_1_744' title='bbox 2073 1064 2175 1103; x_wconf 89' lang='lat' dir='ltr'>Quod</span> <span class='ocrx_word' id='word_1_745' title='bbox 2197 1065 2446 1106; x_wconf 85' lang='lat' dir='ltr'>intelligendum</span> <span class='ocrx_word' id='word_1_746' title='bbox 2459 1074 2508 1099; x_wconf 87' lang='lat' dir='ltr'>est</span> 
     </span>
    </p>
   </div>
   <div class='ocr_carea' id='block_1_12' title="bbox 1424 1105 2508 3468">
    <p class='ocr_par' dir='ltr' id='par_1_23' title="bbox 1427 1105 2508 1418">
     <span class='ocr_line' id='line_1_101' title="bbox 1428 1105 2507 1150; baseline 0.006 -14"><span class='ocrx_word' id='word_1_747' title='bbox 1428 1105 1469 1136; x_wconf 92' lang='lat' dir='ltr'>de</span> <span class='ocrx_word' id='word_1_748' title='bbox 1485 1106 1602 1137; x_wconf 85' lang='lat' dir='ltr'>virtute</span> <span class='ocrx_word' id='word_1_749' title='bbox 1617 1116 1676 1147; x_wconf 90' lang='lat' dir='ltr'>per</span> <span class='ocrx_word' id='word_1_750' title='bbox 1691 1116 1736 1144; x_wconf 90' lang='lat' dir='ltr'>se,</span> <span class='ocrx_word' id='word_1_751' title='bbox 1752 1117 1821 1139; x_wconf 91' lang='lat' dir='ltr'>non</span> <span class='ocrx_word' id='word_1_752' title='bbox 1837 1114 1947 1140; x_wconf 89' lang='lat' dir='ltr'>autem</span> <span class='ocrx_word' id='word_1_753' title='bbox 1962 1118 2021 1150; x_wconf 90' lang='lat' dir='ltr'>per</span> <span class='ocrx_word' id='word_1_754' title='bbox 2040 1109 2190 1140; x_wconf 87' lang='lat' dir='ltr'>accidens</span> <span class='ocrx_word' id='word_1_755' title='bbox 2212 1111 2430 1142; x_wconf 80' lang='lat' dir='ltr'>conveniente</span> <span class='ocrx_word' id='word_1_756' title='bbox 2450 1112 2507 1143; x_wconf 89' lang='lat' dir='ltr'>rei.</span> 
     </span>
     <span class='ocr_line' id='line_1_102' title="bbox 1427 1150 2508 1195; baseline 0.006 -15"><span class='ocrx_word' id='word_1_757' title='bbox 1427 1150 1562 1189; x_wconf 89' lang='lat' dir='ltr'>Quanto</span> <span class='ocrx_word' id='word_1_758' title='bbox 1587 1151 1675 1182; x_wconf 89' lang='lat' dir='ltr'>enim</span> <span class='ocrx_word' id='word_1_759' title='bbox 1697 1152 1781 1192; x_wconf 84' lang='lat' dir='ltr'>ignis</span> <span class='ocrx_word' id='word_1_760' title='bbox 1803 1151 1901 1184; x_wconf 87' lang='lat' dir='ltr'>fuerit</span> <span class='ocrx_word' id='word_1_761' title='bbox 1923 1154 2029 1185; x_wconf 88' lang='lat' dir='ltr'>maior</span> <span class='ocrx_word' id='word_1_762' title='bbox 2050 1154 2178 1191; x_wconf 86' lang='lat' dir='ltr'>virtute,</span> <span class='ocrx_word' id='word_1_763' title='bbox 2194 1159 2286 1185; x_wconf 88' lang='lat' dir='ltr'>tanto</span> <span class='ocrx_word' id='word_1_764' title='bbox 2306 1155 2409 1195; x_wconf 85' lang='lat' dir='ltr'>magis</span> <span class='ocrx_word' id='word_1_765' title='bbox 2424 1155 2508 1187; x_wconf 82' lang='lat' dir='ltr'>cale-</span> 
     </span>
     <span class='ocr_line' id='line_1_103' title="bbox 1427 1194 2508 1240; baseline 0.006 -15"><span class='ocrx_word' id='word_1_766' title='bbox 1427 1194 1606 1226; x_wconf 85' lang='lat' dir='ltr'>factionem</span> <span class='ocrx_word' id='word_1_767' title='bbox 1622 1196 1813 1228; x_wconf 79' lang='lat' dir='ltr'>continuare</span> <span class='ocrx_word' id='word_1_768' title='bbox 1829 1203 1947 1239; x_wconf 87' lang='lat' dir='ltr'>potest,</span> <span class='ocrx_word' id='word_1_769' title='bbox 1964 1203 1997 1229; x_wconf 88' lang='lat' dir='ltr'>et</span> <span class='ocrx_word' id='word_1_770' title='bbox 2012 1199 2058 1230; x_wconf 90' lang='lat' dir='ltr'>sic</span> <span class='ocrx_word' id='word_1_771' title='bbox 2074 1197 2114 1230; x_wconf 91' lang='lat' dir='ltr'>de</span> <span class='ocrx_word' id='word_1_772' title='bbox 2137 1198 2216 1230; x_wconf 88' lang='lat' dir='ltr'>aliis.</span> <span class='ocrx_word' id='word_1_773' title='bbox 2241 1198 2318 1230; x_wconf 89' lang='lat' dir='ltr'>Ideo</span> <span class='ocrx_word' id='word_1_774' title='bbox 2334 1208 2408 1240; x_wconf 86' lang='lat' dir='ltr'>pars</span> <span class='ocrx_word' id='word_1_775' title='bbox 2421 1199 2508 1231; x_wconf 78' lang='lat' dir='ltr'>illius</span> 
     </span>
     <span class='ocr_line' id='line_1_104' title="bbox 1427 1240 2508 1284; baseline 0.006 -14"><span class='ocrx_word' id='word_1_776' title='bbox 1427 1240 1564 1277; x_wconf 86' lang='lat' dir='ltr'>virtutis,</span> <span class='ocrx_word' id='word_1_777' title='bbox 1587 1245 1744 1282; x_wconf 87' lang='lat' dir='ltr'>tanquam</span> <span class='ocrx_word' id='word_1_778' title='bbox 1766 1242 1876 1273; x_wconf 90' lang='lat' dir='ltr'>minor</span> <span class='ocrx_word' id='word_1_779' title='bbox 1898 1243 2008 1280; x_wconf 89' lang='lat' dir='ltr'>virtus,</span> <span class='ocrx_word' id='word_1_780' title='bbox 2025 1243 2134 1274; x_wconf 88' lang='lat' dir='ltr'>minus</span> <span class='ocrx_word' id='word_1_781' title='bbox 2149 1244 2269 1284; x_wconf 86' lang='lat' dir='ltr'>poterit</span> <span class='ocrx_word' id='word_1_782' title='bbox 2282 1249 2412 1275; x_wconf 89' lang='lat' dir='ltr'>motum</span> <span class='ocrx_word' id='word_1_783' title='bbox 2428 1253 2508 1276; x_wconf 88' lang='lat' dir='ltr'>con-</span> 
     </span>
     <span class='ocr_line' id='line_1_105' title="bbox 1427 1284 2508 1328; baseline 0.006 -14"><span class='ocrx_word' id='word_1_784' title='bbox 1427 1284 1563 1315; x_wconf 81' lang='lat' dir='ltr'>tinuare.</span> <span class='ocrx_word' id='word_1_785' title='bbox 1592 1285 1644 1315; x_wconf 88' lang='lat' dir='ltr'>Ex</span> <span class='ocrx_word' id='word_1_786' title='bbox 1667 1295 1735 1326; x_wconf 92' lang='lat' dir='ltr'>quo</span> <span class='ocrx_word' id='word_1_787' title='bbox 1766 1293 1900 1328; x_wconf 90' lang='lat' dir='ltr'>apparet</span> <span class='ocrx_word' id='word_1_788' title='bbox 1925 1287 2111 1319; x_wconf 84' lang='lat' dir='ltr'>instantiam</span> <span class='ocrx_word' id='word_1_789' title='bbox 2139 1287 2229 1319; x_wconf 89' lang='lat' dir='ltr'>illam</span> <span class='ocrx_word' id='word_1_790' title='bbox 2257 1293 2371 1320; x_wconf 86' lang='lat' dir='ltr'>contra</span> <span class='ocrx_word' id='word_1_791' title='bbox 2399 1288 2508 1320; x_wconf 83' lang='lat' dir='ltr'>Sancti</span> 
     </span>
     <span class='ocr_line' id='line_1_106' title="bbox 1428 1329 2508 1375; baseline 0.006 -16"><span class='ocrx_word' id='word_1_792' title='bbox 1428 1329 1579 1360; x_wconf 90' lang='lat' dir='ltr'>Thomae</span> <span class='ocrx_word' id='word_1_793' title='bbox 1601 1330 1761 1362; x_wconf 89' lang='lat' dir='ltr'>rationem</span> <span class='ocrx_word' id='word_1_794' title='bbox 1784 1331 1878 1362; x_wconf 90' lang='lat' dir='ltr'>nullo</span> <span class='ocrx_word' id='word_1_795' title='bbox 1905 1332 2009 1363; x_wconf 92' lang='lat' dir='ltr'>modo</span> <span class='ocrx_word' id='word_1_796' title='bbox 2038 1332 2190 1364; x_wconf 85' lang='lat' dir='ltr'>militare:</span> <span class='ocrx_word' id='word_1_797' title='bbox 2215 1341 2292 1364; x_wconf 87' lang='lat' dir='ltr'>cum</span> <span class='ocrx_word' id='word_1_798' title='bbox 2314 1332 2404 1364; x_wconf 83' lang='lat' dir='ltr'>illam</span> <span class='ocrx_word' id='word_1_799' title='bbox 2431 1340 2508 1375; x_wconf 81' lang='lat' dir='ltr'>pro-</span> 
     </span>
     <span class='ocr_line' id='line_1_107' title="bbox 1427 1374 2236 1418; baseline 0.005 -14"><span class='ocrx_word' id='word_1_800' title='bbox 1427 1374 1627 1415; x_wconf 83' lang='lat' dir='ltr'>positionem</span> <span class='ocrx_word' id='word_1_801' title='bbox 1650 1384 1719 1406; x_wconf 91' lang='lat' dir='ltr'>non</span> <span class='ocrx_word' id='word_1_802' title='bbox 1743 1381 1886 1407; x_wconf 84' lang='lat' dir='ltr'>assumat</span> <span class='ocrx_word' id='word_1_803' title='bbox 1908 1386 1994 1417; x_wconf 86' lang='lat' dir='ltr'>quae</span> <span class='ocrx_word' id='word_1_804' title='bbox 2015 1377 2236 1418; x_wconf 87' lang='lat' dir='ltr'>impugnatur.</span> 
     </span>
    </p>

    <p class='ocr_par' dir='ltr' id='par_1_24' title="bbox 1426 1419 2508 1774">
     <span class='ocr_line' id='line_1_108' title="bbox 1485 1419 2508 1463; baseline 0.005 -14"><span class='ocrx_word' id='word_1_805' title='bbox 1485 1419 1538 1450; x_wconf 88' lang='lat' dir='ltr'>IX.</span> <span class='ocrx_word' id='word_1_806' title='bbox 1570 1419 1721 1450; x_wconf 77' lang='lat' dir='ltr'>Secunda</span> <span class='ocrx_word' id='word_1_807' title='bbox 1751 1420 1888 1452; x_wconf 76' lang='lat' dir='ltr'>obiectio</span> <span class='ocrx_word' id='word_1_808' title='bbox 1917 1431 2018 1463; x_wconf 88' lang='lat' dir='ltr'>quam</span> <span class='ocrx_word' id='word_1_809' title='bbox 2048 1421 2187 1453; x_wconf 82' lang='lat' dir='ltr'>Sanctus</span> <span class='ocrx_word' id='word_1_810' title='bbox 2218 1421 2366 1453; x_wconf 83' lang='lat' dir='ltr'>Th0mas</span> <span class='ocrx_word' id='word_1_811' title='bbox 2393 1427 2508 1454; x_wconf 83' lang='lat' dir='ltr'>contra</span> 
     </span>
     <span class='ocr_line' id='line_1_109' title="bbox 1427 1464 2507 1508; baseline 0.004 -14"><span class='ocrx_word' id='word_1_812' title='bbox 1427 1464 1588 1495; x_wconf 88' lang='lat' dir='ltr'>rationem</span> <span class='ocrx_word' id='word_1_813' title='bbox 1603 1464 1786 1496; x_wconf 88' lang='lat' dir='ltr'>Aristotelis</span> <span class='ocrx_word' id='word_1_814' title='bbox 1807 1465 1933 1497; x_wconf 86' lang='lat' dir='ltr'>inducit</span> <span class='ocrx_word' id='word_1_815' title='bbox 1944 1467 1972 1503; x_wconf 75' lang='lat'>&#39;,</span> <span class='ocrx_word' id='word_1_816' title='bbox 1989 1471 2037 1498; x_wconf 90' lang='lat' dir='ltr'>est</span> <span class='ocrx_word' id='word_1_817' title='bbox 2052 1466 2122 1498; x_wconf 88' lang='lat' dir='ltr'>ista.</span> <span class='ocrx_word' id='word_1_818' title='bbox 2145 1466 2260 1497; x_wconf 85' lang='lat' dir='ltr'>Posset</span> <span class='ocrx_word' id='word_1_819' title='bbox 2282 1466 2371 1498; x_wconf 86' lang='lat' dir='ltr'>enim</span> <span class='ocrx_word' id='word_1_820' title='bbox 2390 1466 2507 1508; x_wconf 77' lang='lat' dir='ltr'>aliquis</span> 
     </span>
     <span class='ocr_line' id='line_1_110' title="bbox 1428 1506 2506 1552; baseline 0.004 -13"><span class='ocrx_word' id='word_1_821' title='bbox 1428 1506 1534 1540; x_wconf 90' lang='lat' dir='ltr'>dicere</span> <span class='ocrx_word' id='word_1_822' title='bbox 1551 1508 1652 1550; x_wconf 90' lang='lat' dir='ltr'>quod,</span> <span class='ocrx_word' id='word_1_823' title='bbox 1670 1510 1819 1550; x_wconf 89' lang='lat' dir='ltr'>quamvis</span> <span class='ocrx_word' id='word_1_824' title='bbox 1834 1519 1954 1551; x_wconf 89' lang='lat' dir='ltr'>corpus</span> <span class='ocrx_word' id='word_1_825' title='bbox 1971 1510 2141 1548; x_wconf 87' lang='lat' dir='ltr'>dividatur,</span> <span class='ocrx_word' id='word_1_826' title='bbox 2157 1510 2266 1552; x_wconf 83' lang='lat' dir='ltr'>aliqua</span> <span class='ocrx_word' id='word_1_827' title='bbox 2281 1516 2391 1542; x_wconf 89' lang='lat' dir='ltr'>tamen</span> <span class='ocrx_word' id='word_1_828' title='bbox 2406 1511 2506 1543; x_wconf 74' lang='lat' dir='ltr'>vinus</span> 
     </span>
     <span class='ocr_line' id='line_1_111' title="bbox 1428 1554 2505 1598; baseline 0.005 -15"><span class='ocrx_word' id='word_1_829' title='bbox 1428 1562 1498 1584; x_wconf 86' lang='lat' dir='ltr'>esse</span> <span class='ocrx_word' id='word_1_830' title='bbox 1520 1559 1630 1594; x_wconf 70' lang='lat' dir='ltr'>potest</span> <span class='ocrx_word' id='word_1_831' title='bbox 1651 1554 1686 1584; x_wconf 88' lang='lat' dir='ltr'>in</span> <span class='ocrx_word' id='word_1_832' title='bbox 1709 1563 1849 1595; x_wconf 89' lang='lat' dir='ltr'>corpore</span> <span class='ocrx_word' id='word_1_833' title='bbox 1872 1564 1957 1596; x_wconf 83' lang='lat' dir='ltr'>quae</span> <span class='ocrx_word' id='word_1_834' title='bbox 1979 1565 2049 1586; x_wconf 88' lang='lat' dir='ltr'>non</span> <span class='ocrx_word' id='word_1_835' title='bbox 2068 1554 2221 1586; x_wconf 85' lang='lat' dir='ltr'>dividitur</span> <span class='ocrx_word' id='word_1_836' title='bbox 2235 1555 2340 1586; x_wconf 87' lang='lat' dir='ltr'>diviso</span> <span class='ocrx_word' id='word_1_837' title='bbox 2356 1564 2505 1598; x_wconf 82' lang='lat' dir='ltr'>corpore,</span> 
     </span>
     <span class='ocr_line' id='line_1_112' title="bbox 1426 1598 2506 1642; baseline 0.004 -14"><span class='ocrx_word' id='word_1_838' title='bbox 1426 1598 1510 1629; x_wconf 85' lang='lat' dir='ltr'>sicut</span> <span class='ocrx_word' id='word_1_839' title='bbox 1533 1598 1642 1635; x_wconf 85' lang='lat' dir='ltr'>anima</span> <span class='ocrx_word' id='word_1_840' title='bbox 1664 1598 1839 1630; x_wconf 84' lang='lat' dir='ltr'>rationalis.</span> <span class='ocrx_word' id='word_1_841' title='bbox 1864 1599 1906 1630; x_wconf 92' lang='lat' dir='ltr'>Et</span> <span class='ocrx_word' id='word_1_842' title='bbox 1920 1600 1967 1631; x_wconf 90' lang='lat' dir='ltr'>sic</span> <span class='ocrx_word' id='word_1_843' title='bbox 1983 1601 2064 1631; x_wconf 88' lang='lat' dir='ltr'>ratio</span> <span class='ocrx_word' id='word_1_844' title='bbox 2080 1609 2149 1631; x_wconf 90' lang='lat' dir='ltr'>non</span> <span class='ocrx_word' id='word_1_845' title='bbox 2165 1599 2334 1632; x_wconf 82' lang='lat' dir='ltr'>concludit</span> <span class='ocrx_word' id='word_1_846' title='bbox 2348 1609 2415 1641; x_wconf 87' lang='lat' dir='ltr'>qua</span> <span class='ocrx_word' id='word_1_847' title='bbox 2428 1608 2506 1642; x_wconf 86' lang='lat' dir='ltr'>pro-</span> 
     </span>
     <span class='ocr_line' id='line_1_113' title="bbox 1427 1642 2505 1686; baseline 0.004 -13"><span class='ocrx_word' id='word_1_848' title='bbox 1427 1642 1521 1674; x_wconf 89' lang='lat' dir='ltr'>batur</span> <span class='ocrx_word' id='word_1_849' title='bbox 1535 1642 1660 1674; x_wconf 86' lang='lat' dir='ltr'>nullam</span> <span class='ocrx_word' id='word_1_850' title='bbox 1675 1644 1857 1684; x_wconf 87' lang='lat' dir='ltr'>potentiam</span> <span class='ocrx_word' id='word_1_851' title='bbox 1872 1643 1997 1676; x_wconf 81' lang='lat' dir='ltr'>finitam</span> <span class='ocrx_word' id='word_1_852' title='bbox 2012 1654 2110 1686; x_wconf 84' lang='lat' dir='ltr'>posse</span> <span class='ocrx_word' id='word_1_853' title='bbox 2124 1643 2255 1676; x_wconf 76' lang='lat' dir='ltr'>infinito</span> <span class='ocrx_word' id='word_1_854' title='bbox 2268 1650 2418 1686; x_wconf 84' lang='lat' dir='ltr'>tempore</span> <span class='ocrx_word' id='word_1_855' title='bbox 2432 1653 2505 1677; x_wconf 83' lang='lat' dir='ltr'>mo-</span> 
     </span>
     <span class='ocr_line' id='line_1_114' title="bbox 1426 1687 2505 1731; baseline 0.005 -14"><span class='ocrx_word' id='word_1_856' title='bbox 1426 1697 1515 1718; x_wconf 89' lang='lat' dir='ltr'>vere:</span> <span class='ocrx_word' id='word_1_857' title='bbox 1540 1687 1689 1728; x_wconf 88' lang='lat' dir='ltr'>procedit</span> <span class='ocrx_word' id='word_1_858' title='bbox 1711 1688 1802 1720; x_wconf 86' lang='lat' dir='ltr'>enim</span> <span class='ocrx_word' id='word_1_859' title='bbox 1827 1698 1867 1720; x_wconf 89' lang='lat' dir='ltr'>ex</span> <span class='ocrx_word' id='word_1_860' title='bbox 1893 1689 1954 1720; x_wconf 90' lang='lat' dir='ltr'>hac</span> <span class='ocrx_word' id='word_1_861' title='bbox 1977 1689 2216 1731; x_wconf 88' lang='lat' dir='ltr'>suppositione,</span> <span class='ocrx_word' id='word_1_862' title='bbox 2239 1688 2332 1730; x_wconf 88' lang='lat' dir='ltr'>quod</span> <span class='ocrx_word' id='word_1_863' title='bbox 2357 1689 2392 1721; x_wconf 88' lang='lat' dir='ltr'>in</span> <span class='ocrx_word' id='word_1_864' title='bbox 2414 1694 2505 1731; x_wconf 71' lang='lat' dir='ltr'>pane</span> 
     </span>
     <span class='ocr_line' id='line_1_115' title="bbox 1426 1732 2050 1774; baseline 0.005 -12"><span class='ocrx_word' id='word_1_865' title='bbox 1426 1732 1573 1772; x_wconf 87' lang='lat' dir='ltr'>corporis</span> <span class='ocrx_word' id='word_1_866' title='bbox 1595 1741 1668 1773; x_wconf 89' lang='lat' dir='ltr'>pars</span> <span class='ocrx_word' id='word_1_867' title='bbox 1691 1733 1788 1764; x_wconf 85' lang='lat' dir='ltr'>etiam</span> <span class='ocrx_word' id='word_1_868' title='bbox 1811 1734 1978 1774; x_wconf 88' lang='lat' dir='ltr'>potentiae</span> <span class='ocrx_word' id='word_1_869' title='bbox 1999 1734 2050 1765; x_wconf 80' lang='lat' dir='ltr'>sit.</span> 
     </span>
    </p>

    <p class='ocr_par' dir='ltr' id='par_1_25' title="bbox 1425 1776 2506 2085">
     <span class='ocr_line' id='line_1_116' title="bbox 1481 1776 2506 1820; baseline 0.003 -13"><span class='ocrx_word' id='word_1_870' title='bbox 1481 1776 1711 1817; x_wconf 80' lang='lat' dir='ltr'>Respondemr</span> <span class='ocrx_word' id='word_1_871' title='bbox 1734 1777 1826 1818; x_wconf 91' lang='lat' dir='ltr'>quod</span> <span class='ocrx_word' id='word_1_872' title='bbox 1847 1787 1918 1809; x_wconf 88' lang='lat' dir='ltr'>non</span> <span class='ocrx_word' id='word_1_873' title='bbox 1940 1787 1999 1819; x_wconf 89' lang='lat' dir='ltr'>per</span> <span class='ocrx_word' id='word_1_874' title='bbox 2021 1783 2130 1810; x_wconf 89' lang='lat' dir='ltr'>totum</span> <span class='ocrx_word' id='word_1_875' title='bbox 2156 1777 2290 1810; x_wconf 87' lang='lat' dir='ltr'>rationis</span> <span class='ocrx_word' id='word_1_876' title='bbox 2319 1777 2506 1820; x_wconf 64' lang='lat' dir='ltr'>principans</span> 
     </span>
     <span class='ocr_line' id='line_1_117' title="bbox 1425 1821 2506 1865; baseline 0.003 -14"><span class='ocrx_word' id='word_1_877' title='bbox 1425 1829 1615 1862; x_wconf 87' lang='lat' dir='ltr'>processum</span> <span class='ocrx_word' id='word_1_878' title='bbox 1638 1822 1795 1862; x_wconf 85' lang='lat' dir='ltr'>probatur</span> <span class='ocrx_word' id='word_1_879' title='bbox 1818 1821 1927 1854; x_wconf 88' lang='lat' dir='ltr'>Deum</span> <span class='ocrx_word' id='word_1_880' title='bbox 1948 1832 2018 1854; x_wconf 92' lang='lat' dir='ltr'>non</span> <span class='ocrx_word' id='word_1_881' title='bbox 2042 1832 2112 1854; x_wconf 82' lang='lat' dir='ltr'>esse</span> <span class='ocrx_word' id='word_1_882' title='bbox 2135 1823 2351 1854; x_wconf 86' lang='lat' dir='ltr'>coniunctum</span> <span class='ocrx_word' id='word_1_883' title='bbox 2373 1824 2506 1865; x_wconf 75' lang='lat' dir='ltr'>corpori</span> 
     </span>
     <span class='ocr_line' id='line_1_118' title="bbox 1425 1866 2506 1908; baseline 0.004 -12"><span class='ocrx_word' id='word_1_884' title='bbox 1425 1870 1464 1896; x_wconf 89' lang='lat' dir='ltr'>ut</span> <span class='ocrx_word' id='word_1_885' title='bbox 1485 1866 1594 1896; x_wconf 89' lang='lat' dir='ltr'>anima</span> <span class='ocrx_word' id='word_1_886' title='bbox 1615 1866 1780 1897; x_wconf 86' lang='lat' dir='ltr'>rationalis</span> <span class='ocrx_word' id='word_1_887' title='bbox 1802 1866 1948 1898; x_wconf 84' lang='lat' dir='ltr'>humano</span> <span class='ocrx_word' id='word_1_888' title='bbox 1972 1867 2104 1908; x_wconf 87' lang='lat' dir='ltr'>corpori</span> <span class='ocrx_word' id='word_1_889' title='bbox 2126 1867 2238 1898; x_wconf 88' lang='lat' dir='ltr'>iuncta</span> <span class='ocrx_word' id='word_1_890' title='bbox 2256 1872 2315 1904; x_wconf 81' lang='lat' dir='ltr'>est,</span> <span class='ocrx_word' id='word_1_891' title='bbox 2331 1867 2397 1899; x_wconf 81' lang='lat' dir='ltr'>hoc</span> <span class='ocrx_word' id='word_1_892' title='bbox 2416 1867 2506 1900; x_wconf 80' lang='lat' dir='ltr'>enim</span> 
     </span>
     <span class='ocr_line' id='line_1_119' title="bbox 1426 1909 2505 1989; baseline 0.003 -49"><span class='ocrx_word' id='word_1_893' title='bbox 1426 1909 1555 1941; x_wconf 88' lang='lat' dir='ltr'>alterius</span> <span class='ocrx_word' id='word_1_894' title='bbox 1578 1910 1711 1941; x_wconf 89' lang='lat' dir='ltr'>rationis</span> <span class='ocrx_word' id='word_1_895' title='bbox 1735 1916 1796 1942; x_wconf 82' lang='lat' dir='ltr'>est:</span> <span class='ocrx_word' id='word_1_896' title='bbox 1821 1910 1878 1942; x_wconf 90' lang='lat' dir='ltr'>sed</span> <span class='ocrx_word' id='word_1_897' title='bbox 1901 1910 1993 1952; x_wconf 91' lang='lat' dir='ltr'>quod</span> <span class='ocrx_word' id='word_1_898' title='bbox 2015 1921 2085 1943; x_wconf 91' lang='lat' dir='ltr'>non</span> <span class='ocrx_word' id='word_1_899' title='bbox 2108 1916 2157 1942; x_wconf 84' lang='lat' dir='ltr'>est</span> <span class='ocrx_word' id='word_1_900' title='bbox 2178 1911 2280 1942; x_wconf 89' lang='lat' dir='ltr'>virtus</span> <span class='ocrx_word' id='word_1_901' title='bbox 2301 1912 2336 1943; x_wconf 91' lang='lat' dir='ltr'>in</span> <span class='ocrx_word' id='word_1_902' title='bbox 2366 1919 2505 1989; x_wconf 54' lang='grc' dir='ltr'>Ἢ</span> 
     </span>
     <span class='ocr_line' id='line_1_120' title="bbox 1426 1954 2506 1997; baseline 0.004 -13"><span class='ocrx_word' id='word_1_903' title='bbox 1426 1954 1510 1985; x_wconf 89' lang='lat' dir='ltr'>sicut</span> <span class='ocrx_word' id='word_1_904' title='bbox 1531 1954 1633 1985; x_wconf 86' lang='lat' dir='ltr'>virtus</span> <span class='ocrx_word' id='word_1_905' title='bbox 1655 1954 1838 1992; x_wconf 81' lang='lat' dir='ltr'>materialis,</span> <span class='ocrx_word' id='word_1_906' title='bbox 1862 1964 1947 1996; x_wconf 89' lang='lat' dir='ltr'>quae</span> <span class='ocrx_word' id='word_1_907' title='bbox 1971 1955 2125 1987; x_wconf 83' lang='lat' dir='ltr'>dividitur</span> <span class='ocrx_word' id='word_1_908' title='bbox 2146 1955 2188 1987; x_wconf 91' lang='lat' dir='ltr'>ad</span> <span class='ocrx_word' id='word_1_909' title='bbox 2210 1956 2358 1997; x_wconf 80' lang='lat' dir='ltr'>corporis</span> <span class='ocrx_word' id='word_1_910' title='bbox 2373 1955 2408 1988; x_wconf 84' lang='lat' dir='ltr'>di</span> <span class='ocrx_word' id='word_1_911' title='bbox 2457 1956 2506 1988; x_wconf 84' lang='lat' dir='ltr'>&#39;o-</span> 
     </span>
     <span class='ocr_line' id='line_1_121' title="bbox 1425 1998 2506 2041; baseline 0.004 -12"><span class='ocrx_word' id='word_1_912' title='bbox 1425 2007 1513 2030; x_wconf 88' lang='lat' dir='ltr'>nem.</span> <span class='ocrx_word' id='word_1_913' title='bbox 1537 1998 1591 2030; x_wconf 87' lang='lat' dir='ltr'>Sic</span> <span class='ocrx_word' id='word_1_914' title='bbox 1614 1999 1702 2030; x_wconf 90' lang='lat' dir='ltr'>enim</span> <span class='ocrx_word' id='word_1_915' title='bbox 1726 2004 1854 2031; x_wconf 81' lang='lat' dir='ltr'>constat</span> <span class='ocrx_word' id='word_1_916' title='bbox 1876 1999 1968 2041; x_wconf 90' lang='lat' dir='ltr'>quod</span> <span class='ocrx_word' id='word_1_917' title='bbox 1991 2000 2099 2032; x_wconf 88' lang='lat' dir='ltr'>omnis</span> <span class='ocrx_word' id='word_1_918' title='bbox 2121 2000 2193 2032; x_wconf 85' lang='lat' dir='ltr'>talis</span> <span class='ocrx_word' id='word_1_919' title='bbox 2215 2000 2316 2032; x_wconf 84' lang='lat' dir='ltr'>virtus</span> <span class='ocrx_word' id='word_1_920' title='bbox 2334 2001 2443 2033; x_wconf 88' lang='lat' dir='ltr'>minor</span> <span class='ocrx_word' id='word_1_921' title='bbox 2458 2006 2506 2033; x_wconf 85' lang='lat' dir='ltr'>est</span> 
     </span>
     <span class='ocr_line' id='line_1_122' title="bbox 1425 2043 2030 2085; baseline 0.003 -11"><span class='ocrx_word' id='word_1_922' title='bbox 1425 2043 1459 2074; x_wconf 89' lang='lat' dir='ltr'>in</span> <span class='ocrx_word' id='word_1_923' title='bbox 1483 2048 1574 2084; x_wconf 87' lang='lat' dir='ltr'>parte</span> <span class='ocrx_word' id='word_1_924' title='bbox 1598 2043 1744 2085; x_wconf 84' lang='lat' dir='ltr'>corporis</span> <span class='ocrx_word' id='word_1_925' title='bbox 1768 2053 1868 2085; x_wconf 85' lang='lat' dir='ltr'>quam</span> <span class='ocrx_word' id='word_1_926' title='bbox 1890 2044 1925 2076; x_wconf 85' lang='lat' dir='ltr'>in</span> <span class='ocrx_word' id='word_1_927' title='bbox 1947 2050 2030 2076; x_wconf 88' lang='lat' dir='ltr'>toto.</span> 
     </span>
    </p>

    <p class='ocr_par' dir='ltr' id='par_1_26' title="bbox 1424 2086 2505 2934">
     <span class='ocr_line' id='line_1_123' title="bbox 1483 2086 2505 2134; baseline 0.002 -15"><span class='ocrx_word' id='word_1_928' title='bbox 1483 2086 1767 2120; x_wconf 87' lang='lat' dir='ltr'>Considerandum</span> <span class='ocrx_word' id='word_1_929' title='bbox 1794 2093 1915 2126; x_wconf 87' lang='lat' dir='ltr'>autem,</span> <span class='ocrx_word' id='word_1_930' title='bbox 1938 2088 1979 2120; x_wconf 88' lang='lat' dir='ltr'>ad</span> <span class='ocrx_word' id='word_1_931' title='bbox 2007 2090 2106 2121; x_wconf 79' lang='lat' dir='ltr'>huius</span> <span class='ocrx_word' id='word_1_932' title='bbox 2135 2090 2294 2121; x_wconf 87' lang='lat' dir='ltr'>maiorem</span> <span class='ocrx_word' id='word_1_933' title='bbox 2323 2088 2505 2134; x_wconf 70' lang='lat' dir='ltr'>intelligen-</span> 
     </span>
     <span class='ocr_line' id='line_1_124' title="bbox 1425 2132 2505 2176; baseline 0.003 -13"><span class='ocrx_word' id='word_1_934' title='bbox 1425 2133 1515 2169; x_wconf 85' lang='lat' dir='ltr'>tiam,</span> <span class='ocrx_word' id='word_1_935' title='bbox 1539 2132 1631 2173; x_wconf 89' lang='lat' dir='ltr'>quod</span> <span class='ocrx_word' id='word_1_936' title='bbox 1653 2132 1833 2165; x_wconf 81' lang='lat' dir='ltr'>formarum</span> <span class='ocrx_word' id='word_1_937' title='bbox 1855 2133 1976 2175; x_wconf 77' lang='lat' dir='ltr'>quibus</span> <span class='ocrx_word' id='word_1_938' title='bbox 1999 2133 2122 2175; x_wconf 84' lang='lat' dir='ltr'>aliquid</span> <span class='ocrx_word' id='word_1_939' title='bbox 2145 2139 2298 2176; x_wconf 81' lang='lat' dir='ltr'>operatur</span> <span class='ocrx_word' id='word_1_940' title='bbox 2324 2134 2433 2176; x_wconf 76' lang='lat' dir='ltr'>aliqua</span> <span class='ocrx_word' id='word_1_941' title='bbox 2454 2142 2505 2167; x_wconf 79' lang='lat' dir='ltr'>ee-</span> 
     </span>
     <span class='ocr_line' id='line_1_125' title="bbox 1426 2177 2505 2213; baseline 0.003 -5"><span class='ocrx_word' id='word_1_942' title='bbox 1426 2177 1573 2208; x_wconf 90' lang='lat' dir='ltr'>cundum</span> <span class='ocrx_word' id='word_1_943' title='bbox 1596 2187 1630 2208; x_wconf 89' lang='lat' dir='ltr'>se</span> <span class='ocrx_word' id='word_1_944' title='bbox 1659 2177 1862 2209; x_wconf 81' lang='lat' dir='ltr'>indivisibilis</span> <span class='ocrx_word' id='word_1_945' title='bbox 1890 2183 1939 2210; x_wconf 81' lang='lat' dir='ltr'>est</span> <span class='ocrx_word' id='word_1_946' title='bbox 1967 2183 2000 2210; x_wconf 89' lang='lat' dir='ltr'>et</span> <span class='ocrx_word' id='word_1_947' title='bbox 2027 2179 2062 2210; x_wconf 88' lang='lat' dir='ltr'>in</span> <span class='ocrx_word' id='word_1_948' title='bbox 2091 2179 2238 2211; x_wconf 86' lang='lat' dir='ltr'>subiecto</span> <span class='ocrx_word' id='word_1_949' title='bbox 2269 2177 2505 2213; x_wconf 73' lang='lat' dir='ltr'>indivisibiliter</span> 
     </span>
     <span class='ocr_line' id='line_1_126' title="bbox 1425 2222 2503 2266; baseline 0.004 -14"><span class='ocrx_word' id='word_1_950' title='bbox 1425 2222 1589 2263; x_wconf 87' lang='lat' dir='ltr'>recipitur.</span> <span class='ocrx_word' id='word_1_951' title='bbox 1614 2222 1656 2254; x_wconf 90' lang='lat' dir='ltr'>Et</span> <span class='ocrx_word' id='word_1_952' title='bbox 1678 2222 1742 2254; x_wconf 88' lang='lat' dir='ltr'>hoc</span> <span class='ocrx_word' id='word_1_953' title='bbox 1765 2227 1814 2254; x_wconf 80' lang='lat' dir='ltr'>est</span> <span class='ocrx_word' id='word_1_954' title='bbox 1837 2223 1970 2264; x_wconf 86' lang='lat' dir='ltr'>quando</span> <span class='ocrx_word' id='word_1_955' title='bbox 1992 2228 2061 2255; x_wconf 83' lang='lat' dir='ltr'>tota</span> <span class='ocrx_word' id='word_1_956' title='bbox 2085 2227 2133 2255; x_wconf 89' lang='lat' dir='ltr'>est</span> <span class='ocrx_word' id='word_1_957' title='bbox 2154 2223 2188 2255; x_wconf 89' lang='lat' dir='ltr'>in</span> <span class='ocrx_word' id='word_1_958' title='bbox 2211 2228 2284 2255; x_wconf 87' lang='lat' dir='ltr'>toto</span> <span class='ocrx_word' id='word_1_959' title='bbox 2297 2228 2454 2266; x_wconf 74' lang='lat' dir='ltr'>tanqum</span> <span class='ocrx_word' id='word_1_960' title='bbox 2467 2223 2503 2255; x_wconf 70' lang='lat' dir='ltr'>{a</span> 
     </span>
     <span class='ocr_line' id='line_1_127' title="bbox 1426 2266 2503 2311; baseline 0.003 -14"><span class='ocrx_word' id='word_1_961' title='bbox 1426 2266 1608 2307; x_wconf 87' lang='lat' dir='ltr'>adaequato</span> <span class='ocrx_word' id='word_1_962' title='bbox 1632 2268 1829 2308; x_wconf 75' lang='lat' dir='ltr'>susceptivo,</span> <span class='ocrx_word' id='word_1_963' title='bbox 1853 2272 1886 2299; x_wconf 89' lang='lat' dir='ltr'>et</span> <span class='ocrx_word' id='word_1_964' title='bbox 1908 2272 1977 2299; x_wconf 85' lang='lat' dir='ltr'>tota</span> <span class='ocrx_word' id='word_1_965' title='bbox 1999 2268 2097 2299; x_wconf 87' lang='lat' dir='ltr'>etiam</span> <span class='ocrx_word' id='word_1_966' title='bbox 2120 2273 2168 2299; x_wconf 88' lang='lat' dir='ltr'>est</span> <span class='ocrx_word' id='word_1_967' title='bbox 2190 2267 2224 2300; x_wconf 92' lang='lat' dir='ltr'>in</span> <span class='ocrx_word' id='word_1_968' title='bbox 2247 2268 2392 2310; x_wconf 87' lang='lat' dir='ltr'>qualibet</span> <span class='ocrx_word' id='word_1_969' title='bbox 2413 2273 2503 2311; x_wconf 76' lang='lat' dir='ltr'>parte</span> 
     </span>
     <span class='ocr_line' id='line_1_128' title="bbox 1426 2310 2503 2352; baseline 0.002 -10"><span class='ocrx_word' id='word_1_970' title='bbox 1426 2312 1477 2342; x_wconf 86' lang='lat' dir='ltr'>sui</span> <span class='ocrx_word' id='word_1_971' title='bbox 1500 2310 1671 2352; x_wconf 82' lang='lat' dir='ltr'>adaequati</span> <span class='ocrx_word' id='word_1_972' title='bbox 1693 2312 1884 2352; x_wconf 84' lang='lat' dir='ltr'>susceptivi:</span> <span class='ocrx_word' id='word_1_973' title='bbox 1908 2313 1992 2344; x_wconf 90' lang='lat' dir='ltr'>sicut</span> <span class='ocrx_word' id='word_1_974' title='bbox 2023 2313 2132 2344; x_wconf 87' lang='lat' dir='ltr'>anima</span> <span class='ocrx_word' id='word_1_975' title='bbox 2157 2312 2353 2344; x_wconf 81' lang='lat' dir='ltr'>intellectiva</span> <span class='ocrx_word' id='word_1_976' title='bbox 2379 2313 2414 2344; x_wconf 86' lang='lat' dir='ltr'>in</span> <span class='ocrx_word' id='word_1_977' title='bbox 2441 2312 2503 2344; x_wconf 86' lang='lat' dir='ltr'>hu-</span> 
     </span>
     <span class='ocr_line' id='line_1_129' title="bbox 1425 2356 2503 2397; baseline 0.003 -10"><span class='ocrx_word' id='word_1_978' title='bbox 1425 2365 1525 2387; x_wconf 88' lang='lat' dir='ltr'>mano</span> <span class='ocrx_word' id='word_1_979' title='bbox 1549 2365 1698 2397; x_wconf 89' lang='lat' dir='ltr'>corpore.</span> <span class='ocrx_word' id='word_1_980' title='bbox 1723 2357 1764 2388; x_wconf 84' lang='lat' dir='ltr'>Et</span> <span class='ocrx_word' id='word_1_981' title='bbox 1786 2356 1858 2387; x_wconf 86' lang='lat' dir='ltr'>talis</span> <span class='ocrx_word' id='word_1_982' title='bbox 1874 2365 1944 2388; x_wconf 91' lang='lat' dir='ltr'>non</span> <span class='ocrx_word' id='word_1_983' title='bbox 1961 2356 2114 2389; x_wconf 87' lang='lat' dir='ltr'>dividitur</span> <span class='ocrx_word' id='word_1_984' title='bbox 2127 2356 2168 2388; x_wconf 89' lang='lat' dir='ltr'>ad</span> <span class='ocrx_word' id='word_1_985' title='bbox 2183 2356 2378 2389; x_wconf 85' lang='lat' dir='ltr'>divisionem</span> <span class='ocrx_word' id='word_1_986' title='bbox 2394 2365 2503 2390; x_wconf 82' lang='lat' dir='ltr'>susce-</span> 
     </span>
     <span class='ocr_line' id='line_1_130' title="bbox 1426 2401 2503 2444; baseline 0.003 -12"><span class='ocrx_word' id='word_1_987' title='bbox 1426 2401 1520 2442; x_wconf 86' lang='lat' dir='ltr'>ptivi:</span> <span class='ocrx_word' id='word_1_988' title='bbox 1544 2410 1632 2437; x_wconf 88' lang='lat' dir='ltr'>nam,</span> <span class='ocrx_word' id='word_1_989' title='bbox 1655 2401 1682 2432; x_wconf 81' lang='lat' dir='ltr'>si</span> <span class='ocrx_word' id='word_1_990' title='bbox 1705 2401 1739 2433; x_wconf 87' lang='lat' dir='ltr'>in</span> <span class='ocrx_word' id='word_1_991' title='bbox 1762 2401 1907 2443; x_wconf 89' lang='lat' dir='ltr'>qualibet</span> <span class='ocrx_word' id='word_1_992' title='bbox 1927 2406 2018 2443; x_wconf 86' lang='lat' dir='ltr'>parte</span> <span class='ocrx_word' id='word_1_993' title='bbox 2042 2407 2091 2433; x_wconf 81' lang='lat' dir='ltr'>est</span> <span class='ocrx_word' id='word_1_994' title='bbox 2111 2406 2191 2439; x_wconf 84' lang='lat' dir='ltr'>tota,</span> <span class='ocrx_word' id='word_1_995' title='bbox 2215 2410 2284 2434; x_wconf 89' lang='lat' dir='ltr'>non</span> <span class='ocrx_word' id='word_1_996' title='bbox 2306 2406 2416 2444; x_wconf 76' lang='lat' dir='ltr'>potest</span> <span class='ocrx_word' id='word_1_997' title='bbox 2437 2409 2503 2435; x_wconf 77' lang='lat' dir='ltr'>una</span> 
     </span>
     <span class='ocr_line' id='line_1_131' title="bbox 1427 2446 2503 2487; baseline 0.003 -11"><span class='ocrx_word' id='word_1_998' title='bbox 1427 2446 1497 2477; x_wconf 84' lang='lat' dir='ltr'>eius</span> <span class='ocrx_word' id='word_1_999' title='bbox 1526 2455 1599 2486; x_wconf 85' lang='lat' dir='ltr'>pars</span> <span class='ocrx_word' id='word_1_1000' title='bbox 1626 2446 1661 2476; x_wconf 89' lang='lat' dir='ltr'>in</span> <span class='ocrx_word' id='word_1_1001' title='bbox 1693 2455 1759 2477; x_wconf 87' lang='lat' dir='ltr'>una</span> <span class='ocrx_word' id='word_1_1002' title='bbox 1789 2451 1880 2487; x_wconf 87' lang='lat' dir='ltr'>parte</span> <span class='ocrx_word' id='word_1_1003' title='bbox 1911 2446 2086 2487; x_wconf 84' lang='lat' dir='ltr'>susceptivi</span> <span class='ocrx_word' id='word_1_1004' title='bbox 2118 2455 2188 2478; x_wconf 86' lang='lat' dir='ltr'>esse</span> <span class='ocrx_word' id='word_1_1005' title='bbox 2218 2451 2251 2478; x_wconf 87' lang='lat' dir='ltr'>et</span> <span class='ocrx_word' id='word_1_1006' title='bbox 2282 2446 2343 2478; x_wconf 88' lang='lat' dir='ltr'>alia</span> <span class='ocrx_word' id='word_1_1007' title='bbox 2374 2446 2411 2479; x_wconf 86' lang='lat' dir='ltr'>in</span> <span class='ocrx_word' id='word_1_1008' title='bbox 2441 2446 2503 2479; x_wconf 78' lang='lat' dir='ltr'>alia</span> 
     </span>
     <span class='ocr_line' id='line_1_132' title="bbox 1425 2489 2504 2532; baseline 0.002 -11"><span class='ocrx_word' id='word_1_1009' title='bbox 1425 2495 1526 2531; x_wconf 89' lang='lat' dir='ltr'>parte.</span> <span class='ocrx_word' id='word_1_1010' title='bbox 1549 2508 1573 2513; x_wconf 92' lang='lat'><em>-</em></span> <span class='ocrx_word' id='word_1_1011' title='bbox 1595 2489 1716 2532; x_wconf 84' lang='lat' dir='ltr'>Aliqua</span> <span class='ocrx_word' id='word_1_1012' title='bbox 1738 2499 1827 2527; x_wconf 89' lang='lat' dir='ltr'>vero,</span> <span class='ocrx_word' id='word_1_1013' title='bbox 1851 2489 1927 2522; x_wconf 89' lang='lat' dir='ltr'>licet</span> <span class='ocrx_word' id='word_1_1014' title='bbox 1949 2490 2131 2522; x_wconf 87' lang='lat' dir='ltr'>seeundum</span> <span class='ocrx_word' id='word_1_1015' title='bbox 2149 2499 2185 2522; x_wconf 84' lang='lat' dir='ltr'>se</span> <span class='ocrx_word' id='word_1_1016' title='bbox 2203 2490 2338 2532; x_wconf 87' lang='lat' dir='ltr'>quidem</span> <span class='ocrx_word' id='word_1_1017' title='bbox 2360 2489 2504 2523; x_wconf 71' lang='lat' dir='ltr'>indivisi-</span> 
     </span>
     <span class='ocr_line' id='line_1_133' title="bbox 1426 2534 2403 2578; baseline 0.003 -13"><span class='ocrx_word' id='word_1_1018' title='bbox 1426 2534 1498 2566; x_wconf 81' lang='lat' dir='ltr'>bilis</span> <span class='ocrx_word' id='word_1_1019' title='bbox 1520 2535 1570 2571; x_wconf 88' lang='lat' dir='ltr'>sit,</span> <span class='ocrx_word' id='word_1_1020' title='bbox 1594 2535 1629 2566; x_wconf 91' lang='lat' dir='ltr'>in</span> <span class='ocrx_word' id='word_1_1021' title='bbox 1652 2534 1800 2566; x_wconf 88' lang='lat' dir='ltr'>subiecto</span> <span class='ocrx_word' id='word_1_1022' title='bbox 1823 2540 1933 2567; x_wconf 89' lang='lat' dir='ltr'>tamen</span> <span class='ocrx_word' id='word_1_1023' title='bbox 1956 2534 2149 2567; x_wconf 76' lang='lat' dir='ltr'>divisionem</span> <span class='ocrx_word' id='word_1_1024' title='bbox 2172 2545 2232 2578; x_wconf 91' lang='lat' dir='ltr'>per</span> <span class='ocrx_word' id='word_1_1025' title='bbox 2253 2534 2403 2568; x_wconf 81' lang='lat' dir='ltr'>accidens</span> 
     </span>
     <span class='ocr_line' id='line_1_134' title="bbox 1426 2579 2504 2622; baseline 0.003 -12"><span class='ocrx_word' id='word_1_1026' title='bbox 1426 2585 1459 2611; x_wconf 91' lang='lat' dir='ltr'>et</span> <span class='ocrx_word' id='word_1_1027' title='bbox 1481 2580 1719 2611; x_wconf 86' lang='lat' dir='ltr'>extensionem:</span> <span class='ocrx_word' id='word_1_1028' title='bbox 1744 2580 1827 2611; x_wconf 88' lang='lat' dir='ltr'>sicut</span> <span class='ocrx_word' id='word_1_1029' title='bbox 1850 2579 1978 2617; x_wconf 88' lang='lat' dir='ltr'>albedo,</span> <span class='ocrx_word' id='word_1_1030' title='bbox 2001 2580 2085 2612; x_wconf 86' lang='lat' dir='ltr'>sicut</span> <span class='ocrx_word' id='word_1_1031' title='bbox 2107 2579 2210 2617; x_wconf 88' lang='lat' dir='ltr'>color,</span> <span class='ocrx_word' id='word_1_1032' title='bbox 2229 2580 2313 2612; x_wconf 87' lang='lat' dir='ltr'>sicut</span> <span class='ocrx_word' id='word_1_1033' title='bbox 2335 2579 2445 2622; x_wconf 81' lang='lat' dir='ltr'>frigus.</span> <span class='ocrx_word' id='word_1_1034' title='bbox 2468 2579 2504 2613; x_wconf 80' lang='lat' dir='ltr'>si</span> 
     </span>
     <span class='ocr_line' id='line_1_135' title="bbox 1425 2624 2504 2667; baseline 0.001 -12"><span class='ocrx_word' id='word_1_1035' title='bbox 1425 2624 1514 2655; x_wconf 90' lang='lat' dir='ltr'>enim</span> <span class='ocrx_word' id='word_1_1036' title='bbox 1537 2625 1597 2655; x_wconf 86' lang='lat' dir='ltr'>ista</span> <span class='ocrx_word' id='word_1_1037' title='bbox 1619 2624 1659 2655; x_wconf 89' lang='lat' dir='ltr'>ab</span> <span class='ocrx_word' id='word_1_1038' title='bbox 1683 2624 1775 2655; x_wconf 91' lang='lat' dir='ltr'>omni</span> <span class='ocrx_word' id='word_1_1039' title='bbox 1798 2625 1946 2656; x_wconf 89' lang='lat' dir='ltr'>subiecto</span> <span class='ocrx_word' id='word_1_1040' title='bbox 1969 2630 2119 2666; x_wconf 86' lang='lat' dir='ltr'>separata·</span> <span class='ocrx_word' id='word_1_1041' title='bbox 2138 2630 2254 2661; x_wconf 84' lang='lat' dir='ltr'>essent,</span> <span class='ocrx_word' id='word_1_1042' title='bbox 2279 2625 2371 2656; x_wconf 91' lang='lat' dir='ltr'>omni</span> <span class='ocrx_word' id='word_1_1043' title='bbox 2400 2633 2504 2667; x_wconf 87' lang='lat' dir='ltr'>quan-</span> 
     </span>
     <span class='ocr_line' id='line_1_136' title="bbox 1424 2668 2504 2702; baseline 0.001 -2"><span class='ocrx_word' id='word_1_1044' title='bbox 1424 2669 1547 2700; x_wconf 88' lang='lat' dir='ltr'>titativa</span> <span class='ocrx_word' id='word_1_1045' title='bbox 1570 2668 1728 2700; x_wconf 87' lang='lat' dir='ltr'>divisione</span> <span class='ocrx_word' id='word_1_1046' title='bbox 1753 2675 1912 2701; x_wconf 84' lang='lat' dir='ltr'>carerent:</span> <span class='ocrx_word' id='word_1_1047' title='bbox 1936 2671 1970 2701; x_wconf 92' lang='lat' dir='ltr'>in</span> <span class='ocrx_word' id='word_1_1048' title='bbox 1993 2670 2141 2701; x_wconf 82' lang='lat' dir='ltr'>subiecto</span> <span class='ocrx_word' id='word_1_1049' title='bbox 2157 2675 2265 2701; x_wconf 86' lang='lat' dir='ltr'>autem</span> <span class='ocrx_word' id='word_1_1050' title='bbox 2282 2679 2351 2701; x_wconf 91' lang='lat' dir='ltr'>non</span> <span class='ocrx_word' id='word_1_1051' title='bbox 2367 2670 2414 2701; x_wconf 86' lang='lat' dir='ltr'>sic</span> <span class='ocrx_word' id='word_1_1052' title='bbox 2428 2675 2504 2702; x_wconf 81' lang='lat' dir='ltr'>sunt</span> 
     </span>
     <span class='ocr_line' id='line_1_137' title="bbox 1426 2713 2503 2756; baseline 0.002 -12"><span class='ocrx_word' id='word_1_1053' title='bbox 1426 2714 1517 2755; x_wconf 88' lang='lat' dir='ltr'>quasi</span> <span class='ocrx_word' id='word_1_1054' title='bbox 1541 2718 1649 2745; x_wconf 89' lang='lat' dir='ltr'>totum</span> <span class='ocrx_word' id='word_1_1055' title='bbox 1671 2714 1712 2744; x_wconf 85' lang='lat' dir='ltr'>sit</span> <span class='ocrx_word' id='word_1_1056' title='bbox 1734 2714 1769 2745; x_wconf 91' lang='lat' dir='ltr'>in</span> <span class='ocrx_word' id='word_1_1057' title='bbox 1792 2719 1864 2746; x_wconf 89' lang='lat' dir='ltr'>toto</span> <span class='ocrx_word' id='word_1_1058' title='bbox 1895 2719 1927 2745; x_wconf 93' lang='lat' dir='ltr'>et</span> <span class='ocrx_word' id='word_1_1059' title='bbox 1956 2719 2064 2746; x_wconf 90' lang='lat' dir='ltr'>totum</span> <span class='ocrx_word' id='word_1_1060' title='bbox 2094 2715 2128 2746; x_wconf 90' lang='lat' dir='ltr'>in</span> <span class='ocrx_word' id='word_1_1061' title='bbox 2156 2714 2300 2756; x_wconf 83' lang='lat' dir='ltr'>qualibet</span> <span class='ocrx_word' id='word_1_1062' title='bbox 2322 2719 2423 2756; x_wconf 74' lang='lat' dir='ltr'>pane,</span> <span class='ocrx_word' id='word_1_1063' title='bbox 2446 2713 2503 2746; x_wconf 80' lang='lat' dir='ltr'>sed</span> 
     </span>
     <span class='ocr_line' id='line_1_138' title="bbox 1425 2758 2503 2800; baseline 0.001 -11"><span class='ocrx_word' id='word_1_1064' title='bbox 1425 2763 1533 2789; x_wconf 90' lang='lat' dir='ltr'>totum</span> <span class='ocrx_word' id='word_1_1065' title='bbox 1557 2762 1605 2789; x_wconf 69' lang='lat' dir='ltr'>eet</span> <span class='ocrx_word' id='word_1_1066' title='bbox 1627 2759 1660 2789; x_wconf 91' lang='lat' dir='ltr'>in</span> <span class='ocrx_word' id='word_1_1067' title='bbox 1683 2763 1755 2790; x_wconf 91' lang='lat' dir='ltr'>toto</span> <span class='ocrx_word' id='word_1_1068' title='bbox 1780 2764 1812 2790; x_wconf 90' lang='lat' dir='ltr'>et</span> <span class='ocrx_word' id='word_1_1069' title='bbox 1835 2768 1908 2800; x_wconf 81' lang='lat' dir='ltr'>pars</span> <span class='ocrx_word' id='word_1_1070' title='bbox 1934 2758 1968 2790; x_wconf 90' lang='lat' dir='ltr'>in</span> <span class='ocrx_word' id='word_1_1071' title='bbox 1996 2764 2096 2800; x_wconf 89' lang='lat' dir='ltr'>parte.</span> <span class='ocrx_word' id='word_1_1072' title='bbox 2130 2758 2223 2791; x_wconf 89' lang='lat' dir='ltr'>Unde</span> <span class='ocrx_word' id='word_1_1073' title='bbox 2247 2763 2280 2790; x_wconf 89' lang='lat' dir='ltr'>et</span> <span class='ocrx_word' id='word_1_1074' title='bbox 2302 2758 2343 2790; x_wconf 85' lang='lat' dir='ltr'>ad</span> <span class='ocrx_word' id='word_1_1075' title='bbox 2365 2758 2503 2791; x_wconf 84' lang='lat' dir='ltr'>subiecti</span> 
     </span>
     <span class='ocr_line' id='line_1_139' title="bbox 1425 2802 2503 2844; baseline 0.001 -10"><span class='ocrx_word' id='word_1_1076' title='bbox 1425 2802 1619 2834; x_wconf 83' lang='lat' dir='ltr'>divisionem</span> <span class='ocrx_word' id='word_1_1077' title='bbox 1643 2808 1674 2834; x_wconf 90' lang='lat' dir='ltr'>et</span> <span class='ocrx_word' id='word_1_1078' title='bbox 1693 2803 1762 2844; x_wconf 87' lang='lat' dir='ltr'>ipsa</span> <span class='ocrx_word' id='word_1_1079' title='bbox 1781 2802 1978 2835; x_wconf 88' lang='lat' dir='ltr'>dividuntur.</span> <span class='ocrx_word' id='word_1_1080' title='bbox 2002 2803 2100 2835; x_wconf 87' lang='lat' dir='ltr'>Tales</span> <span class='ocrx_word' id='word_1_1081' title='bbox 2119 2802 2272 2835; x_wconf 88' lang='lat' dir='ltr'>dicuntur</span> <span class='ocrx_word' id='word_1_1082' title='bbox 2286 2804 2420 2835; x_wconf 83' lang='lat' dir='ltr'>virtutes</span> <span class='ocrx_word' id='word_1_1083' title='bbox 2433 2812 2503 2835; x_wconf 85' lang='lat' dir='ltr'>ma—</span> 
     </span>
     <span class='ocr_line' id='line_1_140' title="bbox 1424 2847 2502 2880; baseline 0.001 -2"><span class='ocrx_word' id='word_1_1084' title='bbox 1424 2847 1562 2878; x_wconf 87' lang='lat' dir='ltr'>teriales.</span> <span class='ocrx_word' id='word_1_1085' title='bbox 1586 2847 1628 2878; x_wconf 91' lang='lat' dir='ltr'>Et</span> <span class='ocrx_word' id='word_1_1086' title='bbox 1651 2847 1691 2879; x_wconf 90' lang='lat' dir='ltr'>de</span> <span class='ocrx_word' id='word_1_1087' title='bbox 1713 2857 1853 2879; x_wconf 85' lang='lat' dir='ltr'>numero</span> <span class='ocrx_word' id='word_1_1088' title='bbox 1876 2848 1990 2879; x_wconf 90' lang='lat' dir='ltr'>talium</span> <span class='ocrx_word' id='word_1_1089' title='bbox 2013 2848 2169 2880; x_wconf 84' lang='lat' dir='ltr'>virtutum</span> <span class='ocrx_word' id='word_1_1090' title='bbox 2192 2847 2407 2880; x_wconf 78' lang='lat' dir='ltr'>materialium</span> <span class='ocrx_word' id='word_1_1091' title='bbox 2433 2856 2502 2880; x_wconf 86' lang='lat' dir='ltr'>non</span> 
     </span>
     <span class='ocr_line' id='line_1_141' title="bbox 1425 2892 2046 2934; baseline 0.002 -11"><span class='ocrx_word' id='word_1_1092' title='bbox 1425 2901 1494 2924; x_wconf 83' lang='lat' dir='ltr'>esse</span> <span class='ocrx_word' id='word_1_1093' title='bbox 1518 2892 1627 2923; x_wconf 88' lang='lat' dir='ltr'>Deum</span> <span class='ocrx_word' id='word_1_1094' title='bbox 1650 2892 1710 2923; x_wconf 87' lang='lat' dir='ltr'>hac</span> <span class='ocrx_word' id='word_1_1095' title='bbox 1733 2893 1858 2924; x_wconf 87' lang='lat' dir='ltr'>ratione</span> <span class='ocrx_word' id='word_1_1096' title='bbox 1881 2893 2046 2934; x_wconf 88' lang='lat' dir='ltr'>probatur.</span> 
     </span>
    </p>

    <p class='ocr_par' dir='ltr' id='par_1_27' title="bbox 1425 2936 2502 3112">
     <span class='ocr_line' id='line_1_142' title="bbox 1480 2936 2502 2979; baseline 0.001 -12"><span class='ocrx_word' id='word_1_1097' title='bbox 1480 2937 1519 2967; x_wconf 88' lang='lat' dir='ltr'>X.</span> <span class='ocrx_word' id='word_1_1098' title='bbox 1549 2937 1659 2968; x_wconf 82' lang='lat' dir='ltr'>Tertia</span> <span class='ocrx_word' id='word_1_1099' title='bbox 1684 2937 1819 2968; x_wconf 85' lang='lat' dir='ltr'>obiectio</span> <span class='ocrx_word' id='word_1_1100' title='bbox 1833 2938 1851 2955; x_wconf 73' lang='grc'><em>“</em></span> <span class='ocrx_word' id='word_1_1101' title='bbox 1873 2942 1922 2968; x_wconf 88' lang='lat' dir='ltr'>est</span> <span class='ocrx_word' id='word_1_1102' title='bbox 1937 2937 2024 2979; x_wconf 85' lang='lat' dir='ltr'>qula,</span> <span class='ocrx_word' id='word_1_1103' title='bbox 2042 2937 2067 2968; x_wconf 89' lang='lat' dir='ltr'>si</span> <span class='ocrx_word' id='word_1_1104' title='bbox 2085 2938 2232 2979; x_wconf 84' lang='lat' dir='ltr'>corporis</span> <span class='ocrx_word' id='word_1_1105' title='bbox 2254 2936 2426 2969; x_wconf 82' lang='lat' dir='ltr'>cquslibet</span> <span class='ocrx_word' id='word_1_1106' title='bbox 2441 2945 2502 2978; x_wconf 87' lang='lat' dir='ltr'>po·</span> 
     </span>
     <span class='ocr_line' id='line_1_143' title="bbox 1425 2980 2502 3024; baseline 0.001 -12"><span class='ocrx_word' id='word_1_1107' title='bbox 1425 2981 1524 3013; x_wconf 87' lang='lat' dir='ltr'>tentia</span> <span class='ocrx_word' id='word_1_1108' title='bbox 1547 2980 1637 3012; x_wconf 85' lang='lat' dir='ltr'>finita</span> <span class='ocrx_word' id='word_1_1109' title='bbox 1660 2987 1718 3018; x_wconf 82' lang='lat' dir='ltr'>est,</span> <span class='ocrx_word' id='word_1_1110' title='bbox 1742 2987 1775 3013; x_wconf 90' lang='lat' dir='ltr'>et</span> <span class='ocrx_word' id='word_1_1111' title='bbox 1797 2991 1856 3024; x_wconf 90' lang='lat' dir='ltr'>per</span> <span class='ocrx_word' id='word_1_1112' title='bbox 1878 2982 2058 3023; x_wconf 80' lang='lat' dir='ltr'>potentiam</span> <span class='ocrx_word' id='word_1_1113' title='bbox 2082 2980 2208 3013; x_wconf 89' lang='lat' dir='ltr'>finitam</span> <span class='ocrx_word' id='word_1_1114' title='bbox 2230 2990 2300 3013; x_wconf 89' lang='lat' dir='ltr'>non</span> <span class='ocrx_word' id='word_1_1115' title='bbox 2323 2986 2432 3022; x_wconf 84' lang='lat' dir='ltr'>potest</span> <span class='ocrx_word' id='word_1_1116' title='bbox 2445 2980 2502 3012; x_wconf 84' lang='lat' dir='ltr'>ali·</span> 
     </span>
     <span class='ocr_line' id='line_1_144' title="bbox 1425 3025 2502 3068; baseline -0.002 -10"><span class='ocrx_word' id='word_1_1117' title='bbox 1425 3026 1505 3067; x_wconf 89' lang='lat' dir='ltr'>quid</span> <span class='ocrx_word' id='word_1_1118' title='bbox 1536 3025 1665 3058; x_wconf 85' lang='lat' dir='ltr'>infinito</span> <span class='ocrx_word' id='word_1_1119' title='bbox 1696 3032 1845 3068; x_wconf 86' lang='lat' dir='ltr'>tempore</span> <span class='ocrx_word' id='word_1_1120' title='bbox 1878 3026 2008 3063; x_wconf 89' lang='lat' dir='ltr'>durare,</span> <span class='ocrx_word' id='word_1_1121' title='bbox 2036 3027 2182 3067; x_wconf 84' lang='lat' dir='ltr'>sequitur</span> <span class='ocrx_word' id='word_1_1122' title='bbox 2213 3035 2332 3068; x_wconf 80' lang='lat' dir='ltr'>corpus</span> <span class='ocrx_word' id='word_1_1123' title='bbox 2365 3025 2502 3058; x_wconf 76' lang='lat' dir='ltr'>caeleste</span> 
     </span>
     <span class='ocr_line' id='line_1_145' title="bbox 1426 3070 1739 3112; baseline 0 -10"><span class='ocrx_word' id='word_1_1124' title='bbox 1426 3070 1636 3112; x_wconf 88' lang='lat' dir='ltr'>corruptibile</span> <span class='ocrx_word' id='word_1_1125' title='bbox 1660 3080 1739 3103; x_wconf 86' lang='lat' dir='ltr'>esse.</span> 
     </span>
    </p>

    <p class='ocr_par' dir='ltr' id='par_1_28' title="bbox 1425 3113 2502 3245">
     <span class='ocr_line' id='line_1_146' title="bbox 1481 3113 2501 3157; baseline -0.002 -11"><span class='ocrx_word' id='word_1_1126' title='bbox 1481 3115 1533 3146; x_wconf 81' lang='lat' dir='ltr'>Ad</span> <span class='ocrx_word' id='word_1_1127' title='bbox 1555 3116 1639 3146; x_wconf 88' lang='lat' dir='ltr'>hanc</span> <span class='ocrx_word' id='word_1_1128' title='bbox 1662 3115 1883 3148; x_wconf 89' lang='lat' dir='ltr'>obiectionem</span> <span class='ocrx_word' id='word_1_1129' title='bbox 1905 3115 2013 3157; x_wconf 87' lang='lat' dir='ltr'>primo</span> <span class='ocrx_word' id='word_1_1130' title='bbox 2037 3115 2174 3147; x_wconf 80' lang='lat' dir='ltr'>Sancms</span> <span class='ocrx_word' id='word_1_1131' title='bbox 2194 3114 2340 3146; x_wconf 84' lang='lat' dir='ltr'>Thomas</span> <span class='ocrx_word' id='word_1_1132' title='bbox 2363 3113 2501 3146; x_wconf 85' lang='lat' dir='ltr'>aliorum</span> 
     </span>
     <span class='ocr_line' id='line_1_147' title="bbox 1425 3158 2502 3201; baseline -0.002 -10"><span class='ocrx_word' id='word_1_1133' title='bbox 1425 3161 1654 3201; x_wconf 85' lang='lat' dir='ltr'>responsiones</span> <span class='ocrx_word' id='word_1_1134' title='bbox 1678 3159 1812 3197; x_wconf 89' lang='lat' dir='ltr'>inducit,</span> <span class='ocrx_word' id='word_1_1135' title='bbox 1837 3166 1869 3192; x_wconf 89' lang='lat' dir='ltr'>et</span> <span class='ocrx_word' id='word_1_1136' title='bbox 1892 3170 1945 3192; x_wconf 87' lang='lat' dir='ltr'>eas</span> <span class='ocrx_word' id='word_1_1137' title='bbox 1969 3160 2133 3201; x_wconf 61' lang='lat' dir='ltr'>repr-oben</span> <span class='ocrx_word' id='word_1_1138' title='bbox 2153 3158 2309 3194; x_wconf 84' lang='lat' dir='ltr'>secundo,</span> <span class='ocrx_word' id='word_1_1139' title='bbox 2325 3166 2434 3190; x_wconf 85' lang='lat' dir='ltr'>veram</span> <span class='ocrx_word' id='word_1_1140' title='bbox 2449 3166 2502 3189; x_wconf 83' lang='lat' dir='ltr'>so·</span> 
     </span>
     <span class='ocr_line' id='line_1_148' title="bbox 1425 3205 1744 3245; baseline -0.003 -9"><span class='ocrx_word' id='word_1_1141' title='bbox 1425 3205 1586 3236; x_wconf 90' lang='lat' dir='ltr'>lutionem</span> <span class='ocrx_word' id='word_1_1142' title='bbox 1609 3205 1703 3245; x_wconf 88' lang='lat' dir='ltr'>ponit</span> <span class='ocrx_word' id='word_1_1143' title='bbox 1717 3205 1744 3236; x_wconf 75' lang='grc'>·.</span> 
     </span>
    </p>

    <p class='ocr_par' dir='ltr' id='par_1_29' title="bbox 1426 3245 2502 3468">
     <span class='ocr_line' id='line_1_149' title="bbox 1484 3245 2502 3290; baseline -0.003 -10"><span class='ocrx_word' id='word_1_1144' title='bbox 1484 3259 1513 3280; x_wconf 88' lang='lat'>2.</span> <span class='ocrx_word' id='word_1_1145' title='bbox 1537 3248 1749 3290; x_wconf 83' lang='lat' dir='ltr'>Respondent</span> <span class='ocrx_word' id='word_1_1146' title='bbox 1779 3248 1922 3290; x_wconf 88' lang='lat' dir='ltr'>quidam,</span> <span class='ocrx_word' id='word_1_1147' title='bbox 1946 3249 2070 3280; x_wconf 83' lang='lat' dir='ltr'>scilicet</span> <span class='ocrx_word' id='word_1_1148' title='bbox 2095 3246 2286 3283; x_wconf 78' lang='lat' dir='ltr'>Alexander,</span> <span class='ocrx_word' id='word_1_1149' title='bbox 2313 3251 2351 3277; x_wconf 87' lang='lat' dir='ltr'>ut</span> <span class='ocrx_word' id='word_1_1150' title='bbox 2376 3245 2502 3277; x_wconf 85' lang='lat' dir='ltr'>Inducit</span> 
     </span>
     <span class='ocr_line' id='line_1_150' title="bbox 1426 3289 2500 3335; baseline -0.004 -10"><span class='ocrx_word' id='word_1_1151' title='bbox 1426 3293 1686 3331; x_wconf 86' lang='lat' dir='ltr'>Commentator,</span> <span class='ocrx_word' id='word_1_1152' title='bbox 1708 3293 1782 3324; x_wconf 91' lang='lat' dir='ltr'>VIII</span> <span class='ocrx_word' id='word_1_1153' title='bbox 1807 3294 1915 3335; x_wconf 69' lang='lat' dir='ltr'>Phss„</span> <span class='ocrx_word' id='word_1_1154' title='bbox 1939 3301 2060 3324; x_wconf 87' lang='lat' dir='ltr'>comm.</span> <span class='ocrx_word' id='word_1_1155' title='bbox 2085 3301 2140 3333; x_wconf 87' lang='lat'>79.</span> <span class='ocrx_word' id='word_1_1156' title='bbox 2163 3290 2204 3322; x_wconf 88' lang='lat' dir='ltr'>de</span> <span class='ocrx_word' id='word_1_1157' title='bbox 2227 3291 2320 3322; x_wconf 86' lang='lat' dir='ltr'>cuius</span> <span class='ocrx_word' id='word_1_1158' title='bbox 2343 3289 2500 3332; x_wconf 83' lang='lat' dir='ltr'>opinIone</span> 
     </span>
     <span class='ocr_line' id='line_1_151' title="bbox 1426 3334 2500 3379; baseline -0.005 -9"><span class='ocrx_word' id='word_1_1159' title='bbox 1426 3338 1547 3370; x_wconf 88' lang='lat' dir='ltr'>ibidem</span> <span class='ocrx_word' id='word_1_1160' title='bbox 1571 3338 1665 3369; x_wconf 88' lang='lat' dir='ltr'>latius</span> <span class='ocrx_word' id='word_1_1161' title='bbox 1692 3338 1867 3379; x_wconf 88' lang='lat' dir='ltr'>inquiritur</span> <span class='ocrx_word' id='word_1_1162' title='bbox 1881 3347 1900 3369; x_wconf 82' lang='lat' dir='ltr'>a</span> <span class='ocrx_word' id='word_1_1163' title='bbox 1915 3337 2035 3369; x_wconf 87' lang='lat' dir='ltr'>Sancto</span> <span class='ocrx_word' id='word_1_1164' title='bbox 2051 3335 2182 3367; x_wconf 84' lang='lat' dir='ltr'>Thema</span> <span class='ocrx_word' id='word_1_1165' title='bbox 2197 3336 2224 3372; x_wconf 76' lang='lat'>·,</span> <span class='ocrx_word' id='word_1_1166' title='bbox 2249 3334 2340 3376; x_wconf 88' lang='lat' dir='ltr'>quod</span> <span class='ocrx_word' id='word_1_1167' title='bbox 2363 3334 2500 3366; x_wconf 86' lang='lat' dir='ltr'>caeleste</span> 
     </span>
     <span class='ocr_line' id='line_1_152' title="bbox 1427 3378 2499 3424; baseline -0.004 -10"><span class='ocrx_word' id='word_1_1168' title='bbox 1427 3393 1546 3424; x_wconf 91' lang='lat' dir='ltr'>corpus</span> <span class='ocrx_word' id='word_1_1169' title='bbox 1569 3382 1750 3414; x_wconf 86' lang='lat' dir='ltr'>secundum</span> <span class='ocrx_word' id='word_1_1170' title='bbox 1766 3392 1800 3414; x_wconf 83' lang='lat' dir='ltr'>se</span> <span class='ocrx_word' id='word_1_1171' title='bbox 1816 3381 1950 3423; x_wconf 88' lang='lat' dir='ltr'>quidem</span> <span class='ocrx_word' id='word_1_1172' title='bbox 1973 3386 2082 3422; x_wconf 83' lang='lat' dir='ltr'>potest</span> <span class='ocrx_word' id='word_1_1173' title='bbox 2099 3378 2248 3416; x_wconf 87' lang='lat' dir='ltr'>deficere,</span> <span class='ocrx_word' id='word_1_1174' title='bbox 2265 3379 2304 3410; x_wconf 87' lang='lat' dir='ltr'>ab</span> <span class='ocrx_word' id='word_1_1175' title='bbox 2324 3379 2388 3410; x_wconf 89' lang='lat' dir='ltr'>alio</span> <span class='ocrx_word' id='word_1_1176' title='bbox 2411 3388 2499 3416; x_wconf 84' lang='lat' dir='ltr'>vero,</span> 
     </span>
     <span class='ocr_line' id='line_1_153' title="bbox 1427 3423 2501 3468; baseline -0.004 -9"><span class='ocrx_word' id='word_1_1177' title='bbox 1427 3427 1517 3468; x_wconf 93' lang='lat' dir='ltr'>quod</span> <span class='ocrx_word' id='word_1_1178' title='bbox 1533 3426 1677 3458; x_wconf 80' lang='lat' dir='ltr'>infinitae</span> <span class='ocrx_word' id='word_1_1179' title='bbox 1700 3432 1749 3458; x_wconf 89' lang='lat' dir='ltr'>est</span> <span class='ocrx_word' id='word_1_1180' title='bbox 1766 3426 1942 3468; x_wconf 82' lang='lat' dir='ltr'>potentiae,</span> <span class='ocrx_word' id='word_1_1181' title='bbox 1960 3434 2036 3456; x_wconf 87' lang='lat' dir='ltr'>suae</span> <span class='ocrx_word' id='word_1_1182' title='bbox 2053 3423 2232 3456; x_wconf 78' lang='lat' dir='ltr'>durationis</span> <span class='ocrx_word' id='word_1_1183' title='bbox 2252 3424 2501 3465; x_wconf 81' lang='lat' dir='ltr'>perpetuitatem</span> 
     </span>
    </p>
   </div>
   <div class='ocr_carea' id='block_1_13' title="bbox 1427 3468 2715 3513">
    <p class='ocr_par' dir='ltr' id='par_1_30' title="bbox 1427 3468 2715 3513">
     <span class='ocr_line' id='line_1_154' title="bbox 1427 3468 2715 3513; baseline -0.005 -10"><span class='ocrx_word' id='word_1_1184' title='bbox 1427 3473 1574 3513; x_wconf 89' lang='lat' dir='ltr'>acquirit.</span> <span class='ocrx_word' id='word_1_1185' title='bbox 1599 3471 1663 3503; x_wconf 90' lang='lat' dir='ltr'>Cui</span> <span class='ocrx_word' id='word_1_1186' title='bbox 1683 3470 1886 3512; x_wconf 84' lang='lat' dir='ltr'>responsioni</span> <span class='ocrx_word' id='word_1_1187' title='bbox 1902 3469 2045 3501; x_wconf 83' lang='lat' dir='ltr'>Platonis</span> <span class='ocrx_word' id='word_1_1188' title='bbox 2060 3469 2157 3500; x_wconf 81' lang='lat' dir='ltr'>verba</span> <span class='ocrx_word' id='word_1_1189' title='bbox 2173 3469 2206 3499; x_wconf 90' lang='lat' dir='ltr'>in</span> <span class='ocrx_word' id='word_1_1190' title='bbox 2226 3468 2359 3499; x_wconf 73' lang='lat' dir='ltr'>Timaeo</span> <span class='ocrx_word' id='word_1_1191' title='bbox 2372 3469 2399 3502; x_wconf 78' lang='lat'>·,</span> <span class='ocrx_word' id='word_1_1192' title='bbox 2417 3477 2501 3509; x_wconf 86' lang='lat' dir='ltr'>quae</span> <span class='ocrx_word' id='word_1_1193' title='bbox 2529 3474 2538 3483; x_wconf 87' lang='grc'><em>·</em></span> <span class='ocrx_word' id='word_1_1194' title='bbox 2553 3471 2597 3494; x_wconf 76' lang='lat' dir='ltr'>Cit-</span> <span class='ocrx_word' id='word_1_1195' title='bbox 2609 3472 2715 3495; x_wconf 75' lang='lat' dir='ltr'>intum-</span> 
     </span>
    </p>
   </div>
   <div class='ocr_carea' id='block_1_14' title="bbox 1428 3512 2743 3573">
    <p class='ocr_par' dir='ltr' id='par_1_31' title="bbox 1428 3512 2743 3573">
     <span class='ocr_line' id='line_1_155' title="bbox 1428 3512 2743 3573; baseline -0.004 -25"><span class='ocrx_word' id='word_1_1196' title='bbox 1428 3517 1524 3548; x_wconf 88' lang='lat' dir='ltr'>etiam</span> <span class='ocrx_word' id='word_1_1197' title='bbox 1541 3527 1558 3547; x_wconf 93' lang='lat' dir='ltr'>a</span> <span class='ocrx_word' id='word_1_1198' title='bbox 1575 3515 1803 3557; x_wconf 54' lang='lat' dir='ltr'>Simpliciodn</span> <span class='ocrx_word' id='word_1_1199' title='bbox 1820 3514 1832 3545; x_wconf 91' lang='lat' dir='ltr'>I</span> <span class='ocrx_word' id='word_1_1200' title='bbox 1851 3513 1972 3545; x_wconf 75' lang='lat' dir='ltr'>Caeli·</span> <span class='ocrx_word' id='word_1_1201' title='bbox 1987 3512 2202 3549; x_wconf 88' lang='lat' dir='ltr'>adducuntur,</span> <span class='ocrx_word' id='word_1_1202' title='bbox 2219 3512 2326 3544; x_wconf 74' lang='lat' dir='ltr'>favere</span> <span class='ocrx_word' id='word_1_1203' title='bbox 2340 3512 2500 3544; x_wconf 86' lang='lat' dir='ltr'>videntur.</span> <span class='ocrx_word' id='word_1_1204' title='bbox 2528 3521 2597 3573; x_wconf 47' lang='lat' dir='ltr'>suff·</span> <span class='ocrx_word' id='word_1_1205' title='bbox 2613 3526 2634 3544; x_wconf 78' lang='lat' dir='ltr'>e.</span> <span class='ocrx_word' id='word_1_1206' title='bbox 2652 3526 2693 3548; x_wconf 79' lang='grc' dir='ltr'><strong>ιιι,</strong></span> <span class='ocrx_word' id='word_1_1207' title='bbox 2715 3519 2743 3544; x_wconf 71' lang='lat'>¹⁶</span> 
     </span>
    </p>
   </div>
   <div class='ocr_carea' id='block_1_15' title="bbox 1428 3557 2502 3646">
    <p class='ocr_par' dir='ltr' id='par_1_32' title="bbox 1428 3557 2502 3646">
     <span class='ocr_line' id='line_1_156' title="bbox 1483 3557 2501 3600; baseline -0.004 -8"><span class='ocrx_word' id='word_1_1208' title='bbox 1483 3560 1547 3592; x_wconf 89' lang='lat' dir='ltr'>Sed</span> <span class='ocrx_word' id='word_1_1209' title='bbox 1563 3566 1676 3592; x_wconf 85' lang='lat' dir='ltr'>contra</span> <span class='ocrx_word' id='word_1_1210' title='bbox 1691 3568 1763 3591; x_wconf 87' lang='lat' dir='ltr'>eam</span> <span class='ocrx_word' id='word_1_1211' title='bbox 1775 3559 1918 3600; x_wconf 83' lang='lat' dir='ltr'>arguitur</span> <span class='ocrx_word' id='word_1_1212' title='bbox 1929 3558 2054 3589; x_wconf 88' lang='lat' dir='ltr'>ratione</span> <span class='ocrx_word' id='word_1_1213' title='bbox 2066 3557 2352 3593; x_wconf 79' lang='lat' dir='ltr'>commentatoris.</span> <span class='ocrx_word' id='word_1_1214' title='bbox 2364 3557 2422 3588; x_wconf 89' lang='lat' dir='ltr'>XII</span> <span class='ocrx_word' id='word_1_1215' title='bbox 2432 3558 2501 3589; x_wconf 83' lang='lat' dir='ltr'>Me-</span> 
     </span>
     <span class='ocr_line' id='line_1_157' title="bbox 1428 3599 2502 3646; baseline -0.004 -9"><span class='ocrx_word' id='word_1_1216' title='bbox 1428 3606 1525 3646; x_wconf 77' lang='lat' dir='ltr'>raph..</span> <span class='ocrx_word' id='word_1_1217' title='bbox 1543 3613 1663 3637; x_wconf 87' lang='lat' dir='ltr'>comm.</span> <span class='ocrx_word' id='word_1_1218' title='bbox 1679 3611 1734 3644; x_wconf 77' lang='grc'>41.</span> <span class='ocrx_word' id='word_1_1219' title='bbox 1759 3603 1843 3634; x_wconf 88' lang='lat' dir='ltr'>Nam</span> <span class='ocrx_word' id='word_1_1220' title='bbox 1866 3599 2068 3644; x_wconf 85' lang='lat' dir='ltr'>impossibile</span> <span class='ocrx_word' id='word_1_1221' title='bbox 2083 3607 2140 3639; x_wconf 89' lang='lat' dir='ltr'>est,</span> <span class='ocrx_word' id='word_1_1222' title='bbox 2157 3601 2245 3643; x_wconf 88' lang='lat' dir='ltr'>apud</span> <span class='ocrx_word' id='word_1_1223' title='bbox 2260 3602 2449 3639; x_wconf 78' lang='lat' dir='ltr'>Averroem,</span> <span class='ocrx_word' id='word_1_1224' title='bbox 2466 3607 2502 3633; x_wconf 86' lang='lat' dir='ltr'>ut</span> 
     </span>
    </p>
   </div>
   <div class='ocr_carea' id='block_1_16' title="bbox 2535 844 2748 894">
    <p class='ocr_par' dir='ltr' id='par_1_33' title="bbox 2535 844 2748 894">
     <span class='ocr_line' id='line_1_158' title="bbox 2535 844 2748 877; baseline -0.005 -10"><span class='ocrx_word' id='word_1_1225' title='bbox 2535 844 2597 877; x_wconf 61' lang='lat' dir='ltr'>fo·</span> <span class='ocrx_word' id='word_1_1226' title='bbox 2619 851 2643 867; x_wconf 87' lang='lat' dir='ltr'>n.</span> <span class='ocrx_word' id='word_1_1227' title='bbox 2663 850 2748 872; x_wconf 78' lang='lat' dir='ltr'>praee..</span> 
     </span>
     <span class='ocr_line' id='line_1_159' title="bbox 2535 876 2587 894; baseline -0.019 0"><span class='ocrx_word' id='word_1_1228' title='bbox 2535 876 2587 894; x_wconf 77' lang='lat' dir='ltr'>init.</span> 
     </span>
    </p>
   </div>
   <div class='ocr_carea' id='block_1_17' title="bbox 2534 1465 2747 1491">
    <p class='ocr_par' dir='ltr' id='par_1_34' title="bbox 2534 1465 2747 1491">
     <span class='ocr_line' id='line_1_160' title="bbox 2534 1465 2747 1491; baseline -0.009 -3"><span class='ocrx_word' id='word_1_1229' title='bbox 2534 1466 2544 1476; x_wconf 87' lang='grc'>·</span> <span class='ocrx_word' id='word_1_1230' title='bbox 2558 1465 2596 1488; x_wconf 78' lang='lat' dir='ltr'>ef.</span> <span class='ocrx_word' id='word_1_1231' title='bbox 2611 1471 2636 1488; x_wconf 85' lang='lat' dir='ltr'>n.</span> <span class='ocrx_word' id='word_1_1232' title='bbox 2650 1471 2682 1491; x_wconf 76' lang='lat' dir='ltr'>vi.</span> <span class='ocrx_word' id='word_1_1233' title='bbox 2698 1465 2747 1487; x_wconf 81' lang='lat' dir='ltr'>init.</span> 
     </span>
    </p>
   </div>
   <div class='ocr_carea' id='block_1_18' title="bbox 2529 2938 2670 2961">
    <p class='ocr_par' dir='ltr' id='par_1_35' title="bbox 2529 2938 2670 2961">
     <span class='ocr_line' id='line_1_161' title="bbox 2529 2938 2670 2961; baseline 0 0"><span class='ocrx_word' id='word_1_1234' title='bbox 2529 2939 2539 2949; x_wconf 82' lang='lat'>&#39;¹</span> <span class='ocrx_word' id='word_1_1235' title='bbox 2554 2938 2591 2961; x_wconf 77' lang='lat' dir='ltr'>ef.</span> <span class='ocrx_word' id='word_1_1236' title='bbox 2607 2944 2630 2960; x_wconf 89' lang='lat' dir='ltr'>n.</span> <span class='ocrx_word' id='word_1_1237' title='bbox 2642 2945 2670 2961; x_wconf 77' lang='grc' dir='ltr'>νι.</span> 
     </span>
    </p>
   </div>
   <div class='ocr_carea' id='block_1_19' title="bbox 2529 3201 2669 3224">
    <p class='ocr_par' dir='ltr' id='par_1_36' title="bbox 2529 3201 2669 3224">
     <span class='ocr_line' id='line_1_162' title="bbox 2529 3201 2669 3224; baseline 0.014 -2"><span class='ocrx_word' id='word_1_1238' title='bbox 2529 3202 2538 3212; x_wconf 87' lang='lat'>&#39;</span> <span class='ocrx_word' id='word_1_1239' title='bbox 2551 3201 2587 3223; x_wconf 72' lang='lat' dir='ltr'>Ct.</span> <span class='ocrx_word' id='word_1_1240' title='bbox 2603 3208 2625 3224; x_wconf 83' lang='lat' dir='ltr'>n.</span> <span class='ocrx_word' id='word_1_1241' title='bbox 2637 3204 2669 3224; x_wconf 64' lang='lat' dir='ltr'>k!-</span> 
     </span>
    </p>
   </div>
   <div class='ocr_carea' id='block_1_20' title="bbox 2529 3339 2663 3362">
    <p class='ocr_par' dir='ltr' id='par_1_37' title="bbox 2529 3339 2663 3362">
     <span class='ocr_line' id='line_1_163' title="bbox 2529 3339 2663 3362; baseline 0.007 -1"><span class='ocrx_word' id='word_1_1242' title='bbox 2529 3340 2538 3350; x_wconf 88' lang='lat'>&#39;</span> <span class='ocrx_word' id='word_1_1243' title='bbox 2554 3339 2663 3362; x_wconf 58' lang='lat' dir='ltr'>Lecta«-</span> 
     </span>
    </p>
   </div>
  </div>
 </body>
</html>
