2768 4134
68 1058 79 1067 ‘¹
94 1056 151 1084 cap.
163 1062 194 1078 vi.

68 1146 78 1155 ·
94 1144 151 1172 Cap.
161 1150 238 1172 praec.

68 1280 77 1288 ¹
92 1279 127 1300 Ci.
146 1278 280 1310 Commem.

69 1311 88 1327 c,
100 1312 162 1332 χιιι,
176 1310 226 1327 init.

66 1681 76 1690 ·
92 1679 127 1701 Cf.
142 1685 165 1701 n.
182 1685 213 1707 iv,
228 1679 279 1701 init.

64 2394 74 2402 “
90 2393 142 2414 Ari.
153 2400 171 2415 ι.

66 2420 86 2429 .-

64 3556 72 3565 “
88 3555 140 3577 Did.
153 3555 192 3583 ΙΙΙ,
206 3562 247 3580 vu.
259 3564 275 3579 ι,

324 299 394 336 168

316 378 526 414 intellectus
539 381 670 410 noster
683 372 800 410 habet
813 383 884 422 per
892 379 1100 420 utramque
1115 368 1389 418 cognitionem,

315 438 351 466 et
378 428 675 477 complexorum
704 433 740 463 et
763 425 1112 475 incomplexorum.
1145 422 1222 460 Sed
1251 421 1391 460 veritas

314 480 564 530 consequitur
591 480 831 517 intellectum,
855 486 1035 516 nostrum
1067 477 1107 514 in
1136 476 1196 514 sui
1224 475 1391 526 perfecta

313 533 542 583 cognitione,
563 533 724 583 quando
744 532 823 570 iam
842 544 968 582 usque
988 532 1038 569 ad
1064 528 1390 580 compositionem

917 292 1106 330 SUMMA
1136 291 1359 329 CONTRA
1389 290 1667 339 GENTILES,
1698 291 1930 331 CAP.'LIX.

1447 381 1587 407 omnes
1601 369 1792 408 bonitates
1805 371 1846 409 in
1866 384 1906 410 se
1922 372 2083 420 habens,
2100 379 2143 409 ut
2162 384 2280 422 supra
2289 372 2310 394 *
2323 380 2527 410 ostensum

1446 430 1513 470 est,
1537 422 1691 461 bonitas
1719 423 1932 463 intellectus
1956 425 1991 463 ei
2011 426 2145 463 deesse
2173 437 2255 463 non
2279 433 2416 476 potest.
2448 426 2527 464 Sed

1447 489 1578 514 verum
1612 482 1664 514 est
1695 479 1836 515 bonum
1873 479 2095 517 intellectus:
2128 486 2172 516 ut
2199 486 2303 529 patet
2335 491 2406 529 per
2437 479 2526 517 Phi-

1446 530 1678 579 losophum,
1713 530 1753 567 in
1781 531 1833 569 Vl
1860 534 2080 576 Ethicorum
2099 532 2131 569 ³¹².
2172 533 2277 582 Ergo
2309 532 2450 570 veritas
2486 532 2527 578 in
2565 577 2571 583 ,
2597 577 2603 583 ι

312 587 499 638 pervenit.
521 588 625 636 Ergo
645 594 682 624 et
700 586 740 624 in
760 586 843 637 ipsa
863 585 1026 635 simplici
1052 583 1125 621 Dei
1144 582 1391 631 intelligentia
1414 599 1422 619 s
1446 583 1533 621 Deo
1562 591 1629 621 est.

313 650 368 679 est
396 648 548 678 veritas.
578 651 580 653 ’

366 695 473 732 Item.
501 694 605 732 Cum
629 694 737 732 Deus
757 695 878 731 omnis
898 694 988 730 boni
1010 694 1150 729 bonum
1175 689 1234 738 sit,
1255 698 1390 740 utpote

366 809 410 835 bf>
429 809 462 834 Et
481 809 579 835 hoc...
597 816 674 834 verax
693 815 736 833 om
757 808 781 833 b.

1074 930 1415 964 Commentario.

388 1060 440 1080 Ula
464 1050 589 1085 veritas,
617 1048 799 1079 secundum
823 1047 1074 1087 Philosophum,
1099 1046 1140 1077 Ill
1165 1046 1206 1077 de
1228 1046 1348 1077 Anima
1361 1047 1387 1083 *‚

387 1095 549 1125 invenitur
578 1094 612 1124 in
642 1093 809 1124 intellectu
832 1097 945 1122 nostro
976 1090 1158 1122 secundum
1183 1091 1275 1132 quod
1297 1100 1388 1122 com-

309 1140 404 1180 ponit
427 1145 459 1169 et
482 1137 610 1175 dividit;
636 1147 712 1168 cum
736 1137 860 1168 dictum
876 1137 944 1167 sit*
967 1137 1077 1167 Deum
1091 1145 1161 1167 non
1185 1145 1388 1177 componere

309 1193 417 1224 neque
441 1182 593 1220 dividere,
618 1188 727 1223 posset
751 1182 867 1223 aliquis
891 1182 1072 1212 existimare
1093 1182 1261 1212 veritatem
1282 1181 1316 1212 in
1339 1181 1388 1212 di-

309 1230 386 1259 vino
410 1228 577 1259 intellectu
601 1237 668 1258 non
693 1236 773 1258 esse.
799 1226 877 1257 Ideo
907 1225 949 1257 ad
977 1226 1042 1257 hoc
1066 1225 1307 1257 excludendum
1331 1225 1407 1263 de-‚

309 1274 459 1305 terminat
483 1272 619 1304 Sanctus
643 1271 788 1303 Thomas
812 1272 852 1302 de
876 1271 1008 1302 veritate
1035 1271 1219 1302 intellectus
1242 1270 1343 1302 divini
1359 1272 1386 1302 *.

309 1319 404 1350 Circa
426 1318 490 1348 hoc
513 1323 623 1348 autem
646 1317 713 1348 duo
738 1316 828 1347 facit:
853 1317 972 1357 primo,
993 1316 1135 1347 ostendit
1154 1317 1188 1347 in
1208 1316 1280 1347 Deo
1305 1316 1386 1346 veri-

308 1370 407 1394 tatem
424 1372 508 1399 esse;
521 1361 679 1399 secundo,
692 1361 834 1393 ostendit
850 1361 954 1402 qualis
966 1361 1006 1392 sit
1018 1361 1087 1402 ipsa
1099 1362 1226 1398 veritas,
1240 1370 1311 1402 cap.
1319 1366 1387 1392 mxi.

309 1408 402 1439 Circa
425 1407 569 1448 primum
600 1406 667 1438 duo
698 1406 788 1438 facit:
816 1407 935 1448 primo,
959 1405 1102 1441 ostendit
1131 1405 1223 1448 quod
1250 1406 1285 1437 in
1313 1405 1386 1437 Deo

308 1454 347 1484 sit
370 1453 502 1489 veritas3
527 1451 684 1488 secundo,
704 1451 795 1493 quod
819 1452 859 1482 sit
878 1461 935 1482 sua
955 1451 1082 1488 veritas,
1099 1452 1204 1492 capite
1225 1451 1386 1492 sequenti.

364 1497 387 1528 1.
413 1497 583 1535 Quantum
607 1496 647 1527 ad
671 1497 825 1538 primum,
844 1497 979 1538 ponitur
1002 1496 1172 1528 conclusio
1195 1497 1271 1527 ista:
1296 1496 1387 1527 Licet

308 1543 488 1574 intellectus
511 1542 640 1572 divinus
665 1551 730 1572 non
755 1546 930 1583 componat
947 1546 1005 1572 aut
1027 1541 1162 1577 dividat,
1185 1551 1251 1572 non
1278 1545 1384 1572 tamen
1410 1534 1414 1588 Ι

308 1588 347 1618 ab
371 1597 409 1618 eo
435 1587 556 1618 veritas
587 1586 784 1623 excluditur,
809 1596 904 1628 quae,
933 1586 1111 1617 secundum
1141 1586 1386 1627 ffiilosophum,

307 1633 414 1664 solum
438 1632 527 1663 circa
551 1631 817 1672 compositionem
842 1636 874 1662 et
896 1631 1087 1662 divisionem
1119 1631 1300 1662 intellectus
1328 1636 1384 1662 est.

363 1677 407 1708 Et
423 1677 588 1718 probatur
612 1677 724 1717 primo
741 1678 767 1707 ’ἦ
801 1677 937 1707 Divinus
965 1676 1149 1707 intellectus
1179 1685 1247 1707 non
1276 1676 1386 1707 solum

309 1721 514 1763 quidditates‚
531 1721 587 1753 sed
603 1722 700 1752 etiam
725 1722 965 1752 enuntiationes
988 1721 1168 1762 cognoscit.
1186 1721 1273 1762 Ergo
1295 1721 1387 1762 quod

307 1767 491 1798 intellectus
507 1766 635 1798 divinus
657 1766 868 1807 intelligendo
885 1765 973 1803 dicit,
990 1772 1038 1797 est
1061 1766 1260 1807 compositio
1283 1772 1315 1797 et
1338 1765 1386 1797 di—

307 1813 400 1843 visio.
425 1811 512 1852 Ergo
535 1821 604 1843 non
628 1811 809 1843 excluditur
832 1811 947 1842 veritas
970 1811 1010 1842 ab
1033 1810 1200 1842 intellectu
1224 1810 1346 1842 divino.
1364 1829 1387 1833 —

308 1857 398 1888 Patet
409 1857 514 1898 prima
526 1857 771 1898 consequentia.
785 1855 872 1894 Quia
885 1856 1066 1887 enuntiatio
1079 1855 1278 1896 compositio
1287 1865 1386 1896 quae-

308 1901 383 1933 dam
398 1907 455 1932 est.
472 1919 494 1924 -
507 1900 657 1933 Secunda
672 1910 749 1932 vero
766 1901 931 1941 probatur.
944 1900 1030 1938 Quia
1042 1901 1158 1931 ven'tas
1170 1901 1203 1931 in
1219 1900 1386 1931 intellectu

307 1946 348 1978 ad
371 1946 404 1977 id
428 1946 519 1987 quod
541 1946 725 1977 intellectus
749 1945 826 1976 dicit
841 1946 991 1986 pertinet,
1013 1955 1081 1976 non
1098 1945 1138 1976 ad
1160 1945 1386 1986 operationem

308 1991 505 2022 intellectus:
538 1991 615 2031 quia
638 2000 704 2022 non
737 1996 868 2031 oportet
891 1990 1118 2030 operationem
1141 1989 1314 2030 adaequari
1339 1991 1386 2021 rei

307 2036 499 2073 intellectae,
516 2045 593 2067 cum
609 2045 659 2066 res
675 2034 875 2076 quandoque
894 2035 934 2066 sit
956 2034 1128 2066 materialis
1152 2040 1184 2065 et
1207 2034 1386 2075 intelligere

307 2081 347 2112 sit
362 2080 589 2117 immateriale;
606 2079 663 2111 sed
679 2079 760 2115 illud
776 2079 867 2121 quod
882 2079 1065 2111 intellectus
1082 2079 1293 2120 intelligendo
1310 2078 1387 2111 dicit

308 2132 339 2156 et
363 2125 542 2166 cognoscit.
564 2125 652 2156 Cum
676 2134 754 2166 ergo
778 2125 894 2155 veritas
917 2124 1100 2156 intellectus
1123 2124 1164 2155 sit
1186 2124 1385 2166 adaequatio

308 2170 488 2202 intellectus
504 2175 535 2201 et
551 2170 609 2207 rei,
626 2169 803 2201 secundum
819 2169 908 2211 quod
924 2169 1105 2200 intellectus
1121 2168 1200 2200 dicit
1214 2179 1283 2201 esse
1298 2170 1387 2211 quod

307 2221 354 2245 est
378 2216 427 2246 vel
451 2225 517 2247 non
542 2224 610 2246 esse
633 2214 721 2256 quod
744 2224 809 2245 non
835 2219 892 2250 est,
916 2215 1063 2255 sequitur
1088 2213 1179 2255 quod
1202 2214 1385 2246 intellectus

308 2261 348 2290 sit
370 2269 465 2291 verus
488 2259 621 2300 quando
644 2260 689 2290 ita
712 2265 759 2290 est
782 2260 822 2290 in·
839 2269 874 2290 re
897 2259 981 2290 sicut
1005 2258 1095 2290 dicit:
1122 2265 1154 2290 et
1177 2259 1233 2296 sic,
1258 2259 1285 2290 si
1308 2259 1386 2291 dicit

309 2305 584 2345 compositionem
608 2313 727 2340 veram,
752 2303 844 2344 quod
867 2304 907 2334 sit
930 2313 1035 2334 verus.

364 2348 608 2380 Advertendum
632 2349 716 2379 circa
746 2347 972 2380 definitionem
996 2349 1146 2384 veritatis,
1176 2358 1214 2379 ex
1238 2347 1386 2379 doctrina

309 2393 419 2425 Sancti
447 2393 598 2424 Thomae
625 2393 742 2429 Prima,
766 2402 798 2434 q.
823 2402 875 2423 xvi
891 2393 919 2429 ⁴,
945 2398 976 2423 et
1005 2393 1112 2429 Ver-it„
1138 2402 1169 2433 q.
1194 2403 1204 2423 1
1220 2393 1266 2430 ’Ὦ
1294 2393 1386 2434 quod

309 2437 456 2469 definitio
485 2439 565 2469 haec
589 2447 654 2478 qua
677 2437 804 2474 dicitur,
835 2437 959 2468 Veritas
982 2442 1030 2468 est
1055 2437 1252 2479 adaequatio
1277 2438 1326 2468 rei
1355 2443 1387 2469 et

309 2483 499 2519 intellectus,
533 2492 617 2523 quae
646 2488 694 2513 est
722 2482 818 2519 Isaac,
849 2488 897 2513 est
927 2482 1000 2513 data
1029 2482 1206 2513 secundum
1238 2482 1272 2513 id
1297 2483 1386 2524 quod

299 2528 498 2569 formaliter
522 2527 683 2558 rationem
700 2527 770 2558 veri
784 2527 924 2569 perficit.
948 2527 990 2558 Et
1005 2532 1072 2558 tam
1088 2526 1128 2558 ad
1151 2527 1318 2558 veritatem
1339 2528 1385 2558 rei

307 2578 415 2613 potest
439 2573 598 2613 pertinere
622 2581 722 2613 quam
745 2571 786 2602 ad
815 2573 982 2603 veritatem
1014 2572 1210 2603 intellectus:
1235 2582 1311 2603 nam
1334 2581 1385 2603 res

307 2617 423 2648 dicitur
439 2627 514 2648 vera
536 2616 718 2648 secundum
734 2616 826 2657 quod
841 2616 1040 2657 adaequatur
1063 2616 1258 2654 intellectui;
1283 2623 1314 2648 et
1335 2618 1383 2648 in-

306 2661 454 2693 tellectus
477 2660 594 2692 dicitur
609 2670 704 2692 verus
728 2660 909 2692 secundum
926 2660 1017 2702 quod
1033 2667 1081 2692 est
1103 2662 1149 2692 rei
1174 2661 1383 2702 adaequatus,

307 2707 383 2748 quia
406 2706 528 2738 scilicet
550 2707 594 2737 ita
617 2712 665 2737 est
687 2706 721 2736 in
745 2715 778 2737 re
803 2706 886 2737 sicut
913 2705 1030 2738 dicitur
1054 2711 1085 2737 et
1113 2706 1303 2747 intelligitur
1325 2716 1384 2748 per

305 2751 518 2783 intellectum.
535 2750 598 2782 lsta
618 2756 727 2782 autem
744 2750 937 2792 adaequatio
961 2750 1144 2782 intellectus
1168 2751 1208 2782 ad
1230 2760 1299 2783 rem
1315 2761 1383 2783 non

305 2797 461 2838 accipitur
484 2805 523 2827 ex
545 2801 636 2837 parte
658 2802 765 2827 actus:
791 2796 868 2837 quia
891 2801 982 2827 actus
1011 2805 1081 2827 non
1103 2796 1201 2827 habet
1223 2797 1383 2828 rationem

305 2841 523 2872 similitudinis
545 2841 592 2872 rei
615 2840 807 2878 intellectae,
832 2846 869 2872 ut
891 2840 938 2872 illi
961 2839 1086 2872 dicatur
1110 2840 1308 2882 adaequatus
1331 2842 1383 2873 vel

305 2886 549 2927 inadaequatus,
565 2885 640 2917 licet
656 2895 694 2917 ex
719 2885 827 2927 aliqua
848 2886 919 2916 eius
940 2885 1151 2917 similitudine
1173 2885 1329 2926 procedat
1351 2892 1383 2918 et

305 2929 346 2961 ad
361 2930 605 2962 similitudinem
621 2931 822 2962 terminetur.
838 2929 903 2962 Sed
919 2930 1076 2972 accipitur
1095 2940 1133 2962 ex
1153 2936 1242 2972 parte
1258 2929 1383 2962 formae

305 2976 498 3012 intellectus,
517 2974 699 3006 secundum
719 2985 819 3016 quam
837 2974 1021 3007 intellectus
1043 2974 1161 3006 dicitur
1179 2976 1225 3007 rei
1249 2985 1318 3007 esse
1341 2976 1383 3007 si-

305 3020 390 3051 milis
414 3026 446 3052 et
468 3020 515 3051 illi
531 3019 739 3061 adaequatus.
765 3019 861 3052 Unde
877 3020 1003 3057 veritas,
1021 3029 1059 3051 ex
1075 3026 1166 3061 parte
1189 3020 1383 3058 intellectus,

305 3065 382 3096 dicit
405 3065 547 3106 aliquam
563 3064 704 3096 formam
719 3065 753 3096 in
777 3065 944 3096 intellectu
961 3074 1045 3106 quae
1066 3070 1114 3096 est
1137 3065 1316 3097 similitudo
1337 3067 1383 3097 rei

304 3110 496 3147 intellectae,
513 3110 695 3142 secundum
715 3109 806 3151 quod
821 3119 879 3151 per
894 3110 999 3151 ipsam
1021 3110 1204 3141 intellectus
1226 3111 1271 3141 rei
1288 3110 1383 3142 adae-

305 3161 436 3195 quatur:
455 3155 498 3186 ita
514 3154 605 3196 quod
628 3155 683 3186 illa
699 3154 878 3186 similitudo
902 3164 971 3186 non
996 3160 1043 3185 est
1067 3153 1245 3186 formaliter
1268 3156 1383 3187 veritas

303 3199 364 3230 nisi
387 3200 512 3231 ratione
535 3200 621 3231 illius
644 3198 901 3240 adaequationis.

360 3243 604 3276 Advertendum
629 3245 736 3281 etiam,
761 3253 838 3275 cum
861 3243 979 3275 dicitur
997 3242 1089 3284 quod
1113 3245 1234 3275 veritas
1257 3245 1382 3276 intelle-

304 3293 373 3319 ctus
397 3294 444 3320 est
459 3288 655 3330 adaequatio
673 3289 855 3320 intellectus
870 3294 901 3320 et
917 3288 967 3319 rei
983 3288 1161 3319 secundum
1177 3289 1265 3330 quod
1288 3289 1382 3321 intel-

305 3333 404 3363 lectus
428 3334 507 3364 dicit
521 3343 590 3365 esse
608 3334 696 3375 quod
711 3339 760 3365 est
774 3334 826 3365 vel
848 3343 914 3364 non
931 3342 1000 3364 esse
1015 3333 1103 3375 quod
1127 3343 1192 3364 non
1217 3339 1273 3371 est,
1290 3334 1382 3375 quod

304 3378 490 3418 intelligitur
505 3378 546 3410 de
567 3379 700 3410 veritate
723 3384 759 3410 ut
775 3378 905 3419 cognita
925 3383 973 3409 est
992 3384 1024 3409 et
1040 3377 1135 3409 dicta.
1157 3378 1277 3410 Sensus
1293 3380 1380 3410 enim

305 3427 351 3452 est
374 3423 464 3463 quod
487 3429 566 3454 tunc
589 3423 772 3455 intellectus
803 3428 850 3454 est
874 3432 978 3459 verus»,
1002 3428 1158 3464 tanquam
1187 3433 1300 3454 verum
1325 3434 1381 3455 co-

304 3475 463 3505 gnoscens
479 3474 534 3498 aut
550 3467 671 3504 dicens,
688 3467 820 3509 quando
837 3467 914 3499 dicit
937 3473 993 3498 aut
1012 3468 1181 3508 cognoscit
1205 3477 1274 3499 esse
1299 3468 1381 3500 sicut

306 3515 351 3540 est
375 3517 429 3541 aut
452 3521 519 3543 non
544 3522 612 3543 esse
637 3513 719 3544 sicut
742 3522 811 3544 non
835 3518 892 3544 est.
909 3531 931 3534 -
946 3513 1021 3544 Hoc
1043 3513 1139 3544 etiam
1160 3512 1261 3544 modo
1285 3514 1379 3544 intel-

305 3554 412 3593 ligitur
435 3556 526 3596 quod
550 3557 666 3588 dicitur
690 3557 732 3588 1v
757 3558 913 3598 Metaph„
935 3563 1011 3589 text.
1031 3567 1071 3598 27
1089 3558 1117 3594 ',
1142 3557 1264 3588 scilicet
1288 3558 1379 3599 quod

306 3608 416 3628 verum
441 3606 487 3630 est
510 3611 566 3632 ens
589 3611 657 3632 esse
673 3607 703 3632 et
727 3612 792 3633 non
810 3612 867 3634 ens
884 3612 950 3633 non
975 3611 1052 3633 esse.
1078 3601 1268 3643 Intelligitur
1291 3603 1378 3634 enim

306 3641 346 3672 de
368 3652 445 3674 vero
470 3646 615 3685 cognito.
639 3646 723 3677 Nam
751 3653 829 3678 tunc
859 3656 972 3678 verum
1001 3647 1220 3688 cognoscitur,
1245 3647 1377 3688 quando

306 3687 513 3726 cognoscitur
537 3699 604 3719 esse
629 3690 718 3730 quod
743 3697 789 3722 est
813 3697 843 3722 et
867 3701 934 3722 non
960 3701 1029 3723 esse
1053 3691 1144 3732 quod
1167 3701 1234 3722 non
1259 3698 1320 3723 est:
1346 3698 1377 3723 et

1501 637 1549 674 Et
1568 637 1646 674 hoc
1665 645 1722 674 est
1740 638 1850 687 quod
1869 638 2010 677 dicitur
2027 640 2067 677 in
2088 641 2246 678 Psalmo
2260 639 2296 677 *z
2317 641 2383 677 Est
2401 645 2526 677 autem

1446 691 1549 727 Deus
1576 703 1709 728 verax.

871 807 898 831 in
917 806 1025 831 Psalmo
1043 804 1202 836 GNWYPc3
1221 805 1300 830 Rom.
1314 812 1352 830 111.
1371 806 1406 838 cs.
1425 812 1485 838 cap.
1500 803 1542 830 61.
1553 805 1608 838 fin.

1444 930 1758 964 Fen-ariensis

1443 1046 1589 1077 similiter
1611 1052 1697 1077 tunc·
1712 1045 1830 1077 dicitur
1846 1055 1972 1083 verum,
1989 1045 2123 1087 quando
2143 1045 2261 1077 dicitur
2280 1056 2350 1078 esse
2367 1048 2459 1088 quod
2473 1054 2526 1080 est

1443 1097 1476 1122 et
1498 1101 1568 1122 non
1592 1100 1663 1122 esse
1687 1090 1779 1132 quod
1802 1100 1871 1122 non
1895 1096 1954 1122 est.

1499 1135 1536 1167 11.
1562 1135 1627 1167 Sed
1642 1137 1728 1167 circa
1743 1145 1781 1167 ea
1805 1145 1890 1177 quae
1912 1136 1966 1167 hic
1989 1135 2143 1167 dicuntur
2165 1136 2281 1177 triplex
2305 1137 2448 1168 occurrit
2465 1136 2526 1168 du-

1442 1181 1543 1212 bium.
1560 1181 1708 1212 Primum
1724 1186 1772 1211 est
1788 1181 1865 1222 quia
1881 1180 2019 1212 Sanctus
2034 1180 2192 1218 Thomas,
2211 1181 2319 1218 Verit„
2336 1191 2367 1222 q.
2384 1192 2406 1219 1,
2419 1187 2476 1213 art.
2498 1191 2524 1219 ι,

1433 1226 1548 1267 ‘inquit
1571 1225 1661 1267 quod
1684 1226 1832 1268 cognitio
1857 1231 1905 1256 est
1926 1225 2060 1267 quidam
2079 1226 2228 1257 ueritatis
2251 1226 2394 1267 effectus.
2412 1226 2477 1258 Sed
2492 1227 2525 1258 id

1442 1270 1534 1312 quod
1550 1270 1667 1302 dicitur
1679 1276 1727 1302 est
1738 1271 1896 1302 terminus
1909 1277 1941 1302 et
1957 1270 2091 1302 effectus
2107 1271 2316 1312 cognitionis,
2333 1281 2403 1302 non
2415 1277 2525 1303 autem

1442 1325 1539 1347 causa
1562 1316 1642 1347 eius.
1667 1316 1754 1356 Ergo
1771 1316 1887 1347 veritas
1910 1325 1979 1347 non
2000 1317 2141 1356 pertinet
2164 1315 2205 1347 ad
2227 1315 2261 1347 id
2282 1316 2373 1357 quod
2396 1316 2524 1348 dicitur.

1441 1360 1546 1393 Cuius
1569 1361 1764 1402 oppositum
1788 1366 1836 1392 est
1859 1361 1912 1391 hic
1936 1360 2071 1392 dictum.

1497 1405 1687 1450 Secundum
1703 1407 1720 1423 ⁴*
1745 1411 1793 1438 est
1815 1406 1903 1447 quia,
1921 1405 1946 1437 si
1970 1405 2051 1441 illud
2075 1405 2168 1447 quod
2181 1405 2372 1439 >intellectus
2396 1405 2525 1438 divinus

1441 1449 1518 1482 dicit
1534 1457 1582 1482 est
1596 1451 1797 1492 compositio
1810 1457 1842 1482 et
1855 1450 1982 1487 divisio,
2000 1460 2078 1491 ergo
2091 1450 2275 1482 intellectus
2287 1450 2416 1482 divinus
2433 1460 2524 1482 com-

1439 1497 1535 1537 ponit
1559 1502 1591 1527 et
1614 1495 1740 1528 dividit:
1767 1496 1844 1538 quia
1867 1495 1947 1526 nihil
1965 1495 2055 1527 aliud
2078 1496 2113 1527 in
2136 1496 2232 1527 nobis
2256 1501 2303 1527 est
2323 1505 2525 1537 componere

1440 1546 1473 1572 et
1495 1540 1639 1572 dividere
1661 1551 1761 1582 quam
1786 1541 1893 1572 dicere
1912 1546 2113 1582 conceptum
2132 1541 2276 1582 aliquem
2300 1541 2524 1582 complexum.

1441 1585 1516 1617 Hoc
1540 1591 1651 1617 autem
1674 1585 1791 1617 falsum
1815 1592 1873 1622 est,
1899 1591 1934 1616 ut
1957 1586 2106 1627 superius
2122 1587 2139 1602 ⁴*
2163 1591 2211 1617 est
2231 1591 2411 1617 ostensum.
2436 1586 2524 1627 Ergo
2551 1590 2561 1599 ·

1441 1629 1558 1662 falsum
1583 1637 1630 1662 est
1654 1631 1745 1672 quod
1772 1630 1957 1662 intellectus
1981 1630 2109 1662 divinus
2133 1630 2218 1662 dicat
2246 1631 2524 1672 compositionem

1441 1681 1473 1706 et
1496 1675 1703 1707 divisionem.
2163 1681 2166 1684 '

1498 1720 1672 1752 Tertium*
1684 1726 1732 1752 est
1747 1721 1824 1761 quia
1840 1719 1932 1761 quod
1948 1720 2128 1761 intelligere
2138 1720 2183 1759 ‚sit
2197 1719 2458 1760 immaterialeet
2471 1719 2523 1752 res

1439 1765 1602 1796 intellecta
1625 1765 1802 1806 aliquando
1817 1765 2002 1803 materialis,
2019 1774 2088 1796 non
2107 1764 2235 1796 videtur
2253 1764 2418 1807 sufficiens
2438 1765 2522 1806 ratio

1440 1819 1540 1851 quare
1563 1810 1674 1851 ipsum
1698 1810 1878 1851 intelligere
1896 1819 1965 1841 non
1984 1815 2135 1851 oporteat
2157 1810 2203 1841 rei
2228 1809 2413 1851 adaequari.
2436 1805 2523 1850 Nam

1441 1860 1473 1886 et
1496 1861 1677 1896 conceptus
1700 1855 1892 1896 complexus
1915 1855 1950 1886 in
1972 1854 2142 1886 intellectu
2164 1855 2523 1897 immaterialiseetget

1440 1905 1550 1930 tamen
1573 1900 1620 1931 rei
1642 1900 1799 1931 materiali
1823 1899 2024 1941 adaequatur
2047 1905 2102 1931 aut
2125 1899 2370 1941 inadaequatur.

1497 1944 1549 1975 111.
1574 1944 1627 1975 Ad
1654 1945 1798 1986 primum
1827 1945 1947 1976 horum
1977 1943 2168 1985 responderi
2198 1943 2373 1986 dupliciter
2401 1950 2521 1986 potest.

1440 1988 1551 2020 Primo
1575 1989 1677 2030 quod,
1701 1999 1779 2021 cum
1802 1990 1918 2026 veritas
1941 1990 2098 2031 importet
2124 1989 2374 2021 similitudinem
2394 1989 2443 2022 rei
2465 1999 2523 2027 co-

1439 2034 1548 2074 gnitae
1578 2033 1761 2066 secundum
1789 2043 1890 2076 quam
1919 2034 2104 2066 intellectus
2132 2039 2181 2066 est
2207 2035 2255 2066 rei
2283 2033 2464 2077 conformis
2490 2040 2523 2067 et

1440 2077 1650 2120 adaequatus,
1667 2078 1839 2120 dupliciter
1857 2079 2022 2111 invenitur
2041 2079 2156 2110 veritas
2178 2079 2213 2110 in
2237 2079 2414 2118 intellectu,
2438 2079 2523 2112 sicut

1439 2122 1612 2165 dupliciter
1626 2124 1791 2156 invenitur
1806 2125 1840 2156 in
1863 2124 1937 2166 ipso
1953 2125 2000 2156 rei
2015 2124 2198 2156 intellectae
2214 2124 2406 2156 similitudo.
2429 2123 2523 2156 Inve-

1439 2169 1527 2200 nitur
1551 2170 1639 2200 enim
1663 2170 1696 2200 in
1721 2179 1762 2200 eo
1786 2168 1966 2201 similitudo
1990 2168 2192 2210 quandoque
2215 2168 2417 2211 imperfecte,
2438 2168 2523 2202 sicut

1441 2213 1574 2255 quando
1597 2213 1791 2246 informatur
1810 2215 1919 2256 specie
1947 2214 2153 2255 intelligibili,
2177 2213 2234 2254 sed
2262 2214 2430 2246 actualiter
2451 2223 2522 2247 non

1439 2258 1639 2290 considerat:
1657 2259 1858 2300 quandoque
1870 2264 1980 2290 autem
1996 2258 2150 2300 perfecte,
2162 2259 2246 2290 sicut
2261 2259 2396 2300 quando
2411 2265 2521 2292 actua-

1440 2303 1512 2334 liter
1527 2303 1675 2345 intelligit
1690 2310 1722 2335 et
1734 2303 1853 2336 format
1868 2310 2069 2345 conceptum
2083 2304 2131 2336 rei
2145 2302 2363 2335 conformem.
2377 2303 2455 2336 Ideo
2470 2305 2521 2336 in-

1440 2348 1568 2379 venitur
1591 2349 1707 2380 veritas
1727 2349 1762 2380 in
1785 2349 1951 2381 intellectu
1975 2354 2007 2380 et
2030 2347 2230 2390 imperfecte,
2254 2348 2379 2380 ratione
2399 2349 2521 2391 speciei

1439 2393 1648 2434 intelligibilis
1671 2394 1815 2435 praecise
1835 2398 2002 2435 sumptae;
2027 2398 2060 2425 et
2076 2391 2231 2435 perfecte,
2252 2393 2377 2424 ratione
2401 2402 2520 2426 conce-

1439 2443 1515 2478 ptus
1539 2437 1669 2469 formati
1693 2437 1733 2469 de
1757 2448 1801 2470 re.
1833 2438 1921 2471 Cum
1950 2447 2028 2480 ergo
2057 2437 2174 2470 dicitur
2196 2438 2230 2469 in
2262 2437 2520 2477 Quaestionibus

1440 2482 1480 2513 de
1500 2482 1641 2514 Veritate
1657 2482 1748 2524 quod
1763 2484 1910 2524 cognitio
1926 2489 1975 2514 est
1994 2483 2142 2514 veritatis
2164 2482 2307 2525 effectus,
2331 2482 2520 2525 intelligitur

1439 2526 1480 2559 de
1491 2528 1625 2559 veritate
1641 2527 1831 2569 imperfecte
1847 2533 1987 2570 sumpta.
2006 2527 2094 2559 Cum
2109 2533 2220 2559 autem
2235 2528 2288 2559 hic
2305 2527 2422 2559 dicitur
2437 2529 2520 2560 veri-

1439 2577 1539 2603 tatem
1562 2573 1724 2614 pertinere
1740 2573 1784 2604 ad
1800 2573 1834 2604 id
1848 2573 1937 2615 quod
1952 2573 2083 2610 dicitur,
2099 2572 2289 2613 intelligitur
2313 2572 2353 2604 de
2376 2572 2520 2614 perfecta

1439 2622 1471 2648 et
1495 2617 1660 2658 completa
1683 2618 1827 2649 veritate.

1494 2661 1606 2693 Potest
1637 2662 1782 2694 secundo
1813 2661 2004 2704 responderi
2035 2661 2126 2703 quod
2157 2662 2304 2703 cognitio
2334 2661 2520 2694 intellectus

1438 2707 1539 2738 nostn‘
1563 2706 1603 2738 ad
1627 2707 1694 2739 duo
1718 2708 1922 2739 terminatur:
1947 2707 2070 2739 scilicet
2093 2706 2134 2738 ad
2157 2712 2357 2749 conceptum
2380 2707 2439 2749 qui
2461 2714 2520 2748 per

1438 2757 1548 2783 actum
1571 2751 1771 2793 intelligendi
1794 2751 1969 2789 formatum
1994 2758 2027 2783 et
2041 2750 2082 2784 ad
2105 2761 2175 2783 rem
2197 2760 2256 2794 per
2278 2751 2377 2784 talem
2399 2760 2519 2784 eonce-

1437 2801 1533 2837 ptum
1556 2802 1838 2838 repraesentatam.
1863 2797 1905 2828 Et
1927 2797 2017 2838 prius
2039 2796 2154 2828 ordine
2177 2802 2311 2828 naturae
2326 2795 2520 2838 producitur

1438 2847 1619 2883 conceptus
1635 2851 1734 2883 quam
1751 2851 1802 2873 res
1824 2841 1865 2873 ad
1881 2847 1969 2873 extra
1988 2841 2194 2883 intelligatur.
2219 2841 2268 2873 Ex
2284 2851 2353 2883 quo
2371 2842 2519 2883 sequitur

1438 2885 1529 2928 quod
1554 2887 1642 2927 prius
1665 2892 1780 2918 natura
1808 2886 1992 2918 intellectus
2014 2895 2073 2928 per
2096 2891 2296 2928 conceptum
2319 2885 2519 2928 adaequatur

1436 2931 1494 2968 rei,
1518 2940 1619 2973 quam
1641 2941 1711 2963 rem
1734 2931 1958 2968 extrinsecam,
1981 2930 2163 2963 secundum
2192 2930 2284 2973 quod
2313 2937 2401 2963 extra
2423 2930 2518 2967 intel—

1436 2975 1560 3007 lectum
1584 2976 1699 3013 existit,
1717 2982 1904 3017 cognoscat.
1921 2976 1963 3007 Et
1979 2976 2056 3017 quia
2070 2976 2187 3008 veritas
2203 2975 2350 3008 consistit
2372 2976 2407 3008 in
2423 2975 2518 3008 adae-

1437 3021 1594 3062 quatione
1617 3021 1800 3052 intellectus
1816 3026 1848 3052 et
1863 3021 1920 3058 rei,
1937 3020 2012 3052 ideo
2036 3021 2126 3062 prius
2141 3020 2255 3052 ordine
2270 3026 2405 3052 naturae
2423 3020 2518 3053 intel-

1436 3066 1540 3097 lectus
1557 3071 1604 3097 est
1619 3075 1715 3097 verus
1731 3075 1831 3107 quam
1847 3065 1887 3098 ad
1909 3075 1979 3097 rem
2003 3065 2044 3097 ad
2060 3071 2148 3097 extra
2170 3066 2371 3098 terminetur.
2390 3065 2433 3098 Et
2451 3065 2517 3099 hoc

1437 3110 1539 3142 modo
1564 3111 1720 3152 cognitio,
1736 3120 1805 3153 non
1822 3110 1957 3152 quidem
1973 3111 2162 3152 simpliciter
2178 3116 2308 3152 sumpta
2323 3116 2356 3142 et
2374 3115 2411 3142 ut
2426 3118 2516 3151 egre—

1437 3155 1523 3187 ditur
1538 3156 1578 3186 ab
1594 3155 1772 3192 intellectu,
1789 3155 1847 3187 sed
1862 3161 1898 3188 ut
1922 3154 1962 3187 ad
1978 3165 2046 3187 rem
2070 3155 2266 3197 inquantum
2285 3160 2333 3186 est
2354 3154 2389 3186 in
2410 3154 2517 3196 seipsa

1436 3200 1637 3237 terminatur,
1655 3206 1702 3232 est
1718 3199 1853 3231 effectus
1873 3200 2024 3231 veritatis.
2045 3199 2087 3231 Et
2109 3205 2219 3232 tamen
2241 3199 2356 3230 veritas
2376 3198 2516 3240 pertinet

1437 3244 1476 3276 ad
1500 3244 1533 3276 id
1557 3244 1648 3286 quod
1671 3244 1798 3276 dicitur.
1823 3245 1907 3276 Dico
1926 3254 2004 3286 ergo
2028 3243 2120 3286 quod
2142 3243 2175 3276 id
2193 3242 2285 3285 quod
2308 3242 2424 3274 dicitur
2445 3252 2515 3275 non

1437 3295 1484 3321 est
1500 3289 1634 3321 effectus
1650 3295 1682 3321 et
1705 3290 1862 3321 terminus
1878 3289 2076 3330 cognitionis
2093 3293 2130 3320 ut
2153 3287 2299 3329 cognitio
2323 3288 2516 3320 terminatur

1436 3334 1476 3366 ad
1499 3340 1597 3371 extra,
1613 3335 1717 3366 immo
1740 3335 1786 3366 sic
1805 3340 1853 3366 est
1875 3343 1971 3366 causa
1990 3334 2074 3366 eius:
2092 3333 2168 3373 quia
2186 3338 2366 3373 conceptus
2383 3338 2430 3364 est
2452 3333 2515 3375 ipsi

1436 3379 1617 3420 cognitioni
1640 3380 1722 3410 ratio
1738 3385 1774 3410 ut
1797 3379 1988 3410 terminetur
2002 3377 2043 3409 ad
2059 3382 2160 3414 extra;
2185 3376 2271 3414 licet,
2296 3377 2445 3409 absolute
2463 3377 2515 3410 lo-

1436 3423 1581 3465 quendo,
1605 3424 1645 3455 sit
1673 3423 1872 3465 operationis
1895 3421 2103 3463 intelligibilis
2132 3419 2266 3453 effectus
2290 3427 2321 3453 et
2345 3422 2512 3454 terminus.

1434 3469 1518 3500 Nam
1535 3474 1716 3510 conceptus
1731 3468 1923 3504 intellectus,
1936 3465 2024 3508 apud
2036 3465 2191 3498 Sanctum
2203 3466 2379 3504 Thomam,
2397 3466 2513 3498 dicitur

1434 3514 1633 3555 principium
1657 3511 1877 3554 cognoscendi
1900 3517 1998 3552 prout
2022 3511 2168 3552 cognitio
2193 3511 2233 3543 ad
2259 3521 2328 3543 rem
2351 3521 2410 3553 per
2434 3521 2512 3543 con-

1434 3564 1567 3600 ceptum
1583 3562 1853 3599 repraesentatam
1867 3556 2072 3587 terminatur:
2089 3565 2157 3587 non
2173 3562 2283 3588 autem
2298 3562 2335 3588 ut
2351 3555 2513 3598 egreditur

1434 3603 1473 3634 ab
1490 3602 1668 3634 intellectu.
1686 3602 1731 3634 Ut
1747 3601 1835 3633 enirn
1847 3606 1935 3641 patet
1951 3600 1984 3631 in
2000 3599 2107 3632 Prima
2120 3600 2222 3639 Parte,
2237 3610 2268 3642 q.
2280 3611 2331 3638 xv,
2349 3606 2381 3632 et
2402 3601 2511 3637 Verit„

1434 3657 1465 3688 q.
1483 3658 1528 3685 m,
1546 3647 1619 3679 idea
1636 3646 1785 3678 nominat
1801 3650 2000 3687 conceptum
2017 3646 2073 3686 qui
2091 3651 2138 3677 est
2153 3646 2311 3678 terminus
2327 3655 2386 3687 per
2402 3651 2513 3678 actum

1433 3692 1615 3723 intellectus
1642 3690 1831 3732 productus,
1860 3695 1891 3720 et
1919 3690 2053 3731 ponitur
2081 3691 2279 3732 principium
2308 3699 2377 3722 non
2401 3690 2510 3722 solum

2555 376 2564 385 ·
2580 375 2639 403 Cap.
2650 381 2688 398 xi..

2555 535 2564 582 ἶ
2574 534 2691 583 <²32p.n,3;
2701 534 2768 558 asna.

2555 642 2564 651 ·
2575 640 2612 663 Cf.
2622 641 2689 663 Rom.
2700 647 2736 668 ιιι,
2745 649 2768 669 4,

2552 1406 2562 1416 ·
2577 1405 2615 1428 Cf.
2630 1411 2654 1428 n.
2665 1411 2700 1433 ui,
2710 1412 2733 1428 ι.

2551 1726 2561 1736 ·
2576 1725 2612 1748 Cf.
2628 1731 2652 1749 n.
2663 1731 2698 1753 ιιι,
2710 1732 2731 1755 3.
