2742 4152
9 2894 11 2898 .
42 2879 53 2892 ·
66 2877 102 2902 et.
119 2877 256 2910 pomment.

9 2919 11 2921 -
43 2910 64 2928 ο.
75 2910 109 2933 iv,
119 2907 171 2927 nut.

849 250 1039 288 SUMMA
1068 251 1290 290 CONTRA
1318 254 1593 302 GENTILES,
1624 258 1736 295 CAP.
1756 260 1918 308 V1,V11.

341 329 411 360 Etsi
432 339 510 370 ergo
529 330 617 370 magi
639 329 897 366 Pharaonissaut
919 328 1075 366 infideles,
1091 336 1148 361 aut
1171 331 1268 361 etiam
1291 332 1360 362 Ma—

285 374 448 411 humetus,
477 374 585 415 aliqua
607 374 754 405 fecerunt
776 383 861 414 quae
886 374 1043 405 miracula
1063 374 1265 411 videbantur,
1292 385 1361 406 non

286 424 376 449 erant
402 424 513 450 tamen
535 428 611 450 vera
638 418 803 454 miracula,
825 423 942 458 utpote
962 428 1046 459 quae
1070 428 1206 450 omnem
1229 425 1361 450 naturae

45 466 257 494 ¹Lib.111‚loc-cit·
286 469 474 504 superarent
495 463 692 500 facultatem,
716 468 754 494 ut
775 461 938 493 inferius*
962 463 1158 494 ostendetur.

342 508 425 539 Illud
447 513 614 548 postremo
641 506 884 543 advertendum,
909 507 1000 548 quod
1025 508 1259 539 miraculorum
1283 517 1362 548 ope-

284 552 366 583 ratio
388 561 458 584 non
482 553 527 583 sic
550 552 650 584 fidem
672 551 844 583 confirmat
868 551 1084 583 Christianam
1107 553 1199 593 quasi
1222 553 1362 593 particu—

2434 277 2479 314 19

1414 333 1520 365 lariter
1548 335 1657 367 videre
1685 336 1804 369 faciant
1827 348 1865 369 ea
1888 349 1971 380 quae
1999 345 2074 372 sunt
2095 340 2172 373 fidei
2200 352 2274 374 vera
2303 352 2388 374 esse:
2415 345 2481 375 hoc

1416 378 1503 408 enim
1526 380 1643 410 rationi
1668 380 1746 412 fidei
1770 389 1938 423 repugnat.
1967 384 2030 415 Sed
2056 392 2190 417 movent
2217 387 2419 419 voluntatem
2440 388 2481 420 ad

1415 421 1480 452 hoc
1506 428 1543 452 ut
1569 423 1681 454 videns
1709 435 1746 455 ea
1773 427 1849 457 velit
1879 427 2016 459 credere.
2044 429 2093 460 Ex
2120 431 2181 461 illis
2209 432 2296 462 enim
2321 432 2481 464 iudicatur

1416 467 1614 497 conveniens
1642 468 1770 499 credere
1793 469 1892 501 fidem
1918 472 2124 511 praedicanti,
2148 476 2223 515 quia
2251 477 2425 508 ostendunt
2446 478 2481 509 in

1416 510 1587 541 universali
1614 521 1689 542 vera
1718 522 1785 543 esse
1818 523 1901 553 quae
1929 517 2151 555 praedicantur
2178 525 2274 559 atque
2301 521 2480 553 secundum

1417 553 1558 584 divinam
1581 556 1781 595 sapientiam,
1804 564 1919 598 utpote
1942 569 1979 590 ea
2001 562 2161 593 miraculis
2182 564 2436 597 confirmantem.

1298 669 1303 678 ,
1318 634 1448 701 ἘἚιςῦ
1471 668 1482 679 ,,

912 788 1398 847 CAPITULUM
1435 789 1867 849 SEPTIMUM

809 916 986 970 QUOD
1020 917 1313 958 VERITATI
1346 917 1510 959 FIDEI
1544 918 1960 963 CHRISTIANAE

671 987 812 1028 NON
855 987 1399 1030 CONTRARIATUR
1437 988 1735 1032 VERITAS
1775 992 2095 1034 RATIONIS

358 1118 462 1156 „ass
481 1120 612 1147 UAMVIS
657 1116 790 1146 autem
837 1107 1034 1158 praedicta
1080 1108 1220 1147 veritas
1267 1108 1362 1147 fidei

350 1205 363 1214 4
383 1156 392 1170 ’
496 1159 737 1199 Christianae
774 1162 973 1199 humanae
1015 1162 1174 1200 rationis
1209 1162 1360 1213 capaci-

415 1220 434 1251 .’
493 1222 613 1252 tatem
641 1214 814 1262 excedat,
848 1215 946 1252 haec
972 1222 1105 1253 tamen
1132 1228 1236 1265 quae
1263 1215 1360 1254 ratio

294 1263 363 1305 '‘¹2³-
376 1267 389 1308 ⁴„
440 1266 460 1290 ³
494 1267 717 1317 naturaliter
752 1266 873 1306 indita
914 1268 1043 1316 habet,
1080 1269 1173 1306 huic
1210 1269 1359 1307 veritati

274 1318 578 1361 contraffa‘esse
595 1333 678 1359 non
705 1329 881 1372 possunt.
911 1322 970 1359 Ea
988 1321 1095 1360 enim
1121 1334 1222 1372 quae
1250 1331 1361 1360 natu-

283 1374 410 1414 taliter
437 1373 575 1414 rationi
602 1382 693 1413 sunt
709 1373 834 1424 insita,
855 1375 1056 1413 verissima
1084 1388 1167 1414 esse
1195 1384 1358 1415 constat:

283 1427 326 1467 in
342 1435 495 1467 tantum
513 1436 556 1467 ut
582 1440 657 1467 nec
684 1440 768 1466 esse
785 1429 880 1467 falsa
904 1428 951 1467 sit
968 1428 1152 1480 possibile
1181 1429 1359 1479 cogitare.

283 1482 371 1521 Nec
397 1481 438 1520 id
464 1482 576 1532 quod
608 1481 689 1520 fide
723 1490 887 1530 tenetur,
922 1494 1014 1520 cum
1045 1490 1127 1521 tam
1162 1482 1362 1521 evidenter

284 1534 470 1574 divinitus
505 1535 786 1574 confirmatum
818 1535 875 1582 sit,
904 1536 960 1574 fas
994 1543 1052 1573 est
1083 1537 1241 1574 credere
1276 1549 1361 1574 esse

284 1587 437 1628 falsum.
467 1588 572 1638 Quia
598 1588 713 1639 igitur
746 1590 877 1627 solum
910 1589 1051 1627 falsum
1085 1602 1180 1628 vero
1213 1598 1360 1628 contra-

285 1641 389 1689 rium
417 1650 485 1690 est,
514 1650 557 1681 ut
593 1655 641 1681 ex
666 1655 818 1684 veorum
852 1642 1146 1682 definitionibus
1179 1642 1361 1694 inspectis

284 1694 486 1738 nmnifeste
513 1704 684 1746 apparet,
711 1695 951 1747 impossibile
979 1704 1036 1735 est
1063 1696 1135 1735 illis
1162 1696 1361 1747 principiis

283 1759 386 1800 quae
403 1749 504 1788 ratio
530 1749 754 1788 naturaliter
773 1750 982 1799 cognoscit,
1001 1750 1241 1801 praedictam
1259 1750 1359 1789 veri-

284 1809 404 1841 tatem
429 1802 524 1841 fidei
551 1803 785 1842 contrariam
814 1816 910 1842 esse.

1470 1110 1623 1148 Adhuc.
1651 1111 1859 1150 Contrariis
1877 1114 2090 1152 rationibus
2117 1114 2327 1154 intellectus
2354 1125 2483 1156 noster

1415 1162 1562 1211 ligatur,
1578 1172 1620 1202 ut
1639 1165 1688 1202 ad
1702 1166 1784 1203 veri
1798 1166 2058 1216 cognitionem
2076 1169 2285 1217 procedere
2304 1179 2481 1220 nequeat.

1417 1216 1459 1254 Si
1486 1215 1600 1265 igitur
1622 1219 1834 1256 contrariae
1853 1220 2090 1269 cognitiones
2109 1221 2221 1259 nobis
2249 1235 2272 1260 a
2298 1223 2383 1260 Deo
2410 1223 2482 1261 im-

1416 1269 1669 1318 mitterentur,
1690 1285 1736 1309 ex
1765 1273 1841 1310 hoc
1869 1286 1891 1310 a
1919 1273 2085 1311 veritatis
2108 1275 2326 1324 cognitione
2354 1285 2483 1315 noster

1382 1322 1628 1361 sintellectus
1661 1324 1922 1375 impediretur.
1957 1327 2076 1374 Quod
2109 1340 2132 1365 a
2164 1329 2249 1366 Deo
2284 1341 2366 1367 esse
2402 1342 2483 1368 non

1444 1383 1552 1414 otest.

1414 1388 1442 1427 P
1467 1430 1660 1480 Amplius.
1690 1432 1748 1469 Ea
1775 1445 1876 1482 quae
1909 1441 1998 1470 sunt
2025 1433 2211 1471 naturalia
2238 1435 2378 1473 mutari
2402 1448 2483 1473 non

1415 1492 1590 1533 possunt,
1619 1492 1756 1523 natura
1784 1494 1977 1523 manente.
2000 1486 2222 1524 Contrariae
2250 1495 2379 1525 autem
2402 1488 2483 1538 opi-

1416 1537 1554 1575 niones
1591 1537 1708 1575 simul
1745 1538 1873 1576 eidem
1910 1538 2034 1577 inesse
2072 1552 2153 1577 non
2189 1549 2362 1590 possunt.
2390 1542 2484 1579 Non

1376 1606 1402 1621 ιο
1416 1589 1530 1640 igitur
1543 1599 1677 1629 contra
1695 1591 1957 1640 cognitionem
1975 1594 2191 1631 naturalem
2211 1593 2336 1644 aliqua
2353 1594 2484 1644 opinio

1416 1645 1479 1682 vel
1505 1643 1605 1682 fides
1633 1644 1785 1683 homini
1813 1657 1836 1682 a
1864 1646 1949 1683 Deo
1979 1645 2205 1684 immittitur.

1470 1697 1520 1735 Et
1553 1697 1642 1736 ideo
1670 1699 1882 1747 Apostolus
1915 1698 2017 1744 dicit,
2045 1701 2156 1736 Rom.
2186 1697 2255 1736 x²⁵z
2285 1701 2408 1750 Prope
2435 1707 2486 1738 est

1415 1753 1572 1789 verbum
1601 1754 1638 1789 in
1658 1753 1773 1789 corde
1790 1757 1852 1789 tuo
1873 1758 1906 1789 et
1933 1754 1970 1789 in
1991 1765 2058 1790 ore
2076 1759 2158 1790 tuo.-
2174 1754 2246 1790 hoc
2265 1759 2314 1790 est
2332 1756 2486 1791 verbum

1404 1804 1514 1853 fidei,
1554 1805 1655 1854 quod
1684 1805 1962 1855 praedicamus.
1998 1805 2076 1843 Sed
2109 1805 2201 1855 quia
2238 1814 2392 1855 superat
2428 1819 2485 1844 ra-

288 1866 291 1867 ’
335 1856 445 1900 Item.
474 1857 572 1894 Illud
600 1857 707 1894 idem
744 1857 854 1907 quod
886 1855 1083 1895 inducitur
1118 1856 1158 1894 in
1187 1856 1361 1896 animam
1377 1878 1399 1898 ις
1415 1857 1575 1906 tionem,
1605 1870 1629 1895 a
1656 1857 1853 1896 nonnullis
1881 1866 2082 1908 reputatur
2100 1858 2211 1909 quasi
2238 1859 2483 1897 contrarium.

282 1907 462 1960 discipuli
498 1922 522 1949 a
557 1910 735 1958 docente,
773 1909 942 1948 doctoris
979 1909 1137 1948 scientia
1173 1910 1358 1948 continet:

282 1961 356 2003 nisi
383 1963 523 2001 doceat
548 1962 650 2012 fiete,
679 1963 788 2014 quod
815 1963 866 2002 de
894 1964 980 2002 Deo
1009 1963 1116 2002 nefas
1141 1971 1198 2002 est
1220 1963 1359 2002 dicere.

282 2015 570 2067 Principiorum
587 2024 721 2055 autem
738 2017 962 2055 naturaliter
983 2025 1170 2055 notorum
1193 2017 1361 2067 cognitio

282 2069 397 2108 nobis
433 2069 617 2108 divinitus
651 2078 709 2107 est
745 2069 883 2108 indita:
923 2082 1016 2108 cum
1052 2070 1135 2120 ipse
1170 2071 1278 2108 Deus
1315 2070 1362 2108 sit

1417 1911 1538 1959 Quod
1565 1923 1650 1949 esse
1678 1923 1760 1949 non
1787 1919 1923 1962 potest.

1470 1963 1574 2002 Huic
1593 1964 1709 2002 etiam
1727 1964 1934 2003 auctoritas
1952 1964 2156 2014 Augustini
2179 1966 2399 2013 concordat,
2418 1966 2487 2016 qui

1415 2017 1457 2055 in
1475 2018 1506 2055 ΙΙ
1523 2030 1638 2067 Super
1663 2018 1757 2055 Gen.
1782 2019 1834 2056 ad
1854 2019 1918 2056 litt.
1934 2018 1954 2040 ’¹‘
1977 2018 2067 2056 dicit
2090 2019 2160 2057 sic:
2188 2020 2290 2057 Illud
2316 2021 2414 2069 quod
2429 2033 2486 2058 ve-

1417 2072 1508 2108 ritas
1525 2072 1737 2121 patefaciet,
1766 2072 1870 2108 libris
1896 2074 2031 2109 sanctis
2057 2074 2135 2110 sive
2167 2074 2391 2111 Testamenti
2423 2075 2486 2111 Ve-

281 2130 436 2161 nostrae
456 2130 592 2161 auctor
609 2130 782 2161 naturae.
803 2124 912 2161 Haec
931 2135 1022 2172 ergo
1041 2123 1231 2174 principia
1246 2123 1362 2162 etiam
1376 2141 1403 2157 ιο
1416 2125 1502 2161 teris
1529 2126 1606 2162 sive
1632 2125 1738 2162 Nom·
1764 2125 1866 2162 nullo
1890 2125 2002 2162 modo
2026 2131 2145 2175 potest
2173 2137 2249 2163 esse
2277 2127 2483 2164 adversum.

281 2174 415 2215 divina
442 2175 629 2227 sapientia
661 2176 841 2215 continet.
877 2176 1077 2227 Quicquid
1108 2176 1222 2225 igitur
1256 2177 1361 2228 prin·

282 2228 392 2280 cipiis
419 2229 649 2268 huiusmodi
676 2229 916 2268 contrarium
945 2238 1013 2276 est,
1034 2230 1190 2268 divinae
1209 2230 1361 2281 sapien-

282 2282 357 2323 tiae
385 2283 650 2322 contrariatur.
681 2284 775 2321 Non
803 2283 917 2333 igitur
943 2295 967 2321 a
994 2285 1082 2322 Deo
1110 2295 1194 2321 esse
1222 2291 1360 2334 potest.

283 2336 342 2375 Ea
366 2336 482 2386 igitur
508 2349 610 2387 quae
639 2349 686 2374 ex
715 2337 950 2375 revelatione
976 2336 1110 2375 divina
1138 2349 1209 2387 per
1239 2336 1361 2375 fidem

1470 2177 1531 2215 Ex
1548 2189 1630 2227 quo
1650 2177 1848 2215 evidenter
1866 2177 2064 2227 colligitur,
2085 2190 2358 2229 quaecumque
2377 2192 2485 2229 argu-

1416 2238 1549 2268 menta
1567 2238 1701 2268 contra
1728 2229 1821 2268 fidei
1839 2231 2077 2269 documenta
2098 2240 2305 2282 ponantur⁷
2325 2233 2421 2270 haec
2439 2245 2486 2270 ex

1416 2283 1614 2334 principiis
1632 2283 1767 2334 primis
1785 2292 1946 2322 naturae
1971 2284 2099 2322 inditis
2126 2297 2197 2335 per
2223 2298 2264 2323 se
2287 2286 2387 2323 notis
2405 2298 2485 2323 non

1417 2345 1517 2374 recte
1546 2338 1769 2387 procedere.
1801 2338 1912 2375 Unde
1941 2350 2013 2375 nec
2040 2338 2377 2376 demonstrationis
2403 2339 2485 2376 vim

282 2397 474 2436 tenentur,
513 2402 595 2428 non
631 2398 797 2441 possunt
831 2390 996 2428 naturali
1031 2389 1240 2440 cognitioni
1278 2402 1361 2429 esse
1376 2406 1400 2427 ες
1416 2391 1573 2438 habent,
1595 2391 1663 2428 sed
1676 2392 1739 2428 vel
1759 2399 1849 2429 sunt
1868 2391 2034 2429 rationes
2048 2392 2266 2442 probabiles
2280 2394 2342 2430 vel
2356 2392 2484 2442 sophi-

283 2443 486 2481 contraria.

287 2581 290 2583 .
338 2565 354 2591 7
372 2557 442 2592 esse]
461 2565 493 2584 ea
511 2565 571 2584 este
589 2558 712 2584 eNZch.

283 2593 372 2625 fiante,
391 2594 550 2619 contrarium
569 2594 598 2620 P.

338 2628 371 2655 ¹8
390 2628 471 2664 quod]
491 2630 598 2663 quidem
617 2630 690 2663 quod
708 2629 756 2655 Pd.

806 2557 839 2584 16
858 2567 873 2584 a
892 2558 1010 2593 docente]
1031 2566 1046 2585 e
1064 2559 1175 2584 docente
1192 2559 1272 2585 BFH.

850 2636 882 2664 19
901 2629 1046 2664 patefaciet]
1066 2630 1187 2664 patefacit
1205 2630 1296 2656 GZPc.

1363 2566 1397 2584 20
1416 2564 1522 2584 nostrae
1535 2562 1602 2591 poet
1619 2565 1710 2585 auctor
1727 2559 1793 2585 ZPc.

1355 2473 1358 2475 Α
1417 2443 1544 2482 sticae.
1570 2445 1619 2482 Et
1643 2444 1696 2482 sic
1717 2445 1767 2482 ad
1791 2457 1837 2482 ea
1860 2445 2047 2482 solvenda
2068 2446 2175 2483 locus
2194 2445 2429 2495 relinquitur.

1885 2567 1917 2584 22
1938 2564 1979 2585 est
1996 2559 2035 2585 δίε
2053 2560 2151 2586 habent
2170 2560 2220 2591 Pd;
2240 2560 2299 2585 ideo
2311 2567 2367 2592 pro
2385 2565 2484 2585 contra-

1385 2630 1549 2656 Testamenti
1562 2633 1629 2663 post
1645 2630 1748 2656 Veteris
1768 2630 1858 2656 GZPc.

1047 2707 1387 2742 Commentariis
1417 2708 1730 2741 Ferrariensis

287 2810 290 2811 ν
338 2798 487 2820 osrnuu
515 2788 739 2820 determinavit
767 2788 903 2820 Sanctus
931 2788 1078 2820 Thomas
1108 2789 1148 2820 de
1178 2789 1281 2820 modo
1305 2799 1362 2821 co-

339 2832 544 2874 gnoscendae
574 2834 715 2864 veritatis
742 2833 870 2864 divinae
899 2834 1060 2870 absolute,
1090 2843 1180 2864 nunc
1215 2834 1256 2865 de
1292 2835 1362 2875 ipsa

283 2879 504 2919 comparative
535 2877 576 2908 ad
604 2878 765 2908 rationem
794 2878 971 2908 humanam
1001 2878 1192 2909 determinat
1207 2879 1234 2909 ⁴.
1266 2878 1362 2910 Circa

283 2923 349 2953 hoc
363 2928 475 2953 autem
497 2922 565 2953 duo
581 2921 675 2953 facit:
699 2922 817 2962 primo,
834 2927 1001 2963 comparat
1023 2923 1191 2953 veritatem
1207 2923 1361 2954 creditam

283 2967 408 2997 veritati
437 2966 624 2997 naturaliter
654 2967 821 3006 cognitae;
845 2966 1002 3003 secundo,
1029 2967 1168 3007 primam
1195 2968 1361 2999 veritatem

283 3011 346 3052 ipsi
367 3011 485 3041 rationi
507 3011 644 3041 naturali
668 3016 844 3051 comparat,
870 3011 1013 3051 capitulo
1037 3012 1196 3052 sequenti.

341 3055 365 3086 Ι.
381 3055 492 3086 Primo
509 3064 586 3094 ergo
601 3055 768 3085 veritatem
783 3055 909 3086 veritati
920 3061 1097 3095 comparat.
1115 3056 1157 3086 Et
1167 3057 1262 3096 ponit
1277 3057 1361 3087 hanc

284 3099 550 3130 conclusionem:
580 3099 705 3130 Veritas
717 3099 804 3141 fidei
826 3100 957 3130 veritati
976 3101 1174 3131 naturaliter
1195 3101 1288 3132 nobis
1310 3101 1360 3132 in-

284 3144 372 3175 ditae
389 3153 454 3174 non
471 3144 708 3174 contrariatur.
732 3143 795 3174 Pro
819 3153 884 3184 qua
899 3143 1132 3176 advertendum
1151 3145 1242 3185 quod
1257 3146 1361 3186 prima

283 3189 443 3229 principia
465 3187 761 3219 indemonstrabilia
782 3188 879 3218 nobis
901 3189 1087 3220 naturaliter
1107 3195 1187 3220 nota
1210 3191 1360 3221 omnium

283 3233 423 3264 aliorum
439 3242 523 3273 quae
545 3233 683 3263 naturali
697 3233 942 3273 investigatione
958 3234 1114 3273 cognosci
1135 3240 1284 3274 possunt,
1299 3244 1360 3265 no-

283 3278 388 3308 titiam
409 3277 585 3308 virtualiter
608 3278 795 3308 continent:
819 3282 960 3317 suntque
981 3277 1057 3308 talia
1078 3279 1114 3309 in
1136 3284 1263 3310 tantum
1285 3289 1360 3310 vera

283 3322 318 3352 in
341 3328 501 3362 quantum
523 3321 695 3363 praedicn’s
720 3321 887 3362 principiis
911 3321 1120 3353 concordant.
1144 3323 1194 3353 Ex
1216 3333 1258 3354 eo
1280 3332 1359 3364 ergo

283 3366 375 3406 quod
398 3366 579 3398 ostenditur
599 3367 766 3397 veritatem
789 3365 865 3396 fidei
887 3366 1021 3396 notitiae
1036 3367 1217 3407 primorum
1240 3368 1359 3408 princi—

284 3411 414 3451 piorum
444 3420 513 3442 non
544 3411 740 3447 contrariari,
772 3415 899 3441 constat
928 3411 1025 3441 etiam
1047 3411 1129 3442 nulli
1159 3412 1212 3442 alii
1234 3413 1359 3443 veritati

282 3455 469 3486 naturaliter
482 3461 581 3487 notae
597 3456 790 3486 contrariam
814 3464 892 3486 esse.
909 3454 1130 3496 Multipliciter
1154 3461 1263 3487 autem
1278 3457 1359 3487 haec

283 3499 453 3530 conclusio
467 3500 642 3541 probatur.

338 3543 462 3575 Primo.
497 3544 598 3583 Quod
627 3544 838 3575 contrariatur
863 3553 941 3575 vero
973 3549 1103 3585 oportet
1130 3554 1200 3575 esse
1226 3544 1357 3576 falsum:

282 3597 362 3619 cum
383 3597 498 3620 verum
520 3598 590 3620 non
614 3589 826 3620 contrarietur
841 3598 929 3625 vero,
953 3588 1010 3619 sed
1025 3594 1151 3619 tantum
1170 3588 1297 3626 falsum,
1321 3595 1359 3621 ut

284 3641 324 3663 ex
350 3641 466 3664 eorum
492 3633 671 3664 rationibus
698 3639 840 3674 apparet.
872 3633 936 3665 Sed
965 3634 1069 3674 prima
1095 3634 1253 3674 principia
1279 3633 1357 3665 falsa

1415 2797 1484 2819 esse
1499 2798 1568 2819 non
1590 2795 1739 2829 possunt,
1755 2798 1816 2820 nec
1839 2790 1972 2830 cogitari
1986 2794 2123 2830 possunt
2139 2798 2206 2820 esse
2228 2789 2315 2819 falsa.
2335 2788 2370 2820 Id
2385 2789 2481 2819 etiam

1415 2832 1507 2874 quod
1529 2832 1594 2864 fide
1617 2839 1755 2871 tenetur,
1782 2840 1849 2865 tam
1880 2834 2042 2865 evidenter
2069 2834 2218 2865 divinitus
2245 2832 2479 2869 confirmatum,

1413 2877 1532 2908 falsum
1555 2887 1625 2909 esse
1641 2888 1711 2909 non
1734 2884 1782 2910 est
1805 2879 1852 2910 fas
1875 2878 2013 2910 credere.
2038 2878 2124 2918 Ergo
2149 2884 2208 2909 etc.

1469 2922 1533 2952 Pro
1550 2921 1766 2954 declaratione
1782 2924 1923 2960 maioris,
1940 2922 2170 2954 advertendum
2187 2922 2286 2963 quod,
2303 2922 2385 2952 sicut
2399 2922 2479 2952 ratio

1414 2967 1482 2997 veri
1497 2968 1644 2998 consistit
1659 2968 1693 2998 in
1713 2967 1951 3009 adaequatione
1970 2968 2149 2998 intellectus
2172 2972 2203 2997 et
2225 2967 2273 2997 rei
2284 2968 2310 3003 θ’,
2334 2967 2377 2997 ita
2399 2966 2478 2996 ratio

1414 3010 1484 3041 falsi
1499 3012 1534 3042 in
1548 3011 1833 3052 inadaequatione:
1850 3018 1982 3053 propter
1998 3011 2088 3052 quod
2111 3011 2225 3042 dicitur
2240 3011 2283 3041 IV
2298 3011 2438 3050 Metaph.
2452 3010 2478 3045 ’ζ

1414 3055 1506 3096 quod
1520 3056 1651 3097 falsum
1676 3061 1724 3087 est
1745 3067 1788 3088 ex
1810 3067 1848 3088 eo
1872 3057 1959 3097 quod
1988 3057 2108 3086 dicitur
2137 3056 2187 3086 vel
2209 3055 2336 3085 videtur
2357 3054 2480 3095 aliquid

1413 3109 1483 3130 esse
1500 3101 1588 3140 quod
1611 3111 1676 3131 non
1702 3107 1757 3137 est,
1783 3102 1834 3132 vel
1857 3111 1922 3131 non
1947 3110 2015 3131 esse
2037 3100 2123 3140 quod
2146 3105 2201 3130 est.
2226 3099 2378 3139 Cognitio
2402 3107 2478 3138 ergo

1413 3153 1489 3175 vera
1504 3145 1563 3175 erit
1587 3155 1651 3186 qua
1674 3147 1881 3187 cognoscitur
1902 3154 1970 3175 esse
1985 3146 2067 3175 sicut
2090 3149 2149 3174 est:
2174 3143 2250 3174 falsa
2273 3148 2390 3178 autem,
2415 3151 2478 3182 qua

1414 3190 1623 3229 cognoscitur
1639 3199 1707 3221 esse
1730 3191 1813 3221 sicut
1834 3199 1902 3220 non
1918 3195 1974 3220 est.
1999 3189 2040 3219 Et
2060 3188 2135 3228 quia
2151 3186 2389 3227 apprehendere
2409 3195 2477 3216 esse

1415 3239 1447 3264 et
1468 3243 1538 3264 non
1554 3244 1623 3265 esse
1642 3241 1717 3265 sunt
1732 3235 1900 3270 contraria,
1916 3239 1953 3264 ut
1973 3233 2087 3263 dicitur
2102 3232 2129 3262 II
2144 3231 2219 3262 Peri
2233 3230 2346 3261 Herm.
2360 3231 2386 3265 ὓ,
2401 3229 2476 3261 ideo

1415 3279 1559 3318 cognitio
1574 3289 1649 3310 vera
1661 3284 1693 3310 et
1708 3279 1785 3309 falsa
1800 3284 1875 3309 sunt
1891 3278 2056 3308 contraria.
2072 3276 2160 3306 Bene
2172 3284 2247 3315 ergo
2261 3274 2375 3305 dicitur
2386 3273 2477 3315 quod

1414 3321 1531 3353 falsum
1543 3324 1753 3354 contrariatur
1763 3332 1851 3359 vero,
1863 3332 1932 3353 non
1944 3326 2051 3352 autem
2063 3329 2184 3355 verum,
2198 3324 2234 3349 ut
2244 3328 2285 3349 ex
2297 3327 2410 3349 eorum
2422 3328 2476 3349 ra-

1415 3367 1556 3398 tionibus
1565 3373 1677 3408 patet:
1693 3368 1768 3408 quia
1780 3367 1922 3407 cognitio
1938 3366 1983 3396 rei
1999 3365 2173 3404 adaequata
2187 3372 2255 3393 non
2267 3363 2476 3393 contrariatur

1413 3412 1594 3451 cognitioni
1603 3411 1800 3452 adaequatae
1810 3411 1870 3447 rei;
1883 3410 1939 3441 sed
1950 3411 2032 3440 bene
2044 3408 2186 3448 cognitio
2197 3407 2243 3437 rei
2254 3406 2474 3447 inadaequata,

1414 3465 1479 3496 qua
1502 3457 1624 3487 scilicet
1643 3457 1839 3487 existimatur
1854 3464 1923 3485 non
1938 3463 2006 3484 esse
2022 3451 2110 3492 quod
2127 3457 2183 3487 est,
2199 3452 2233 3481 in
2249 3460 2315 3491 quo
2332 3451 2476 3481 consistit

1412 3501 1494 3531 ratio
1509 3500 1589 3537 falsi,
1602 3501 1812 3531 contrariatur
1826 3498 2003 3538 cognitioni
2016 3496 2210 3536 adaequatae
2220 3495 2276 3531 rei,
2290 3504 2354 3535 qua
2370 3495 2475 3526 existi-

1410 3550 1518 3576 matur
1534 3555 1583 3575 res
1599 3554 1668 3575 esse
1683 3545 1765 3575 sicut
1780 3549 1836 3579 est,
1853 3543 1886 3573 in
1906 3551 1971 3582 quo
1988 3541 2132 3571 consistit
2146 3540 2226 3570 ratio
2243 3540 2318 3570 veri.

1467 3588 1709 3620 Advertendum
1733 3589 1827 3618 etiam
1842 3595 1902 3626 pro
1924 3585 2057 3616 minoris
2080 3584 2305 3620 declaratione,
2321 3583 2412 3624 quod
2428 3582 2475 3614 di—

1410 3643 1504 3664 verso
1527 3633 1628 3664 modo
1652 3633 1796 3672 loquitur
1811 3631 1944 3662 Sanctus
1960 3629 2103 3659 Thomas
2119 3628 2159 3659 de
2173 3629 2338 3668 principiis
2353 3628 2474 3668 primis,

2514 2014 2523 2023 ‘
2538 2012 2595 2041 Cap.
2610 2019 2676 2035 xvm.

2506 2961 2515 2969 ·
2530 2960 2602 2985 Isaac,
2616 2959 2646 2981 de
2655 2960 2720 2987 Defi-

2506 2986 2647 3011 nitionibuu
2660 2987 2690 3008 cf.
2709 2987 2719 3008 1

2507 3013 2540 3039 Ρ.,
2549 3019 2588 3034 xvi
2608 3018 2628 3039 2,
2639 3013 2687 3039 obJ.
2697 3019 2719 3040 2,

2505 3043 2527 3061 et
2541 3039 2571 3060 de
2588 3029 2639 3061 fler.
2654 3045 2670 3066 ι,
2686 3046 2705 3061 ¹.

2505 3067 2515 3076 '
2530 3065 2555 3087 S.
2571 3065 2617 3087 Th.
2644 3065 2660 3087 l.
2679 3066 2717 3092 ¹6;

2505 3093 2558 3115 Did.
2572 3092 2612 3120 111,
2626 3098 2668 3119 vu,
2685 3099 2704 3114 ι.

2504 3230 2514 3239 ·
2528 3228 2582 3250 Did.
2598 3228 2638 3250 lib.
2654 3229 2715 3251 unic.

2504 3262 2524 3278 c.
2539 3262 2587 3277 xiv.
