2768 4134
39 449 48 457 '¹
62 447 98 469 et.
114 447 155 468 Vll
176 447 249 468 Meta—

35 474 116 522 ἕλξω,
123 480 147 496 ιι,
156 481 172 495 ¹:
182 473 247 494 sxrh.

34 1292 43 1301 ·
58 1290 94 1312 Cf.
112 1289 245 1311 Comment.

34 1322 83 1344 cap.
100 1322 170 1339 χχχιι.
187 1315 237 1337 init.

36 2503 45 2512 ·
61 2502 118 2530 Cap.
130 2508 200 2523 xxxii.

281 308 355 356 348
657 304 845 342 SUMMA
875 303 1096 340 CONTRA
1125 302 1400 347 GENTILES,
1429 302 1523 338 LIB.
1546 302 1586 346 ΙΙ,
1617 301 1728 338 CAP.
1750 302 1923 348 XXXIV,
1943 304 2100 340 XXXV.

278 400 359 424 esse
388 384 627 433 incoepisset.
658 383 734 420 Sed
756 381 864 430 quod
891 388 946 417 est
969 380 1150 430 possibile
1179 391 1274 425 esse,
1295 387 1350 416 est
1406 380 1454 416 Et
1473 392 1566 416 cum
1586 380 1663 416 hoc
1682 379 1721 416 in
1741 379 1938 417 infinitum
1957 380 2012 418 ire
2035 393 2118 418 non
2145 383 2275 431 possit,
2296 392 2480 433 sequetur

276 441 476 476 subiectum
491 437 657 484 potentia
673 447 738 472 ens
751 434 782 471 ²⁸.
805 434 969 483 Oportet
989 433 1102 481 igitur
1116 440 1203 470 ante
1223 433 1349 482 quod·
1405 432 1580 482 primum
1608 433 1828 470 subiectum
1856 445 1938 471 non
1966 446 2050 471 esse
2070 435 2225 481 factum,
2246 437 2315 473 sed
2338 437 2479 487 sempi-

276 492 365 528 libet
393 490 440 527 de
476 501 583 525 novo
618 487 804 537 incipiens
839 486 1094 536 praeexistere
1130 485 1349 523 subiectum
1404 493 1573 523 ternum.
1604 486 1663 523 Ex
1683 498 1764 535 quo
1784 486 1943 524 ulterius
1972 486 2146 537 sequitur
2165 488 2310 538 aliquid
2329 499 2481 539 praeter

276 543 445 594 potentia
464 554 544 579 ens.
576 542 735 578 Etcum
756 541 831 577 hoc
851 540 891 576 in
910 538 1109 576 infinitum
1137 539 1349 588 procedere
1405 539 1536 576 Deum
1572 551 1655 576 esse
1690 547 1910 577 aeternum:
1941 553 2034 578 cum
2062 540 2145 590 ipse
2181 541 2400 580 subiectum
2427 545 2479 581 fa-

276 609 355 634 non
375 595 505 645 possit,
527 602 678 644 oportet
704 605 850 642 ponere
877 592 1035 641 aliquod
1059 592 1233 642 primum
1259 592 1349 629 sub·
1371 606 1380 626 ε
1405 592 1542 630 ctionis
1571 600 1637 629 aut
1665 601 1797 630 motus
1825 605 1908 631 esse
1937 606 2019 632 non
2046 595 2177 644 possit.

276 650 418 687 iectum
447 648 555 697 quod
584 659 663 684 non
695 645 863 695 incoepit
892 658 974 683 esse
1004 645 1052 682 de
1081 657 1200 682 novo
1459 647 1544 683 Hae
1565 645 1678 694 igitur
1697 646 1864 684 rationes
1884 656 1974 685 sunt
1992 648 2135 697 quibus
2155 648 2273 698 aliqui
2292 656 2480 699 tanquam

328 704 434 739 Item.
466 702 583 738 Nulla
602 699 813 738 substantia
837 711 1074 748 permanens
1093 706 1149 735 est
1168 699 1266 751 dum
1285 698 1346 736 fit:
1404 699 1803 737 demonstrationibus
1840 700 2099 747 inhaerentes,
2136 701 2269 739 dicunt
2306 714 2480 740 necessa-

275 756 324 793 ad
353 756 428 792 hoc
457 754 562 792 enirn
591 753 634 791 fit
662 762 703 791 ut
732 753 794 798 sit;
826 764 906 789 non
936 751 1048 801 igitur
1075 751 1194 798 fieret,
1216 752 1246 789 si
1271 752 1348 790 iarn
1405 752 1507 790 rium
1536 765 1596 790 res
1625 761 1770 790 creatas
1799 765 1954 804 semper
1980 753 2107 792 fuisse.
2133 756 2176 792 In
2195 768 2276 805 quo
2295 754 2388 793 fidei
2408 756 2481 793 Ca-

275 817 383 846 esset.
415 808 491 846 Sed
521 808 618 845 dum
647 807 700 853 fit,
721 814 871 856 oportet
900 805 1044 855 aliquid
1066 818 1148 842 esse
1169 806 1277 855 quod
1303 805 1349 843 sit
1404 805 1570 843 tholicae
1605 806 1890 853 contradicunt,
1919 819 2020 856 quae
2056 808 2167 857 ponit
2201 808 2297 846 nihil
2330 817 2482 859 praeter

276 861 446 899 factionis
481 861 716 898 subiectum:
752 872 832 897 non
872 859 977 896 enim
1014 859 1139 905 factio,
1173 871 1266 897 curn
1303 859 1349 896 sit
1366 880 1391 895 ιο
1405 859 1536 897 Deum
1570 871 1725 909 semper
1759 859 1886 906 fuisse,
1916 860 1984 897 sed
2020 861 2154 899 omnia
2188 874 2271 899 esse
2307 863 2481 912 coepisse

276 915 464 961 accidens,
486 914 566 951 sine
593 913 765 951 subiecto
795 925 878 949 esse
907 920 1043 962 potest.
1075 913 1207 950 Omne
1237 912 1350 961 igitur
1404 920 1557 963 praeter
1584 925 1711 950 unum
1740 914 1871 951 Deum
1900 922 2116 951 aeternum.

276 969 383 1018 quod
413 968 465 1014 fit,
496 968 611 1005 habet
640 967 795 1016 aliquod
827 965 1045 1003 subiectum
1075 965 1346 1016 praeexistens.

328 1081 344 1106 6
362 1082 474 1115 incoepit
492 1080 583 1115 (Tepit5
603 1081 752 1106 desinentia
772 1081 790 1105 it
810 1080 954 1110 maculata,
973 1080 1020 1106 sed
1038 1080 1118 1105 hasta
1137 1080 1244 1105 litterae
1262 1087 1279 1112 p
1297 1080 1423 1105 lineolam
1443 1087 1495 1106 non
1515 1080 1605 1112 habet)
1625 1081 1647 1105 Α
1666 1081 1751 1111 solus;
1769 1080 1920 1114 incoeperit.
2010 1079 2027 1105 8
2045 1080 2132 1114 igitur}
2151 1081 2221 1106 enim
2241 1081 2286 1107 Pc-

329 1125 339 1142 i
363 1117 497 1151 sequetur]
518 1117 637 1150 sequitur
656 1116 770 1141 aWch.

1034 1200 1374 1233 Commentario.

334 1292 437 1319 narro,
455 1287 623 1323 ponuntur
647 1282 788 1312 rationes
812 1291 850 1312 ex
874 1287 963 1322 parte
987 1281 1137 1312 factionis
1161 1286 1310 1322 sumptae
1323 1282 1350 1311 *.

276 1295 331 1357 T
378 1328 490 1358 Prima
514 1332 561 1358 est
585 1327 671 1367 quia,
689 1336 765 1357 cum
783 1326 969 1357 communis
989 1326 1105 1367 opinio
1121 1326 1237 1356 habeat
1260 1325 1351 1366 quod

274 1383 316 1403 ex
328 1372 429 1402 nihilo
444 1372 525 1402 nihil
530 1372 594 1413 fit,·
610 1377 641 1402 et
656 1381 725 1402 non
738 1371 778 1402 sit
790 1381 962 1412 processus
974 1371 1007 1401 in
1023 1370 1202 1402 infinitum:
1220 1375 1352 1410 oportet

275 1417 424 1448 devenire
448 1417 487 1447 ad
511 1416 646 1457 aliquod
670 1417 811 1456 primum
835 1425 903 1447 non
928 1415 1060 1452 factum,
1085 1425 1123 1446 ex
1148 1424 1216 1456 quo
1240 1416 1351 1446 omnia

275 1462 380 1503 primo
405 1461 498 1498 fiant;
525 1467 556 1492 et
579 1471 636 1502 per
660 1470 876 1501 consequens,
901 1460 940 1491 ad
965 1460 1086 1501 aliquid
1111 1466 1290 1491 aeternum.

330 1506 489 1537 Secundo.
511 1506 598 1544 Quia
623 1505 713 1546 quod
737 1505 777 1536 de
801 1515 890 1536 novo
914 1506 1027 1546 incipit
1052 1514 1131 1542 esse,
1148 1515 1217 1536 non
1233 1504 1351 1536 eodem

275 1551 376 1582 modo
404 1561 437 1581 se
465 1551 561 1581 habet
588 1560 676 1581 nunc
705 1556 736 1581 et
763 1551 869 1591 prius:
900 1556 930 1581 et
962 1560 1019 1591 per
1050 1559 1266 1590 consequens,
1293 1559 1352 1590 per

275 1602 403 1627 motum
420 1601 475 1627 aut
497 1597 713 1626 mutationem
737 1596 853 1636 accipit
877 1604 956 1626 esse.
982 1594 1120 1636 Oportet
1143 1600 1253 1625 autern
1277 1600 1350 1625 ante

276 1640 444 1681 quodlibet
468 1640 589 1671 factum
613 1650 670 1681 per
694 1645 833 1677 motum,
851 1641 1062 1680 praeexistere
1087 1638 1221 1680 aliquod
1244 1640 1352 1670 subie—

277 1691 366 1716 ctum
389 1685 563 1721 materiale,
581 1690 612 1715 et
635 1685 786 1715 devenire
811 1684 850 1715 ad
874 1685 1018 1725 primum
1041 1694 1109 1715 non
1134 1684 1174 1715 de
1197 1693 1286 1714 novo
1302 1684 1351 1715 in-
1377 1686 1381 1758 Ι

277 1730 399 1770 cipiens
423 1729 479 1761 sed
502 1739 630 1770 semper
653 1730 802 1760 existens.

1404 1200 1717 1233 Fert-ariensis

1466 1281 1587 1311 Tertio.
1611 1281 1709 1319 Quia,
1734 1290 1810 1312 cum
1834 1290 1934 1312 omne
1962 1282 2054 1322 quod
2081 1282 2122 1313 de
2151 1291 2241 1313 novo
2265 1292 2335 1314 esse
2358 1283 2482 1324 incipit,

1406 1326 1494 1366 prius
1518 1326 1671 1366 possibile
1702 1331 1785 1358 esset
1816 1335 1895 1362 esse,
1920 1331 2051 1367 oportet
2078 1331 2152 1358 ante
2179 1327 2349 1368 quodlibet
2371 1328 2483 1359 huius-

1405 1369 1496 1401 modi
1520 1371 1734 1411 praeexistere
1757 1370 1935 1401 subiectum
1959 1371 2110 1412 potentia
2134 1381 2200 1403 ens.
2231 1372 2283 1409 Et,
2308 1381 2384 1403 cum
2414 1382 2483 1404 non

1405 1416 1446 1446 sit
1461 1412 1633 1455 processus
1650 1416 1683 1446 in
1700 1414 1876 1452 infinitum,
1893 1421 2025 1457 oportet
2039 1425 2163 1456 ponere
2184 1416 2317 1457 aliquod
2341 1418 2484 1458 primum

1406 1460 1599 1497 subiectum,
1624 1460 1716 1501 quod
1740 1469 1807 1491 non
1831 1461 2013 1501 incoeperit
2036 1470 2106 1492 esse
2129 1461 2170 1492 de
2193 1471 2293 1492 novo.

1465 1504 1604 1542 Quarto.
1629 1505 1726 1544 Quia,
1747 1515 1823 1536 cum
1847 1506 2031 1536 subiectum
2054 1515 2248 1547 permanens
2263 1516 2333 1538 non
2349 1508 2390 1538 sit
2405 1505 2484 1538 dum

1406 1549 1451 1586 fit,
1477 1546 1577 1581 omne
1602 1550 1692 1590 quod
1717 1549 1753 1580 fit
1776 1550 1873 1581 habet
1896 1550 2031 1591 aliquod
2053 1551 2236 1582 subiectum
2258 1552 2484 1593 praeexistens.

1405 1594 1456 1631 Et,
1482 1604 1559 1625 cum
1582 1604 1651 1625 non
1675 1597 1715 1626 sit
1737 1605 1910 1635 processus
1929 1596 1963 1626 in
1987 1595 2163 1634 infinitum,
2180 1597 2326 1638 sequitur
2342 1597 2485 1638 primum

1405 1639 1588 1670 subiectum
1612 1649 1680 1670 non
1704 1649 1773 1670 esse
1798 1639 1929 1671 factum.

1334 1815 1340 1840 Ξ
1354 1808 1427 1846 ,m

645 1955 1137 2012 CAPITULUM
1173 1956 1702 2012 TRIGESIMUM
1739 1957 1937 2034 QUIN
1940 1956 2121 2013 TUM

1090 2069 1320 2109 Fragmentum
1350 2079 1388 2100 ex
1419 2070 1448 2100 A
1481 2070 1549 2109 37r
1584 2070 1670 2108 b4t.

741 2159 1008 2201 SOLUTIO
1044 2160 1374 2202 RATIONUM

1408 2160 1610 2202 SUPRA
1644 2161 2016 2203 POSITARUM.

523 2222 601 2262 ET
636 2223 824 2263 PRIMO
861 2222 1080 2264 EARUM
1115 2222 1287 2276 QUAE
1321 2222 1747 2265 SUMEBANTUR
1782 2223 1862 2264 EX
1895 2224 2101 2265 PARTE
2134 2224 2238 2266 DEI

355 2347 367 2370 1
396 2366 417 2379 „2
429 2343 469 2376 ’κ’
493 2346 637 2372 PORTET
666 2334 778 2382 igitur
805 2335 1009 2372 ostendere
1038 2335 1270 2384 praemissas
1295 2348 1352 2373 ra-

325 2402 338 2421 :
355 2379 443 2438 jjszss
464 2384 480 2406 ἰ
506 2388 630 2425 tiones
659 2400 739 2425 non
773 2400 819 2424 ex
853 2387 1076 2426 necessitate
1105 2389 1350 2426 concludere.

328 2447 333 2454 '
440 2446 482 2469 v‘
508 2441 555 2478 Et
584 2440 723 2490 primo,
754 2441 834 2478 illas
863 2454 963 2490 quae
993 2454 1039 2478 ex
1068 2450 1175 2491 parte
1198 2442 1352 2493 ¹agentis

508 2501 718 2531 sumuntur
735 2493 766 2531 ²¹⁸.

331 2548 425 2585 Non
454 2547 559 2585 enim
588 2555 739 2597 oportet
767 2548 875 2597 quod
904 2560 974 2597 per
1002 2560 1042 2585 se
1071 2550 1132 2585 vel
1162 2560 1231 2598 per
1256 2548 1352 2586 acci·
1377 2562 1384 2580 ⁵

279 2602 374 2639 dens
403 2602 510 2638 Deus
546 2608 752 2638 moveatur
787 2601 816 2638 si
852 2601 1012 2638 effectus
1048 2601 1130 2638 eius
1164 2602 1212 2638 de
1246 2614 1352 2639 novo

279 2667 361 2692 esse
390 2653 595 2704 incipiunt:
627 2662 669 2692 ut
706 2654 832 2704 prima
870 2654 965 2692 ratio
995 2654 1240 2704 procedebat.
1271 2655 1353 2693 No-

279 2707 375 2746 vitas
404 2707 509 2745 enim
538 2708 698 2746 effectus
733 2706 901 2745 indicare
937 2716 1063 2758 potest
1096 2708 1354 2746 mutationem

279 2761 422 2810 agentis
457 2761 687 2811 inquantum
718 2761 958 2798 demonstrat
993 2761 1205 2799 novitatem
1238 2761 1354 2800 actio-

281 2814 355 2852 nis:
378 2826 458 2852 non
474 2814 581 2852 enim
599 2822 724 2864 potest
744 2827 826 2852 esse
842 2815 951 2863 quod
971 2815 1009 2852 in
1030 2823 1164 2863 agente
1186 2814 1231 2852 sit
1251 2827 1355 2853 nova
1371 2828 1396 2843 ¹⁰

281 2868 377 2906 actio
403 2867 475 2905 nisi
503 2867 634 2918 aliquo
664 2868 785 2905 modo
815 2876 1031 2914 moveatur,
1052 2869 1187 2906 saltem
1207 2868 1256 2906 de
1276 2868 1354 2906 otio

281 2921 319 2958 in
340 2928 481 2959 actum.
512 2921 676 2958 Novitas
705 2929 836 2958 autem
865 2920 986 2958 divini
1009 2921 1169 2959 effectus
1189 2934 1269 2959 non
1290 2923 1355 2959 de-

282 2982 469 3012 monstrat
498 2974 709 3011 novitatem
738 2973 898 3012 actionis
927 2974 965 3011 in
994 2975 1097 3012 Deo:
1128 2987 1220 3012 cum
1256 2975 1355 3013 actio

283 3041 352 3066 sua
390 3028 435 3065 sit
473 3040 542 3065 sua
581 3027 755 3073 essentia,
785 3036 826 3064 ut
864 3040 981 3077 supra
1001 3027 1020 3049 ²³⁶
1053 3036 1255 3066 ostensum
1288 3036 1354 3066 est.

283 3081 396 3119 Unde
435 3093 562 3130 neque
600 3080 752 3118 novitas
790 3081 950 3118 effectus
989 3081 1246 3119 mutationem
1284 3081 1380 3120 Dei¹

285 3134 428 3183 agentis
457 3134 724 3172 demonstrare
753 3142 889 3183 potest.

338 3189 422 3225 Nec
441 3195 571 3224 tamen
592 3195 742 3237 oportet
762 3188 880 3237 quod,
902 3186 931 3223 si
952 3187 1066 3236 primi
1087 3187 1230 3236 agentis
1258 3187 1356 3226 actio

286 3240 330 3277 sit
359 3249 523 3286 aeterna,
544 3241 651 3290 quod
677 3240 759 3278 eius
784 3241 943 3278 effectus
963 3240 1007 3277 sit
1027 3248 1222 3278 aeternus:
1239 3249 1281 3278 ut
1301 3253 1357 3279 se-

287 3295 414 3331 cunda
443 3294 538 3332 ratio
567 3294 834 3332 concludebat.
863 3294 1075 3332 Ostensum
1096 3302 1151 3330 est
1171 3293 1275 3331 enim
1296 3307 1358 3332 su-

288 3358 355 3395 pra
372 3347 392 3369 *
412 3347 518 3396 quod
549 3348 655 3385 Deus
684 3347 757 3396 agit
787 3348 983 3384 voluntate
1004 3346 1043 3383 in
1065 3359 1194 3384 rerum
1215 3347 1358 3396 produ—
1374 3365 1400 3379 20

289 3399 425 3437 ctione.
455 3401 548 3437 Non
578 3409 707 3438 autem
738 3401 787 3438 ita
807 3401 914 3450 quod
935 3399 981 3437 sit
1000 3399 1128 3449 aliqua
1148 3400 1220 3437 alia
1241 3400 1359 3450 ipsius

291 3452 387 3489 actio
408 3453 546 3499 media,
567 3453 662 3491 sicut
693 3453 730 3490 in
760 3453 872 3490 nobis
901 3453 999 3490 actio
1019 3452 1168 3490 virtutis
1190 3453 1359 3491 motivae

344 3564 360 3589 6
379 3564 410 3597 si]
430 3565 477 3590 sed
496 3566 546 3596 BF,
566 3571 591 3591 et
610 3567 632 3592 si
651 3566 680 3597 C,
700 3567 721 3590 si
742 3567 768 3591 in
788 3567 834 3592 sed
855 3569 942 3591 mutat
962 3567 993 3593 Η.

292 3600 340 3624 aliu
359 3600 424 3625 actio
442 3601 524 3633 ipsius
543 3601 574 3632 D,
594 3602 660 3627 actio
678 3602 760 3635 ipsius
779 3602 807 3627 P.

344 3643 362 3666 4
380 3640 466 3660 autem
485 3643 527 3661 om
547 3644 572 3661 α.
663 3644 678 3669 7
698 3637 779 3663 factae
798 3638 820 3662 Α
839 3637 923 3668 solun
942 3637 1018 3663 factio
1037 3642 1070 3663 et.

293 3674 379 3695 autem
398 3670 462 3695 eius.
554 3678 581 3696 αι
605 3671 742 3698 sufficienti
760 3674 783 3697 Α
806 3674 891 3703 solus:
913 3671 1065 3698 sufficiente.

1085 3573 1100 3598 7
1121 3573 1182 3591 esse
1199 3566 1242 3591 Ιιίο
1260 3566 1370 3597 ΨΥΖὸς
1389 3571 1453 3599 post
1470 3568 1603 3601 incipiunt.

1164 3644 1196 3662 10
1215 3637 1287 3670 potio
1300 3637 1384 3671 detur}
1405 3638 1480 3663 detur
1494 3639 1566 3671 potio
1579 3639 1663 3669 chd,
1677 3639 1753 3664 detur
1767 3642 1846 3672 potus
1859 3638 1888 3669 P,
1902 3638 1975 3670 potio
1989 3638 2081 3664 dieitur
2094 3638 2118 3664 b.

1408 2344 1464 2373 est
1492 2336 1622 2374 media
1650 2335 1749 2374 inter
1776 2344 1907 2374 actum
1931 2336 2140 2375 voluntatis
2163 2345 2200 2375 et
2228 2338 2423 2385 effectum,
2443 2346 2487 2377 ut

1409 2389 1447 2426 in
1484 2389 1806 2439 praecedentibus
1827 2389 1848 2412 *
1875 2397 2078 2428 ostensum
2115 2398 2190 2428 est:
2227 2391 2296 2429 sed
2334 2399 2487 2442 oportet
2513 2401 2523 2410 ·

1408 2443 1516 2492 quod
1546 2455 1663 2480 suum
1692 2442 1899 2492 intelligere
1928 2451 1964 2480 et
1992 2445 2090 2481 velle
2123 2443 2170 2481 sit
2202 2456 2320 2483 suum
2348 2445 2484 2484 facere.

1410 2495 1581 2533 Effectus
1601 2504 1733 2534 autem
1753 2497 1802 2534 ab
1822 2496 2014 2534 intellectu
2034 2505 2070 2534 et
2089 2499 2288 2535 voluntate
2312 2498 2487 2548 sequitur

1409 2549 1628 2586 secundum
1657 2549 2021 2587 determinationem
2050 2549 2261 2589 intellectus
2294 2559 2331 2589 et
2363 2551 2486 2602 impe·

1410 2602 1511 2640 rium
1532 2602 1751 2640 voluntatis
1783 2602 1889 2640 Sicut
1917 2611 2049 2640 autem
2068 2615 2139 2653 per
2156 2603 2392 2642 intellectum
2420 2605 2487 2645 de-

1409 2655 1638 2693 terminatur
1666 2655 1719 2694 rei
1748 2656 1867 2693 factae
1897 2668 2171 2707 quaecumque
2201 2657 2274 2696 alia
2302 2657 2486 2706 conditio,

1411 2708 1461 2746 ita
1489 2717 1526 2746 et
1552 2709 1825 2759 praescribitur
1853 2709 1887 2747 ei
1916 2717 2088 2760 tempus:
2118 2722 2199 2748 non
2227 2710 2332 2748 enim
2357 2712 2486 2750 solum

1410 2774 1471 2799 ars
1500 2762 1729 2800 determinat
1764 2771 1805 2800 ut
1840 2764 1917 2801 hoc
1944 2764 2017 2801 tale
2046 2762 2103 2810 sit,
2132 2764 2199 2802 sed
2230 2772 2272 2802 ut
2299 2772 2393 2803 tunc
2420 2764 2485 2812 sit;

1411 2815 1507 2853 sicut
1537 2815 1712 2853 medicus
1741 2824 1783 2853 ut
1811 2824 1903 2854 tunc
1927 2816 2035 2867 potio
2062 2817 2184 2855 detur.
2208 2817 2331 2864 Unde,
2353 2818 2383 2856 si
2402 2817 2487 2857 eius

1412 2870 1508 2906 velle
1537 2881 1608 2919 per
1635 2881 1676 2907 se
1705 2878 1803 2907 esset
1832 2869 1968 2908 efficax
1987 2870 2037 2907 ad
2057 2869 2239 2908 effectum
2267 2871 2486 2921 producen-

1411 2922 1519 2968 dum,
1540 2930 1768 2972 sequeretur
1786 2923 1835 2960 de
1855 2935 1961 2960 novo
1981 2923 2141 2961 effectus
2165 2924 2214 2962 ab
2238 2924 2397 2974 antiqua
2417 2937 2487 2963 vo-

1412 2977 1568 3022 luntate,
1598 2976 1715 3013 nulla*
1738 2975 1888 3014 actione
1924 2976 1972 3014 de
2007 2988 2115 3014 novo
2150 2977 2345 3015 existente.
2380 2977 2489 3016 Nihil

1413 3028 1525 3078 igitur
1552 3029 1732 3079 prohibet
1760 3029 1888 3066 dicere
1916 3028 2109 3067 actionem
2139 3030 2210 3068 Dei
2247 3031 2296 3068 ab
2329 3039 2487 3070 aeterno

1412 3082 1539 3128 fuisse,
1560 3082 1743 3120 effectum
1773 3090 1903 3120 autem
1933 3094 2013 3120 non
2042 3082 2091 3120 ab
2111 3092 2281 3130 aeterno,
2301 3084 2369 3122 sed
2395 3091 2488 3123 tunc

1413 3147 1506 3174 cum
1534 3135 1583 3173 ab
1612 3143 1769 3174 aeterno
1799 3135 2000 3186 disposuit.

1467 3189 1526 3226 Ex
1555 3201 1635 3239 quo
1665 3188 1781 3227 etiam
1810 3197 1912 3239 patet
1940 3189 2060 3239 quod,
2090 3189 2159 3227 etsi
2188 3190 2296 3228 Deus
2315 3189 2361 3227 sit
2379 3189 2486 3228 suffi-

1413 3241 1518 3279 ciens
1546 3254 1663 3279 causa
1691 3241 1959 3292 productionis
1988 3255 2120 3281 rerum
2149 3242 2187 3280 in
2217 3254 2311 3288 esse,
2331 3254 2412 3280 non
2432 3250 2486 3280 ta-

1414 3307 1505 3332 men
1526 3303 1677 3344 oportet
1697 3295 1804 3345 quod
1824 3295 1907 3334 eius
1927 3295 2087 3334 effectus
2105 3303 2284 3334 aeternus
2305 3304 2485 3344 ponatur,

1414 3360 1462 3385 eo
1491 3347 1674 3386 existente
1702 3357 1874 3386 aeterno:
1898 3356 1940 3386 ut
1962 3348 2071 3387 tertia
2098 3347 2193 3386 ratio
2217 3348 2485 3387 concludebat.

1415 3400 1544 3438 Posita
1573 3401 1677 3439 enim
1706 3414 1823 3440 causa
1852 3400 2067 3446 sufficienti,
2096 3400 2254 3450 ponitur
2281 3400 2364 3438 eius
2393 3402 2484 3439 effe-

1415 3462 1509 3499 ctus,
1530 3467 1610 3492 non
1630 3462 1761 3492 autem
1781 3455 1941 3492 effectus
1964 3462 2167 3492 extraneus
2196 3466 2218 3491 a
2247 3466 2379 3492 causa:
2410 3455 2486 3494 hoc

1695 3575 1729 3593 πο
1747 3568 1881 3593 voluntate
1899 3567 1936 3598 ὓς
1955 3566 2108 3593 voluntarie.
2191 3574 2220 3592 αι
2243 3568 2293 3593 alin
2311 3567 2394 3602 ipsiu:
2410 3567 2485 3602 actio}

2212 3638 2243 3664 15
2263 3643 2351 3664 nutem
2365 3639 2388 3663 Α
2402 3639 2488 3670 solun
