2664 4120
230 224 309 250 xvm

228 293 323 334 igitur
339 287 498 330 quaedam
513 287 603 326 signa
619 284 771 316 scientiae
787 289 820 315 et
835 283 1002 314 doctrinae
1018 282 1105 323 apud
1124 281 1220 323 primi
1244 290 1301 312 au-

229 335 377 377 tographi
400 334 616 371 interpretem.
1283 351 1285 353 -

283 380 391 410 Primo
415 376 504 416 argui
520 379 628 416 potest
643 383 683 404 ex
699 372 787 404 felici
802 373 1071 414 transumptionis
1095 372 1193 402 exitu.
1218 370 1302 402 Scri-

227 431 340 467 pturae
352 420 555 460 Autographi
567 428 640 460 pars
652 417 778 449 infinite
790 418 894 448 maior
910 422 1021 448 exacte
1037 416 1231 458 reproducta
1244 420 1301 446 est.

228 467 328 508 Quod
350 467 452 497 lector
470 464 568 495 velim
591 464 676 494 bene
699 462 842 494 advertat
866 467 897 493 et
920 463 981 493 sibi
1004 471 1133 502 semper
1152 469 1303 501 praesens

226 514 355 547 habeat;
372 519 466 541 secus
481 508 580 545 enim,
596 518 614 538 a
637 508 738 548 longo
762 516 913 538 sermone
928 516 1029 548 quem
1053 506 1094 537 de
1117 505 1303 537 differentiis

226 559 308 589 inter
333 565 356 585 α
381 561 413 586 et
438 555 470 585 A
492 554 632 584 habituri
659 562 783 588 sumus,
807 552 1011 592 transcriptio
1036 551 1066 582 ei
1090 550 1243 582 cumulus
1265 550 1303 580 li-

227 601 360 633 terariae
383 599 562 640 iniquitatis
576 597 747 628 videbitur.
766 597 812 628 Ea
828 606 906 628 vero
923 602 971 627 est
987 595 1159 627 difficultas
1174 594 1303 635 legendi

226 646 417 686 scripturam
430 645 473 680 A,
490 649 526 674 ut
541 643 610 674 sine
633 642 801 673 intellectu
820 651 928 672 rerum
945 641 985 672 de
1009 641 1128 681 quibus
1151 645 1303 671 tractatur

225 699 324 722 nemo
341 699 414 721 eam
428 689 487 719 rite
502 687 703 728 interpretari
720 687 832 727 possit.
846 686 1041 727 Saepissime
1057 685 1174 716 calami
1186 684 1303 716 ductus

226 735 362 777 figuram
385 734 474 764 verbi
497 732 701 764 determinati
725 731 817 762 indui
841 731 934 772 quasi
954 730 1199 766 recusant,.nisi
1223 738 1303 760 con-

226 785 331 812 textus
365 783 524 819 suggerat.
560 777 630 808 Nec
661 777 713 807 hic
744 776 826 807 sistit
855 775 1026 806 difficultas
1061 773 1303 815 interpretandi.

226 825 341 857 Statim
364 833 400 854 ac
424 822 681 862 manuscriptum
705 821 737 851 S.
763 820 913 851 Thomae
944 820 1071 860 aspicis,
1103 820 1147 850 ob
1174 819 1303 850 iteratas

225 869 427 901 redactiones
452 873 518 898 tam
546 867 742 902 intricatum,
770 865 952 902 frustatum‚
981 865 1084 895 lituris
1115 864 1302 901 horridum,

225 912 530 955 transpositionibus
546 917 578 942 et
593 911 838 942 remissionibus
853 909 959 940 simile
975 909 1171 950 labyrintho,
1195 909 1304 940 statim

227 960 323 991 etiam
346 957 498 997 intelligis
522 962 604 996 quot
620 961 652 986 et
674 955 804 996 quantis
820 954 945 985 errandi
969 954 1122 994 periculis
1146 955 1303 995 interpre-

225 1010 291 1036 tem
308 1007 460 1043 exponat.
477 1001 530 1032 Ob
547 1010 658 1031 causas
674 999 897 1039 multipliciter
912 999 1014 1030 varias
1029 999 1119 1030 nulla
1135 999 1203 1030 fere
1218 999 1303 1030 linea

226 1058 292 1080 non
317 1046 411 1078 offert
434 1052 558 1087 petram
574 1044 726 1076 scandali.
744 1044 799 1075 Ille
815 1050 926 1075 noster
941 1043 1048 1075 multo
1072 1044 1195 1085 pluries
1219 1044 1304 1076 ceci-

224 1093 333 1130 disset,
357 1092 419 1124 nisi
443 1100 500 1131 per
524 1096 628 1121 textus
652 1088 899 1129 intelligentiam
923 1089 1135 1120 occasionem
1162 1089 1304 1121 vitasset.

229 1164 233 1166 .
279 1136 434 1169 Secundo
457 1135 612 1176 probatur
635 1139 792 1164 assertum
820 1142 859 1165 ex
891 1143 933 1165 eo
965 1133 1057 1175 quod
1083 1134 1211 1165 Auctor
1241 1135 1305 1176 ipsi

225 1182 388 1214 commisit
410 1189 480 1212 rem
503 1189 571 1210 non
594 1180 638 1210 ita
662 1178 751 1219 parvi
774 1179 947 1216 momenti,
970 1188 1092 1220 nempe
1115 1179 1303 1220 aliquorum

223 1227 442 1268 capitulorum
467 1224 642 1255 formulare
658 1223 780 1255 titulos.
805 1223 842 1255 ln
865 1224 895 1255 A
917 1223 1013 1256 multi
1037 1233 1106 1255 non
1129 1225 1303 1256 inveniun-

222 1278 284 1308 tur,
308 1270 495 1312 praesertim
519 1269 553 1300 in
569 1268 606 1299 L.
625 1269 647 1306 1,
665 1274 698 1300 et
720 1268 798 1309 quia
813 1269 847 1299 in
863 1270 1018 1301 omnibus
1042 1269 1131 1300 libris
1154 1270 1303 1301 substan-

223 1316 338 1347 tialiter
370 1316 422 1347 vel
451 1314 650 1345 verbotenus
681 1313 783 1344 iidem
809 1319 896 1351 sunt,
924 1324 944 1345 e
973 1314 1082 1355 primo
1112 1315 1303 1356 apographo

222 1360 413 1401 desumptos
436 1369 507 1391 esse
526 1364 623 1400 patet.
649 1359 789 1390 Duobus
804 1359 856 1390 vel
879 1359 982 1391 tribus
1004 1359 1085 1391 locis
1108 1369 1219 1391 veram
1234 1360 1304 1392 Au-

222 1406 320 1437 ctoris
342 1411 488 1437 mentem
510 1413 580 1435 non
603 1403 800 1435 adamussim
820 1405 992 1446 expressit;
1016 1404 1182 1436 interdum
1205 1406 1304 1437 etiam

223 1451 360 1483 mutavit
376 1450 556 1481 dictionem
571 1449 791 1480 authenticam
806 1455 828 1480 ¹.
843 1468 868 1473 -
883 1449 959 1481 Huc
982 1455 1107 1491 spectat
1127 1450 1219 1492 quod
1234 1450 1304 1482 Au-

223 1501 294 1527 ctor
317 1495 507 1527 amanuensi
530 1494 661 1535 reliquit
678 1495 922 1526 correctionem
938 1494 1128 1527 defectuum
1151 1495 1305 1527 dictionis

223 1541 274 1572 vel
290 1541 400 1582 potius
415 1540 568 1581 lapsuum
585 1539 711 1573 calami,
727 1540 840 1580 quales
855 1540 986 1571 evenire
997 1540 1105 1572 solent
1116 1541 1306 1572 auctoribus

223 1586 326 1626 magis
337 1585 536 1627 cogitatione
550 1593 650 1625 quam
663 1585 790 1616 calamo
802 1586 982 1626 occupatis.
996 1585 1064 1617 Sub
1076 1586 1142 1617 hoc
1153 1592 1305 1627 respectu

223 1632 348 1672 primus
364 1631 522 1671 interpres
537 1639 678 1661 messem
694 1630 790 1662 nobis
806 1630 993 1672 praeripuit,
1009 1640 1079 1662 non
1095 1631 1175 1671 quin
1199 1631 1306 1672 spicas

224 1675 353 1717 legendi
377 1676 507 1717 copiam
531 1675 725 1716 praebuerit.

279 1720 403 1758 Tertio,
419 1725 526 1751 textus
551 1730 574 1751 α
598 1729 695 1761 saepe
711 1719 817 1751 differt
832 1720 872 1751 ab
895 1720 926 1751 A
949 1730 1007 1761 per
1025 1720 1304 1752 introductionem

225 1765 399 1797 verborum
429 1764 543 1796 similis
573 1774 705 1796 sensus:
738 1765 844 1796 verbis
867 1765 1022 1796 Auctoris
1044 1775 1103 1807 per
1126 1767 1305 1798 memoriae

223 1811 351 1851 lapsum
363 1811 528 1842 substituit
539 1820 608 1847 sua,
624 1819 858 1851 nonnusquam
875 1819 952 1841 cum
968 1810 1164 1842 detrimento
1180 1820 1303 1844 sensus.

223 1854 443 1895 Quandoque,
467 1856 568 1886 rarius
584 1855 708 1894 utique,
732 1855 858 1886 varians
881 1864 950 1886 non
974 1865 1043 1887 uno
1074 1857 1174 1887 verbo
1197 1857 1304 1888 absol-

224 1900 319 1936 vitur,
343 1900 401 1932 sed
424 1900 554 1942 longius
578 1901 785 1941 protrahitur,
809 1901 853 1931 ita
876 1906 914 1931 ut
940 1909 1049 1931 sermo
1073 1901 1156 1933 alius
1179 1901 1303 1934 evadat.

224 1944 352 1976 Accidit
374 1955 496 1986 nempe
523 1950 560 1976 ut
583 1945 668 1976 male
699 1945 884 1986 percipiens
914 1944 1189 1985 significationem
1213 1956 1306 1978 com—

222 1989 332 2031 pendii
349 1995 406 2021 aut
420 1990 637 2022 intentionem
654 1990 850 2021 redactionis
866 1994 1020 2027 mutatae,
1036 2000 1055 2021 a
1070 1989 1305 2024 reformatione

223 2035 323 2066 totius
347 2036 519 2067 commatis
542 2044 675 2066 sensum
698 2036 826 2066 bonum
850 2040 949 2075 petat.

278 2079 403 2112 Ultimo
427 2081 573 2122 arguitur
588 2089 627 2111 ex
643 2080 804 2112 varietatis
820 2089 940 2121 genere
955 2080 1202 2121 specialissimo,
1219 2091 1305 2123 quae

223 2125 318 2156 nobis
339 2125 544 2167 inexpectata
567 2125 699 2156 obviam
722 2126 822 2156 venit.
846 2124 993 2166 Scriptor
1011 2125 1108 2166 primi
1125 2127 1305 2168 apographi

224 2168 381 2211 quasdam
405 2170 585 2202 additiones
605 2170 707 2202 textui
731 2171 885 2202 Auctoris
908 2170 1104 2207 contribuit;
1129 2177 1304 2210 commata,

222 2215 362 2255 integras
385 2215 550 2256 periodos,
567 2225 665 2246 ausus
681 2221 729 2246 est
752 2214 960 2255 interpolare,
976 2216 1080 2247 immo
1099 2216 1176 2248 loco
1192 2217 1305 2254 unico,

224 2260 323 2291 Libro
348 2260 391 2291 1v
415 2270 486 2301 cap.
515 2268 566 2297 ii,
592 2259 683 2301 quod
706 2260 892 2291 inscribitur
917 2273 931 2286 ‹
948 2260 999 2291 De
1022 2259 1243 2294 Generatione
1270 2262 1305 2293 in

224 2303 340 2336 divinis
356 2319 384 2342 »,
408 2306 629 2346 paragraphus
652 2304 693 2336 de
717 2305 803 2336 Filio
819 2305 903 2336 Patri
921 2305 1092 2337 Essentiali
1109 2312 1141 2338 et
1164 2307 1305 2348 Aequali

224 2355 358 2392 propter
381 2351 506 2382 criteria
530 2351 658 2382 interna
681 2354 714 2381 et
737 2355 868 2382 externa
891 2355 1027 2391 apparet
1055 2360 1126 2382 non
1149 2351 1249 2384 fuisse
1271 2352 1305 2384 in

226 2395 440 2436 autographo.
465 2395 541 2427 Alio
566 2395 642 2426 loco
666 2404 771 2426 unum
795 2401 1026 2436 argumentum
1050 2396 1205 2428 Auctoris
1229 2407 1306 2438 sup-

224 2440 340 2481 pressit
354 2450 519 2480 suumque
536 2441 706 2482 proprium
722 2440 850 2476 inserit;
875 2440 948 2472 vide
965 2450 997 2471 n.
1019 2448 1068 2482 ¹9.
1094 2441 1306 2484 interpolatio

225 2483 266 2516 32
292 2494 310 2515 a
335 2485 375 2516 38
400 2490 530 2526 sumpta
554 2484 683 2516 videtur
705 2485 778 2515 vm
803 2485 902 2528 Pnys.
927 2485 948 2516 l.
974 2485 1029 2523 IX,
1052 2495 1085 2517 n.
1110 2486 1142 2518 8.

280 2538 311 2568 7.
326 2547 347 2552 -
358 2530 419 2561 His
435 2531 634 2569 argumentis
650 2530 825 2570 probatum
842 2539 913 2562 esse
929 2535 1094 2572 putamus,
1111 2532 1306 2573 scriptorem

224 2579 330 2605 textus
355 2584 378 2605 σι
402 2575 536 2606 scientia
553 2584 661 2607 rerum
680 2574 720 2606 de
745 2575 864 2615 quibus
880 2575 1007 2607 Auctor
1029 2577 1166 2617 inquirit
1187 2578 1307 2610 instru-

225 2624 315 2650 ctum
339 2618 448 2651 fuisse.
481 2619 546 2652 Sed
578 2619 720 2651 fortassis
749 2620 846 2651 alicui
877 2620 1005 2652 videtur
1034 2621 1126 2657 Quod
1149 2623 1257 2655 tex‘tus
1282 2632 1306 2654 αι

224 2663 319 2695 aliam
343 2664 484 2696 admittit
507 2665 770 2706 explicationem.
796 2664 896 2704 Quid,
921 2666 948 2696 si
972 2665 1079 2698 codici
1111 2675 1213 2707 quem
1241 2668 1307 2709 pri-

224 2718 316 2740 mum
340 2710 565 2751 apographum
589 2711 810 2746 nominamus,
835 2710 923 2742 aliud
947 2711 1049 2742 subsit
1065 2713 1306 2753 autographum

224 2764 262 2785 ac
285 2754 378 2786 cuius
409 2753 586 2795 fragmenta
615 2752 792 2787 habemus?
820 2755 986 2788 Erroneae
1017 2756 1186 2795 lectiones,
1220 2757 1307 2790 dicet

224 2799 307 2841 quis,
323 2798 473 2840 profecto
489 2801 522 2831 in
538 2800 631 2832 nullo
647 2800 851 2841 autographo
868 2799 1040 2839 affuerunt,
1056 2801 1113 2833 sed
1129 2812 1168 2834 ex
1188 2804 1307 2844 quovis

224 2845 425 2876 occasionari
449 2850 647 2881 potuerunt:
677 2854 755 2885 ergo
778 2855 846 2876 non
871 2845 1037 2877 exclusive
1060 2847 1242 2879 indicarent
1264 2849 1305 2880 A.

224 2889 319 2926 Dein,
343 2894 393 2920 tot
407 2889 565 2921 lectiones
581 2900 649 2921 non
666 2890 771 2921 malae
787 2890 844 2921 sed
859 2895 987 2922 tantum
1004 2901 1073 2923 non
1098 2893 1305 2926 authenticae

224 2939 373 2974 respectu
397 2935 437 2971 A,
461 2940 611 2975 respectu
634 2935 765 2966 alterius
789 2936 982 2977 autographi
1006 2937 1211 2970 authenticae
1234 2947 1305 2971 esse

225 2983 372 3019 possunt.
397 2979 668 3020 interpolationes
694 2981 795 3021 ipsae.
822 2989 904 3021 quas
933 2990 995 3012 nos
1023 2987 1177 3022 putamus
1200 2983 1305 3025 spolia

224 3032 294 3054 esse
317 3024 481 3065 scriptoris
504 3025 639 3066 proprio
663 3025 826 3065 stipendio
842 3025 1019 3063 militantis,
1042 3027 1216 3067 hucusque
1239 3038 1305 3069 qua

224 3068 382 3100 lectiones
398 3070 552 3101 omnibus
567 3069 730 3110 theologis
747 3075 780 3101 et
798 3070 1004 3111 philosophis
1021 3072 1190 3104 catholicis
1205 3078 1305 3105 notae

225 3119 324 3150 erant,
341 3114 420 3154 quin
443 3124 644 3155 quemquam
669 3114 882 3152 offenderint;
899 3115 987 3147 unde
1007 3117 1084 3148 satis
1099 3118 1305 3150 tho'mieticae

226 3164 381 3198 apparent
403 3164 439 3190 ut
459 3159 634 3201 aliquando
651 3160 782 3201 propria
804 3159 836 3191 S.
862 3160 1016 3192 Doctoris
1033 3171 1133 3193 manu
1157 3169 1306 3195 exaratae

226 3212 294 3233 esse
318 3202 476 3235 dicantur.
1273 3224 1278 3230 ·

282 3248 531 3288 Respondemus
545 3248 646 3290 quod,
660 3249 756 3280 etiam
770 3249 910 3290 demptis
923 3250 1119 3283 lectionibus
1131 3253 1306 3284 intrinsece

228 3292 328 3327 malis.
342 3292 505 3324 character
516 3293 673 3333 generalis
686 3293 885 3325 differentiae
902 3295 985 3326 inter
998 3305 1021 3326 οι
1035 3301 1066 3327 et
1082 3297 1112 3327 A
1128 3297 1178 3328 his
1193 3298 1306 3338 paucis

227 3342 333 3375 potest
360 3336 527 3369 delineari:
553 3338 750 3378 exactitude,
775 3339 957 3380 plenitudo,
982 3341 1174 3382 proprietas,
1199 3341 1305 3374 effica-

283 3427 291 3444 ¹
311 3428 381 3453 Haec
400 3428 554 3455 confirmant
572 3430 724 3462 opinionem
745 3436 862 3456 nostram
881 3432 949 3458 circa
969 3433 1058 3458 titulos
1079 3434 1256 3460 Articulorum
1281 3434 1307 3459 in

229 3463 336 3489 Summa
354 3464 522 3498 Theologica.
543 3466 635 3492 Plures
660 3475 712 3492 non
732 3467 765 3492 ab
789 3468 904 3493 Auctore
930 3469 1034 3494 veni-se
1059 3469 1222 3497 videbantur.
1243 3470 1307 3496 Pru-

228 3498 318 3523 denter
344 3501 423 3527 egerit
450 3502 493 3534 qui
522 3502 547 3526 in
570 3502 695 3534 operibus
719 3503 746 3528 S.
770 3502 891 3529 'rhomae
919 3503 1102 3537 inscriptiones
1127 3506 1306 3532 Articulorum

229 3534 407 3566 Capitulorum
427 3536 589 3567 Lectionum,
609 3539 648 3563 vel
670 3546 841 3572 quocumque
856 3539 985 3565 vocabulo
1000 3540 1143 3566 divisiones
1157 3547 1242 3567 textus
1261 3549 1306 3575 ge·

229 3570 321 3630 ηξηιΙὲΙς
341 3578 410 3630 umis
422 3577 506 3599 vocat.
522 3581 574 3597 non
589 3574 666 3598 nimis
682 3580 773 3607 urgeat
786 3582 834 3608 pro
852 3574 904 3600 fine
917 3577 1059 3607 exegetico.
1074 3576 1157 3602 sicubi
1172 3585 1224 3602 non
1245 3584 1306 3602 con·

229 3612 241 3628 a
255 3611 279 3630 et
317 3616 330 3629 c
350 3611 393 3631 aut
413 3608 489 3632 entia.

1355 282 1415 318 cia,
1439 281 1550 322 gratia,
1575 281 1685 314 verbov
1699 281 1825 318 veritas,
1846 282 2004 313 orationis
2027 282 2223 323 autographi
2245 282 2280 314 in
2302 288 2393 314 textu
2417 288 2441 313 ot

1356 325 1590 357 detrimentum
1620 334 1714 366 passa
1745 331 1803 357 est.
1835 326 1999 358 Differunt
2029 327 2114 358 sicut
2143 327 2271 368 pictura
2300 328 2341 358 ab
2370 328 2442 359 eius

1356 370 1539 401 imitatione
1562 379 1620 411 per
1643 371 1751 402 virum
1772 371 1884 402 minus
1906 371 2074 403 artificem.
2102 372 2200 403 Ratio
2227 373 2289 403 ista
2311 378 2443 414 sumpta

1356 425 1375 446 a
1397 415 1519 447 minori
1542 415 1652 446 valore
1674 414 1802 447 incidit·
1816 425 1894 447 cum
1924 422 2120 457 argumento
2149 417 2280 448 alterius
2308 416 2442 448 ordinis.

1357 459 1454 491 Nulla
1474 460 1600 490 varians
1614 460 1699 491 inter
1715 469 1739 491 οι
1755 465 1789 492 et
1802 461 1834 492 A
1849 460 2046 493 adamussim
2062 461 2242 503 ponderata
2258 462 2441 493 necessario

1357 504 1409 536 vel
1431 504 1643 546 probabiliter
1665 505 1809 543 insinuat
1831 507 2075 548 autographum
2097 506 2187 538 aliud
2210 507 2251 538 ab
2266 507 2307 538 A.
2331 506 2442 546 Quae-

1356 548 1433 580 dam
1448 549 1608 581 lectiones
1624 559 1648 580 α,
1663 559 1734 581 non
1749 549 1911 586 dedecent
1921 551 2114 589 Auctorem,
2125 551 2184 583 sed
2195 551 2236 583 ad
2251 559 2442 593 supponem

1358 594 1434 625 dam
1450 594 1612 635 originem
1629 604 1668 626 ex
1683 596 1889 636 autographo
1901 595 2030 628 diverso
2046 597 2137 628 nulla
2151 597 2251 638 cogit,
2267 602 2442 638 propterea

1358 639 1451 681 quod
1473 639 1564 671 nulla
1587 639 1708 671 limites
1735 639 1956 672 accidentium
1979 641 2193 683 scriptoribus
2220 642 2443 673 communiter

1359 684 1623 725 contingentium
1654 684 1792 716 excedit.
1824 684 2004 723 Praeterea,
2031 686 2194 727 quaedam
2219 694 2343 728 eaeque
2372 696 2441 718 non

1358 739 1482 771 paucae
1501 729 1660 761 lectiones
1677 739 1700 760 α
1716 729 1932 761 solummodo
1955 739 2015 772 per
2029 732 2213 763 materiales
2227 733 2442 764 circumstam

1357 775 1417 806 tias
1440 775 1620 816 scripturae
1635 775 1666 806 A
1681 774 1896 816 explicantur.
1919 774 2106 807 Exteriores
2121 777 2211 808 euim
2233 776 2443 809 conditiones

1357 819 1456 851 huius
1479 820 1674 861 autographi
1696 828 1798 852 nemo
1829 819 1974 861 prudens
1997 826 2166 862 supponet
2187 821 2320 853 easdem
2343 820 2443 855 fuisse

1357 865 1391 896 in
1415 864 1491 902 alio,
1515 865 1542 896 si
1566 864 1608 896 de
1630 865 1743 896 multis
1765 865 1848 896 locis
1872 871 1996 906 agatur.
2026 865 2132 897 Nobis
2159 865 2310 907 quotidie
2338 867 2442 909 magis

1357 919 1549 951 persuasum
1573 908 1635 941 fuit
1649 909 1693 941 de
1707 909 1834 951 origine
1851 919 1875 941 αι
1891 919 1931 941 ex
1946 910 1986 947 A,
2003 909 2083 942 dum
2107 910 2293 942 collationis
2307 911 2441 952 longam

1357 955 1445 986 viam
1469 955 1550 986 lenti
1573 960 1744 996 carpentes
1767 955 1990 996 transcriptori
2010 955 2105 997 quasi
2123 961 2324 997 spectatores
2346 956 2444 989 adati÷

1357 1000 1468 1038 timus,
1484 1005 1518 1031 et
1540 1000 1736 1031 variationes
1759 1001 1800 1031 ab
1813 1000 2002 1041 exemplari
2018 1001 2090 1032 eius
2105 1001 2202 1031 nobis
2220 1001 2382 1041 prae-enti
2397 1001 2443 1032 al-

1357 1050 1460 1076 teram
1483 1050 1560 1086 post
1582 1045 1717 1076 alteram
1739 1054 1871 1086 surgere
1886 1044 2039 1076 vidimus.
2063 1045 2172 1077 Huius
2190 1045 2360 1087 privilegii·
2371 1054 2441 1080 non

1357 1099 1535 1132 possumus
1563 1090 1739 1132 participes
1769 1089 1876 1122 facere
1906 1090 2064 1127 lectores;
2096 1099 2183 1131 opus
2205 1095 2292 1122 esset
2314 1095 2352 1125 ut
2381 1090 2444 1122 iter

1357 1141 1510 1167 nostrum
1532 1135 1596 1176 ipsi
1618 1134 1800 1172 reficerent,
1824 1135 1852 1166 si
1874 1144 1925 1166 ex.
1941 1144 1993 1176 gr.·
2013 1135 2164 1167 lectionis
2187 1135 2226 1167 L.
2243 1135 2267 1172 1,
2291 1144 2363 1179 cap.
2387 1135 2442 1172 61,

1362 1180 1422 1221 ¹7⁵
1437 1190 1456 1211 a
1471 1189 1494 1220 4
1517 1185 1627 1212 actum
1648 1180 1714 1215 Ιιοο
1735 1189 1797 1221 pro
1820 1179 1974 1212 accidens
1988 1181 2151 1212 rationem
2174 1180 2354 1221 persentire
2377 1180 2444 1212 vela

1357 1225 1436 1257 lent.
1460 1225 1497 1256 ln
1520 1224 1686 1256 schedulis
1707 1225 1828 1256 nostris
1843 1223 1885 1256 ad
1903 1224 2024 1257 multas
2041 1225 2202 1257 variantes
2217 1234 2242 1256 α.
2258 1224 2444 1260 collationis

1358 1270 1499 1302 decursu
1520 1275 1602 1302 nota
1624 1269 1718 1301 affixa
1741 1275 1803 1301 est:
1831 1283 1846 1298 c
1861 1269 1992 1302 traditio
2011 1279 2052 1301 ex
2071 1270 2103 1302 A
2117 1283 2132 1298 ι
2150 1269 2245 1307 idest,
2267 1270 2396 1303 varians
2413 1277 2443 1302 ἀ

1358 1315 1526 1347 evidenter
1539 1316 1700 1356 supponit
1714 1324 1814 1347 usum
1837 1315 2032 1357 exemplaris
2046 1315 2092 1353 A;
2115 1314 2174 1347 sed
2188 1315 2267 1357 quia
2287 1315 2324 1348 in
2339 1321 2444 1357 appa*-

1357 1366 1430 1392 ratu
1453 1360 1635 1402 descriptae
1656 1366 1734 1392 sunt
1755 1360 1827 1392 sine
1848 1359 1983 1401 speciali
2004 1365 2085 1392 nota
2107 1359 2149 1392 ad
2164 1360 2255 1392 bunc
2276 1359 2443 1397 effectum,

1358 1406 1412 1438 hic
1435 1406 1585 1447 quinque
1608 1405 1758 1447 exempla
1773 1405 1980 1437 exhibemus:
2003 1406 2064 1437 tria
2078 1405 2204 1437 scilicet
2218 1404 2260 1438 ad
2281 1405 2444 1437 illustran-

1358 1450 1439 1483 dum
1455 1450 1547 1492 quod
1562 1460 1633 1482 non
1648 1460 1734 1492 opus
1750 1456 1800 1482 est
1821 1450 1911 1482 aliud
1929 1450 2095 1492 exemplar
2117 1449 2294 1492 appellate,
2312 1449 2382 1482 duo
2402 1449 2444 1482 ad

1358 1495 1568 1538 probandum
1591 1501 1718 1528 textum
1742 1504 1766 1526 α
1789 1495 1926 1537 ligatum
1950 1505 2020 1527 esse
2043 1495 2221 1537 exemplari
2243 1495 2284 1527 A.

1415 1541 1452 1573 L.
1478 1541 1491 1573 1
1515 1550 1587 1582 cap.
1605 1541 1660 1582 39,
1680 1548 1744 1580 114
1755 1550 1774 1571 a
1787 1550 1807 1581 9
1828 1554 1843 1568 ι
1858 1541 2088 1582 Unaquaeque
2103 1545 2215 1574 autem
2234 1545 2349 1572 natura
2363 1549 2443 1572 suae

1360 1586 1418 1622 (cx
1432 1585 1496 1628 sui)
1514 1586 1650 1618 rationis
1665 1586 1807 1617 termino
1823 1585 2033 1618 concluditur
2046 1597 2062 1614 s
2081 1585 2122 1617 A.
2137 1585 2212 1619 Vox
2228 1590 2352 1617 namra
2365 1585 2444 1616 acri·

1359 1632 1447 1663 bitur
1469 1631 1516 1668 n‘,
1539 1631 1598 1663 sed
1621 1632 1747 1672 primus
1770 1630 1890 1662 ductus
1912 1630 2038 1662 litterae
2053 1640 2074 1662 n
2091 1629 2329 1669 horiaontalior
2343 1638 2444 1671 quam

1358 1676 1544 1708 verticalior
1559 1681 1578 1707 e
1593 1676 1699 1708 veloci
1716 1675 1844 1708 calamo
1868 1674 1996 1712 cecidit,
2012 1676 2056 1707 ita
2071 1680 2109 1707 ut
2123 1675 2336 1716 transuiptor
2357 1674 2445 1716 lege-

1358 1722 1400 1753 rit
1423 1721 1516 1764 infra
1524 1728 1538 1759 ,·
1552 1726 1728 1763 propterea
1739 1720 1919 1752 dictionem
1934 1725 2042 1752 mutat
2055 1721 2117 1752 sic:
2140 1733 2156 1750 ι
2169 1719 2445 1762 Unumquodque

1359 1771 1470 1798 autem
1493 1765 1576 1798 infra
1599 1775 1678 1798 suos
1703 1766 1775 1807 (sue
1791 1763 1826 1808 β)
1849 1766 1984 1797 rationis
2006 1766 2166 1799 terminos
2187 1764 2398 1797 concluditur
2411 1777 2444 1802 ο,

1414 1811 1452 1843 L.
1478 1811 1491 1843 1
1515 1821 1587 1853 cap.
1611 1821 1667 1852 77,
1693 1820 1790 1842 220a
1804 1820 1827 1851 4
1854 1823 1870 1839 ι
1888 1811 1964 1842 Hoc
1987 1810 2072 1842 inter
2089 1810 2316 1851 cognitionem
2339 1815 2373 1842 et
2386 1819 2445 1852 ap-

1360 1857 1500 1898 petitum
1523 1857 1667 1894 interest,
1699 1854 1792 1897 quod
1820 1855 1967 1897 cognitio
1997 1854 2036 1886 fit
2062 1854 2248 1888 secundum
2271 1854 2365 1896 quod
2387 1864 2445 1887 co-

1358 1902 1488 1942 gnitum
1509 1907 1557 1932 est
1581 1900 1694 1942 aliquo
1710 1899 1814 1932 modo
1828 1901 1865 1933 in
1879 1905 2122 1942 cognomentez
2145 1900 2312 1941 appetitus
2333 1904 2445 1931 autem

1358 1955 1438 1983 non,
1463 1945 1521 1977 sed
1537 1955 1556 1977 e
1572 1955 1734 1977 converso
1750 1944 1936 1977 seeundum
1951 1944 2045 1986 quod
2063 1945 2229 1986 appetitus
2251 1943 2391 1976 refertur
2403 1943 2447 1977 ad

1358 1999 1429 2022 rem
1455 1990 1668 2032 appetibilem
1683 1999 1782 2032 quam
1805 1995 1961 2032 appetens
1983 1989 2116 2034 quaerit
2133 1989 2185 2022 vel
2207 1990 2242 2022 in
2262 1998 2333 2032 qua
2354 1989 2446 2032 quie·

1358 2036 1421 2068 scit
1439 2048 1454 2063 ι
1473 2036 1518 2073 Α;
1542 2035 1602 2077 qui
1617 2035 1718 2067 oculo
1734 2035 1892 2077 tantisper
1905 2034 2013 2068 veloci
2029 2034 2223 2076 scripturam
2238 2034 2304 2066 loci
2319 2035 2445 2077 aspicit:

1358 2081 1445 2122 leget
1460 2081 1531 2113 sine
1553 2080 1710 2123 scrupulo
1726 2079 1820 2122 quod
1843 2080 1993 2122 legerunt
2010 2079 2138 2121 primus
2151 2079 2311 2121 interpres
2326 2084 2360 2112 et
2378 2079 2446 2112 Ue·

1359 2125 1487 2157 cellius:
1513 2127 1708 2167 inquantum
1723 2130 1878 2168 appetens
1893 2125 2026 2167 quaerit
2040 2125 2074 2156 in
2090 2134 2156 2168 quo
2171 2125 2329 2168 quiescat.
2345 2123 2446 2157 Vides

1359 2170 1458 2202 lectio
1482 2170 1513 2202 A
1535 2180 1637 2212 quam
1661 2171 1790 2212 plenior
1813 2176 1846 2202 et
1868 2170 1977 2203 verior
1998 2170 2054 2201 sit!

1416 2215 1454 2247 1..
1479 2215 1508 2247 11
1531 2225 1603 2257 cap.
1634 2224 1689 2256 44,
1722 2215 1786 2247 368
1803 2215 1824 2246 b
1843 2215 1976 2256 20-369
1993 2224 2012 2246 a
2029 2223 2048 2246 2
2075 2227 2092 2243 α
2109 2214 2188 2248 Non
2213 2215 2313 2256 igitur
2339 2213 2444 2247 diver-

1359 2260 1435 2292 sitas
1446 2270 1556 2292 rerum
1568 2261 1721 2302 provenit
1732 2270 1771 2292 ex
1789 2260 1974 2293 diversitate
1989 2260 2184 2292 meritorum
2198 2273 2214 2287 ι
2233 2259 2298 2302 pA,
2315 2273 2330 2288 ι
2343 2258 2445 2301 Igitm

1360 2305 1528 2337 diversitas
1542 2315 1652 2337 rerum
1668 2315 1708 2337 ex
1724 2305 1897 2347 principali
1913 2304 2099 2337 intentione
2114 2304 2212 2346 primi
2227 2304 2353 2346 agentis
2367 2313 2445 2346 pro·

1359 2351 1459 2388 venit,
1475 2359 1544 2382 non
1561 2359 1600 2382 ex
1616 2350 1800 2382 diversitate
1815 2350 2010 2382 meritorum
2029 2363 2044 2378 υ
2070 2350 2128 2381 sA.
2152 2349 2231 2382 Post
2249 2349 2445 2381 meritorum

1361 2395 1451 2427 adest
1473 2395 1606 2437 signum
1627 2394 1772 2427 referens
1787 2394 1828 2427 ad
1843 2396 2026 2437 marginem
2041 2393 2233 2427 inferiora-
2256 2394 2445 2431 columnae.

1361 2441 1418 2473 ubi
1441 2441 1592 2472 scribitur
1622 2446 1853 2482 argumentum
1882 2440 1900 2472 3
1924 2439 2045 2472 Adhuc
2122 2447 2163 2471 io
2186 2445 2359 2471 ostensum
2385 2444 2444 2475 eat.

1360 2485 1572 2518 inserendum
1588 2486 1672 2517 inter
1688 2485 1882 2518 meritorum
1899 2490 1932 2516 et
1953 2492 1986 2516 tt
2007 2485 2167 2526 Amph'us.
2185 2485 2346 2526 Interpres
2359 2493 2446 2516 mr·
2502 2497 2504 2499 ·

1360 2531 1502 2573 ginalem
1526 2531 1740 2572 scriptionem
1763 2540 1807 2562 ex
1824 2530 2009 2572 principali
2039 2535 2113 2567 etc„
2144 2538 2231 2571 quae
2260 2527 2445 2562 secundnm

1362 2585 1459 2608 usum
1483 2576 1638 2608 Auctoris
1660 2575 1885 2607 continuanda
1909 2581 1958 2607 est
1979 2574 2022 2606 ad
2049 2583 2162 2606 rerum
2186 2575 2264 2617 quia
2294 2573 2337 2606 ad
2363 2572 2447 2606 issud

1361 2621 1521 2653 continue
1549 2621 1668 2662 scripta
1699 2627 1758 2661 est,
1789 2626 1866 2662 post
1895 2620 2091 2652 meritorum
2120 2618 2350 2652 collocandam
2373 2627 2447 2651 ease

1362 2665 1507 2698 credidit.
1532 2665 1580 2698 Ibi
1595 2671 1707 2697 autem
1723 2666 1801 2707 quia
1815 2674 1914 2697 sensu
1930 2665 2022 2696 salvo
2037 2665 2118 2706 poni
2141 2673 2212 2696 non
2235 2669 2345 2707 potest
2365 2663 2446 2696 anus

1362 2711 1533 2743 elementis
1547 2711 1754 2748 authenticis,
1770 2711 1902 2752 phrasin
1918 2709 2075 2742 reformat
2097 2710 2162 2742 sic:
2182 2721 2197 2738 ι
2216 2709 2318 2751 Igitur
2339 2707 2445 2741 divar·

1361 2757 1437 2788 sitas
1460 2765 1570 2788 rerum
1591 2756 1743 2797 provenit
1765 2765 1835 2787 non
1851 2764 1891 2787 ex
1907 2755 2092 2787 diversitate
2110 2755 2304 2787 meritorum
2327 2753 2386 2786 aed
2405 2762 2446 2785 ex

1361 2801 1532 2843 principali
1555 2801 1739 2832 intentione
1762 2800 1859 2842 primi
1882 2800 2007 2841 agentis
2026 2813 2055 2832 ι.
2078 2798 2180 2832 Aliud
2202 2799 2444 2841 autographum

1360 2846 1523 2888 appellare
1547 2855 1617 2877 non
1640 2851 1689 2877 est
1711 2854 1807 2887 opus,
1831 2845 1888 2877 ubi
1910 2844 1945 2877 id
1969 2844 2062 2886 quod
2084 2845 2243 2876 habemus
2266 2844 2445 2876 variantem

1358 2891 1530 2925 illuminat.

1404 2936 1568 2975 Quartum
1585 2941 1618 2967 et
1633 2936 1787 2977 quintum
1804 2935 1994 2976 exemplum
2009 2939 2220 2966 assumuntur
2235 2943 2275 2965 ex
2289 2933 2373 2966 locis
2386 2942 2447 2975 per

1359 2981 1468 3022 ipsum
1493 2982 1674 3012 Auctorem
1702 2979 1911 3012 materialiter
1931 2989 2002 3012 non
2026 2985 2138 3011 exacte
2161 2979 2316 3011 correctis
2337 2979 2372 3010 in
2391 2987 2446 3010 ae·

1360 3026 1467 3057 cunda
1491 3026 1690 3058 redactione.
1707 3026 1744 3057 L.
1762 3025 1790 3057 11
1805 3034 1878 3067 cap.
1900 3026 1950 3065 15,
1968 3034 2034 3066 294
2046 3025 2066 3055 b
2084 3025 2122 3056 5:
2141 3035 2158 3053 ι
2176 3022 2382 3066 Impossibile
2397 3028 2446 3054 eat

1358 3076 1469 3103 autem
1481 3066 1617 3112 aliquod
1629 3079 1734 3102 unum
1745 3069 1878 3102 duobus
1888 3070 2066 3101 convenire
2077 3074 2110 3101 et
2121 3069 2252 3111 utrique
2261 3066 2445 3100 secundum

1359 3115 1450 3158 quod
1466 3116 1585 3157 ipsum.
1601 3115 1701 3153 Quod
1711 3116 1798 3147 enim
1809 3117 1989 3147 secundum
2000 3124 2037 3146 se
2050 3114 2093 3146 de
2102 3114 2216 3156 aliquo
2226 3112 2447 3155 praedicatur

1359 3161 1464 3192 eidem
1493 3160 1708 3192 convertibile
1734 3165 1784 3192 est
1801 3173 1816 3189 ›
1842 3161 1907 3202 pA.
1931 3159 2047 3192 Oratio
2068 3159 2126 3196 sA.
2150 3164 2265 3190 eontra
2291 3157 2445 3189 Auctoris

1360 3211 1517 3242 mentem,
1533 3205 1591 3237 sed
1606 3205 1789 3237 secundum
1805 3206 1984 3246 scripturae
2005 3203 2251 3240 indicationem,
2267 3202 2313 3233 sic
2329 3201 2445 3234 decur-

1360 3251 1419 3282 rit:
1447 3263 1462 3278 «
1482 3250 1687 3292 Impossibile
1767 3249 1951 3282 secundum
1974 3248 2067 3290 quod
2089 3248 2210 3289 ipsum.
2237 3246 2337 3284 Quod
2358 3247 2445 3279 enirn

1360 3295 1401 3327 de
1423 3295 1536 3337 aliquo
1559 3295 1739 3327 secundum
1755 3294 1845 3337 quod
1859 3295 1964 3336 ipsunt
1987 3292 2113 3325 dicitur
2130 3293 2237 3334 ipsum
2261 3301 2328 3323 non
2350 3301 2446 3324 exce-

1361 3340 1418 3378 dit,
1442 3341 1527 3372 sicut
1552 3341 1672 3372 habere
1695 3346 1760 3372 trea
1783 3339 1922 3381 angulos
1938 3338 2058 3370 duobis
2080 3337 2177 3369 rectis
2200 3336 2353 3377 aequales
2376 3346 2445 3369 non

1361 3385 1489 3417 excedit
1518 3384 1718 3426 triangulum
1743 3383 1963 3426 praedicatur
1985 3382 2088 3414 eidem
2115 3381 2328 3413 conver-tibae
2350 3387 2399 3413 est
2417 3395 2444 3413 ι.

1361 3430 1514 3469 Quatuor
1544 3431 1660 3462 ultima
1693 3430 1792 3461 verba
1819 3427 1964 3460 tollenda
1987 3426 2134 3464 fuissent,
2164 3435 2242 3458 nam
2265 3436 2307 3458 ne
2331 3427 2445 3458 umbra

1361 3475 1496 3516 quidem
1513 3474 1604 3506 dubii
1620 3479 1729 3516 potest
1748 3482 1819 3505 ease
1841 3473 1923 3514 quin
1947 3471 2083 3503 dictioni
2105 3471 2210 3503 eidem
2233 3471 2447 3503 convertibile

1361 3525 1409 3550 est
1431 3521 1557 3551 Auctor
1573 3520 1605 3551 in
1623 3519 1784 3550 revisione
1802 3516 1991 3559 praetulerit
2010 3517 2115 3558 ipsum
2139 3526 2206 3548 non
2230 3516 2378 3553 excedit.-
2401 3516 2445 3548 le-

1361 3565 1427 3595 ctio
1451 3565 1505 3605 pA
1528 3564 1668 3606 explicat
1689 3563 1746 3600 sA,
1770 3562 1824 3594 hic
1847 3567 1880 3593 et
1898 3561 2046 3602 pluribus
2062 3561 2153 3593 locis.
2178 3561 2338 3603 interpres
2357 3570 2445 3602 vero,

1361 3609 1400 3640 ad
1417 3618 1518 3650 quem
1535 3609 1576 3641 de
1591 3609 1645 3650 pA
1660 3616 1729 3639 non
1745 3607 1937 3649 pertinebat,
1949 3616 1968 3638 e
1984 3607 2116 3648 propria
2130 3606 2264 3638 scientia
2280 3605 2446 3638 defectum
