2768 4134
43 618 92 638 cap.
104 617 165 637 xuv,
176 610 226 631 init.

41 764 50 772 ·
63 762 120 788 Cap.
131 767 211 783 xcvnr.

39 808 48 815 '¹
64 806 119 832 Cap.
136 811 197 827 xcrx.

38 986 47 993 ·
62 983 98 1005 Cf.
115 990 135 1005 n.
153 990 174 1004 v.

36 2015 249 2063 {.¹¹†{‡'.¹'15·6.'¹¹‘¹²³

37 2147 45 2156 ·
61 2146 115 2167 Loc.
131 2146 169 2167 cit.

37 2240 45 2247 ·
61 2238 98 2259 Ad
108 2244 157 2265 cap.
171 2243 206 2264 tn,
217 2244 236 2265 5.

37 2374 45 2382 ·
61 2372 98 2394 cf.
114 2378 136 2393 n.
153 2378 183 2393 iv.

41 3228 102 3263 :3³⁶
117 3235 135 3256 21.

128 3263 133 3276 ι

286 281 360 317 262

1046 393 1384 427 Commentario»

337 497 483 519 os‘rauan
507 484 731 517 determinavit
762 484 898 516 Sanctus
926 484 1070 513 Thomas
1095 481 1135 512 de
1158 480 1359 522 perfectione
1385 514 1387 519 ,

286 500 518 563 pinteuectus
542 537 574 561 et
595 530 781 566 voluntatis,
799 539 836 559 ex
854 529 972 569 quibus
988 528 1052 557 vita
1067 527 1223 566 cognosci
1239 532 1358 567 potest,
1385 557 1386 568 χ

42 587 51 595 ·
67 585 103 606 Cf.
121 584 253 613 Comment—
282 582 520 617 consequenter
536 575 729 606 determinat
745 574 784 605 de
800 574 864 604 vita
879 573 987 604 divina
998 574 1025 602 ᾖ.
1051 571 1146 602 Circa
1168 571 1232 602 hoc
1248 577 1358 601 autem
1385 594 1387 609 3
1412 579 1489 601 nem
1513 579 1578 610 qua
1601 579 1651 601 res
1674 570 1744 610 ipsa
1767 571 1970 612 producitur:
1996 582 2072 603 cum
2097 581 2162 603 una
2192 573 2278 603 actio
2304 573 2428 613 agentis
2452 572 2493 603 ad

282 622 348 653 duo
369 621 456 652 facit:
474 621 592 661 primo,
610 619 802 650 determinat
818 618 858 649 de
875 619 938 648 vita
954 618 1038 657 ipsa;
1058 615 1215 652 secundo,
1232 616 1273 646 de
1290 617 1359 646 eius
1385 636 1387 639 -

1385 665 1387 698 ‚³
1414 669 1490 690 vero
1507 659 1710 691 secundario.
1734 660 1949 701 proprietates
1964 667 2074 692 autem
2090 671 2175 703 quae
2190 661 2342 703 impediri
2355 668 2494 703 possunt

281 667 364 697 vitae
388 666 507 707 specie,
532 665 675 705 capitulo
692 675 720 694 c.

337 711 433 742 Circa
462 710 606 751 primum
637 710 696 739 tria
727 708 815 738 facit:
845 708 963 747 prim0‚
995 706 1188 736 determinat
1219 705 1259 736 de
1289 706 1359 746 ipsa

282 762 441 796 quantum
471 755 512 786 ad
543 764 586 784 an
618 759 683 790 ‘’St'-
714 752 869 788 secundo,
898 757 1059 791 quantum
1090 749 1130 781 ad
1157 750 1236 790 quid
1262 755 1309 780 ese
1325 751 1358 786 ἡ
1386 774 1387 796 ³
1412 794 1549 825 rendum
1582 800 1618 824 ut
1633 800 1743 825 motus
1760 794 1799 826 ad
1815 795 1927 826 locum
1979 796 2143 827 ossuntin
2158 802 2232 828 actu
2256 796 2385 828 formali
2402 806 2479 828 com

1385 828 1387 871 i
1412 839 1502 879 pleto
1526 817 1607 880 poni
1631 840 1729 870 etiarn
1753 804 2080 880 postquam’clessavit
2101 841 2187 872 actio
2210 841 2422 882 producentis
2437 852 2495 873 na-

1385 915 1387 920 ,
1412 890 1533 915 turam:
1562 890 1691 915 remoto
1722 885 1811 916 enim
1841 884 2090 925 impedimento,
2113 886 2300 918 naturaliter
2327 887 2494 919 resultant.

280 802 386 836 tertio,
411 806 569 841 quantum
593 798 634 830 ad
657 799 727 829 eius
750 797 955 828 durationem
971 796 998 825 ἥ.

336 846 359 876 1.
379 845 490 876 Primo
506 853 583 884 ergo
599 843 732 884 ponitur
749 842 918 872 conclusio
934 841 1028 871 haec:
1053 839 1145 870 Deus
1167 844 1215 870 est
1238 839 1358 870 vivens.

335 890 502 920 Probatur
517 889 640 930 primo.
666 888 754 918 Deus
782 893 829 917 est
857 885 1038 925 intelligens
1062 890 1094 914 et
1117 884 1242 914 volens.
1272 884 1359 924 Ergo

282 942 328 966 est
352 936 476 965 vivens:
503 934 579 974 quia
602 932 779 972 intelligere
803 938 834 961 et
858 930 940 960 velle
963 939 1031 960 non
1056 935 1103 959 est
1126 929 1188 959 nisi
1212 929 1359 959 viventis.

336 980 486 1011 Secundo
499 980 526 1008 *.
552 978 640 1009 Deus
655 978 795 1007 maxime
811 985 879 1006 non
896 976 935 1005 ab
952 975 1027 1010 alio,
1045 973 1100 1005 sed
1117 983 1135 1004 a
1154 973 1262 1014 seipso
1279 983 1359 1014 ope-

280 1032 376 1055 ratur.
401 1025 487 1065 Ergo
511 1023 650 1053 maxime
674 1023 703 1052 ei
727 1021 886 1062 competit
909 1020 1026 1050 vivere.
1043 1037 1066 1041 —
1088 1019 1248 1049 Probatur
1270 1024 1359 1049 ante·
1384 1039 1386 1063 2

281 1070 408 1100 cedens.
434 1069 520 1107 Quia
536 1068 625 1098 Deus
642 1073 688 1097 est
704 1067 807 1106 prima
828 1074 924 1096 causa
947 1073 1055 1104 agens.
1074 1082 1098 1086 -
1115 1063 1360 1104 Consequentia

280 1124 357 1145 vero
380 1115 546 1154 probatur.
571 1112 657 1150 Quia
680 1113 788 1142 vivere
812 1109 994 1141 secundum
1013 1109 1078 1139 hoc
1093 1108 1258 1149 aliquibus
1272 1109 1358 1138 attri-

280 1160 396 1189 butum
412 1165 459 1189 est
475 1157 567 1198 quod
583 1158 650 1187 visa
673 1162 748 1186 sunt
770 1164 829 1195 per
852 1165 897 1192 se,
921 1163 989 1185 non
1013 1154 1053 1184 ab
1077 1154 1142 1184 alio
1165 1153 1301 1183 moveri.
1319 1153 1361 1183 Et

280 1205 356 1244 quia
380 1203 586 1244 operationes
609 1200 776 1232 sensibiles
801 1209 878 1231 cum
900 1205 995 1230 motu
1015 1205 1101 1234 sunt,
1118 1198 1253 1229 ulterius
1269 1197 1360 1238 quod

278 1249 343 1288 agit
366 1257 400 1279 se
424 1247 464 1278 ad
492 1247 640 1288 proprias
671 1245 889 1287 operationes,
914 1244 1062 1285 quamvis
1092 1252 1161 1274 non
1191 1243 1255 1273 sint
1283 1252 1360 1274 cum

278 1299 383 1329 motu,
409 1292 525 1324 dicitur
549 1291 667 1322 vivere.
683 1309 706 1312 —
721 1291 938 1330 Assumptum
962 1290 1026 1319 hoc
1046 1288 1236 1319 declaratur.
1257 1287 1298 1318 Et
1321 1297 1359 1318 ex

277 1340 315 1369 iis
332 1347 416 1379 quae
431 1347 489 1378 per
512 1335 759 1367 similitudinem
775 1335 914 1366 dicimus
930 1335 1047 1370 vivere,
1064 1340 1101 1364 ut
1116 1343 1235 1373 aquam
1252 1333 1359 1363 vivam

277 1383 416 1414 dicimus
432 1389 463 1413 et
479 1386 654 1424 argentum
675 1381 793 1415 vivum,
811 1380 888 1420 quia
911 1389 969 1420 per
992 1388 1026 1409 se
1050 1379 1175 1409 moveri
1199 1377 1359 1413 videntur,

278 1438 318 1459 eo
343 1428 434 1468 quod
457 1436 573 1458 eorum
597 1431 743 1456 motores
767 1425 883 1466 vulgus
906 1434 975 1455 non
999 1424 1167 1464 percipiat.
1192 1423 1234 1453 Et
1258 1432 1296 1453 ex
1321 1423 1359 1452 iis

277 1483 360 1514 quae
385 1473 453 1504 sola
477 1471 607 1513 proprie
632 1471 770 1501 dicimus
793 1471 912 1506 vivere,
937 1479 1021 1510 quae
1052 1469 1175 1499 scilicet
1205 1467 1274 1498 sola
1301 1476 1359 1508 per

276 1527 310 1549 se
326 1523 500 1549 moventur
515 1516 657 1558 proprie,
675 1521 789 1556 utpote
806 1515 989 1555 composita
1005 1524 1043 1545 ex
1059 1520 1189 1545 motore
1206 1517 1241 1543 et'
1253 1519 1357 1548 moto,

277 1569 313 1593 ut
336 1569 411 1594 sunt
434 1563 586 1593 animata.

333 1608 370 1638 11.
388 1607 483 1638 Circa
493 1607 588 1638 istam
598 1606 760 1636 rationem
773 1604 894 1646 duplex
907 1604 1049 1635 occurrit
1062 1603 1210 1634 dubium.
1223 1601 1360 1632 Videtur

278 1654 366 1684 enim
390 1652 473 1688 velle
490 1651 626 1683 Sanctus
643 1650 790 1681 Thomas
813 1649 904 1691 quod
928 1649 1039 1680 onmia
1062 1658 1147 1689 quae
1169 1657 1204 1678 se
1219 1647 1359 1688 proprie

279 1702 417 1734 movent,
441 1698 508 1728 sint
530 1697 695 1728 animata:
711 1701 743 1726 et
767 1695 859 1736 quod
877 1694 989 1726 omnia
1006 1693 1148 1725 viventia
1163 1698 1195 1723 et
1210 1692 1358 1723 animata

278 1747 430 1774 moveant
449 1751 494 1773 se.
519 1741 643 1772 Contra
657 1740 803 1781 primum
826 1741 915 1771 enim
931 1740 1085 1780 arguitur.
1102 1738 1187 1769 Nam
1202 1738 1311 1778 gravia
1327 1742 1359 1767 et

278 1788 360 1819 levia
376 1792 511 1818 movent
527 1787 641 1827 seipsa.
659 1786 701 1817 Et
716 1791 826 1816 tamen
841 1795 911 1816 non
928 1790 1003 1815 sunt
1022 1784 1173 1814 animata.
1190 1783 1278 1823 Ergo
1296 1787 1357 1812 etc.
1383 1804 1385 1809 Α

334 1833 492 1863 Probatur
507 1830 712 1862 antecedens.
729 1831 827 1870 Quia,
852 1831 879 1860 si
901 1835 1067 1871 ponantur
1086 1829 1126 1859 ab
1143 1828 1207 1859 alio
1232 1827 1358 1858 moveri

277 1887 335 1918 per
359 1887 403 1914 se,
427 1878 492 1908 hoc
515 1886 584 1907 non
601 1876 661 1906 erit
683 1877 745 1907 nisi
761 1877 837 1917 quia
854 1881 1029 1906 moventur
1052 1884 1071 1904 a
1090 1878 1276 1914 generante.
1294 1870 1358 1903 Sed

277 1923 341 1953 hoc
365 1931 433 1952 non
457 1927 565 1962 potest
589 1929 669 1951 esse.
695 1920 866 1961 Contingit
890 1920 978 1950 enim
1002 1917 1179 1959 aliquando
1199 1925 1359 1958 generans

277 1976 345 1998 non
362 1976 445 1997 esse:
464 1972 496 1997 et
511 1972 619 1997 tamen
645 1966 715 2005 ipsa
730 1970 915 1996 moventur.
933 1963 1076 1995 Effectus
1092 1969 1202 1994 autem
1225 1962 1259 1992 in
1283 1966 1357 1992 actu

277 2011 411 2051 requirit
435 2020 566 2041 causam
589 2011 622 2041 in
651 2016 724 2041 actu
741 2011 767 2040 “.
794 2009 826 2040 Si
851 2009 975 2040 dicatur
999 2007 1089 2049 quod
1113 2008 1177 2038 hoc
1200 2015 1359 2047 generans

278 2062 325 2087 est
349 2056 487 2092 caelum,
512 2061 543 2086 et
566 2056 630 2086 hoc
654 2064 783 2095 semper
803 2060 851 2085 est
874 2060 963 2085 actu:
982 2058 1104 2084 contra.
1130 2051 1269 2082 Effectui
1286 2060 1358 2092 par-

277 2101 402 2132 ticulari
426 2106 557 2141 oportet
580 2099 740 2139 assignare
765 2109 896 2130 causam
920 2098 1158 2140 particularem,
1182 2103 1219 2127 ut
1242 2095 1359 2127 dicitur

278 2146 305 2177 11
322 2146 539 2187 Physicorum
557 2145 589 2176 *z
611 2145 738 2176 caelum
755 2151 865 2176 autern
880 2154 949 2175 non
970 2149 1018 2175 est
1034 2152 1130 2174 causa
1146 2140 1359 2183 particularis,

278 2191 334 2222 sed
365 2190 569 2221 universalis:
602 2199 681 2231 ergo
709 2196 771 2221 etc.
797 2208 819 2212 —
844 2188 1010 2225 Secundo,
1044 2188 1121 2229 quia
1145 2186 1359 2219 Commenta—

278 2242 339 2272 t0r‚
365 2236 407 2266 IV
426 2235 529 2270 Caeli,
546 2241 724 2266 comment.
743 2235 782 2266 25
801 2236 828 2271 ἡ
854 2235 897 2265 ait
913 2233 1004 2275 quod
1020 2237 1127 2264 motus
1142 2232 1186 2263 ad
1207 2231 1360 2272 superius

279 2286 325 2312 est
348 2286 503 2312 causatus
526 2290 546 2311 a
571 2281 711 2311 levitate.
742 2279 879 2311 Constat
903 2285 1013 2310 autem
1029 2278 1193 2309 levitatem
1218 2285 1287 2307 esse
1311 2276 1359 2306 in-

278 2327 451 2357 trinsecam
474 2326 604 2366 corpori
628 2324 701 2356 levi.

335 2370 458 2401 Contra
481 2370 663 2401 secundum
686 2370 829 2410 arguitur
839 2370 866 2406 ᾖ,
887 2369 964 2410 quia
987 2368 1123 2399 Sanctus
1146 2366 1302 2402 Thomas,
1326 2366 1359 2396 in

279 2416 353 2454 QQ.
370 2416 410 2446 de
426 2415 555 2451 Anima,
573 2425 600 2446 a.
619 2425 650 2455 9,
667 2414 707 2446 ad
724 2414 755 2451 6,
780 2415 812 2445 in
838 2413 956 2445 eodem
980 2412 1094 2444 ordine
1118 2412 1212 2453 ponit
1236 2415 1360 2442 motum

279 2461 399 2496 cordis,
424 2465 546 2491 motum
572 2460 669 2502 ignis,
694 2464 816 2490 motum
840 2459 1011 2501 augmenti
1038 2463 1069 2489 et
1098 2456 1305 2492 decrementi,
1330 2461 1362 2486 et

280 2511 401 2537 motum
418 2506 565 2536 alimenti
580 2505 693 2547 diffusi
710 2514 775 2546 per
789 2509 892 2535 totum
907 2513 1037 2545 corpus.
1062 2502 1236 2543 Subiungit
1250 2507 1359 2533 autem

280 2551 370 2592 quod
383 2561 442 2582 cor
457 2560 523 2581 non
537 2556 644 2581 movet
657 2561 701 2586 se,
714 2550 772 2581 sed
783 2549 983 2581 naturaliter
994 2553 1152 2583 movetur,
1165 2547 1250 2578 sicut
1261 2546 1359 2589 ignis.

280 2596 366 2637 Ergo
394 2602 425 2627 et
449 2605 533 2637 quae
557 2602 717 2636 augentur
731 2601 764 2626 et
779 2594 981 2631 decrescunt,
998 2599 1034 2625 ut
1051 2593 1191 2634 plantae,
1203 2601 1271 2623 non
1287 2601 1361 2623 mo-

280 2647 355 2672 vent
371 2650 416 2672 se.
433 2641 475 2672 Et
490 2641 536 2672 sic
553 2640 669 2672 falsum
686 2646 734 2672 est
749 2639 842 2681 quod
858 2640 969 2671 omnia
985 2638 1126 2670 viventia
1144 2642 1299 2668 moveant
1315 2646 1359 2668 se.

335 2686 388 2716 ΠΙ.
409 2685 459 2716 Ad
472 2685 666 2717 evidentiam
683 2686 778 2727 primi
796 2685 897 2721 dubii,
914 2682 1189 2716 considerandum
1205 2688 1253 2714 est
1269 2681 1361 2723 quod

280 2735 386 2762 motus
412 2731 582 2762 naturales
604 2740 779 2772 corporum
805 2730 1011 2771 simplicium,
1036 2735 1071 2760 ut
1094 2728 1230 2760 habetur
1247 2727 1360 2758 Tertio

279 2776 387 2812 huius,
404 2785 475 2816 cap.
492 2786 577 2812 xxm,
595 2780 840 2818 consequuntur
862 2775 906 2806 ad
919 2775 1058 2817 formas
1082 2773 1261 2809 naturales,
1277 2772 1362 2804 sicut

280 2827 311 2852 et
333 2830 445 2852 omnes
468 2821 556 2852 aliae
580 2821 750 2852 naturales
765 2820 999 2862 proprietates.
1026 2819 1103 2851 ldeo
1120 2818 1160 2850 de
1176 2824 1270 2849 motu
1289 2827 1360 2858 gra-

280 2867 369 2897 vium
387 2872 418 2897 et
437 2865 560 2897 levium
583 2865 789 2907 loquendum
806 2871 854 2896 est
869 2865 953 2896 sicut
969 2865 1009 2896 de
1024 2864 1094 2895 aliis
1109 2863 1360 2905 proprietatibus

279 2921 397 2942 rerum.
423 2910 529 2942 Habet
552 2916 662 2942 autem
686 2911 749 2942 hoc
773 2911 817 2941 rei
842 2911 1032 2951 proprietas,
1050 2909 1140 2950 quod
1164 2909 1271 2950 primo
1287 2908 1360 2949 qui-

280 2956 355 2988 dem
372 2962 405 2987 et
420 2955 639 2997 principaliter
661 2962 811 2987 causatur
834 2965 852 2986 a
876 2955 972 2986 dante
996 2954 1146 2991 formam,
1168 2953 1359 2985 secundario

280 3008 389 3033 autem
414 3007 447 3032 et
469 3001 617 3041 proxime
640 3001 680 3031 ab
704 3001 773 3042 ipsa
798 2999 902 3031 forma
917 3001 974 3037 rei,
991 2999 1047 3031 sed
1066 2999 1258 3031 differenter.
1275 2998 1359 3030 Nam

280 3056 297 3076 a
321 3046 418 3077 dante
443 3045 580 3077 formam
604 3045 795 3087 producitur
825 3055 883 3086 per
912 3046 1074 3076 actionem
1098 3044 1250 3081 mediam,
1275 3053 1360 3085 quae

280 3092 387 3132 primo
412 3090 545 3132 quidem
569 3092 760 3122 terminatur
783 3090 823 3121 ad
846 3090 996 3126 formam,
1013 3089 1205 3121 secundario
1221 3099 1299 3120 vero
1320 3088 1360 3120 ad

281 3136 522 3177 proprietatem.
547 3135 577 3166 A
600 3134 705 3167 forma
728 3142 837 3167 autem
867 3135 1058 3176 producitur
1084 3145 1147 3176 per
1174 3135 1359 3166 naturalem

280 3181 444 3222 quandam
469 3180 697 3212 resultantiam
721 3181 842 3222 absque
868 3180 976 3211 media
1006 3180 1149 3211 actione:
1175 3186 1210 3211 ut
1234 3179 1360 3211 videtur

282 3226 363 3257 velle
380 3225 517 3257 Sanctus
533 3225 680 3257 Thomas
704 3226 820 3262 Prima,
837 3236 868 3266 q.
882 3235 996 3261 Lxxvn,
1014 3235 1042 3256 a.
1060 3225 1079 3255 6
1093 3226 1109 3242 ³
1130 3231 1162 3255 et
1178 3234 1197 3265 7
1211 3226 1256 3255 ss.
1282 3224 1359 3256 Ideo

281 3272 389 3311 ipsum
406 3270 485 3302 dans
503 3270 640 3302 formam
657 3277 704 3303 est
720 3270 908 3312 simpliciter
920 3280 1016 3302 causa
1031 3270 1277 3311 proprietatum,
1290 3276 1360 3301 tan-

283 3325 380 3356 quam
403 3316 534 3357 propria
561 3316 689 3347 actione
720 3315 789 3347 illas
819 3314 1013 3357 producens.
1038 3314 1156 3346 Forma
1179 3321 1289 3346 autem
1313 3321 1359 3346 est

283 3360 531 3400 quodammodo
547 3367 579 3392 et
595 3360 776 3392 secundum
790 3360 869 3402 quid
885 3369 991 3396 causa,
1004 3360 1199 3401 inquantum
1212 3359 1360 3392 videlicet

282 3414 349 3436 non
366 3405 518 3446 producit
533 3406 663 3446 propria
687 3406 816 3437 actione
839 3405 956 3442 media,
973 3404 1029 3436 sed
1045 3405 1085 3435 ab
1101 3405 1170 3445 ipsa
1186 3411 1222 3435 ut
1239 3415 1256 3435 a
1271 3406 1359 3447 prin-

284 3450 378 3490 cipali
394 3456 509 3490 agente
530 3451 637 3491 primo
654 3450 812 3492 producta
832 3450 1018 3481 naturaliter
1034 3449 1203 3480 resultant:
1221 3451 1303 3481 sicut
1320 3451 1360 3481 ri-

284 3494 414 3525 sibilitas
430 3494 530 3526 Sortis
554 3495 660 3536 primo
683 3495 817 3536 quidem
841 3501 872 3526 et
895 3494 1114 3536 principaliter
1136 3494 1326 3535 producitur
1342 3505 1359 3526 a

283 3545 455 3578 generante
476 3540 614 3577 Sortem,
632 3540 823 3571 secundario
840 3546 949 3571 autem
974 3546 1004 3571 et
1029 3549 1085 3580 per
1109 3540 1287 3571 naturalem
1311 3549 1359 3571 re-

285 3583 468 3614 sultantiam
493 3594 510 3615 a
534 3591 647 3616 natura
670 3585 771 3616 Sortis
795 3585 996 3626 producitur.

343 3637 371 3657 2.
385 3627 667 3661 Considerandum
683 3630 840 3667 secundo,
853 3630 944 3671 quod
960 3630 1032 3661 illae
1049 3630 1260 3670 proprietates
1277 3639 1359 3670 quae

286 3672 433 3711 impediri
458 3682 524 3703 non
549 3681 684 3713 possunt
709 3676 799 3715 quin,
824 3685 857 3706 re
882 3676 997 3715 posita,
1018 3675 1177 3711 eveniant,
1194 3675 1269 3716 quia
1287 3681 1359 3706 sunt

856 273 1044 310 SUMMA
1074 271 1297 308 CONTRA
1326 270 1603 316 GENTlLES,
1634 270 1745 306 CAP.
1767 271 1916 307 XCVll.

1414 393 1726 425 Fax-ariensis

1413 480 1629 521 perfectiones
1645 481 1768 521 primae
1784 483 1891 513 statim
1906 483 2061 513 habentes
2083 483 2244 513 rationem
2260 482 2385 514 formae
2401 492 2493 514 com-

1413 526 1529 566 pletae,
1555 531 1590 555 ut
1614 525 1784 562 risibilitas,
1801 533 1971 567 ponuntur
1986 528 2020 557 in
2036 533 2110 557 actu
2134 527 2302 568 completo
2318 537 2376 568 per
2391 529 2492 559 actio-

1413 622 1590 655 utrumque
1613 615 1815 652 terminetur,
1839 616 1879 647 ad
1903 626 2006 648 unum
2031 617 2180 648 videlicet
2202 618 2321 658 primo,
2341 617 2383 648 ad
2405 617 2494 648 aliud

1413 714 1465 740 ne,
1490 705 1596 746 posita
1619 714 1663 741 re,
1689 705 1752 735 sint
1775 706 1809 736 in
1833 711 1907 736 actu
1931 705 2058 737 formali
2083 713 2115 738 et
2138 707 2316 748 completo,
2338 716 2379 738 eo
2402 707 2494 748 quod

1413 755 1488 780 sunt
1511 755 1602 780 actus
1625 749 1770 787 secundi,
1796 756 1828 780 et
1851 750 1902 780 via
1925 750 1965 780 ad
1988 751 2110 791 aliquid
2134 753 2351 783 extrinsecum
2382 753 2495 793 acqui-

1413 929 1575 960 Dicuntur
1590 936 1710 966 tamen,
1727 930 1824 960 etiam
1836 935 1997 970 quantum
2013 930 2054 960 ad
2069 939 2186 961 eorum
2201 931 2495 972 complementum,

1413 983 1482 1004 esse
1506 984 1524 1004 a
1547 980 1722 1015 generante
1746 981 1778 1005 et
1801 975 2005 1016 producente
2028 980 2188 1011 naturam,
2206 976 2284 1016 quia
2301 976 2342 1007 ab
2356 976 2430 1018 ipso
2447 983 2496 1008 est

1413 1017 1663 1050 fundamentum
1680 1025 1712 1050 et
1728 1029 1824 1051 causa
1840 1030 1858 1050 a
1874 1029 1939 1061 qua
1955 1020 2141 1051 naturaliter
2157 1026 2189 1051 et
2204 1020 2386 1052 secundum
2397 1031 2495 1053 suum

1413 1064 1695 1104 complementum
1718 1065 1884 1102 resultant,
1908 1065 2031 1096 scilicet
2055 1064 2160 1096 forma
2178 1065 2410 1096 substantialis:
2425 1076 2495 1098 non

1413 1115 1523 1139 autem
1547 1110 1624 1149 quia
1648 1119 1706 1150 per
1728 1119 1850 1141 novam
1873 1111 2038 1141 actionem
2061 1110 2151 1141 illam
2173 1109 2344 1151 producat.

1469 1153 1654 1194 Ignorantia
1676 1160 1787 1186 autem
1809 1155 1907 1186 huius
1922 1155 2045 1186 multos
2061 1164 2165 1186 errare
2181 1154 2268 1186 facit.
2291 1155 2498 1187 Arbitrantur

1413 1199 1501 1229 enim
1517 1198 1674 1230 Sanctum
1690 1199 1856 1231 Thomam
1871 1200 1956 1231 velle
1970 1200 2079 1241 gravia
2102 1206 2135 1231 et
2157 1200 2240 1231 levia
2262 1201 2309 1231 sic
2331 1201 2459 1232 moveri
2477 1211 2496 1232 a

1411 1250 1597 1284 generante,
1614 1245 1711 1276 etiam
1727 1245 1801 1286 ipso
1817 1251 1985 1286 corrupto,
2002 1245 2095 1286 quasi
2109 1254 2169 1286 per
2186 1254 2309 1276 novam
2331 1245 2497 1287 quandam

1384 1321 1387 1329 ,
1412 1289 1587 1325 actionem,
1612 1298 1805 1331 novumque
1829 1291 2010 1331 impulsum
2033 1291 2104 1331 ipsa
2125 1296 2271 1321 moveat:
2297 1290 2388 1331 quod
2411 1300 2497 1322 nun-

1413 1343 1513 1374 quam
1537 1335 1721 1365 somniavit.
1747 1334 1811 1366 Sed
1834 1344 1927 1366 mens
1951 1336 2021 1366 eius
2037 1341 2085 1366 est
2101 1334 2192 1376 quod
2215 1341 2392 1367 moventur
2407 1346 2426 1367 a
2439 1345 2496 1377 ge·

1412 1385 1547 1410 nerante
1570 1380 1654 1410 sicut
1677 1381 1717 1410 ab
1741 1389 1783 1411 eo
1812 1381 1871 1420 qui
1897 1380 1986 1411 dedit
2016 1379 2156 1411 formam
2179 1390 2198 1411 a
2220 1389 2286 1421 qua
2308 1381 2498 1413 naturaliter

1412 1424 1544 1455 resultat
1573 1430 1696 1461 motus,
1721 1431 1753 1456 et
1782 1434 1840 1466 per
1870 1434 2077 1466 consequens
2106 1431 2265 1466 tanquam
2295 1426 2335 1456 ab
2366 1435 2407 1457 eo
2438 1427 2497 1468 qui

1411 1475 1541 1500 motum
1558 1469 1843 1501 fundamentaliter
1858 1469 2028 1511 produxit3
2045 1479 2107 1501 nec
2123 1475 2254 1511 oportet
2268 1479 2393 1511 ponere
2408 1471 2498 1503 aliud

1412 1524 1431 1544 a
1449 1524 1518 1555 quo
1534 1524 1593 1555 per
1615 1515 1795 1556 impulsum
1818 1521 1875 1546 aut
1897 1516 2062 1546 actionem
2085 1521 2290 1552 moveantur,
2306 1515 2364 1547 sed
2379 1515 2498 1548 sufficit

1411 1569 1584 1591 removens
1607 1561 1784 1601 prohibens
1807 1566 1840 1591 et
1862 1560 1969 1592 forma
1991 1561 2049 1598 rei,
2072 1560 2106 1591 in
2131 1569 2197 1601 qua
2227 1560 2367 1592 salvatur
2396 1561 2499 1593 virtus

1411 1605 1544 1644 agentis,
1561 1604 1602 1636 ad
1618 1614 1719 1646 quarn
1739 1611 1860 1642 motus,
1877 1605 2020 1637 deducto
2043 1604 2294 1646 impedimento,
2310 1606 2499 1638 naturaliter

1410 1650 1554 1680 resultat.
1567 1650 1668 1686 Sicut,
1681 1650 1707 1681 si
1718 1650 1870 1691 impediri
1881 1656 1992 1692 posset
2007 1659 2049 1681 ne
2060 1650 2222 1681 risibilitas
2234 1650 2275 1682 ad
2286 1651 2431 1683 hominis
2440 1660 2498 1692 ge-

1410 1695 1614 1726 nerationem
1638 1701 1839 1736 sequeretur,
1856 1695 2000 1727 deducto
2021 1701 2131 1726 autem
2147 1694 2387 1736 impedimento
2402 1701 2498 1728 nam-

1411 1739 1518 1770 raliter
1533 1740 1712 1777 resultaret,
1726 1740 1886 1772 diceretur
1898 1739 1991 1782 quod
2006 1740 2109 1771 homo
2125 1746 2284 1780 generans
2299 1746 2385 1772 esset
2400 1750 2498 1773 causa

1411 1784 1497 1815 illius
1513 1785 1699 1816 risibilitatis
1715 1786 1823 1826 primo
1839 1791 1873 1816 et
1888 1795 1948 1827 per
1962 1795 2008 1822 se,
2024 1794 2094 1816 non
2109 1790 2220 1816 autem
2236 1785 2341 1817 homo
2355 1786 2496 1827 genitus.

1469 1830 1499 1860 3.
1512 1829 1564 1860 Ad
1579 1836 1810 1871 argumentum
1819 1831 1837 1847 ⁴*
1853 1840 1943 1871 ergo,
1954 1835 2093 1870 negatur
2107 1830 2313 1867 antecedens,
2324 1831 2497 1872 loquendo

1411 1873 1452 1905 de
1475 1880 1631 1906 movente
1654 1884 1688 1905 se
1712 1875 1844 1916 proprie
1868 1881 1901 1906 et
1923 1875 2123 1916 simpliciter.
2146 1893 2170 1897 —
2192 1875 2245 1906 Ad
2267 1876 2497 1916 probation·-

1411 1918 1529 1950 dicitur
1545 1919 1636 1960 quod
1652 1928 1711 1960 per
1726 1930 1761 1951 se
1776 1925 1953 1951 moventur
1968 1929 1986 1950 a
2001 1925 2178 1960 generante
2193 1925 2350 1960 tanquam
2365 1930 2384 1952 a
2400 1920 2499 1953 dante

1412 1963 1552 1995 formam
1576 1964 1617 1995 ad
1641 1974 1741 2005 quam
1764 1965 1952 1996 naturaliter
1974 1969 2086 1995 motus
2104 1963 2251 1995 resultat:
2269 1965 2353 1996 sicut
2369 1971 2402 1998 et
2416 1965 2498 1998 aliae

1411 2007 1629 2049 perfectiones
1653 2019 1738 2050 quae
1761 2009 1949 2040 naturaliter
1972 2008 2111 2040 formam
2135 2015 2395 2050 consequuntur,
2422 2017 2499 2043 sunt

1412 2063 1430 2084 a
1445 2060 1631 2094 generante.
1657 2055 1685 2085 Α
1709 2060 1900 2086 removente
1923 2063 2001 2085 vero
2025 2053 2300 2095 impedimentum
2323 2061 2500 2088 moventur

1413 2108 1470 2139 per
1493 2099 1656 2130 accidens.

1469 2144 1557 2175 Cum
1581 2145 1645 2176 hoc
1669 2145 1883 2186 improbatur,
1907 2143 2025 2175 dicitur
2047 2143 2088 2175 ad
2116 2143 2255 2185 primam
2286 2145 2498 2186 improbatio-

1412 2198 1489 2220 nem
1513 2189 1605 2230 quod
1629 2189 1764 2221 effectus
1786 2190 1821 2220 in
1845 2194 1920 2221 actu
1942 2189 2078 2230 requirit
2104 2197 2237 2220 causam
2268 2190 2301 2220 in
2329 2195 2414 2227 actu,
2442 2196 2499 2223 aut

1413 2234 1446 2264 in
1467 2234 1588 2275 seipso,
1604 2240 1660 2266 aut
1675 2235 1709 2266 in
1725 2234 1838 2275 aliquo
1853 2234 1887 2266 in
1904 2243 1973 2276 quo
1989 2243 2048 2266 sua
2065 2233 2164 2265 virtus
2179 2234 2329 2266 salvatur.
2353 2234 2498 2268 Effectus

1413 2279 1502 2310 enim
1526 2280 1583 2320 qui
1607 2289 1676 2311 non
1700 2286 1768 2311 erat
1798 2279 1888 2320 prius
1917 2279 2020 2311 modo
2049 2278 2160 2320 aliquo
2189 2279 2222 2310 in
2253 2286 2338 2316 actu,
2362 2281 2499 2322 requirit

1414 2333 1546 2355 causam
1569 2325 1602 2356 in
1627 2331 1701 2356 actu
1725 2324 1909 2356 secundum
1931 2334 1980 2356 se:
2005 2323 2063 2355 sed
2085 2323 2127 2355 ad
2151 2322 2304 2356 effectum
2324 2325 2381 2366 qui
2404 2334 2497 2367 prae·

1414 2375 1480 2400 erat
1496 2370 1530 2400 in
1546 2369 1653 2401 radice
1670 2375 1702 2401 et
1718 2369 1934 2402 fundamento
1949 2368 2098 2406 naturali,
2114 2369 2199 2400 sicut
2214 2375 2335 2406 motus,
2348 2371 2497 2411 quamvis

1413 2414 1600 2456 impeditus,
1613 2415 1797 2456 praeexistit
1811 2415 1845 2446 in
1861 2413 1967 2446 sonna
1981 2414 2098 2456 gravis,
2110 2413 2229 2445 sufficit
2244 2420 2281 2446 ut
2296 2424 2394 2447 causa
2409 2416 2498 2457 prin-

1414 2460 1526 2501 cipalis
1540 2460 1581 2490 sit
1596 2460 1629 2491 in
1646 2460 1763 2491 virtute
1786 2460 1821 2491 in
1844 2459 1950 2491 forma
1973 2459 2013 2491 ad
2036 2468 2137 2500 quam
2160 2459 2348 2492 naturaliter
2362 2459 2497 2492 effectus

1413 2504 1485 2536 talis
1507 2504 1650 2536 resultat.
1676 2505 1717 2536 Et
1740 2505 1786 2536 sic
1810 2505 2003 2537 conceditur
2025 2503 2118 2546 quod
2147 2513 2216 2535 non
2247 2510 2296 2536 est
2322 2505 2357 2536 in
2423 2505 2431 2512 ⁶

1414 2559 1510 2591 posse
1526 2559 1660 2582 movere
1683 2559 1741 2592 per
1765 2550 1916 2582 virtutem
1939 2554 2164 2582 remanentem
2188 2549 2222 2580 in
2246 2549 2352 2582 forma
2366 2549 2497 2592 abipso

1414 2594 1585 2636 producta,
1605 2601 1637 2626 et
1659 2604 1792 2626 causare
1814 2601 1944 2627 motum
1968 2595 2024 2636 qui
2049 2593 2229 2626 radicaliter
2249 2600 2281 2626 et
2302 2593 2498 2629 ῐωκίιωοιι-

1413 2640 1517 2671 taliter
1540 2641 1573 2671 in
1598 2639 1703 2671 forma
1734 2640 1978 2682 praeexistebat,
2003 2646 2035 2671 et
2058 2639 2099 2670 ad
2122 2639 2237 2680 ipsam,
2261 2638 2407 2673 deducto
2435 2641 2497 2673 im-

1413 2684 1615 2726 pedimento,
1642 2685 1829 2717 naturaliter
1853 2691 1885 2716 et
1908 2685 2032 2726 absque
2062 2683 2170 2716 media
2196 2685 2327 2717 actione
2352 2684 2495 2718 resultat.

1470 2730 1503 2761 Si
1534 2729 1674 2761 dicatur:
1707 2730 1794 2771 Ergo
1826 2739 2004 2771 possumus
2035 2729 2143 2761 dicere
2177 2729 2269 2770 quod
2295 2730 2365 2771 ipsa
2391 2730 2497 2763 forma

1413 2776 1517 2816 gravis
1533 2781 1581 2807 est
1596 2774 1629 2807 id
1645 2774 1737 2816 quod
1753 2781 1865 2807 movet
1886 2785 1994 2816 grave,
2015 2775 2093 2816 quia
2115 2774 2244 2806 nullum
2268 2781 2401 2816 apparet
2423 2785 2498 2808 mo·

1414 2830 1493 2852 vens
1505 2821 1538 2852 in
1551 2826 1625 2852 actu
1637 2826 1763 2861 praeter
1779 2821 1883 2861 ipsam
1895 2819 2046 2857 formam,
2059 2819 2092 2851 in
2104 2828 2169 2861 qua
2184 2824 2233 2851 est
2245 2820 2345 2851 virtus
2356 2820 2496 2861 agentis;

1413 2871 1445 2896 et
1461 2866 1507 2896 sic
1522 2875 1618 2907 grave
1635 2865 1781 2896 movebit
1795 2875 1840 2902 se,
1852 2883 1874 2888 -
1886 2864 2003 2897 dicitur
2019 2863 2121 2906 quod,
2133 2865 2160 2896 si
2175 2864 2352 2906 loquamur
2367 2865 2408 2897 de
2423 2874 2496 2897 mo—

1413 2916 1509 2942 vente
1533 2910 1722 2952 simpliciter
1737 2916 1770 2942 et
1785 2910 1903 2952 prim0‚
1919 2915 2056 2951 negatur
2072 2910 2323 2951 consequentia:
2339 2909 2396 2942 sed
2412 2910 2497 2942 bene

1413 2956 1560 2997 sequitur
1583 2955 1675 2997 quod
1697 2956 1739 2986 sit
1760 2954 1794 2987 id
1817 2964 1886 2997 quo
1908 2964 2047 2987 movens
2070 2960 2194 2986 movet.
2218 2954 2260 2987 Et
2282 2964 2360 2987 cum
2378 2954 2497 2988 dieitur

1414 3000 1505 3042 quod
1520 3001 1648 3032 nullum
1664 3006 1799 3042 apparet
1813 3010 1952 3032 movens
1967 3000 2001 3031 in
2017 3006 2092 3032 actu
2109 2999 2263 3032 existens:
2279 2999 2498 3042 respondetur

1413 3045 1505 3088 quod
1520 3055 1589 3078 non
1605 3051 1737 3087 oportet
1751 3045 1797 3077 illi
1814 3045 1919 3077 motui
1935 3045 2096 3087 assignare
2112 3044 2247 3086 aliquod
2262 3053 2401 3078 movens
2418 3045 2496 3079 sim-

1413 3091 1539 3132 pliciter
1562 3090 1652 3132 quod
1677 3091 1717 3122 sit
1739 3090 1772 3122 in
1796 3096 1871 3122 actu
1894 3090 1928 3122 in
1952 3091 2075 3132 seipso;
2100 3090 2177 3132 quia
2200 3089 2271 3121 talis
2293 3094 2404 3122 motus
2425 3098 2495 3122 non

1413 3135 1605 3177 producitur
1628 3135 1769 3167 totaliter
1791 3135 1831 3167 de
1855 3144 1956 3173 πονο,
1980 3145 2058 3167 cum
2081 3135 2272 3177 praeexistat
2289 3135 2324 3167 in
2339 3133 2448 3167 radice
2462 3139 2496 3166 et

1413 3180 1639 3218 fundamento,
1663 3180 1704 3212 ad
1727 3180 1828 3222 quod,
1852 3180 1996 3212 deducto
2019 3180 2268 3222 impedimento,
2291 3179 2333 3211 de
2354 3179 2495 3211 necessi-

1413 3233 1478 3258 tate
1501 3226 1715 3267 consequitur
1738 3235 1796 3267 per
1822 3226 2002 3258 naturalem
2033 3225 2265 3262 resultantium,
2288 3233 2358 3257 non
2384 3229 2495 3256 aut-

1413 3281 1471 3312 per
1494 3272 1658 3303 actionem
1681 3270 1834 3302 mediam.
1850 3289 1872 3294 -
1888 3270 1923 3303 Si
1945 3277 2055 3303 autem
2078 3270 2254 3312 loquamur
2277 3268 2318 3301 de
2339 3275 2494 3302 movente

1413 3315 1595 3348 secundum
1608 3315 1687 3358 quid
1703 3322 1735 3347 et
1747 3315 1951 3353 secundario,
1964 3315 2041 3358 quia
2056 3315 2129 3356 ipso
2145 3314 2307 3346 mediante
2323 3314 2363 3344 ab
2379 3319 2494 3356 agente

1413 3361 1536 3403 aliquid
1560 3362 1721 3403 provenit,
1737 3361 1783 3393 sic
1799 3359 1990 3392 conceditur
2011 3360 2116 3402 ipsam
2138 3358 2278 3390 formam
2301 3359 2406 3400 gravis
2420 3368 2494 3391 mo-

1414 3415 1489 3437 vere
1511 3415 1617 3448 grave.
1643 3406 1684 3437 Et
1708 3411 1948 3447 consequenter
1963 3404 2054 3446 quod
2076 3413 2172 3446 grave
2195 3409 2308 3435 movet
2327 3413 2362 3435 se
2376 3413 2494 3436 secun·

1414 3451 1493 3483 dum
1510 3450 1600 3492 quid,
1617 3451 1813 3492 inquantum
1836 3456 1884 3482 est
1906 3450 1941 3482 in
1963 3450 2038 3491 ipso
2060 3449 2259 3491 principium
2278 3449 2420 3481 activum
2436 3449 2494 3481 ali·

1414 3506 1481 3537 quo
1506 3495 1608 3528 modo
1631 3497 1682 3528 sui
1705 3502 1826 3528 motus.
1851 3495 1926 3527 Non
1949 3500 2059 3526 tamen
2082 3494 2230 3535 sequitur
2248 3493 2340 3535 quod
2362 3500 2494 3526 moveat

1414 3551 1447 3572 se
1464 3541 1666 3582 simpliciter:
1684 3541 1761 3582 quia
1775 3539 1856 3572 illud
1872 3539 1988 3571 dicitur
2003 3548 2038 3570 se
2053 3539 2242 3580 simpliciter
2257 3547 2390 3570 movere
2402 3538 2492 3580 quod

1414 3585 1565 3617 dividitur
1582 3586 1615 3617 in
1631 3585 1712 3617 duas
1727 3590 1843 3626 partes,
1861 3593 1999 3625 quarum
2015 3590 2143 3620 unaest
2166 3593 2303 3615 movens
2318 3592 2376 3625 per
2392 3584 2493 3615 actio·

1414 3640 1490 3661 nem
1514 3630 1666 3667 mediam,
1691 3629 1751 3661 alia
1774 3638 1852 3660 vero
1875 3635 1980 3666 mota;
2012 3628 2103 3669 quod
2133 3629 2165 3660 in
2196 3628 2389 3669 corporibus
2416 3629 2493 3660 sim-

1415 3675 1553 3715 plicibus
1577 3685 1645 3706 esse
1669 3683 1737 3706 non
1762 3679 1878 3715 potest.

2523 1834 2533 1844 ⁹
2548 1832 2621 1856 Nan.
2631 1838 2658 1855 ιι.
