2664 4120
256 231 301 256 Lll

726 293 807 333 Cap.
833 303 861 323 c.

254 360 352 390 Num.
377 369 409 395 11,
424 358 453 389 3.
474 358 506 388 in
521 358 592 398 ipsa
605 356 784 396 recipiatur
797 355 936 386 materia
949 374 970 378 —
983 365 1043 396 pro
1061 356 1143 397 ipsa,
1155 356 1236 387 APS
1252 357 1333 397 ipso.

519 420 540 424 —
553 401 666 432 Statim
679 401 768 432 circa
781 410 879 442 quam
894 406 943 431 est
958 402 1119 441 operatio,
1137 401 1194 432 ubi
1209 402 1240 432 A
1256 411 1333 432 casu

519 455 586 478 orn.
611 451 667 482 est,
693 446 714 477 S
738 447 822 477 circa
846 454 946 485 quarn
970 446 1179 486 operationis.

715 517 796 558 Cap.
823 528 862 548 ct.

249 582 346 613 Num.
372 591 392 611 1.
418 590 458 611 ne
481 581 525 611 sit
547 581 696 618 infinitus
720 580 874 611 desiderii
894 586 1001 610 motus
1016 597 1038 603 -
1054 580 1210 611 desiderii
1225 586 1334 612 motus

517 635 583 655 om.
602 625 646 662 A;
665 625 705 656 cf.
724 631 800 656 text.
819 632 851 656 et
867 624 948 656 infra
965 626 998 655 in
1014 623 1070 655 fin.
1088 635 1179 656 num.
1199 635 1240 656 ne
1255 625 1332 656 talis

517 675 625 700 motus
648 670 802 701 desiderii
824 671 868 701 sit
894 670 1052 710 infinitus.
1083 670 1105 700 S
1135 680 1177 701 ne
1209 671 1274 701 sint
1295 671 1330 701 in

517 714 681 745 infinitum
708 713 788 756 (om.
814 715 879 746 des.
906 714 1010 756 mot.).

707 784 789 825 Cap.
815 795 866 816 cn.

246 849 346 880 Num.

371 858 415 884 m,
441 847 458 878 3
485 846 540 878 fin.
565 847 722 888 quoniam
746 865 768 869 -
793 847 884 887 quod
910 848 942 878 P.

295 907 308 920 »
368 902 410 929 IV,
437 902 466 923 2.

367 947 410 973 w,
438 944 450 967 ι

494 889 564 934 [qu⁸
586 890 623 934 3]
652 910 673 914 -
697 901 764 922 om.
788 892 854 923 AP.

478 936 566 967 med.
590 936 835 977 comprehendit
856 954 880 960 ·-
903 937 1161 978 comprehendat
1183 939 1219 969 P.

370 996 383 1008 ›
435 991 453 1012 2
479 981 565 1012 med.
584 981 616 1011 in
635 991 671 1012 re
682 982 919 1023 apprehensa·
932 983 966 1013 in
982 992 1016 1013 re
1033 983 1270 1023 apprehensiva
1285 984 1325 1015 A.

371 1040 384 1053 »
438 1040 451 1052 »
479 1025 534 1057 fin.
556 1026 800 1057 delectationem
826 1044 848 1048 -
872 1026 1089 1058 delectionem
1114 1028 1154 1058 A.
1178 1047 1200 1050 —
1223 1030 1326 1060 Amen

514 1081 579 1101 om.
606 1071 640 1101 P.

297 1134 385 1165 Casu
417 1134 586 1164 omisimus
618 1133 709 1174 quod
736 1134 769 1164 in
798 1135 829 1164 A
859 1135 1022 1175 sequitur:
1056 1135 1199 1176 Explicit
1228 1137 1326 1168 inter-

241 1179 377 1220 pretatio
401 1179 435 1209 in
450 1179 594 1219 primum
611 1179 729 1209 librum
747 1185 860 1210 contra
878 1179 1024 1211 Gentiles
1048 1181 1151 1212 sancti
1175 1181 1326 1214 Thomae

241 1223 281 1254 de
298 1224 431 1264 Aquino
456 1229 517 1254 etc.
535 1241 557 1246 -
581 1223 602 1254 S
627 1233 694 1254 om.
719 1229 777 1254 etc.
803 1241 824 1247 -
848 1224 873 1254 P
897 1230 1005 1256 totum
1030 1234 1109 1262 Om.,
1135 1226 1192 1257 sed
1214 1227 1324 1259 habet:

240 1268 328 1299 Libri
351 1268 450 1298 Primi
473 1268 571 1298 Finis.

683 1338 805 1363 LlBER
831 1339 877 1364 11.

718 1400 800 1442 Cap.
826 1411 846 1432 1.

238 1462 337 1493 Num.
361 1471 373 1491 1
396 1466 470 1492 ante
494 1459 581 1492 med.
604 1459 660 1491 Ex
685 1461 782 1492 modo
806 1479 828 1484 —
853 1461 939 1500 Quia
964 1472 1002 1493 ex
1025 1463 1128 1494 modo
1153 1464 1188 1495 P.

361 1516 393 1537 n.
418 1505 562 1548 qualitas
585 1506 716 1537 virtutis
731 1525 754 1529 -
773 1506 910 1547 qualitas
935 1508 1134 1549 operationis
1157 1509 1221 1541 AS.
1248 1509 1320 1544 vid.

508 1555 596 1587 text„
622 1556 654 1581 et
677 1550 733 1582 fin.
758 1551 856 1582 huius
881 1561 972 1584 num.

366 1609 379 1622 »
418 1600 494 1636 post
517 1605 631 1636 pauca.
657 1595 811 1627 distincta
835 1613 856 1619 -
881 1596 1064 1629 distinctam
1087 1598 1178 1630 APS.

360 1650 405 1677 111,
429 1650 452 1680 4
475 1639 532 1671 fin.
550 1641 583 1671 in
602 1641 762 1672 omnibus.
778 1659 802 1664 -
816 1641 866 1672 PS
888 1647 1013 1674 textum
1038 1643 1217 1684 complent.

360 1695 402 1722 tv,
429 1694 460 1716 2.
483 1686 535 1716 An
559 1685 649 1717 dicat
670 1703 694 1708 -
716 1686 784 1717 Aut
808 1686 894 1717 dicat
917 1686 951 1717 P.

419 1744 432 1756 »
459 1740 540 1761 vers.
565 1729 621 1762 fin.
647 1730 680 1760 in
705 1731 842 1770 infinitis
859 1741 968 1773 prope
991 1732 1073 1764 locis
1088 1750 1109 1756 -
1126 1734 1188 1764 Pro
1200 1744 1318 1776 prope,

505 1776 535 1806 A
559 1774 676 1806 falsum
701 1775 954 1817 compendium;
979 1777 1004 1808 P
1021 1779 1171 1819 proprie.

359 1829 400 1850 vr.
426 1819 637 1851 denominari
660 1820 788 1862 aliquid
811 1821 851 1852 ab
875 1831 914 1852 eo
937 1839 961 1845 -
984 1822 1024 1854 ab
1049 1833 1116 1854 om.
1142 1824 1182 1855 A.

363 1878 376 1891 »
425 1870 500 1905 post
523 1865 610 1896 med.
637 1875 702 1896 non
719 1866 832 1908 differt
847 1866 1029 1898 immanens
1048 1878 1069 1899 a
1086 1873 1279 1901 transeunte
1295 1888 1318 1892 -

504 1909 567 1940 Pro
585 1919 650 1941 non
671 1910 794 1952 differt,
819 1911 849 1941 A
865 1921 942 1943 casu
959 1922 1026 1943 non
1042 1913 1144 1944 debet.
1161 1932 1183 1936 -
1207 1914 1256 1945 PS
1271 1915 1317 1946 sic

503 1954 631 1995 legunt:
663 1965 732 1986 non
763 1955 860 1986 debet
883 1956 1065 1988 immanens
1089 1967 1107 1988 a
1130 1963 1316 1990 transeunte

503 1998 715 2032 denominari.

281 2056 294 2069 »
353 2053 409 2074 vm
432 2042 518 2074 med.
543 2043 622 2075 Ideo
645 2061 667 2067 -
690 2045 720 2075 A
744 2053 821 2075 casu
845 2045 928 2076 Deo.
954 2045 978 2076 P
1001 2045 1042 2077 ab
1067 2056 1116 2078 eo.

354 2098 395 2124 ix,
426 2096 437 2119 1
467 2094 540 2119 ante
571 2088 658 2120 med.
691 2089 865 2120 inhaerere
895 2107 916 2114 -
948 2090 982 2121 in
1013 2091 1180 2124 inhaerere
1209 2092 1270 2124 PS.
1292 2111 1315 2116 -

500 2133 577 2164 Post
600 2134 621 2165 1.
647 2144 678 2174 7.
706 2134 820 2175 [quod]
850 2144 918 2165 om.
941 2135 1032 2167 APS.
1057 2154 1079 2160 -
1102 2137 1204 2168 Paulo
1233 2137 1315 2169 infra

502 2188 561 2218 pro
590 2179 740 2214 actionis,
766 2180 887 2210 actioni
911 2180 950 2211 A.

353 2232 383 2259 x,
410 2232 428 2252 2
452 2222 538 2254 med.
565 2223 613 2263 [a]
640 2224 733 2255 nobis
757 2243 778 2246 -
802 2234 822 2255 a
847 2234 914 2255 om.
939 2225 1029 2257 APS.

698 2293 781 2335 Cap.
810 2305 843 2325 11.

228 2356 328 2387 Num.
354 2366 364 2386 ι
387 2361 462 2396 post
485 2356 571 2387 med.
593 2357 784 2397 pulcritudo
809 2375 830 2381 -
855 2357 885 2388 A
912 2367 988 2389 casu
1006 2350 1246 2400 pulcritudine.

352 2410 384 2431 11.
410 2411 463 2442 qu.
488 2411 530 2431 1v.
555 2419 577 2424 -
601 2410 656 2442 qu.
682 2411 724 2442 92
750 2402 784 2432 P.

352 2455 393 2482 tv,
420 2455 450 2477 2.
475 2445 598 2487 duplex
619 2446 662 2478 sit
685 2465 707 2469 -
731 2446 851 2488 duplex
875 2446 911 2478 fit
935 2447 970 2478 P.

693 2516 775 2558 Cap.
800 2527 844 2548 111.

228 2579 300 2610 Lin.
331 2579 378 2610 13.
407 2578 473 2616 Qui
488 2585 547 2610 aut
571 2580 680 2621 ignem
696 2598 719 2602 —
738 2579 805 2618 Qui
821 2586 930 2611 autem
947 2581 1055 2622 ignem
1079 2582 1150 2619 AP;
1168 2581 1232 2614 Sed
1255 2589 1312 2615 aut

361 2675 439 2705 Post
463 2630 664 2716 paggzitnprso
688 2676 878 2718 ignoratur,
904 2677 1055 2717 ignorant
1078 2677 1113 2709 P.

226 2719 300 2750 Col.
326 2729 357 2750 2.
381 2725 456 2760 post
468 2720 554 2751 med.
571 2721 612 2751 sit
629 2720 670 2752 de
682 2721 873 2753 necessitate
884 2739 906 2745 -
918 2722 964 2753 sic
977 2721 1017 2753 de
1031 2724 1222 2755 necessitate
1245 2723 1309 2756 AS.

692 2792 774 2833 Cap.
801 2803 840 2825 ιν.

225 2854 323 2885 Num.
348 2865 381 2890 11,
408 2854 425 2886 3
442 2854 529 2886 med.
555 2855 738 2887 rationibus
756 2856 871 2887 obiecti
886 2875 909 2880 -
925 2857 1105 2888 rationibus
1121 2858 1256 2890 obiectis
1272 2859 1308 2893 P.

348 2909 392 2936 m,
415 2907 426 2930 ι
448 2899 534 2932 med.
559 2900 616 2941 qui
630 2900 774 2942 facilius
798 2919 820 2924 -
844 2902 920 2942 quia
946 2901 1071 2934 facilius
1094 2902 1159 2934 AP.

692 2972 774 3013 Cap.
799 2983 842 3004 vi.

222 3028 322 3061 Num.
346 3039 366 3060 1.
393 3034 429 3060 ut
451 3035 596 3071 exponat
620 3047 640 3053 -
665 3036 701 3061 ut
725 3032 860 3072 exponit
884 3031 917 3063 P.

690 3101 771 3142 Cap.
797 3112 851 3133 vn.

222 3158 293 3189 Lin.
323 3166 372 3195 10,
402 3167 450 3189 ιι.
478 3159 760 3201 [Ergo...actu]
782 3177 803 3183 -
821 3160 896 3191 Om.
923 3161 987 3192 AP.
1015 3161 1092 3192 Item
1117 3161 1148 3198 S,
1174 3161 1229 3193 sed
1244 3171 1306 3194 no-

491 3204 670 3235 tiunculam
695 3204 852 3246 adiungit.

223 3247 294 3278 Fin.
318 3248 470 3288 superius
492 3249 555 3279 hoc
579 3250 721 3281 ostendit
743 3267 763 3273 -
789 3249 924 3281 Inferius
949 3251 1014 3282 hoc
1042 3250 1192 3283 ostendet
1215 3250 1305 3283 APS.

673 3320 756 3361 Cap.
784 3331 849 3351 vm.

225 3378 297 3409 Col.
325 3389 353 3415 2,
378 3381 396 3411 l.
420 3388 469 3411 ιο.
486 3391 625 3422 quarum
641 3405 665 3413 ..
678 3406 685 3414 .
699 3392 813 3413 earum
824 3400 846 3405 —
857 3392 999 3423 quorum
1014 3407 1021 3414 .
1036 3406 1044 3414 .
1056 3408 1063 3415 .
1079 3384 1204 3421 eiusA;
1225 3393 1305 3424 qua-

491 3436 563 3457 rum
577 3449 584 3457 .
595 3450 619 3458 ..
635 3428 703 3458 eius
716 3427 747 3459 S.
757 3445 779 3449 -
789 3428 851 3458 Pro
861 3429 1053 3465 substantia,
1063 3429 1261 3461 substantiae
1268 3428 1305 3460 P.

686 3499 769 3541 Cap.
796 3511 837 3531 rx.

224 3557 322 3588 Num.
348 3569 367 3595 r,
395 3569 412 3589 2
437 3560 522 3590 med.
548 3562 633 3591 ratio
659 3562 926 3604 identificationis
950 3564 1056 3595 medio
1079 3582 1100 3588 -
1116 3565 1198 3595 ratio
1215 3563 1307 3596 iden-

493 3603 677 3636 tificationis
703 3617 719 3637 a
743 3607 854 3638 medio
872 3608 929 3639 PS.

1389 355 1478 387 Num
1484 380 1491 388 .

1387 492 1488 523 Num.

1386 669 1486 701 Num.

1382 895 1483 927 Num.

1381 1165 1481 1196 Num.

1377 1613 1478 1646 Num.

1373 1881 1472 1912 Num.

1370 2191 1470 2223 Num.

1365 2813 1465 2848 Num.

1361 3077 1461 3109 Num.

1361 3296 1461 3330 Num.

1866 298 1948 340 Cap.
1973 309 2003 330 x.

1516 368 1537 394 1,
1563 359 1626 389 col.
1645 368 1675 396 2,
1700 359 1722 390 l.
1743 367 1770 392 ι.
1794 360 1868 392 Pot.
1893 372 1923 402 q.
1942 372 1966 397 1,
1984 371 2016 393 a.
2033 372 2047 392 1
2071 379 2095 386 -
2116 373 2147 404 q.
2172 373 2188 394 1
2211 372 2278 394 om.
2303 364 2367 396 AS.

1828 443 1830 445 ’
1853 431 1935 473 Cap.
1960 444 2002 464 Χι.

1513 503 1544 529 v,
1572 502 1589 523 2
1614 503 1718 534 prope
1742 493 1798 525 fin.
1823 505 1862 526 eo
1886 496 1976 537 quod
1997 514 2020 521 ·-
2044 497 2084 528 ab
2109 507 2150 528 eo
2175 498 2267 538 quod
2289 499 2325 529 P.

1511 547 1554 574 vr,
1580 547 1598 568 2
1623 537 1680 570 fin.
1705 539 1962 572 denominantur
1984 560 2008 564 —
2032 541 2264 574 denominatur
2286 543 2352 576 AS.

1849 610 1931 652 Cap.
1955 622 2010 644 x11.

1510 680 1543 701 ιν
1565 669 1623 702 fin.
1646 671 1856 712 referebatur
1876 690 1900 696 -
1921 673 2089 707 refferetur
2111 676 2159 713 A;
2188 676 2361 708 referretur
2384 678 2416 709 S.

1509 725 1539 752 v,
1566 725 1584 746 2
1609 715 1696 747 med.
1722 725 1795 747 cum
1820 726 1887 748 non
1910 718 1978 749 sint
1995 736 2019 742 —
2037 729 2114 751 cum
2133 730 2202 753 non
2227 722 2268 753 sit
2290 723 2332 753 A.
2354 741 2376 745 —
2393 723 2471 754 Post

1655 770 1772 801 pauca,
1788 767 1821 793 et
1834 762 2069 796 inconveniens
2086 770 2146 803 est,
2170 766 2195 797 P
2219 776 2287 799 orn.
2312 773 2352 799 et.

1784 832 1892 876 Capp.
1915 844 1982 872 xm,
2006 845 2069 867 ΧΠ.

1509 907 1532 927 n
1555 895 1642 929 med.
1656 897 1832 973 ArPSamm
1859 898 2053 930 existentem
2075 917 2099 923 -—
2122 900 2156 931 in
2183 901 2284 933 altero
2312 904 2469 936 existente

1509 996 1552 1018 iv.
1575 986 1676 1018 aliter
1697 964 1796 1028 quam
1819 987 1864 1019 sit
1884 1005 1907 1011 -
1926 988 2018 1019 aliter
2040 997 2142 1029 quam
2166 990 2214 1021 sic
2235 990 2300 1023 As.

1508 1041 1540 1062 v.
1563 1031 1620 1062 Ex
1641 1031 1705 1063 hoc
1727 1032 1814 1063 enim
1837 1033 1927 1074 quod
1948 1051 1972 1056 -
1990 1033 2038 1064 Ex
2063 1033 2128 1065 hoc
2152 1035 2240 1067 enim
2265 1036 2343 1076 quia
2365 1037 2406 1068 A.

1847 1103 1929 1144 Cap.
1953 1114 2004 1135 xv.

1506 1175 1528 1202 1,
1556 1173 1568 1195 i
1597 1165 1684 1198 med.
1707 1165 1835 1197 duabus
1849 1166 1998 1198 candelis
2011 1184 2036 1190 -
2051 1166 2182 1199 duobus
2206 1169 2350 1202 candelis
2371 1170 2436 1203 As.

1511 1225 1525 1237 ›
1554 1210 1584 1242 3.
1607 1210 1728 1242 habeat
1749 1215 1852 1242 tres-
1866 1212 2012 1253 angulos
2036 1211 2109 1246 add.
2134 1213 2171 1244 P.
2197 1213 2278 1246 Item
2301 1225 2324 1246 u
2348 1215 2366 1248 3
2391 1221 2469 1259 post

1650 1255 1771 1287 habere
1793 1260 1860 1287 tres
1879 1254 1990 1298 (supra
2013 1262 2134 1295 tamen,
2158 1268 2191 1290 n.
2217 1269 2237 1296 1,
2266 1268 2294 1296 1,
2318 1258 2466 1304 omittit).

1561 1314 1574 1327 »
1613 1299 1670 1332 fin.
1694 1310 1764 1332 esse
1786 1310 1883 1332 suum
1904 1320 1929 1324 -
1951 1311 2022 1333 esse
2045 1303 2154 1334 solum
2177 1303 2268 1335 APS.

1504 1355 1536 1382 ιι,
1563 1354 1592 1376 2.
1618 1345 1855 1378 advertendum
1875 1363 1900 1369 -
1921 1351 1971 1378 est
1988 1346 2224 1380 advertendum
2246 1348 2283 1380 P.

1507 1404 1521 1417 ι
1559 1390 1578 1422 3
1603 1400 1687 1423 vers.
1710 1391 1768 1423 fin.
1793 1401 1860 1422 non
1883 1391 2043 1424 excedere
2064 1410 2088 1416 -
2110 1403 2181 1426 non
2203 1393 2367 1427 excederet
2387 1395 2430 1428 A.
2457 1416 2465 1422 ι

1507 1449 1520 1462 ›
1558 1446 1591 1476 4.
1618 1435 1651 1467 in
1676 1436 1699 1467 I
1717 1436 1797 1468 Post
1817 1453 1842 1459 -
1865 1436 1898 1467 in
1923 1446 1991 1469 om.
2016 1436 2074 1470 PS.

1502 1490 1548 1517 111,
1573 1480 1636 1513 col.
1662 1490 1692 1518 2,
1717 1481 1737 1512 l.
1763 1491 1795 1522 7.
1823 1481 2000 1524 Oporteret
2020 1500 2043 1506 -
2067 1481 2208 1524 Oportet
2230 1483 2266 1515 P.

1829 1551 1912 1594 Cap.
1937 1562 2000 1583 ΧΠ.

1502 1623 1546 1650 m,
1570 1623 1588 1651 2
1612 1619 1688 1665 post
1714 1613 1802 1645 med.
1826 1614 2028 1647 moventium
2049 1615 2158 1656 seipsa
2173 1633 2198 1640 -
2212 1618 2392 1650 viventium
2410 1607 2461 1650 se-

1499 1713 1530 1740 v,
1559 1711 1587 1735 ι.
1613 1659 1855 1745 δὲξιῗεᾳῗὲηιὶα
1879 1709 1960 1736 nota
1985 1723 2006 1727 -
2029 1710 2078 1737 est
2099 1703 2174 1738 add.
2197 1705 2234 1740 P.

1498 1758 1541 1784 v1,
1565 1757 1588 1788 4
1611 1748 1698 1782 med.
1723 1748 1772 1780 nil
1795 1749 1915 1780 mirum
1938 1766 1962 1773 —
1984 1749 2142 1782 nimirum
2164 1748 2222 1782 PS.

1817 1818 1901 1861 Cap.
1925 1829 2000 1851 xvn.

1498 1891 1518 1914 ι,
1543 1881 1583 1911 In
1608 1880 1777 1912 creatione
1799 1886 1908 1912 autem
1931 1900 1955 1904 -
1981 1881 2045 1913 Pro
2077 1887 2188 1914 autem
2214 1884 2245 1914 A
2268 1882 2351 1915 falso
2374 1884 2458 1926 siglo

1662 1925 1688 1956 t'
1711 1935 1753 1957 m.

1496 1980 1529 2008 n,
1554 1979 1574 2001 2
1599 1935 1770 2022 veifsffin.
1795 1981 1884 2002 nunc
1910 1976 1943 2003 et
1962 1971 2063 2013 prius
2085 1990 2107 1995 -
2125 1971 2151 2004 P
2174 1971 2224 2004 bis
2247 1983 2336 2005 nunc
2357 1974 2457 2016 quan

1638 2024 1747 2057 prius.

1495 2070 1539 2097 111,
1566 2069 1596 2092 2.
1621 2065 1759 2091 mentem
1783 2061 1972 2093 Aristotelis
1993 2078 2017 2085 -
2032 2060 2074 2093 de
2089 2066 2200 2095 mente
2215 2062 2396 2095 Aristotelis
2418 2063 2457 2096 P.

1816 2131 1900 2173 Cap.
1924 2142 2011 2164 xvm.

1495 2201 1506 2221 1
1530 2190 1586 2224 fin.
1612 2199 1678 2221 non
1702 2195 1751 2221 est
1769 2191 1907 2222 mutatio
1930 2208 1954 2214 —
1977 2201 2044 2223 non
2069 2201 2136 2225 om.
2159 2192 2250 2225 APS.

1494 2246 1539 2311 3¹²
1560 2246 1606 2312 ἑὰ
1620 2235 1813 2312 ἕῖἒζὲἷίἕὲ
1829 2253 1851 2259 “
1865 2235 1929 2312 13¹3
1940 2236 2190 2315 {igitr-‘⁹55
2199 2281 2283 2314 infr·
2297 2280 2455 2325 depe-du

1528 2305 1536 2312 ·
1829 2297 1851 2304 ‘²
2116 2305 2127 2321 s

1639 2335 1661 2357 a
1684 2329 1850 2357 creatura.
1874 2325 1984 2359 Habet
2005 2332 2116 2359 tamen
2140 2326 2259 2359 eodem
2282 2337 2374 2361 num.
2398 2327 2454 2360 de-

1634 2370 1782 2412 pendere
1797 2369 1842 2402 ad
1856 2371 1975 2403 Deum.

1492 2425 1523 2451 v.
1549 2415 1569 2446 Ι.
1595 2424 1648 2446 20.
1672 2415 1730 2447 sed
1745 2415 1852 2456 seipsa
1867 2415 1959 2448 -sed
1975 2417 2045 2457 ipsa
2061 2415 2124 2449 AS.
2150 2416 2203 2450 cf.
2226 2417 2328 2458 paulo
2343 2425 2452 2459 supra.

1491 2470 1534 2495 vr,
1558 2469 1580 2499 4
1603 2459 1660 2491 fin.
1686 2460 1814 2492 nullum
1845 2461 1998 2494 accidens
2021 2467 2244 2504 consequatur
2273 2479 2295 2486 —
2321 2462 2453 2495 nullum

1639 2505 1790 2538 accidens
1813 2515 1882 2537 non
1907 2512 2130 2548 consequatur
2153 2507 2243 2540 APS.

1491 2559 1546 2583 vn.
1570 2549 1615 2582 ad
1637 2550 1724 2582 alias
1740 2561 1793 2582 res
1807 2569 1829 2574 -
1845 2560 1900 2582 res
1915 2561 1983 2586 om.
2000 2551 2035 2584 P.
2051 2570 2076 2575 -
2093 2550 2190 2590 Infra,
2207 2551 2252 2584 ad
2277 2552 2453 2584 terminavit

1638 2596 1801 2628 relatione
1825 2596 1959 2639 referri,
1983 2596 2010 2627 P
2029 2596 2070 2628 ad
2085 2597 2264 2629 terminum
2286 2596 2452 2629 relationis

1636 2641 1747 2672 referri
1770 2659 1794 2664 —
1816 2640 1931 2674 Statim
1955 2651 2016 2683 pro
2041 2642 2236 2685 referretur,
2260 2642 2291 2674 A
2313 2641 2451 2684 ambig.;

1637 2686 1662 2717 P
1686 2687 1862 2729 reseretur.

1819 2755 1902 2797 Cap.
1926 2765 1989 2788 xrx.

1489 2824 1523 2852 11,
1549 2823 1566 2845 2
1590 2813 1678 2846 med.
1713 2823 1783 2846 esse
1816 2814 1956 2846 alterius
1981 2814 2124 2858 formae
2156 2830 2179 2840 -
2212 2823 2283 2867 esse
2318 2815 2448 2847 alterius

1487 2914 1532 2936 m.
1556 2858 1860 2936 Antessoeffissspiem
1879 2904 2047 2947 probatur
2060 2922 2083 2928 —
2102 2903 2350 2947 Consequentia
2369 2913 2447 2937 veto

1634 2949 1791 2990 probatur
1812 2950 1880 2982 AP.

1828 3018 1911 3061 Cap.
1936 3029 1988 3051 xx.

1486 3087 1531 3114 111,
1561 3085 1571 3108 ι
1601 3076 1657 3108 fin.
1683 3082 1752 3108 text
1768 3077 1830 3118 [12]
1854 3094 1879 3100 -
1893 3086 1928 3108 η
1951 3086 2020 3108 om.
2043 3078 2088 3115 A;
2113 3077 2172 3110 PS.
2189 3086 2257 3108 orn.
2281 3082 2400 3108 totum.

1484 3131 1517 3153 vi
1541 3128 1617 3162 post
1639 3121 1726 3174 med.
1733 3122 1864 3197 ῥίον-’πα
1882 3122 1954 3154 sine
1970 3122 2110 3154 materia
2126 3138 2148 3146 -
2164 3121 2270 3154 forma
2292 3121 2360 3154 sive
2375 3129 2444 3152 ma-

1631 3172 1710 3198 teria
1760 3191 1767 3200 ο

1813 3236 1895 3278 Cap.
1920 3247 1984 3271 xxx.

1486 3306 1518 3326 iv
1541 3301 1615 3327 ante
1639 3295 1725 3327 med.
1751 3295 1935 3327 ostenditur
1956 3312 1980 3318 -
2002 3294 2193 3326 ostendetur
2215 3294 2250 3325 P.

1484 3350 1515 3378 v,
1542 3350 1559 3371 2
1585 3346 1659 3372 ante
1686 3340 1772 3373 med.
1803 3339 1982 3372 secundum
2006 3338 2096 3381 quod
2118 3348 2176 3371 ens
2198 3356 2220 3362 -
2239 3339 2302 3371 Pro
2326 3349 2442 3371 secun-

1630 3385 1708 3416 dum
1731 3386 1762 3416 A
1786 3383 1903 3416 falsum
1925 3383 2056 3426 sigium.
2081 3383 2104 3415 S
2126 3383 2184 3416 sed
2207 3383 2299 3426 quod
2327 3393 2396 3416 ens.
2417 3401 2442 3409 -

1631 3429 1746 3461 Statim
1770 3438 1831 3470 pro
1854 3427 1944 3471 quod
1965 3433 2024 3464 est,
2049 3429 2107 3469 qui
2130 3434 2178 3461 est
2201 3428 2236 3460 P.

1482 3485 1537 3512 vn,
1563 3484 1580 3505 2
1605 3480 1681 3516 post
1696 3473 1782 3506 med.
1808 3473 1940 3504 modum
1963 3473 2095 3516 agentis
2115 3490 2137 3497 —
2161 3478 2292 3505 motum
2315 3473 2441 3514 agentis

1485 3574 1550 3601 xm,
1576 3573 1594 3595 2
1619 3573 1700 3595 vers.
1724 3562 1780 3596 fin.
1806 3563 2011 3594 inveniretur
2033 3580 2055 3586 —
2078 3563 2262 3595 invenietur
2283 3561 2347 3596 AS.

1484 3619 1534 3646 xv,
1561 3618 1590 3639 2.
1616 3617 1742 3650 negare
1765 3625 1786 3632 -
1808 3613 1941 3648 negaret
1965 3607 2000 3639 P.
