2768 4134
29 2231 203 2261 'Cf-tumn.
214 2238 237 2259 v,

1 3423 5 3437 ³
28 3432 39 3442 “
61 3430 195 3463 Commeat.
217 3431 241 3452 in
284 3431 301 3464 F.
329 3451 338 3461 θ
380 3447 383 3456 ,
407 3452 417 3464 3
449 3459 453 3463 Α

0 3472 2 3510 ς
28 3457 241 3512 anatra&
288 3488 300 3509 .,
414 3468 417 3472 ·
447 3475 453 3485 ν

28 3510 119 3564 lve’fifi
131 3510 177 3565 323³.
188 3517 242 3559 via:
294 3517 298 3521 ’

0 3569 3 3577 ³
118 3543 136 3585 Ξ.
162 3564 242 3590 ¹48v‚

723 287 912 324 SUMMA
940 286 1162 325 CONTRA
1191 286 1466 333 GENTILES,
1495 287 1589 324 LIB.
1610 287 1652 333 ΙΙ,
1683 287 1793 324 CAP.
1813 288 1911 334 LIX,
1930 288 2012 325 LX.

263 364 362 395 talem
397 364 535 395 formam
570 365 639 396 fieri
678 366 922 406 copulationem
955 367 1038 397 inter
1075 367 1275 397 intellectum
1307 372 1338 397 et

263 409 451 459 hominem,
479 415 635 450 tanquam
661 420 720 451 per
745 410 891 441 medium
917 410 1084 451 quoddam
1112 416 1144 441 et
1170 411 1337 442 vinculum

264 462 390 484 umens.

322 507 352 528 2.
376 498 622 530 Attendendum
638 499 703 529 hoc
718 498 794 529 loco
816 498 906 539 quod
923 498 1039 530 dicitur
1054 497 1160 530 forma
1175 498 1338 529 intellecta

263 541 298 572 in
322 548 406 580 actu,
423 548 480 574 aut
495 549 621 574 sensata
643 544 677 573 in
694 549 778 579 actu,
796 543 927 583 quando
943 544 1054 574 unitur
1070 549 1144 574 actu
1159 543 1337 574 intellectui

265 591 320 617 aut
343 588 452 618 sensui
475 593 507 618 et
529 588 576 618 illi
607 597 703 618 suum
735 588 901 618 obiectum
928 593 1154 628 repraesentat,
1185 593 1240 618 aut
1263 593 1337 618 actu

263 630 409 672 perfecto
425 637 481 662 aut
495 631 707 663 habitualiter.
725 632 800 663 Hoc
816 638 924 663 autem
941 638 989 663 est
1011 632 1143 672 quando
1167 638 1214 663 est
1230 637 1338 662 actua-

263 675 336 706 liter
359 676 464 707 forma
486 677 668 708 intellectus
685 682 741 707 aut
759 686 885 707 sensus:
910 686 987 707 nam
1007 677 1087 708 dum
1111 682 1158 708 est
1181 677 1220 707 ab
1244 676 1337 707 intel·

263 719 351 751 lectu
374 726 430 752 aut
453 730 549 752 sensu
573 726 726 762 separata,
757 730 825 752 non
856 726 903 752 est
933 731 1037 752 unum
1068 731 1144 752 cum
1171 721 1337 752 intellectu

264 769 320 794 aut
343 774 450 802 sensu,
474 774 536 796 nec
559 765 605 796 illi
628 775 724 808 suurn
748 766 914 796 obiectum
940 771 1166 806 repraesentat.
1197 765 1239 796 Et
1261 765 1336 796 ideo

263 807 391 840 videtur
414 810 467 840 hic
491 809 627 840 Sanctus
651 810 796 841 Thomas
819 810 943 841 nullam
973 819 1097 851 ponere
1124 809 1337 840 differentiam

263 853 347 884 inter
369 852 509 885 formam
532 854 713 886 secundum
729 854 819 895 quod
836 860 884 885 est
905 854 1068 885 intellecta
1083 859 1139 885 aut
1162 859 1288 885 sensata
1302 854 1337 884 in

264 902 349 934 actu,
374 904 406 929 et
427 899 532 940 ipsam
555 905 592 930 ut
615 905 662 930 est
685 909 789 930 unum
813 908 890 930 cum
913 899 1078 930 intellectu
1101 904 1157 929 aut
1183 907 1291 929 sensu.

321 943 370 974 Ex
393 953 461 984 quo
485 949 573 984 patet
595 943 686 984 quod
708 943 795 975 aliud
815 949 863 974 est
885 943 1002 980 dicere,
1019 944 1046 974 si
1068 943 1199 984 proprie
1222 942 1338 983 loqua-

263 996 348 1024 mur,
378 987 517 1019 formam
545 998 614 1019 esse
641 993 716 1020 actu
741 988 976 1030 intelligibilem
1003 992 1062 1018 aut
1086 987 1277 1023 sensibilem,
1306 992 1343 1018 et·

263 1032 368 1073 ipsam
392 1042 460 1064 esse
483 1038 558 1064 actu
583 1033 778 1064 intellectam
808 1037 866 1063 aut
894 1038 1069 1063 sensatam.
1100 1032 1226 1062 Dicitur
1249 1031 1337 1062 enim

265 1088 333 1110 esse
349 1083 424 1109 actu
449 1077 662 1119 intelligibilis
678 1082 736 1108 aut
750 1077 918 1113 sensibilis,
936 1076 1068 1117 quando
1084 1074 1180 1107 habet
1204 1085 1272 1107 esse
1288 1085 1337 1106 se-

265 1122 410 1154 cundum
427 1123 518 1164 quod
533 1128 642 1163 potest
664 1122 863 1153 intellectum
880 1126 935 1152 aut
956 1130 1086 1152 sensum
1102 1130 1244 1158 movere,
1262 1129 1336 1151 cau-

264 1167 366 1199 sando
389 1169 424 1198 in
446 1169 519 1208 ipso
542 1166 683 1198 formam
705 1166 904 1197 intellectam
930 1172 986 1196 aut
1007 1171 1166 1196 sensatam
1195 1166 1228 1196 in
1251 1170 1335 1196 actu.

264 1212 307 1244 Et
329 1213 375 1243 sic
397 1212 525 1243 colores
540 1217 627 1242 extra
650 1211 830 1247 existentes,
846 1216 1015 1251 praesente
1034 1210 1167 1247 lumine,
1184 1209 1336 1240 dicuntur

265 1263 339 1288 actu
355 1257 509 1288 visibiles:
527 1257 603 1297 quia
626 1255 807 1286 secundum
823 1264 893 1285 esse
909 1254 999 1295 quod
1013 1255 1132 1285 habent
1148 1259 1244 1291 extra,
1261 1254 1336 1284 assi-

265 1306 368 1332 stente
391 1301 529 1342 lumine,
550 1306 688 1341 possunt
702 1309 836 1331 movere
859 1308 1000 1330 sensum.
1008 1299 1081 1340 Res
1104 1304 1213 1329 autem
1235 1303 1337 1328 mate-

264 1345 367 1383 riales,
392 1344 573 1377 secundum
596 1354 665 1376 esse
691 1345 845 1380 naturale,
872 1353 941 1374 non
964 1348 1039 1374 sunt
1057 1348 1131 1374 actu
1154 1339 1337 1383 intelligibi-

263 1392 320 1428 les,
337 1392 414 1432 quia
429 1389 609 1421 secundum
625 1388 705 1420 illud
727 1398 796 1420 non
818 1393 955 1428 possunt
970 1397 1103 1418 movere
1125 1387 1336 1418 intellectum.

265 1435 330 1467 Sed
339 1435 522 1466 secundum
537 1433 629 1474 quod
640 1443 698 1474 per
713 1434 903 1474 phantasma
914 1438 989 1463 sunt
1003 1432 1038 1462 in
1053 1432 1229 1472 phantasia,
1246 1440 1337 1471 prae-

264 1485 354 1512 sente
377 1480 502 1511 lumine
528 1479 710 1510 intellectus
737 1478 875 1518 agentis,
902 1482 977 1507 sunt
1003 1481 1078 1506 actu
1104 1475 1336 1515 intelligibiles:

265 1525 342 1566 quia
356 1533 414 1565 per
436 1524 548 1555 lumen
571 1522 753 1553 intellectus
779 1521 902 1562 agentis
925 1525 1063 1561 possunt
1088 1529 1222 1550 movere
1244 1519 1338 1550 intel-

250 1569 386 1600 lectum
400 1567 599 1609 possibilem.
615 1583 638 1588 —
652 1566 778 1597 Dicitur
801 1570 909 1596 autem
926 1564 1088 1595 intellecta
1103 1569 1178 1595 actu
1195 1568 1253 1594 aut
1266 1573 1338 1594 sen—

263 1617 347 1648 sata,
372 1613 448 1653 quia
463 1617 511 1642 est
534 1610 699 1641 actualiter
723 1610 811 1640 unita
834 1608 1011 1640 intellectui
1034 1613 1090 1638 aut
1112 1608 1230 1644 sensui,
1247 1612 1279 1637 et
1293 1607 1339 1637 illi

264 1656 430 1688 actualiter
445 1656 605 1691 obiicitur,
621 1659 677 1685 aut
697 1653 839 1694 perfecte
856 1658 911 1683 aut
933 1652 1152 1683 habitualiter:
1176 1657 1212 1682 ut
1224 1651 1340 1682 accidit

262 1701 298 1733 in
319 1700 496 1732 intellectu.
1142 1710 1144 1712 ·

322 1745 352 1777 3.
376 1744 442 1777 Sed
463 1743 504 1775 ad
526 1744 610 1774 hanc
633 1744 792 1774 rationem
822 1741 932 1772 Sancti
959 1741 1110 1772 Thomae
1139 1745 1250 1781 posset
1276 1739 1339 1770 dici

264 1789 355 1832 quod
384 1788 532 1831 procedit
556 1797 595 1818 ex
617 1787 705 1818 malo
728 1786 896 1818 intellectu
925 1785 1099 1827 positionis
1127 1785 1340 1816 Commenta-

263 1835 353 1866 toris.
376 1833 454 1865 Non
478 1833 566 1864 enim
589 1831 663 1863 ideo
686 1831 782 1872 ponit
805 1830 1054 1862 Commentator
1076 1828 1146 1860 fieri
1170 1829 1339 1860 continua-

263 1879 389 1910 tionem
416 1877 600 1908 intellectus
629 1876 803 1907 nobiscum
833 1884 892 1916 per
919 1874 1062 1915 speciem
1092 1873 1338 1914 intelligibilem,

264 1923 357 1964 quasi
369 1922 483 1953 eadem
495 1929 635 1952 numero
647 1920 771 1960 species
785 1929 868 1960 quae
884 1924 992 1949 actuat
1003 1918 1214 1954 intellectum,
1231 1922 1339 1947 actuet

265 1968 363 1998 etiam
377 1967 578 2008 phantasma,
594 1970 631 1995 ut
645 1964 773 1995 videtur
786 1964 867 1994 ratio
883 1972 1086 2003 supponere:
1103 1962 1159 1992 sed
1175 1962 1251 2002 quia
1266 1970 1337 2001 spe-

265 2012 331 2044 cies
354 2011 492 2042 existens
516 2011 550 2040 in
575 2008 746 2040 intellectu
777 2008 874 2039 habet
901 2006 1151 2038 fundamentum
1174 2007 1207 2036 in
1235 2006 1338 2046 phan-

264 2061 398 2087 tasmate
426 2060 459 2086 et
480 2053 561 2085 illud
583 2053 694 2094 aliquo
724 2052 826 2083 modo
849 2056 1075 2092 repraesentat.
1104 2051 1145 2081 Et
1172 2051 1217 2081 sic
1243 2050 1337 2080 intel-

264 2099 367 2132 lectus
383 2099 591 2130 continuatur
606 2097 820 2138 phantasmati
839 2097 922 2127 sicut
937 2095 1107 2136 speculum
1131 2095 1338 2125 continuatur

264 2144 392 2176 homini
417 2144 509 2174 cuius
533 2143 658 2183 species
681 2141 813 2172 resultat
835 2141 869 2171 in
892 2140 1040 2181 speculo.

322 2188 446 2220 Contra
457 2188 542 2218 hanc
561 2187 810 2227 responsionem
826 2186 978 2225 arguitur,
996 2193 1034 2214 ex
1058 2182 1204 2214 doctrina
1227 2182 1336 2214 Sancti

265 2233 415 2264 Thomae
441 2233 476 2263 in
503 2231 658 2262 Tractatu
684 2231 724 2261 de
754 2230 886 2260 Unitate
911 2229 1099 2259 Intellectus
1113 2229 1140 2264 ³,
1165 2227 1242 2268 quia
1268 2237 1336 2258 non

263 2278 384 2319 poterit
406 2277 519 2308 salvari
532 2276 644 2316 aliquo
667 2280 764 2315 pacto
784 2284 822 2306 ex
846 2274 910 2304 hoc
925 2273 1056 2304 unionis
1078 2271 1180 2303 modo
1196 2271 1229 2302 id
1246 2271 1337 2312 quod

263 2321 403 2354 intendit
432 2321 691 2352 Commentator.
715 2319 793 2350 Vult
820 2319 908 2349 enim
939 2316 1110 2348 ostendere
1138 2316 1239 2357 quod,
1268 2326 1336 2347 non

264 2366 412 2398 obstante
435 2365 637 2406 separatione
652 2363 833 2394 intellectus
850 2361 1030 2394 secundum
1053 2371 1132 2398 esse,
1155 2366 1262 2401 potest
1277 2361 1336 2391 ho-

263 2406 344 2442 mini
367 2410 496 2441 attribui
521 2407 612 2450 quod
634 2408 800 2449 intelligat,
824 2413 956 2448 propter
980 2406 1260 2437 continuationem
1287 2406 1336 2435 in-

263 2455 412 2486 tellectus
435 2463 511 2485 cum
534 2454 766 2494 phantasmate.
791 2451 866 2482 Hoc
882 2456 991 2482 autem
1013 2450 1137 2481 nullam
1160 2450 1256 2480 habet
1279 2459 1335 2490 ap-

263 2500 452 2541 parentiam,
476 2499 586 2538 posito
609 2497 665 2528 illo
689 2496 791 2527 modo
814 2496 956 2527 unionis.
986 2495 1063 2526 Non
1087 2495 1173 2525 enim
1202 2499 1336 2534 propter

265 2553 337 2575 eam
353 2543 634 2574 continuationem
657 2551 756 2582 quam
779 2541 875 2572 habet
895 2540 1066 2580 speculum
1090 2548 1167 2570 cum
1190 2539 1334 2575 homine,

264 2588 410 2628 sequitur
432 2593 469 2617 ut
498 2587 600 2618 homo
623 2587 740 2617 habeat
763 2585 888 2626 speculi
910 2585 1082 2620 actionem,
1108 2592 1192 2624 quae
1215 2588 1264 2613 est
1286 2592 1335 2613 re-

263 2637 476 2673 praesentare.
504 2631 603 2671 Ergo,
627 2630 667 2661 ad
689 2631 754 2661 hoe
777 2635 813 2661 ut
840 2629 962 2670 aliquid
992 2628 1198 2670 apparentiae
1220 2627 1335 2657 habeat

265 2686 322 2707 sua
344 2676 475 2717 positio,
493 2680 622 2716 oportet
637 2680 674 2706 ut
695 2674 912 2714 intelligamus
936 2682 1007 2704 eam
1030 2672 1188 2703 unionem
1211 2671 1335 2701 intelle-

265 2726 336 2751 ctus
359 2729 436 2751 cum
465 2720 687 2760 phantasmate
710 2728 769 2759 per
791 2719 934 2759 speciem
966 2718 1011 2747 sie
1035 2716 1125 2757 quod
1149 2716 1272 2756 species
1296 2716 1336 2745 sit

2382 300 2459 337 419

1393 372 1466 397 actu
1489 367 1523 396 in
1546 367 1713 398 intellectu
1738 372 1769 398 et
1795 368 1836 397 sit
1862 367 1959 398 etiam
1986 367 2020 397 in
2047 368 2284 408 phantasmate:
2314 368 2461 409 quamvis

1393 411 1438 441 sic
1469 411 1565 441 etiam
1595 412 1665 451 ipsa
1698 412 1816 452 positio
1847 412 2013 442 veritatem
2043 421 2110 442 non
2143 412 2316 449 contineat,
2348 417 2385 443 ut
2414 417 2461 443 est

1393 460 1570 486 ostensum.

1447 498 1501 529 IX.
1526 499 1636 529 Sexto.
1662 499 1696 530 In
1721 499 1855 530 homine
1886 506 1933 530 est
1963 500 2056 530 altior
2086 501 2232 541 operatio
2255 501 2339 531 vitae
2362 510 2460 541 quam

1391 543 1425 573 in
1449 543 1589 579 animali,
1610 552 1694 583 quae
1710 549 1757 574 est
1773 544 1960 584 intelligere.
1977 544 2063 584 Ergo
2079 544 2180 575 homo
2197 545 2292 575 habet
2314 545 2460 576 altiorem

1391 587 1534 627 speciem
1550 588 1634 617 vitae
1650 596 1749 627 quam
1772 589 1812 618 sit
1826 589 1891 618 vita
1914 589 2069 619 animalis.
2093 589 2179 628 Ergo
2195 589 2291 619 habet
2314 589 2460 620 altiorem

1391 632 1533 662 animam
1557 641 1622 672 qua
1644 632 1722 662 vivit
1742 641 1841 672 quam
1865 633 1905 662 sit
1920 633 2026 663 anima
2042 633 2208 664 sensibilis.
2226 634 2312 674 Ergo
2335 633 2460 664 intelle-

1392 681 1462 707 ctus
1487 682 1534 707 est
1557 676 1665 707 anima
1687 676 1838 706 hominis.
1863 677 1905 707 Et
1920 686 1976 717 per
1993 686 2195 717 consequens
2217 678 2285 708 eius
2308 677 2421 708 forma.
2437 694 2460 699 —

1391 720 1596 751 Antecedens
1634 725 1722 761 patet
1753 730 1790 751 ex
1826 720 1974 751 confesso
2011 721 2050 751 ab
2085 722 2246 752 omnibus.
2278 740 2301 744 —
2335 721 2460 752 Conse-

1391 765 1523 805 quentia
1550 774 1626 795 vero
1657 765 1761 805 prima
1788 765 1952 805 probatur.
1983 765 2069 803 Quia
2096 765 2151 796 ubi
2178 766 2338 796 invenitur
2367 766 2460 796 altior

1391 809 1536 850 operatio
1560 810 1710 846 viventis,
1741 809 1786 840 ibi
1815 810 1977 840 invenitur
2004 809 2097 839 altior
2127 811 2249 850 species
2280 810 2362 840 vitae
2389 819 2459 840 cor-

1390 852 1589 894 respondens
1604 853 1650 884 illi
1673 854 1809 884 actioni:
1833 859 1870 884 ut
1892 859 1980 894 patet
2003 854 2221 894 comparando
2249 854 2397 884 animalia
2420 854 2460 885 ad

1390 898 1524 938 plantas.
1551 917 1575 920 —
1598 897 1747 929 Secunda
1774 907 1908 939 quoque
1937 899 2101 938 probatur.
2129 898 2215 936 Quia
2237 899 2301 929 vita
2327 904 2375 928 est
2402 907 2461 938 per

1391 943 1542 973 animam.
1569 960 1593 964 —
1619 943 1739 974 Ultima
1771 948 1880 974 autem
1912 948 2010 983 patet.
2044 942 2131 980 Quia
2159 942 2249 973 nulla
2278 943 2384 973 anima
2413 948 2461 973 est

1391 987 1485 1018 altior
1517 987 1659 1018 sensibili
1682 997 1780 1028 quam
1807 987 2002 1023 intellectus,
2034 986 2130 1023 idest,
2162 996 2261 1028 quam
2283 987 2390 1018 anima
2412 987 2460 1018 -in

1390 1031 1559 1062 tellectiva.

1449 1075 1589 1106 Adverte
1613 1075 1703 1116 quod
1719 1081 1831 1106 contra
1854 1076 1936 1106 hanc
1960 1076 2119 1106 rationem
2134 1075 2243 1106 instari
2259 1084 2327 1105 non
2351 1080 2458 1115 potest

1391 1119 1530 1151 dicendo
1547 1120 1637 1160 quod
1652 1119 1840 1160 intelligere,
1857 1119 1944 1161 apud
1963 1119 2117 1150 Sanctum
2134 1119 2308 1156 Thomam,
2327 1129 2396 1150 non
2412 1124 2459 1150 est

1391 1165 1430 1195 ab
1454 1165 1562 1195 anima
1585 1165 1697 1201 active,
1727 1164 1783 1195 sed
1810 1170 1937 1195 tantum
1966 1165 2100 1204 passive,
2131 1165 2170 1195 ab
2194 1165 2323 1195 obiecto
2350 1168 2460 1194 autem

1391 1210 1510 1240 active:
1541 1214 1578 1239 ut
1607 1208 1688 1239 falso
1712 1208 1890 1239 adscribere
1913 1208 2039 1239 videtur
2061 1209 2122 1239 sibi
2145 1209 2271 1245 Scotus,
2295 1208 2339 1238 IV
2359 1207 2458 1244 Sent„

1391 1253 1422 1284 d.
1438 1264 1523 1290 xrxn,
1540 1263 1571 1293 q.
1589 1263 1611 1283 11
1623 1254 1652 1296 *ἡ
1674 1253 1750 1284 Non
1774 1253 1872 1289 enim,
1892 1252 1979 1293 apud
2000 1252 2155 1284 Sanctum
2175 1253 2349 1289 Thomam,
2366 1252 2458 1282 intel-

1390 1298 1493 1328 lectus
1516 1307 1604 1328 mere
1627 1297 1752 1338 passive
1769 1298 1931 1328 concurrit
1946 1296 1986 1327 ad
2004 1297 2266 1333 intellectionem,
2283 1296 2339 1327 sed
2362 1296 2459 1326 etiam

1391 1343 1502 1382 aliquo
1514 1341 1616 1372 modo
1629 1342 1741 1378 active,
1758 1342 1951 1382 inquantum
1966 1341 2070 1381 ipsam
2087 1341 2173 1372 elicit
2188 1340 2456 1372 intellectionem:

1390 1387 1467 1417 licet
1489 1387 1553 1417 hoc
1575 1395 1644 1417 non
1667 1386 1768 1426 possit
1791 1386 1852 1416 nisi
1875 1385 2062 1426 recipiendo
2089 1386 2231 1426 speciem
2254 1386 2293 1416 ab
2317 1385 2457 1421 obiecto,

1392 1430 1483 1471 quod
1507 1436 1555 1461 est
1578 1430 1744 1470 quoddam
1773 1431 1850 1470 pati.
1885 1430 1948 1461 Sed
1982 1429 2022 1460 de
2052 1430 2116 1460 hoc
2145 1431 2219 1461 satis
2249 1430 2282 1460 in
2313 1429 2458 1469 superio-

1391 1476 1479 1506 ribus
1495 1476 1512 1491 ἢ*
1535 1480 1583 1505 est
1606 1474 1739 1505 dictum.

1447 1520 1487 1549 X.
1512 1518 1680 1557 Quantum
1704 1518 1744 1549 ad
1767 1518 1942 1549 secundam
1970 1518 2055 1548 viam
2071 1519 2098 1554 ’ζ
2122 1519 2264 1558 arguitur
2290 1518 2395 1558 primo
2420 1527 2459 1548 ex

1392 1564 1452 1594 hac
1471 1563 1604 1603 septima
1627 1563 1765 1598 ratione,
1790 1563 1844 1593 sic.
1869 1562 2020 1602 Sequitur
2044 1563 2130 1592 enim
2154 1562 2244 1602 quod
2265 1562 2366 1592 homo
2390 1571 2458 1592 non

1393 1606 1497 1638 differt
1521 1616 1538 1637 a
1561 1607 1661 1637 brutis
1684 1616 1742 1647 per
1764 1607 1827 1637 hoc
1852 1606 1942 1646 quod
1958 1611 2005 1637 est
2023 1606 2223 1636 intellectum
2237 1606 2367 1636 habens.
2384 1605 2458 1636 Hoc

1394 1655 1442 1681 est
1464 1650 1632 1681 manifeste
1656 1649 1782 1681 falsum.
1807 1650 1893 1690 Ergo
1918 1656 1978 1680 etc.

1449 1695 1606 1725 Probatur
1622 1695 1864 1734 consequentia.
1882 1694 1967 1732 Quia
1983 1695 2008 1724 si
2032 1695 2072 1724 sit
2093 1694 2274 1724 intellectus
2297 1698 2459 1733 separatus

1394 1738 1575 1770 secundum
1599 1748 1668 1770 esse
1696 1739 1735 1769 ab
1766 1739 1909 1774 homine,
1938 1739 2047 1768 unitus
2077 1743 2186 1768 autem
2209 1742 2335 1767 tantum
2357 1736 2459 1768 modo

1394 1783 1570 1824 praedicto,
1595 1783 1697 1814 homo
1719 1793 1788 1813 non
1811 1783 1961 1813 sortietur
1990 1783 2132 1822 speciem
2162 1791 2219 1822 per
2241 1782 2398 1812 unionem
2421 1780 2462 1811 ad

1394 1828 1604 1864 intellectum,
1621 1827 1677 1858 sed
1701 1833 1826 1858 tantum
1841 1837 1899 1867 per
1914 1826 2053 1858 formam
2069 1826 2261 1856 sensibilem.
2286 1825 2372 1864 Quia
2390 1825 2460 1855 talis

1394 1873 1474 1903 unio
1499 1873 1708 1912 consequitur
1731 1872 1872 1902 hominis
1888 1871 2128 1912 operationem:
2154 1880 2229 1900 cum
2245 1875 2460 1910 consequatur

1394 1917 1604 1956 phantasiam,
1637 1925 1720 1956 quae
1751 1922 1799 1946 est
1829 1921 1935 1945 motus
1957 1915 2074 1957 factus
2106 1923 2126 1945 a
2158 1924 2254 1944 sensu
2283 1913 2458 1944 secundum

1393 1966 1510 1991 actum.
1529 1959 1630 1998 Quod
1649 1965 1758 1990 autem
1782 1960 1992 1999 consequitur
2015 1959 2055 1989 ad
2078 1959 2301 1998 operationem
2325 1957 2459 1988 alicuius

1392 2006 1447 2041 rei,
1471 2014 1539 2035 non
1563 2004 1694 2044 largitur
1717 2005 1747 2034 ei
1771 2005 1929 2044 speciem:
1954 2013 2030 2034 nam
2054 2003 2200 2042 operatio
2225 2007 2272 2032 est
2295 2007 2385 2032 actus
2409 2010 2458 2032 se-

1392 2048 1536 2085 cundus;
1561 2047 1665 2079 forma
1683 2053 1793 2079 autem
1808 2058 1865 2088 per
1882 2057 1980 2088 quam
1996 2046 2117 2088 aliquid
2133 2046 2274 2087 speciem
2288 2046 2394 2082 habet,
2411 2050 2458 2076 est

1392 2099 1481 2124 actus
1504 2093 1637 2133 primus.

1452 2137 1584 2173 Octavo,
1610 2136 1722 2168 eadem
1745 2137 1796 2167 via
1812 2137 1962 2176 arguitur.
1984 2135 2017 2167 Si
2039 2135 2140 2166 homo
2165 2135 2294 2166 sortitur
2316 2134 2457 2174 speciem

1391 2191 1448 2222 per
1470 2183 1535 2212 hoc
1559 2181 1647 2222 quod
1664 2186 1711 2211 est
1727 2181 1888 2211 rationalis
1905 2186 1936 2211 et
1952 2180 2151 2211 intellectum
2174 2179 2304 2215 habens,
2321 2178 2457 2219 quicun-

1392 2236 1456 2267 que
1469 2231 1516 2257 est
1538 2227 1571 2256 in
1595 2226 1703 2266 specie
1726 2226 1877 2261 humana,
1894 2230 1942 2255 est
1963 2224 2125 2255 rationalis
2141 2229 2173 2254 et
2188 2223 2387 2254 intellectum
2402 2223 2457 2252 ha-

1391 2272 1480 2302 bens.
1504 2271 1598 2307 Puer,
1622 2271 1718 2300 etiam
1742 2276 1915 2310 antequam
1938 2268 2117 2309 egrediatur
2140 2277 2178 2298 ex
2201 2273 2305 2304 utero,
2329 2267 2387 2297 erit
2409 2276 2458 2296 ra-

1390 2315 1518 2346 tionalis
1535 2321 1567 2345 et
1582 2314 1782 2344 intellectum
1803 2314 1940 2344 habens:
1966 2323 2041 2344 cum
2065 2313 2153 2343 sitin
2176 2313 2283 2352 specie
2306 2312 2457 2341 humana.

1391 2360 1432 2390 Et
1455 2365 1563 2390 tamen
1591 2359 1624 2389 in
1651 2359 1723 2398 ipso
1751 2358 1900 2389 nondum
1927 2362 2002 2388 sunt
2026 2357 2256 2398 phantasmata.
2281 2355 2367 2395 Ergo
2390 2364 2458 2385 non

1391 2405 1449 2434 erit
1472 2404 1574 2434 homo
1587 2403 1749 2433 rationalis
1774 2409 1805 2433 et
1827 2402 2026 2433 intellectum
2050 2401 2170 2431 habens
2193 2405 2325 2441 propter
2340 2398 2458 2429 dictam

1391 2448 1680 2479 continuationem.

1445 2492 1596 2528 Adverte,
1620 2492 1704 2522 circa
1726 2492 1809 2522 hanc
1831 2492 2000 2527 rationem,
2018 2489 2107 2530 quod
2130 2487 2322 2519 antecedens
2346 2486 2458 2518 condi-

1390 2537 1518 2568 tionalis
1534 2537 1651 2576 accipit
1670 2535 1806 2566 Sanctus
1822 2535 1966 2565 Thomas
1981 2539 2136 2574 tanquam
2151 2532 2348 2563 confessum.
2365 2531 2458 2569 Quo-

1390 2582 1487 2618 niam,
1507 2581 1534 2611 si
1549 2581 1614 2611 hoc
1636 2589 1704 2610 non
1728 2585 1820 2615 esset,
1837 2585 1916 2609 tunc
1938 2579 2040 2608 homo
2064 2587 2130 2608 non
2156 2576 2294 2607 differret
2317 2575 2423 2616 specie
2439 2584 2458 2605 a

1390 2626 1490 2656 brutis
1513 2634 1571 2665 per
1594 2625 1657 2655 hoc
1673 2623 1764 2664 quod
1788 2629 1835 2654 est
1853 2624 1960 2663 ipsum
1985 2631 2053 2652 esse
2076 2620 2264 2652 rationalem
2288 2625 2319 2650 et
2340 2619 2457 2649 habere

1390 2669 1599 2700 intellectum.
1616 2668 1668 2698 Ad
1684 2667 1783 2708 quod,
1807 2673 1962 2707 tanquam
1983 2665 2022 2696 ad
2046 2665 2286 2701 inconveniens,
2310 2664 2343 2693 in
2366 2672 2456 2703 prae-

1390 2713 1516 2744 cedenti
1540 2713 1664 2743 ratione
1691 2711 1873 2742 deduxerat.

793 2947 1277 3006 CAPITULUM
1326 2943 1934 3001 SEXAGESIMUM

1109 3067 1340 3106 Fragmentum
1363 3065 1393 3095 A
1416 3073 1490 3104 47v
1527 3073 1545 3094 a
1559 3063 1611 3094 23.

282 3164 456 3219 QUOD
492 3161 670 3203 HOMO
705 3159 834 3200 NON
869 3155 1177 3199 SORTITUR
1212 3154 1470 3196 SPECIEM
1503 3153 1620 3194 PER
1653 3151 2089 3192 INTELLECTUM
2121 3149 2438 3198 PASSIVUM,

802 3221 919 3262 SED
953 3219 1070 3260 PER
1103 3215 1541 3258 INTELLECTUM
1573 3214 1931 3255 POSSIBILEM

400 3362 414 3375 ⁷*
446 3341 508 3374 “115
527 3334 658 3364 autem
678 3323 889 3362 rationibus
917 3321 1096 3359 obviatur
1119 3320 1337 3358 secundum

395 3394 405 3406 *
444 3370 458 3412 :3
491 3379 728 3430 praedictam
769 3376 1002 3427 positionem
1021 3374 1052 3410 ³¹⁶.
1095 3372 1196 3410 Dicit
1232 3372 1338 3409 enim

446 3436 461 3455 ⁶³
493 3432 710 3483 praedictus
730 3428 955 3467 Averroes*
983 3427 1091 3476 quod
1119 3427 1240 3463 homo
1270 3424 1337 3462 dif-

345 3479 412 3534 ’,ἕ
446 3487 461 3518 '1'
492 3487 563 3524 fert
577 3485 704 3535 speeie
719 3497 742 3522 a
756 3483 876 3521 brutis
891 3493 960 3531 per
969 3481 1203 3518 intellectum
1218 3490 1337 3528 quem

270 3597 396 3641 tativa,
425 3605 525 3643 quae
550 3600 610 3629 est
637 3590 795 3641 propria
823 3587 983 3633 homini,
1013 3588 1098 3623 loco
1128 3584 1238 3622 cuius
1267 3583 1339 3621 alia

271 3647 451 3685 animalia
479 3646 623 3683 habent
655 3643 854 3694 quandam
887 3641 1153 3679 aestimativam
1187 3643 1338 3674 natura-

1393 3319 1477 3355 lem.
1509 3317 1635 3354 Huius
1663 3325 1793 3354 autem
1822 3314 2043 3363 cogitativae
2071 3313 2218 3351 virtutis
2245 3320 2299 3350 est
2327 3312 2456 3349 distin-

1391 3383 1508 3419 guere
1537 3370 1766 3407 intentiones
1795 3368 2058 3413 individuales,
2084 3374 2120 3403 et
2147 3377 2372 3415 comparare
2392 3377 2456 3402 eas

1393 3425 1442 3461 ad
1470 3423 1652 3461 invicem:
1684 3422 1779 3459 sicut
1807 3421 2016 3458 intellectus
2045 3419 2111 3468 qui
2139 3427 2194 3455 est
2213 3424 2405 3468 separatus
2424 3424 2456 3455 et

1393 3479 1594 3522 immixtus,
1625 3482 1823 3524 comparat
1855 3481 1891 3510 et
1925 3472 2118 3520 distinguit
2154 3471 2251 3508 inter
2281 3470 2456 3508 intentio-

270 3542 490 3579 Aristoteles
508 3547 622 3577 vocat
643 3540 848 3588 passivum,
877 3534 944 3584 qui
973 3541 1028 3570 est
1053 3533 1135 3582 ipsa
1158 3533 1212 3569 vis
1235 3533 1338 3581 cogi·
1361 3546 1370 3567 ς
1393 3543 1462 3567 nes
1481 3530 1727 3566 universales.
1748 3528 1795 3564 Et
1814 3526 1905 3576 quia
1923 3538 1992 3575 per
2011 3526 2111 3562 hanc
2130 3524 2321 3570 virtutem,
2342 3523 2456 3561 simul

1394 3595 1486 3620 cum
1522 3581 1767 3630 imaginativa
1803 3587 1839 3616 et
1880 3578 2144 3624 memorativa,
2179 3585 2458 3627 praeparantur

1394 3637 1662 3685 phantasmata
1702 3641 1744 3670 ut
1790 3632 1973 3681 recipiant
2013 3631 2206 3668 actionem
2246 3630 2456 3667 intellectus

2486 1262 2495 1271 ·
2508 1260 2558 1283 Fol.
2578 1267 2616 1289 ¹¹9
2632 1260 2700 1288 (Ven-

2487 1287 2561 1316 ¹497)-

2485 1481 2494 1490 ·
2509 1479 2545 1502 Cf.
2563 1479 2697 1502 Comment.

2485 1512 2535 1533 cap.
2550 1512 2620 1532 nvn,
2638 1512 2660 1528 n.
2675 1512 2699 1527 v.

2485 1536 2538 1559 ·Cf.
2549 1542 2627 1564 supra,
2634 1541 2697 1558 n.1v.
