2742 4152
65 1332 204 1363 mm„
211 1331 279 1355 ..nt

16 1363 18 1367 ’
66 1360 127 1384 Ln-

68 2690 76 2714 Ι
88 2663 148 2714 (ἐν.
155 2664 206 2691 v,8;
215 2663 282 2686 mTh.

0 2910 3 2917 -
0 2850 3 2874 r<
0 2557 9 2839 ,Vq-rv-rv--va-——q-

906 271 1095 308 SUMMA
1124 271 1345 310 CONTRA
1374 273 1649 322 GENTlLES,
1680 275 1790 313 CAP.
1811 277 1905 313 XIII.
2451 278 2497 315 35

366 354 396 378 2.
420 346 484 378 Sed
509 353 588 379 tunc
613 349 749 389 insurgit
770 349 874 379 maius
901 348 1047 380 dubium.
1072 348 1106 380 Si
1127 349 1202 380 ideo
1229 351 1310 381 nihil
1333 362 1381 382 se-

307 392 416 432 ipsum
430 398 543 423 movet
558 393 666 433 primo
682 394 759 434 quia
780 394 905 424 moveri
919 394 1021 434 ipsius
1039 393 1200 434 dependet
1215 395 1249 424 in
1264 405 1382 435 genere

309 445 424 467 causae
452 438 624 468 materialis
651 448 670 468 a
699 438 824 468 moveri
853 439 1004 479 partium,
1034 439 1180 478 sequitur
1207 439 1297 479 quod
1320 450 1381 471 nec

308 481 406 511 etiam
426 481 548 522 aliquid
570 483 688 522 poterit
703 483 743 513 ab
759 482 823 513 alio
846 483 952 523 primo
967 483 1109 513 moveri:
1135 484 1211 523 quia
1233 484 1267 513 in
1291 485 1382 514 omni

307 531 400 557 moto
415 535 530 556 verum
553 532 601 557 est
623 526 714 567 quod
727 528 853 558 moveri
875 528 975 558 totius
990 527 1194 558 materialiter
1217 537 1236 557 a
1258 529 1382 558 moveri

307 570 448 610 partium
470 569 642 611 dependet.

363 614 490 646 Dicitur
511 616 618 655 primo
642 614 743 655 quod,
759 615 835 646 licet
858 615 980 656 aliquid
994 621 1165 647 moveatur
1187 617 1293 656 primo
1317 617 1382 657 pri-

307 659 419 690 mitate
447 660 604 699 temporis
631 665 664 690 et
690 660 851 700 primitate
878 660 1127 697 informationis,
1155 661 1233 700 quia
1260 661 1383 702 aliquid

307 708 415 734 totum
442 703 539 734 simul
566 703 748 735 secundum
776 714 891 736 omnes
918 711 1024 746 partes
1050 710 1202 736 movetur
1228 710 1260 736 et
1281 705 1383 736 infor-

307 753 414 779 matur
434 753 546 784 motu;
569 754 679 779 tamen
693 758 808 780 verum
831 755 879 780 est
900 750 981 781 nihil
1003 751 1128 782 moveri
1150 751 1268 791 primo,
1285 751 1382 781 etiam

307 793 348 823 ab
368 791 446 829 alio,
460 792 623 832 primitate
647 793 839 825 causalitatis
855 794 1075 831 omnimodae,
1092 795 1136 825 ita
1151 795 1272 826 scilicet
1291 794 1382 836 quod

307 837 378 870 eius
391 837 517 868 moveri
528 846 547 868 a
556 838 684 869 moveri
698 838 828 870 alterius
842 840 878 870 in
892 840 985 870 nullo
999 849 1118 880 genere
1130 849 1245 870 causae
1261 839 1384 880 depen-

307 881 393 913 deat.
420 880 512 912 Sicut
534 882 622 913 enim
649 887 758 914 totum
779 893 799 915 a
820 884 964 924 partibus
990 884 1196 915 materialiter
1222 883 1383 924 dependet

306 926 352 959 ita
374 925 475 967 quod,
502 927 636 958 remotis
662 928 817 968 partibus,
844 933 1030 959 removetur
1054 934 1179 965 totum3
1207 929 1251 959 ita
1273 934 1384 959 motus

306 971 407 1003 totius
422 979 442 1000 a
456 971 600 1003 motibus
622 972 763 1012 partium
786 971 949 1013 dependet
968 973 1013 1003 ita
1037 972 1138 1014 quod,
1155 974 1288 1004 remotis
1311 983 1382 1015 par-

307 1016 390 1047 tium
411 1015 568 1052 motibus,
591 1022 778 1048 removetur
799 1022 910 1048 motus
931 1017 1042 1048 totius.

363 1059 490 1090 Dicitur
505 1060 650 1092 secundo
667 1061 768 1101 quod,
781 1062 808 1092 si
822 1061 945 1102 aliquid
960 1068 1091 1093 moveat
1110 1063 1253 1103 seipsum
1276 1063 1383 1104 primo

306 1105 351 1136 ita
374 1103 466 1145 quod
487 1109 595 1140 totum
610 1111 740 1136 moveat
762 1111 871 1137 totum
891 1106 1072 1138 secundum
1095 1107 1187 1148 quod
1208 1108 1327 1148 ipsum,
1353 1114 1385 1139 et

307 1154 415 1180 totum
429 1148 611 1181 secundum
633 1149 725 1190 quod
738 1150 848 1191 ipsum
870 1157 1049 1188 moveatur,
1066 1157 1196 1192 oportet
1217 1158 1254 1183 ut
1276 1158 1384 1184 totum

308 1203 327 1224 a
349 1195 456 1234 seipso
483 1194 592 1234 primo
614 1200 785 1226 moveatur
811 1196 973 1236 primitate
1000 1197 1202 1234 causalitatis‚
1226 1198 1270 1228 ita
1293 1198 1385 1239 quod

307 1239 343 1271 in
363 1238 458 1270 nullo
484 1246 603 1278 genere
631 1239 824 1271 causalitatis
850 1246 960 1272 motus
987 1242 1086 1273 totius
1109 1243 1149 1273 ab
1175 1242 1239 1273 alio
1263 1242 1385 1284 depen-

308 1282 398 1319 dean
425 1287 458 1314 et
483 1283 562 1314 item
585 1283 677 1326 quod
703 1293 762 1324 per
783 1286 1002 1317 remotionem
1028 1292 1139 1318 motus
1162 1297 1180 1317 a
1202 1293 1292 1327 parte
1315 1297 1384 1319 non

306 1330 547 1369 remoueatura'
561 1332 644 1359 toto.
668 1328 713 1360 Ut
735 1329 823 1360 enim
841 1335 930 1370 patet
953 1331 1106 1362 [Poster.
1122 1332 1150 1368 ³,
1175 1331 1266 1372 quod
1288 1333 1384 1364 alicui

307 1373 415 1414 primo
438 1372 603 1409 convenit,
629 1382 699 1404 non
722 1383 780 1414 per
803 1374 891 1406 aliud
912 1376 974 1416 ipsi
998 1377 1162 1413 convenit,
1189 1377 1292 1408 immo
1315 1378 1386 1408 aliis

307 1426 366 1458 per
394 1416 522 1457 ipsum3
551 1426 661 1458 neque
687 1419 728 1449 ab
757 1419 831 1459 ipso
857 1426 1044 1452 removetur
1074 1421 1157 1461 quia-
1179 1427 1385 1453 removeatur

308 1462 348 1492 ab
372 1461 453 1497 alio;
480 1466 518 1492 ut
539 1461 572 1492 in
596 1461 655 1494 VII
676 1462 806 1503 physic.
823 1465 841 1482 ⁴*
864 1470 977 1495 contra
1003 1465 1139 1497 Scotum
1166 1466 1384 1503 ostendimus;

307 1506 353 1538 ibi
375 1505 465 1537 enim
486 1507 655 1538 materiam
669 1507 753 1538 hanc
776 1507 923 1540 diffusius
945 1511 1220 1550 pertractavimus.
1244 1511 1286 1542 Et
1309 1512 1385 1552 quia

307 1550 509 1591 impossibile
536 1556 585 1582 est
611 1551 747 1583 alicuius
774 1558 904 1584 motum
931 1564 949 1584 a
976 1555 1116 1594 partium·
1143 1556 1288 1587 motibus
1315 1565 1385 1587 non

308 1593 502 1670 dependlere,
518 1594 594 1626 ideo
617 1601 650 1627 et
672 1596 796 1636 aliquid
810 1598 917 1638 primo
940 1599 1084 1639 seipsum
1099 1609 1232 1631 movere
1255 1606 1303 1631 est
1324 1601 1386 1631 im-

307 1639 428 1681 possib·
443 1647 472 1670 e.

355 1683 405 1715 ¹V.
429 1683 586 1720 Ulterius,
617 1684 652 1715 in
683 1685 826 1717 secunda
855 1687 996 1724 ratione,
1025 1697 1090 1728 qua
1120 1688 1276 1729 probatur
1305 1689 1386 1720 nihil

309 1737 328 1759 a
342 1728 450 1769 seipso
465 1729 592 1760 moveri
607 1738 666 1769 per
687 1729 923 1768 inductionem,
940 1731 1068 1764 adverte
1093 1733 1183 1773 quod
1199 1733 1279 1765 illud
1294 1734 1386 1775 quod

308 1777 459 1804 movetur
473 1782 532 1814 per
546 1773 707 1811 accidens,
723 1780 832 1815 potest
847 1775 981 1816 quidem
996 1787 1015 1808 a
1030 1778 1138 1818 seipso
1157 1778 1268 1818 aliquo
1283 1779 1386 1810 modo

307 1817 444 1854 moveri,
459 1817 539 1848 dum
554 1818 676 1850 scilicet
691 1819 825 1860 aliquod
839 1826 952 1852 movet
966 1821 1055 1853 aliud
1070 1827 1102 1853 et
1117 1822 1158 1853 ad
1172 1823 1242 1854 eius
1257 1829 1386 1855 motum

308 1866 469 1898 movetur,
485 1862 570 1894 sicut
591 1872 669 1894 cum
684 1863 792 1895 anima
814 1871 966 1896 movetur
984 1865 1024 1897 ad
1046 1872 1176 1898 motum
1199 1868 1346 1908 corporis
1367 1878 1387 1899 a

308 1916 343 1939 se
364 1906 459 1944 moti,
487 1912 520 1938 et
546 1913 644 1938 nauta
671 1907 712 1939 ad
738 1913 868 1940 motum
890 1910 998 1941 navis:
1027 1910 1084 1942 sed
1106 1911 1213 1951 primo
1236 1921 1255 1942 a
1278 1913 1386 1953 seipso

307 1951 434 1984 moveri
459 1960 529 1983 non
551 1956 668 1992 potest.
696 1952 781 1984 Nam
803 1953 831 1983 si
854 1953 895 1984 ad
916 1959 1046 1986 motum
1073 1955 1202 1987 alterius
1224 1962 1385 1993 movetur,

307 1994 479 2028 mmifeste
510 2001 636 2027 constat
667 1996 749 2028 illud
780 2005 849 2028 non
880 1999 988 2038 primo
1018 2005 1051 2030 et
1081 2000 1263 2031 secundum
1295 2000 1386 2042 quod

308 2041 418 2082 ipsum
439 2040 575 2071 moveri.

364 2084 419 2116 VI.
445 2083 540 2116 Circa
555 2084 682 2116 tertiam
697 2085 855 2117 rationem
870 2086 911 2118 ad
926 2086 1013 2118 idem
1038 2088 1202 2120 dubitatur
1218 2099 1256 2120 ex
1273 2089 1385 2127 Scoto,

309 2129 322 2160 1
339 2129 438 2165 Sent„
455 2128 487 2160 d.
502 2139 548 2165 111,
572 2138 604 2169 q.
621 2139 653 2169 7,
669 2128 710 2160 ad
725 2139 811 2170 argg.
828 2140 887 2170 pro
909 2133 942 2162 2·
957 2133 1047 2172 opin.
1071 2133 1158 2164 Dicit
1177 2135 1264 2164 enim
1283 2134 1384 2175 quod,

308 2173 384 2205 licet
399 2173 480 2204 nihil
501 2174 604 2214 possit
619 2174 716 2205 simul
740 2183 809 2206 esse
831 2175 866 2206 in
881 2181 956 2206 actu
979 2176 1106 2208 formali
1128 2183 1161 2208 et
1182 2179 1216 2209 in
1240 2180 1385 2219 potentia

309 2217 437 2250 formali
463 2223 613 2258 respectu
637 2217 793 2255 eiusdem,
821 2225 900 2260 puta
923 2225 997 2252 actu
1021 2221 1163 2253 calidum
1185 2228 1218 2253 et
1240 2224 1386 2263 potentia

309 2261 462 2299 calidum,
489 2267 598 2303 potest
619 2267 728 2294 tamen
752 2263 874 2304 aliquid
897 2270 966 2296 esse
988 2266 1022 2296 in
1046 2271 1120 2298 actu
1146 2267 1274 2298 virtuali
1297 2273 1329 2299 et
1351 2269 1386 2299 in

308 2307 455 2348 potentia
480 2306 608 2338 formali
626 2307 733 2338 simul.
758 2308 800 2338 Et
815 2309 860 2339 sic
883 2314 971 2340 tenet
986 2319 1082 2350 posse
1106 2311 1228 2352 aliquid
1243 2312 1386 2352 seipsum

308 2352 416 2393 primo
431 2360 566 2383 movere
585 2351 664 2383 dum
681 2357 729 2383 est
751 2353 785 2383 in
800 2358 875 2385 actu
897 2355 1035 2391 virtuali,
1051 2356 1129 2396 quia
1151 2356 1272 2387 scilicet
1290 2357 1387 2388 habet

309 2397 462 2428 virtutem
491 2401 529 2427 ut
554 2397 656 2437 possit
675 2406 824 2434 movere;
855 2403 888 2429 et
912 2398 992 2430 dum
1019 2405 1067 2430 est
1088 2401 1122 2430 in
1149 2402 1295 2441 potentia
1321 2401 1387 2432 for-

309 2440 401 2478 mali,
434 2441 512 2481 quia
541 2441 664 2472 scilicet
690 2450 760 2472 non
790 2441 887 2473 habet
913 2442 1091 2475 formaliter
1120 2444 1258 2476 formam
1287 2455 1387 2486 quam

309 2495 368 2527 per
388 2490 519 2517 motum
542 2486 689 2526 acquirit,
714 2486 771 2517 sed
794 2491 902 2527 potest
924 2488 1053 2519 habere.
1077 2489 1152 2520 Hoc
1168 2495 1277 2521 autem
1293 2491 1387 2522 latius

310 2529 450 2563 declarat
472 2529 512 2566 11,
535 2529 566 2561 d.
590 2540 624 2567 11,
648 2539 680 2571 q.
701 2538 752 2567 ιο,
776 2530 818 2562 ad
841 2541 872 2562 2.

334 2594 339 2597 -
365 2573 466 2606 Addit
495 2575 592 2606 etiam
622 2574 714 2616 quod
743 2576 804 2607 ista
832 2578 1026 2616 propositio,
1053 2577 1146 2608 Nihil
1177 2579 1249 2620 agit
1280 2578 1314 2609 in
1341 2588 1386 2615 se,

309 2628 379 2650 non
395 2624 443 2650 est
457 2628 533 2650 vera
546 2619 608 2650 nisi
631 2619 672 2650 de
695 2619 805 2661 aliquo
829 2626 945 2661 agente
967 2623 1122 2653 univoco.
1145 2639 1170 2645 -
1193 2622 1294 2661 Quod
1310 2633 1387 2655 sane

310 2663 497 2696 confirmari
519 2669 628 2705 potest
650 2665 728 2705 quia
750 2664 952 2702 Aristoteles,
975 2666 1048 2697 VIII
1063 2667 1246 2708 Physicor„
1262 2673 1285 2699 t.
1301 2676 1346 2707 40
1358 2669 1385 2705 ⁹,

309 2709 367 2740 ubi
389 2709 494 2749 ipsam
516 2709 779 2750 propositionem
800 2718 860 2750 per
880 2710 1041 2742 rationem
1064 2710 1237 2743 adductam
1259 2713 1386 2752 probat,

310 2752 443 2785 deducit
465 2752 556 2794 quod
579 2753 664 2784 idem
684 2759 767 2785 esset
791 2753 935 2785 calidum
962 2760 994 2786 et
1019 2765 1086 2786 non
1117 2756 1271 2792 calidum,
1297 2757 1388 2788 simi-

311 2798 386 2829 liter
408 2802 517 2829 autem
540 2802 572 2828 et
592 2798 738 2829 aliorum
753 2799 1006 2840 unumquodque
1025 2809 1304 2842 quorumcumque
1318 2811 1387 2832 mo-

310 2851 388 2875 uens
411 2851 539 2873 necesse
561 2847 610 2873 est
630 2843 749 2873 habere
772 2843 956 2874 univocum.
984 2844 1020 2875 In
1045 2845 1163 2885 quibus
1189 2846 1293 2876 verbis
1319 2856 1388 2877 ma-

310 2886 426 2918 nifeste
457 2886 585 2918 videtur
613 2887 697 2918 velle
729 2886 820 2927 quod
851 2893 979 2919 tantum
1007 2889 1042 2919 in
1071 2890 1220 2920 univocis
1249 2890 1389 2922 intendit

310 2939 425 2963 verum
448 2941 518 2963 esse
541 2931 633 2972 quod
654 2931 735 2963 nihil
754 2937 867 2962 movet
886 2933 1030 2972 seipsum
1050 2934 1168 2973 primo,
1186 2943 1255 2965 non
1277 2940 1388 2966 autem

311 2976 346 3007 in
369 2976 568 3016 aequivocis.

367 3020 435 3051 VII.
460 3019 525 3052 Sed
540 3025 653 3051 contra
667 3020 751 3050 hanc
773 3021 1021 3060 responsionem
1037 3022 1189 3062 arguitur.
1213 3022 1256 3053 Et
1270 3023 1388 3063 primo,

312 3064 404 3105 quod
425 3065 569 3106 primum
592 3064 716 3096 dictum
738 3073 807 3095 non
830 3065 871 3095 sit
893 3064 934 3096 ad
956 3071 1102 3097 mentem
1123 3067 1316 3103 Aristotelis,
1340 3077 1389 3098 ar-

311 3110 421 3150 guitur
443 3109 499 3140 sic.
527 3109 607 3140 Vult
633 3108 822 3141 Aristoteles
845 3118 884 3140 ex
907 3109 962 3140 illa
988 3111 1214 3151 propositione
1241 3112 1388 3152 probata,

312 3154 435 3186 scilicet
449 3153 540 3195 quod
553 3153 642 3184 idem
657 3162 726 3184 non
741 3159 853 3184 movet
867 3154 1011 3194 seipsum
1031 3155 1150 3195 primo,
1165 3156 1283 3187 habere
1299 3156 1390 3197 quod

311 3208 448 3230 movens
471 3199 615 3239 seipsum
631 3197 783 3229 dividitur
805 3198 838 3228 in
863 3197 943 3229 duas
965 3205 1081 3239 partes,
1098 3209 1237 3240 quarum
1259 3210 1326 3231 una
1341 3207 1390 3232 est

312 3252 449 3277 movens
472 3248 504 3274 et
526 3243 624 3274 altera
648 3248 696 3273 est
717 3248 818 3273 mota.
846 3242 940 3274 Unde
963 3244 998 3274 in
1020 3243 1086 3275 fine
1112 3250 1218 3275 textus
1241 3255 1285 3285 40
1310 3255 1390 3276 con-

313 3287 430 3320 cluditt
452 3287 531 3319 Hoc
546 3287 652 3329 igitur
673 3291 788 3322 movet,
806 3287 889 3318 illud
911 3292 1019 3318 autem
1043 3294 1200 3324 movetur,
1218 3290 1288 3320 eius
1302 3290 1390 3330 quod

311 3332 450 3373 seipsum
473 3337 589 3363 movet.
613 3331 677 3363 Sed
699 3333 726 3362 si
747 3332 929 3372 propositio
953 3338 1127 3374 assumpta,
1154 3334 1276 3365 scilicet
1298 3334 1390 3374 quod

312 3376 400 3408 idem
414 3386 484 3408 non
506 3382 614 3418 potest
629 3377 726 3409 simul
749 3386 818 3407 esse
831 3377 866 3408 in
888 3382 963 3408 actu
986 3383 1019 3408 et
1039 3377 1075 3408 in
1097 3378 1253 3418 potentia,
1272 3379 1389 3410 intelli-

313 3427 440 3462 geretur
467 3427 594 3453 tantum
617 3421 658 3452 de
680 3426 756 3452 actu
783 3427 815 3452 et
842 3421 988 3462 potentia
1015 3421 1154 3459 formali,
1182 3432 1252 3453 non
1280 3429 1390 3454 autem

313 3466 355 3497 de
377 3472 452 3497 actu
477 3466 606 3497 virtuali
628 3471 660 3497 et
682 3466 829 3506 potentia
855 3465 992 3502 formali,
1019 3476 1088 3497 non
1111 3467 1302 3507 probaretur
1324 3468 1389 3498 hoc

313 3511 485 3542 intentum.
509 3511 678 3542 Diceretur
696 3511 784 3541 enim
808 3510 899 3551 quod
921 3520 1057 3542 movens
1080 3512 1223 3551 seipsum
1245 3512 1390 3543 localiter

313 3565 382 3586 non
405 3561 453 3586 est
474 3555 509 3586 in
531 3560 607 3586 actu
633 3554 772 3592 formali,
799 3554 856 3586 sed
878 3555 913 3586 in
936 3560 1011 3586 actu
1037 3556 1164 3587 virtuali
1187 3561 1220 3587 et
1242 3558 1389 3596 potentia

314 3599 460 3636 formali;
478 3605 516 3630 et
530 3600 576 3631 sic
597 3608 667 3630 non
683 3605 813 3640 oportet
835 3599 926 3640 quod
948 3599 1107 3631 dividatur
1120 3601 1154 3631 in
1171 3600 1250 3631 duas
1273 3605 1389 3641 partes,

314 3645 391 3683 quia
406 3653 475 3675 esse
490 3644 524 3675 in
540 3649 614 3674 actu
629 3644 755 3674 virtuali
779 3650 811 3675 et
833 3645 979 3684 potentia
997 3644 1124 3676 formali
1149 3645 1254 3676 eidem
1271 3655 1390 3677 conve·-

1435 354 1503 383 nire
1519 353 1615 383 simul
1630 359 1780 393 possunt;
1798 359 1830 384 et
1843 364 1902 394 per
1917 363 2120 395 consequens
2135 355 2221 386 idem
2237 361 2345 396 potest
2360 357 2501 397 seipsum

1435 406 1566 428 movere
1588 398 1705 437 primo.
1729 398 1825 438 Ergo.

1491 441 1667 477 Praeterea,
1684 441 1798 472 dicitur
1814 442 1935 482 aliquid
1956 452 2024 473 esse
2044 444 2223 475 secundum
2242 450 2390 475 naturam
2409 455 2501 476 suam

1436 484 1470 514 in
1494 490 1568 515 actu
1590 485 1717 515 virtuali
1732 486 1866 516 alicuius
1889 486 2022 523 formae,
2039 488 2115 527 quia
2137 489 2232 519 habet
2254 490 2404 520 virtutem
2425 500 2501 530 pro·

1437 527 1577 559 ducendi
1599 528 1687 559 illam
1710 528 1858 560 formam.
1887 530 1950 560 Sed
1972 531 2062 570 quod
2084 532 2179 562 habet
2201 533 2350 564 virtutem
2380 535 2501 574 produ-

1437 571 1531 602 cendi
1557 571 1696 603 formam
1723 573 1865 613 aliquam
1887 575 1921 604 in
1944 576 2061 615 seipso,
2088 585 2156 606 non
2183 582 2289 616 potest
2316 587 2421 609 carere
2448 579 2502 610 illa

1437 615 1551 646 forma.
1575 616 1662 656 Ergo
1678 626 1746 647 non
1769 623 1876 657 potest
1891 619 1987 649 simul
2010 619 2131 659 aliquid
2146 629 2213 650 esse
2236 621 2270 650 in
2289 627 2361 652 actu
2376 623 2502 654 virtuali

1438 666 1469 690 et
1483 661 1518 690 in
1533 661 1678 700 potentia
1693 660 1820 692 formali
1836 662 1875 692 ad
1889 662 1977 693 illam
1996 662 2143 694 formam.
2166 681 2190 686 -
2212 664 2366 696 Probatur
2385 668 2501 698 minor.

1437 704 1533 742 Quia,
1561 705 1666 744 posita
1693 715 1788 736 causa
1811 707 1947 737 naturali
1975 706 2154 743 sufficienti,
2183 709 2314 747 ponitur
2337 711 2405 741 eius
2428 711 2503 742 effe-

1437 754 1508 779 ctus
1530 749 1564 779 in
1587 758 1631 780 re.

1494 802 1524 823 2.
1548 793 1649 831 Quod
1669 800 1778 824 autem
1801 794 1980 825 secundum
2003 795 2125 826 dictum
2147 805 2215 827 non
2237 797 2276 827 sit
2291 806 2412 835 verum,
2429 809 2503 839 pro—

1436 837 1538 868 batur.
1556 837 1598 868 Et
1613 838 1731 878 primo,
1748 839 1839 879 quod
1853 848 1921 870 non
1938 840 1977 870 sit
1992 839 2032 870 ad
2047 845 2191 870 mentem
2206 841 2394 872 Aristotelis.
2418 843 2503 874 Cum

1438 881 1526 912 enim
1548 882 1766 923 Philosophus
1782 893 1820 914 ex
1836 884 1900 914 hoc
1924 883 2013 924 quod
2030 894 2099 915 non
2123 890 2170 915 est
2187 894 2355 925 processus
2377 887 2411 916 in
2434 887 2504 917 infi-

1437 927 1542 957 nitum
1571 926 1702 958 deducit
1729 927 1820 968 quod
1843 934 1972 968 oportet
1999 928 2149 959 devenire
2172 929 2212 960 ad
2234 939 2337 960 unum
2364 931 2505 970 primum

1437 979 1574 1001 movens
1597 972 1751 1011 seipsum,
1775 977 1807 1003 et
1830 973 1921 1013 quod
1944 979 2072 1013 oportet
2089 973 2180 1013 quod
2202 983 2266 1004 una
2281 983 2352 1014 pars
2376 975 2444 1005 eius
2467 977 2507 1006 sit

1438 1024 1574 1046 movens
1591 1021 1622 1046 et
1637 1016 1699 1047 alia
1718 1022 1809 1047 mota
1824 1026 1865 1048 eo
1881 1017 1972 1057 quod
1994 1017 2074 1048 nihil
2096 1023 2207 1048 movet
2226 1019 2367 1058 seipsum
2388 1021 2507 1060 primo,

1439 1065 1494 1090 aut
1516 1060 1611 1100 ponit
1633 1061 1759 1092 caelum
1781 1070 1917 1092 movens
1940 1067 2095 1102 tanquam
2114 1071 2210 1102 agens
2233 1063 2428 1100 univocum;
2451 1070 2506 1095 aut

1438 1109 1593 1144 tanquam
1620 1114 1718 1145 agens
1741 1106 1968 1146 aequivocum.
1995 1107 2071 1138 Non
2094 1112 2248 1147 tanquam
2272 1117 2370 1147 agens
2392 1109 2506 1140 univo-

1439 1154 1534 1180 cum:
1558 1154 1630 1179 tum
1653 1150 1730 1190 quia
1755 1150 1944 1182 Aristoteles
1967 1152 2060 1191 ponit
2082 1151 2115 1182 id
2145 1151 2324 1183 secundum
2347 1152 2437 1192 quod
2460 1159 2506 1184 est

1438 1202 1585 1230 movens,
1617 1203 1686 1225 esse
1713 1195 1890 1231 immobile,
1919 1201 1950 1226 et
1976 1205 2034 1236 per
2064 1205 2268 1236 consequens
2295 1197 2430 1233 caelum,
2458 1198 2506 1228 in-

1439 1243 1599 1278 quantum
1627 1248 1661 1270 se
1687 1248 1835 1276 movens,
1862 1250 1930 1271 non
1957 1246 2068 1271 movet
2094 1250 2128 1271 se
2154 1251 2212 1281 per
2241 1246 2380 1277 motum,
2406 1247 2442 1272 ut
2467 1243 2507 1273 sit

1439 1292 1575 1314 movens
1606 1284 1804 1321 univocum;
1831 1290 1901 1315 tum
1933 1285 2008 1325 quia
2037 1294 2173 1316 movens
2204 1295 2237 1316 se
2266 1285 2410 1316 localiter
2438 1296 2506 1317 non

1440 1333 1550 1358 causat
1579 1328 1614 1358 in
1644 1329 1751 1369 seipso
1774 1334 1903 1360 motum
1930 1339 1987 1369 per
2009 1335 2137 1360 motum
2167 1330 2304 1361 localem
2335 1331 2370 1360 in
2399 1332 2505 1371 seipso

1440 1373 1640 1409 existentem,
1657 1374 1749 1414 quasi
1775 1379 1885 1405 motus
1904 1374 2014 1404 localis
2037 1375 2078 1405 sit
2099 1374 2203 1405 forma
2225 1385 2282 1415 per
2304 1384 2402 1415 quam
2425 1382 2506 1416 agat.

1439 1417 1526 1457 Ergo
1549 1423 1661 1448 movet
1683 1427 1718 1448 se
1740 1423 1896 1458 tanquam
1919 1428 2055 1449 movens
2077 1420 2304 1459 aequivocum.
2323 1420 2409 1459 Ergo
2431 1430 2507 1460 pro-

1439 1462 1559 1502 positio
1590 1468 1754 1503 assumpta
1777 1473 1845 1494 non
1869 1469 1916 1494 est
1938 1473 2012 1494 vera
2035 1469 2161 1494 tantum
2184 1465 2218 1494 in
2241 1465 2406 1504 agentibus
2435 1466 2507 1495 uni-

1440 1507 1540 1543 vocis,
1572 1506 1629 1537 sed
1663 1508 1759 1538 etiam
1789 1508 1824 1538 in
1854 1508 2051 1548 aequivocis,
2079 1508 2259 1539 secundum
2292 1509 2507 1546 Aristotelem,

1440 1556 1571 1591 oportet
1593 1556 1630 1582 ut
1651 1561 1788 1583 movens
1811 1562 1845 1582 se
1869 1552 2028 1583 dividatur
2053 1553 2086 1583 in
2117 1559 2241 1593 partem
2267 1559 2453 1584 moventem
2476 1560 2508 1585 et

1440 1601 1564 1636 partem
1586 1601 1723 1627 motam.

1495 1639 1659 1672 Secundo.
1683 1641 1792 1681 Agens
1815 1642 2032 1682 aequivocum
2055 1641 2171 1672 dicitur
2194 1642 2247 1672 cui
2270 1647 2338 1672 non
2358 1643 2509 1673 convenit

1440 1685 1557 1716 habere
1580 1686 1615 1716 in
1638 1695 1672 1716 se
1695 1685 1834 1716 formam
1858 1687 1908 1717 sui
1932 1685 2074 1723 effectus,
2094 1686 2151 1717 sed
2173 1686 2295 1726 aliquid
2315 1688 2508 1718 eminentius

1440 1730 1475 1761 in
1502 1739 1570 1770 quo
1599 1730 1654 1760 illa
1681 1729 1785 1761 forma
1813 1731 2006 1762 continetur.
2031 1730 2094 1762 Sed
2117 1731 2143 1761 si
2166 1731 2287 1771 aliquid
2315 1732 2452 1763 existens
2474 1733 2508 1763 in

1440 1780 1515 1806 actu
1538 1774 1665 1806 virtuali
1688 1780 1771 1805 esset
1793 1775 1889 1806 simul
1912 1774 2092 1806 secundum
2115 1775 2202 1806 idem
2224 1776 2259 1806 in
2281 1777 2425 1815 potentia
2444 1776 2509 1807 for-

1440 1819 1527 1856 mali,
1539 1819 1671 1850 haberet
1682 1819 1715 1850 in
1731 1828 1766 1850 se
1781 1819 1956 1859 aliquando
1973 1819 2147 1851 formaliter
2162 1820 2250 1851 illam
2267 1819 2404 1851 formam
2417 1822 2510 1851 cuius

1441 1869 1524 1895 esset
1551 1873 1661 1895 causa:
1690 1873 1767 1895 cum
1789 1864 1911 1895 seilicet
1939 1870 2021 1895 esset
2047 1864 2218 1895 reductum
2241 1864 2282 1895 de
2304 1866 2450 1905 potentia
2468 1865 2507 1896 ad

1441 1914 1559 1939 actum.
1584 1908 1671 1948 Ergo
1695 1908 1758 1939 tale
1780 1918 1849 1939 non
1872 1914 1955 1940 esset
1978 1918 2074 1949 agens
2097 1909 2323 1950 aequivocum.

1495 1953 1619 1988 Tertio,
1635 1953 1716 1984 ratio
1740 1962 1839 1994 quare
1862 1959 2020 1994 repugnat
2043 1953 2133 1994 quod
2151 1953 2272 1994 aliquid
2295 1955 2334 1984 sit
2356 1955 2452 1985 simul
2474 1955 2507 1985 in

1440 2002 1515 2028 actu
1542 1996 1669 2028 formali
1693 2002 1725 2028 et
1751 1998 1785 2028 in
1808 1998 1952 2038 potentia
1979 1997 2117 2034 formali,
2143 2003 2191 2028 est
2214 1999 2290 2038 quia
2311 1999 2392 2029 ratio
2419 2005 2508 2030 actus

1441 2047 1472 2072 et
1494 2042 1575 2072 ratio
1598 2042 1762 2081 potentiae
1778 2042 1921 2082 passivae
1944 2048 2019 2073 sunt
2035 2043 2214 2082 oppositae,
2239 2052 2279 2073 eo
2303 2043 2393 2083 quod
2413 2044 2508 2074 unius

1440 2086 1520 2116 ratio
1537 2086 1690 2116 consistat
1705 2087 1739 2117 in
1754 2085 1963 2126 perfectione,
1978 2086 2107 2117 alterius
2122 2096 2198 2117 vero
2214 2087 2247 2117 in
2263 2087 2507 2127 imperfectione

1440 2136 1472 2161 et
1494 2131 1685 2171 privatione.
1709 2130 1774 2162 Sed
1795 2140 1863 2161 non
1887 2131 2021 2162 minoris
2037 2131 2244 2171 perfectionis
2267 2138 2314 2162 est
2337 2138 2426 2162 actus
2445 2133 2508 2163 vir-

1440 2175 1534 2206 tualis
1557 2184 1657 2215 quam
1679 2180 1769 2206 actus
1793 2175 1951 2206 formalis:
1976 2176 2077 2206 irmno
2093 2176 2352 2206 excellentiorem
2371 2177 2507 2207 modum

1440 2220 1546 2250 habet.
1574 2219 1672 2260 Ergo,
1697 2220 1723 2250 si
1745 2225 1904 2259 repugnat
1930 2219 2020 2260 quod
2043 2220 2164 2260 aliquid
2191 2221 2230 2250 sit
2256 2221 2350 2251 simul
2378 2221 2410 2251 in
2435 2227 2509 2252 actu

1441 2263 1568 2295 formali
1591 2269 1623 2294 et
1644 2264 1678 2294 in
1701 2265 1845 2304 potentia
1861 2263 1998 2300 formali,
2014 2265 2048 2294 in
2068 2264 2106 2295 iis
2129 2264 2249 2294 scilicet
2265 2273 2347 2304 quae
2371 2266 2511 2296 univoce

1441 2308 1602 2344 dicuntur,
1619 2308 1724 2339 multo
1740 2309 1842 2348 magis
1857 2309 2048 2348 repugnabit
2067 2308 2158 2349 quod
2173 2308 2295 2349 aliquid
2310 2309 2349 2340 sit
2365 2310 2459 2340 simul
2475 2311 2510 2340 in

1441 2359 1516 2384 actu
1539 2353 1665 2383 virtuali
1681 2358 1713 2383 et
1728 2353 1762 2383 in
1778 2353 1923 2393 potentia
1947 2352 2083 2389 formali,
2098 2353 2131 2383 in
2147 2354 2332 2393 aequivocis
2352 2354 2511 2385 videlicet.

1497 2397 1549 2428 Ad
1572 2398 1796 2428 auctoritatem
1819 2403 1927 2428 autem
1951 2397 2141 2434 Aristotelis,
2166 2398 2284 2428 omissa
2308 2399 2510 2438 expositione

1442 2441 1718 2473 Commentatoris
1733 2442 1863 2478 ibidem,
1881 2442 1996 2473 dicitur
2017 2441 2107 2482 quod
2122 2442 2309 2473 Aristoteles
2329 2442 2404 2473 facit
2419 2453 2510 2474 men-

1441 2487 1566 2518 tionem
1587 2486 1628 2517 de
1650 2487 1798 2517 univocis
1814 2487 1890 2526 quia
1911 2487 1945 2517 in
1966 2487 2004 2517 iis
2027 2487 2121 2517 nobis
2139 2486 2346 2517 manifestum
2362 2494 2408 2518 est
2423 2488 2512 2518 idem.

1442 2541 1511 2562 non
1540 2540 1636 2571 posse
1667 2540 1735 2561 esse
1762 2531 1796 2562 in
1824 2536 1898 2562 actu
1926 2537 1957 2562 et
1979 2531 2012 2561 in
2044 2531 2205 2571 potentia;
2235 2531 2420 2572 relinquens
2449 2541 2513 2572 pro

1442 2574 1613 2607 manifesto
1644 2575 1744 2616 quod,
1769 2576 1795 2606 si
1818 2576 1851 2606 in
1878 2575 1940 2606 illis
1967 2575 2046 2606 illud
2068 2585 2136 2606 non
2164 2581 2270 2616 potest
2298 2585 2376 2612 esse,
2405 2577 2512 2607 multo

1442 2621 1550 2651 minus
1566 2621 1685 2660 poterit
1700 2629 1769 2651 esse
1784 2621 1817 2651 in
1834 2620 2030 2660 aequivocis,
2051 2621 2084 2650 in
2108 2621 2226 2660 quibus
2241 2626 2330 2651 actus
2346 2626 2393 2651 est
2407 2621 2512 2651 modo

1443 2665 1657 2696 eminentiori.

1497 2709 1581 2740 VIII.
1605 2709 1668 2741 Sed
1694 2714 1838 2740 remanet
1861 2708 1997 2740 dubium
2021 2709 2104 2739 circa
2126 2709 2190 2739 hoc
2214 2718 2252 2739 ex
2275 2709 2378 2739 verbis
2402 2709 2510 2740 Sancti

1442 2754 1592 2786 Thomae
1608 2754 1645 2790 1³„
1670 2763 1701 2794 q.
1717 2763 1831 2789 nxxvn,
1855 2763 1883 2783 a.
1905 2753 1936 2784 6.
1961 2753 2008 2783 Ibi
2031 2753 2117 2783 enim
2140 2753 2184 2783 ait
2206 2753 2296 2793 quod
2322 2753 2507 2789 subiectum,

1443 2799 1634 2840 inquantum
1657 2803 1706 2829 est
1727 2798 1760 2828 in
1778 2798 1938 2838 potentia,
1962 2802 2009 2828 est
2029 2797 2240 2837 susceptivum
2263 2798 2394 2837 proprii
2425 2799 2508 2829 acci-

1442 2844 1557 2879 dentis,
1582 2844 1773 2884 inquantum
1797 2848 1904 2873 autem
1928 2847 1975 2873 est
1997 2847 2081 2878 actu,
2106 2847 2153 2872 est
2175 2842 2244 2872 eius
2261 2841 2510 2882 productivum:

1443 2898 1482 2919 ex
1512 2897 1580 2928 quo
1612 2887 1779 2918 concludit
1807 2886 1897 2927 quod
1923 2896 1992 2917 non
2016 2892 2063 2917 est
2089 2887 2322 2917 inconveniens
2348 2888 2510 2926 potentias

1443 2934 1569 2964 animae
1599 2931 1700 2964 fluere
1730 2932 1769 2962 ab
1800 2931 1936 2962 essentia
1965 2931 2090 2961 animae
2118 2931 2200 2961 sicut
2230 2941 2248 2960 a
2276 2931 2446 2971 principio,
2477 2937 2510 2962 et

1442 2982 1552 3009 tamen
1567 2977 1691 3017 aliquas
1714 2986 1824 3007 earum
1840 2985 1909 3007 esse
1932 2976 1965 3006 in
1989 2976 2096 3006 anima
2113 2975 2182 3006 sola
2204 2976 2286 3006 sicut
2300 2976 2333 3005 in
2354 2976 2508 3006 subiecto.

1443 3022 1492 3053 Ex
1517 3022 1557 3052 iis
1580 3022 1668 3052 enim
1691 3021 1833 3061 arguitur
1855 3021 1911 3051 sic.
1939 3020 2058 3050 Anima
2086 3025 2133 3050 est
2155 3021 2189 3050 in
2212 3025 2285 3050 actu
2313 3020 2437 3050 virtuali
2460 3029 2509 3050 re—

1443 3072 1556 3107 spectu
1573 3075 1704 3096 suarum
1719 3066 1949 3105 potentiarum,
1965 3070 1997 3095 et
2011 3065 2046 3094 in
2061 3065 2206 3104 potentia
2221 3063 2347 3094 formali
2362 3070 2508 3104 respectu

1444 3110 1636 3142 earundem:
1661 3119 1738 3140 cum
1766 3110 1806 3140 sit
1829 3109 2020 3150 productiva
2047 3118 2158 3139 earum
2185 3109 2378 3148 inquantum
2406 3114 2453 3138 est
2474 3109 2508 3139 in

1443 3161 1528 3191 actu,
1545 3155 1726 3195 susceptiva
1749 3159 1859 3184 autem
1881 3154 2075 3193 inquantum
2102 3159 2150 3183 est
2171 3153 2206 3182 in
2228 3153 2382 3192 potentia.
2410 3153 2508 3192 Ergo.

1498 3199 1726 3239 Respondetur
1742 3198 1832 3238 quod
1849 3208 1887 3229 ex
1902 3198 2006 3228 verbis
2018 3197 2125 3228 Sancti
2137 3197 2284 3227 Thomae
2295 3206 2363 3226 non
2374 3197 2509 3227 habetur

1444 3244 1536 3285 quod
1558 3245 1665 3275 anima
1680 3244 1720 3274 sit
1735 3243 1769 3274 in
1790 3248 1863 3273 actu
1882 3242 2008 3273 virtuali
2025 3247 2056 3272 et
2070 3242 2103 3271 in
2127 3241 2271 3281 potentia
2287 3240 2427 3271 formali:
2452 3241 2508 3271 sed

1444 3289 1552 3320 solum
1576 3287 1666 3329 quod
1689 3288 1785 3318 habet
1800 3287 1922 3327 aliquid
1941 3286 2128 3317 actualitatis
2152 3291 2183 3316 et
2206 3284 2327 3325 aliquid
2349 3286 2508 3324 potentia-

1443 3334 1550 3370 litatis,
1569 3331 1749 3363 secundum
1770 3341 1912 3372 quorum
1927 3341 2031 3362 unum
2054 3330 2212 3370 producit,
2229 3329 2408 3360 secundum
2432 3330 2508 3360 alte-

1443 3388 1517 3409 rum
1531 3387 1609 3408 vero
1626 3382 1673 3408 est
1689 3377 1870 3407 subiectum
1886 3376 2114 3416 potentiarum.
2131 3374 2214 3404 Nam
2231 3383 2299 3404 esse
2314 3374 2347 3404 in
2363 3375 2509 3414 potentia

1445 3422 1572 3453 formali
1589 3427 1636 3452 est
1650 3431 1719 3452 non
1738 3421 1856 3452 habere
1878 3420 2017 3450 formam
2040 3424 2071 3449 et
2093 3428 2188 3459 posse
2212 3418 2328 3448 habere
2350 3418 2452 3454 illam;
2477 3424 2509 3449 et

1444 3468 1490 3498 sic
1517 3476 1585 3498 esse
1608 3467 1642 3497 in
1666 3471 1739 3496 actu
1766 3465 1891 3495 virtuali
1915 3470 1947 3495 et
1968 3465 2002 3494 in
2025 3463 2168 3503 potentia
2193 3461 2320 3493 formali
2343 3468 2391 3492 est
2413 3472 2508 3503 posse

1444 3513 1478 3542 in
1494 3521 1528 3542 se
1543 3521 1602 3551 per
1617 3511 1778 3541 actionem
1799 3509 1938 3540 mediam
1962 3514 1993 3538 et
2015 3507 2314 3538 transmutationem
2329 3506 2508 3546 producere

1445 3562 1477 3587 et
1499 3556 1642 3596 recipere
1671 3554 1810 3585 formam
1840 3563 1923 3593 quae
1946 3561 2014 3583 non
2037 3552 2181 3582 habetur.
2211 3551 2285 3582 Hoc
2309 3557 2417 3582 autern
2440 3561 2507 3582 non

1444 3602 1606 3631 invenitur
1628 3601 1662 3630 in
1686 3599 1792 3629 anima
1814 3603 1962 3638 respectu
1985 3597 2219 3636 potentiarum:
2245 3596 2320 3635 quia
2339 3605 2508 3636 nunquam

1445 3646 1551 3675 anima
1567 3650 1651 3675 caret
1667 3644 1732 3674 suis
1755 3643 1916 3683 potentiis,
1934 3642 2118 3681 praesertim
2141 3641 2179 3670 iis
2199 3650 2282 3680 quae
2298 3646 2373 3671 sunt
2391 3641 2424 3670 in
2441 3641 2509 3671 sola
