2716 4302
4 599 27 620 25
37 600 48 612 v
60 593 72 613 h
83 598 133 617 4o.-
143 596 215 617 1⁸24?-

2 903 75 923 26ra
93 908 110 922 ι.

0 2581 28 2603 26
65 2582 77 2602 t·
91 2588 97 2603 t
111 2585 211 2608 -pxr'sn

246 145 317 184 36*

246 231 321 271 quia
349 229 480 260 effectus
508 226 650 258 tristitiae
682 230 738 260 est,
769 222 824 253 sed
849 222 945 252 etiam
975 220 1051 259 quia
1075 223 1121 249 est
1149 216 1310 257 appetitus

220 272 402 312 vvindictae
434 283 565 319 propter
595 275 753 306 tristitiam
784 283 820 304 ex
852 272 967 302 iniuria
997 271 1081 300 illata
1110 272 1313 307 conceptam.

245 334 263 371 §
278 333 409 362 Rursus.
435 329 671 366 Quaecumque
690 349 695 355 .
712 349 718 355 .
735 348 741 354 .
760 323 983 354 excluduntur.

294 442 373 480 Cap.
394 439 462 471 xC.
488 439 584 476 Quon
610 448 638 467 m
664 437 735 466 Duo
761 446 805 465 srr
831 442 1023 464 DELEuTATlo
1049 442 1086 461 ΕΤ
1111 439 1263 465 (ΞΑυιηυΜ,
1339 435 1347 454 5

393 500 455 520 NON
480 499 583 518 'mum
610 497 772 517 REPUGNAT
798 495 922 515 ntvux'AE
947 491 1163 513 PERFEC'HONI.

288 585 402 624 §Sunt
428 588 534 612 autem
561 580 718 620 quaedam
745 579 909 618 passiones
934 586 1028 617 quae,
1053 576 1127 606 licet
1152 575 1223 605 Deo
1248 582 1315 603 non

245 627 438 665 conveniant
462 632 641 663 secundum
663 630 752 671 quod
777 630 953 670 passiones,
970 628 1048 659 nihil
1074 634 1181 658 tamen
1207 636 1243 656 ex
1269 634 1316 655 ra-

243 688 332 716 tione
356 689 398 714 sui
415 688 522 721 generis
543 688 576 711 im
603 692 677 712 suae
703 682 819 721 speciei
853 682 1028 720 important
1059 687 1242 718 repugnans
1270 676 1316 707 di-
1334 692 1358 705 ω

243 739 335 768 vinae
353 735 552 776 perfectioni.
571 734 694 764 Harum
713 739 819 763 autern
838 738 884 763 est
908 731 1061 771 gaudium
1084 736 1115 760 et
1135 728 1317 759 delectatio,

245 789 301 818 Est
325 789 410 818 enim
436 786 590 826 gaudium
617 785 791 824 praesentis
815 784 903 813 boni.
929 783 1044 822 Neque
1068 781 1164 821 igitur
1192 780 1316 810 ratione

244 845 292 869 bon
315 839 443 873 obiecti,
470 838 559 877 quod
578 844 623 867 est
649 837 785 873 bonum,
810 844 917 874 neque
943 834 1066 864 ratione
1089 831 1177 862 modi
1204 841 1237 861 se
1261 831 1317 860 ha-

243 890 339 920 bendi
372 890 410 919 ad
443 890 617 924 obiectum,
644 887 733 927 quod
765 892 811 916 est
842 892 915 915 actu
941 884 1129 919 thabitam,
1160 882 1315 922 gaudium

243 940 422 971 secundum
451 949 527 969 suae
559 939 676 978 speciei
710 938 866 967 rationem
896 935 1023 965 divinae
1051 933 1242 974 perfectioni
1269 942 1317 963 re—

243 998 374 1032 pugnat.
400 994 419 1025 ,φ’
438 994 570 1019 Similiter
595 996 683 1018 autem
708 995 734 1017 et
762 998 840 1016 amor
859 988 876 1025 ξ
893 987 939 1016 Ex
968 986 1031 1016 hoc
1059 991 1167 1015 autem
1191 1008 1198 1014 .
1214 1008 1220 1014 .
1236 1008 1243 1014 .
1269 994 1317 1014 se—

244 1043 386 1073 cuudum
412 1042 685 1071 aestimationem:
712 1039 769 1069 nisi
795 1038 885 1078 quod
910 1038 1077 1068 obiectum
1100 1040 1250 1064 intellectus
1270 1035 1318 1065 in-

243 1093 394 1123 tellectivi
426 1092 586 1131 appetitus
618 1097 664 1120 est
697 1089 905 1120 communius
933 1097 1031 1128 quam
1057 1087 1209 1122 sensitivi,
1242 1087 1318 1126 quia

242 1143 455 1173 intellectivus
479 1142 640 1182 appetitus
659 1148 699 1169 est
718 1140 846 1180 respicit
870 1140 996 1170 bonum
1021 1138 1070 1168 vel
1095 1137 1217 1168 malum
1242 1137 1318 1167 sim-

242 1196 376 1235 pliciter,
411 1195 572 1233 appetitus
606 1199 713 1223 autem
749 1192 919 1222 sensitivus
951 1192 1076 1220 bonum
1110 1189 1160 1219 vel
1194 1189 1360 1219 malumm

242 1245 421 1275 secundum
451 1253 592 1274 sensum.
618 1244 707 1274 Sicut
733 1244 827 1272 etiam
843 1266 850 1272 .
865 1242 1116 1282 ..operationes
1143 1240 1316 1280 simplices.

242 1296 331 1326 Sicut
357 1296 442 1325 enim
477 1304 532 1334 per
561 1295 744 1334 passionem
773 1294 908 1331 timoris,
935 1302 1018 1333 quae
1043 1298 1089 1322 est
1113 1292 1145 1322 in
1171 1291 1317 1332 appetitu

242 1346 404 1382 senshivo,
434 1345 550 1385 refugit
579 1346 650 1384 quis
675 1345 796 1374 malum
822 1343 979 1380 futurum,
1004 1343 1046 1373 ita
1070 1343 1138 1372 sine
1167 1342 1318 1382 passione

243 1402 391 1426 intellectus
410 1396 624 1427 intellectivus
641 1396 804 1435 appetitus
820 1394 907 1424 idem
931 1400 1093 1435 operatur.
1112 1393 1198 1424 Cum
1222 1392 1319 1432 igitur

242 1447 396 1488 gaudium
414 1453 444 1477 et
461 1447 633 1477 delectatio
651 1446 722 1476 Deo
739 1455 805 1476 non
827 1451 1009 1486 repugnent
1027 1444 1208 1475 secundum
1226 1452 1318 1474 suam

243 1500 396 1540 speciem,
414 1499 469 1529 sed
493 1498 598 1528 solum
624 1499 819 1537 inquantum
845 1498 1012 1537 passiones
1036 1502 1120 1533 sunt,
1146 1496 1177 1525 in
1197 1499 1318 1542 appetitu

243 1553 408 1581 voluntate
432 1557 539 1581 autem
569 1556 643 1580 sunt
671 1549 851 1580 secundum
880 1558 971 1580 suam
1000 1549 1143 1589 speciem
1171 1557 1238 1578 non
1263 1556 1319 1578 au-

243 1610 307 1633 tem
333 1609 368 1632 ut
392 1603 568 1642 passiones,
586 1602 779 1641 relinquitur
796 1600 887 1641 quod
903 1601 999 1631 etiam
1016 1599 1143 1630 divinae
1161 1599 1319 1630 voluntati

243 1664 310 1684 non
336 1654 462 1684 desunt.
487 1655 505 1692 ἓ
522 1654 611 1684 ltem.
633 1652 798 1683 Gaudium
825 1659 855 1683 et
879 1652 1051 1683 delectatio
1066 1675 1074 1682 .
1089 1675 1095 1682 .
1110 1675 1117 1682 .
1132 1651 1319 1682 delectatur.

244 1707 261 1744 ἓ
283 1706 458 1735 Praeterea.
492 1705 671 1734 Delectatio
690 1727 696 1733 .
713 1727 741 1733 ..
761 1703 1088 1734 delectabilissi'mum.
1117 1704 1136 1742 ξ
1158 1702 1319 1743 Amplius».

246 1761 276 1784 Si
296 1756 566 1796 Unumquodque
583 1756 768 1786 naturaliter
791 1756 822 1785 in
849 1765 910 1786 suo
934 1755 1030 1785 simili
1045 1754 1164 1794 gaudet
1178 1778 1184 1784 .
1200 1777 1208 1784 .
1223 1778 1230 1784 .
1244 1754 1321 1785 alte-

245 1808 320 1838 rius.
339 1807 446 1838 Omne
471 1813 579 1837 autem
605 1807 730 1837 bonum
748 1814 794 1836 est
811 1807 938 1836 divinae
962 1806 1114 1836 bonitatis
1130 1805 1320 1841 similitudo,

245 1865 279 1889 ut
305 1870 341 1889 ex
367 1869 462 1899 supra
491 1859 582 1889 dictis
607 1865 704 1899 patet,
727 1863 842 1889 Gaudet.
863 1869 923 1888 uec
948 1868 985 1888 ex
1011 1858 1121 1897 aliquo
1146 1858 1236 1887 bono
1261 1857 1320 1886 sibi

244 1910 365 1949 aliquid
391 1910 523 1949 deperit.
556 1910 762 1949 Relinquitur
794 1910 890 1949 igitur
923 1909 1013 1949 quod
1046 1909 1134 1940 Deus
1161 1909 1201 1939 de
1229 1909 1319 1939 omni

243 1961 331 1990 bono
348 1961 477 2000 gaudet.
496 1960 551 1990 Est
568 1961 665 2000 igitur
677 1961 709 1990 in
723 1970 763 1990 eo
776 1961 906 2000 proprie
923 1960 1079 1999 gaudium
1093 1965 1124 1990 et
1136 1959 1319 1991 delectatio.

241 2013 260 2050 ἓ
276 2011 436 2042 Differunt
460 2018 568 2042 autem
592 2011 747 2051 gaudium
765 2018 796 2042 et
814 2011 985 2042 delectatio
1008 2012 1143 2041 ratione.
1165 2011 1247 2042 Nam
1265 2012 1321 2043 de-

241 2062 370 2093 lectatio
395 2063 544 2102 provenit
569 2071 606 2092 ex
631 2063 720 2092 bono
746 2063 870 2092 realiter
894 2063 1072 2094 coniuncto
1093 2067 1228 2096 delectato.
1250 2067 1320 2099 (sed)

240 2113 395 2153 gaudium
413 2112 550 2154 (autem)
575 2114 638 2143 hoc
656 2122 722 2143 non
740 2114 884 2153 requirit,
910 2114 965 2144 sed
989 2114 1058 2144 sola
1079 2115 1237 2155 quietatio
1263 2124 1320 2145 vo-

241 2165 372 2194 luntatis
397 2165 429 2194 in
449 2168 506 2200 ipso
527 2164 627 2194 volito
645 2163 762 2194 sufficit
779 2163 818 2194 ad
839 2164 947 2204 gaudii
964 2165 1134 2196 rationem.
1153 2165 1248 2196 Unde
1264 2165 1319 2196 de-

240 2217 368 2247 lectatio
395 2222 442 2246 est
465 2216 572 2246 solum
598 2215 637 2246 de
661 2220 775 2245 interiori
797 2215 1003 2258 (coniuncto)
1021 2218 1120 2254 bono,
1139 2218 1162 2248 si
1188 2218 1319 2259 proprie

239 2274 393 2304 sumatur,
425 2267 580 2307 gaudium
612 2273 720 2298 autem
745 2275 771 2296 et
785 2273 819 2297 de
838 2273 964 2298 interiori
982 2274 1059 2298 etiam
1092 2269 1131 2300 de
1159 2271 1318 2301 exteriori.

240 2319 286 2349 Ex
305 2328 371 2359 quo
390 2324 477 2358 patet
493 2318 583 2358 quod
597 2319 685 2349 Deus
698 2319 857 2361 (proprie)
874 2321 906 2350 in
920 2321 1028 2361 seipso
1042 2320 1228 2357 delectatur,
1242 2330 1320 2362 gau·

241 2370 294 2401 det
318 2377 425 2401 autem
452 2376 482 2401 et
507 2371 539 2400 in
560 2380 592 2400 se
618 2377 648 2401 et
672 2372 704 2401 in
730 2371 808 2402 aliis.

1335 1463 1357 1483 ²5

1337 1973 1358 1993 ³5

448 2483 528 2523 (lap.
555 2483 637 2512 XCl.
664 2485 761 2521 Quor)
788 2495 815 2513 tx
843 2484 914 2514 Deo
939 2495 985 2515 su·
1010 2495 1108 2515 ΛΜοκ.
1337 2489 1359 2507 ⁴5

285 2577 302 2613 S*
336 2577 487 2606 Similiter
522 2583 629 2606 autem
667 2586 692 2604 et
717 2589 791 2605 umor
821 2583 966 2607 secundum
992 2583 1119 2607 rationem
1139 2590 1204 2608 sune
1223 2582 1320 2616 speciei

242 2630 297 2654 Deo
317 2639 367 2655 non
387 2637 523 2664 repugnat,
543 2633 589 2656 sed
610 2633 697 2656 solum
719 2633 863 2658 secundum
883 2634 955 2666 quod
975 2633 1065 2666 passio
1089 2639 1137 2659 est.
1163 2633 1238 2659 Unde
1257 2633 1319 2659 nihil

241 2681 360 2713 prohibet
384 2678 526 2719 (oportet
559 2679 602 2709 eti
629 2689 772 2710 amorem
798 2681 828 2710 in
856 2680 926 2712 Deo
946 2684 995 2709 dici
1015 2680 1111 2723 (esse)
1137 2681 1319 2713 secundum

242 2734 349 2759 actum
367 2730 540 2760 voluntatis
558 2736 639 2768 ipsius
660 2731 768 2771 (eius).
789 2736 938 2760 Secundum
953 2736 1002 2760 hoc
1018 2736 1088 2760 enim
1109 2737 1319 2769 unumquodque

242 2790 330 2807 amare
354 2784 445 2808 dicitur
470 2786 542 2816 quod
566 2785 663 2817 aliquid
689 2786 785 2817 appetit
808 2786 847 2810 vel
873 2786 936 2810 vult.
964 2786 1020 2811 Non
1040 2792 1128 2811 tumen
1147 2786 1196 2812 hoc
1215 2786 1318 2817 sufficit,

242 2833 288 2857 sed
308 2839 410 2866 oportet
430 2834 455 2858 in
475 2836 577 2859 volente
597 2836 636 2860 vel
658 2841 794 2868 appetente
814 2837 910 2869 aliquid
930 2844 990 2862 esse
1010 2845 1057 2870 per
1075 2838 1146 2870 quod
1167 2837 1317 2863 huiusmodi

242 2885 308 2909 velle
328 2885 470 2910 stabiliatur
488 2886 563 2918 quasi
590 2887 738 2919 (naturale)
765 2883 953 2921 (connaturtfle)
979 2894 1005 2914 et
1029 2895 1233 2915 consentaneum
1257 2889 1318 2915 effe-

243 2941 313 2960 ctum
333 2936 403 2968 (quia
424 2937 569 2962 secundum
589 2938 773 2970 philosophum
800 2940 823 2963 in
844 2946 887 2964 νιιι
908 2939 971 2971 eth.)
991 2940 1050 2965 beni
1074 2940 1186 2965 volentia
1211 2937 1328 2973 <enim>'

242 2987 360 3012 nondum
381 2996 432 3020 qua
452 2989 511 3021 quis
525 2990 598 3014 alicui
619 2990 718 3014 bonurn
733 2991 795 3021 vult,
810 2991 926 3016 nondum
946 3000 1021 3017 amor
1036 2998 1084 3023 est,
1104 2993 1152 3017 nisi
1173 2993 1318 3018 stabiliatur
1334 3005 1356 3026 ςς

242 3038 282 3062 vel
303 3046 348 3071 per
367 3039 485 3064 habitum
510 3042 659 3072 passionem
684 3042 724 3066 vel
749 3050 794 3074 per
813 3042 928 3068 habiturn
955 3045 994 3068 vel
1015 3052 1062 3077 per
1086 3050 1213 3074 naturum.
1232 3050 1261 3070 ut
1281 3045 1318 3070 sic

243 3090 355 3121 quodam
376 3090 455 3114 modo
475 3092 533 3115 talis
553 3092 674 3116 voluntas
690 3099 718 3116 ex
739 3092 835 3117 intimis
859 3094 997 3126 procedat:
1019 3095 1114 3128 <quale
1132 3097 1201 3121 enim
1222 3104 1317 3122 unum-

243 3144 367 3175 quodque
387 3148 426 3167 est
445 3144 494 3167 tale
509 3144 620 3175 appetit>
641 3151 670 3168 ex
684 3152 717 3168 eo
730 3145 798 3169 enim
815 3146 886 3177 quod
906 3148 1115 3181 unumquodque
1133 3154 1183 3177 est.
1202 3148 1316 3182 aliquem

243 3194 377 3225 proprium
398 3194 474 3218 habet
494 3195 645 3227 appetitum,
662 3203 712 3219 non
729 3196 797 3220 enim
812 3196 881 3221 idem
897 3198 994 3230 appetit
1009 3198 1075 3231 ignis
1089 3204 1114 3224 et
1132 3205 1209 3229 terra,
1230 3207 1317 3234 neque

242 3245 325 3269 iustus
345 3250 370 3270 et
390 3245 508 3270 iniustus.
530 3246 601 3270 Velle
618 3252 703 3270 autem
725 3247 840 3271 divinum
861 3255 915 3280 quo
939 3256 1016 3274 suum
1037 3255 1062 3274 et
1085 3250 1196 3276 aliorum
1217 3251 1316 3277 bonum
1331 3259 1359 3278 60

243 3296 296 3320 vult
315 3301 354 3320 est
375 3296 396 3320 ei
417 3296 567 3325 stabilitum.
591 3302 678 3329 utpote
702 3305 765 3322 suae
785 3304 890 3323 naturae
910 3300 1077 3330 conveniens,
1101 3302 1140 3326 vel
1162 3303 1245 3335 magis
1270 3310 1317 3328 sus

243 3352 332 3371 natura
359 3347 479 3376 existens,
501 3348 588 3381 Igitur·
607 3355 642 3375 se.
662 3354 690 3373 ut
710 3356 788 3381 supra
807 3355 944 3382 ostensum
965 3356 1013 3377 est.
1039 3351 1119 3385 igitur
1142 3353 1223 3378 etfam
1243 3359 1268 3379 et
1287 3362 1316 3379 se

243 3403 268 3422 et
287 3398 334 3422 alia
354 3404 431 3424 amat.
451 3400 467 3431 g
486 3399 585 3424 Adhuc.
612 3401 681 3424 Sicut
706 3401 851 3426 intellectus
874 3410 925 3426 non
953 3403 1080 3428 stabilitur
1104 3404 1129 3428 in
1153 3404 1242 3438 aliquo
1269 3405 1317 3431 nisi

244 3457 290 3481 per
309 3451 392 3482 prima
411 3451 542 3483 principia,
563 3453 595 3475 ita
609 3453 731 3477 voluntas
745 3461 796 3477 non
810 3452 927 3478 tirmutur
946 3455 970 3479 in
990 3455 1079 3488 aliquo
1093 3456 1142 3481 nisi
1162 3463 1209 3489 per
1227 3455 1317 3488 finem.

245 3508 303 3525 cum
323 3500 380 3525 linis
400 3501 424 3525 in
444 3506 570 3534 appetens
593 3505 707 3536 appetitu
729 3505 815 3529 locum
840 3505 956 3538 principii
982 3506 1083 3532 habeat.
1102 3507 1128 3532 Si
1148 3507 1224 3541 igitur
1243 3516 1317 3534 amor

245 3552 303 3576 dicit
322 3554 452 3584 quoddam
474 3555 539 3578 velle
560 3555 599 3579 vel
620 3561 741 3588 appetere
762 3557 911 3587 stabilitum,
933 3563 959 3582 ut
973 3563 1111 3583 ostensum
1131 3564 1178 3589 est,
1198 3568 1249 3585 non
1269 3561 1316 3586 erit

245 3602 419 3635 principaliter
431 3605 478 3628 nisi
493 3604 558 3635 tinia,
574 3613 620 3630 nec
634 3606 743 3631 aliorum
764 3607 812 3631 nisi
833 3607 858 3631 in
877 3609 967 3633 ordine
987 3610 1019 3634 ad
1038 3608 1125 3635 finem.
1145 3611 1207 3635 Pars
1227 3617 1314 3637 autem

244 3661 296 3677 non
323 3659 408 3686 potest
436 3662 495 3679 esse
524 3656 629 3680 ultimus
665 3656 732 3687 linis,
760 3658 808 3682 sed
834 3666 893 3683 curn
919 3660 951 3685 sit
977 3660 1136 3694 imperfecta,
1161 3662 1207 3687 sed
1233 3663 1316 3695 magis

244 3706 352 3737 (totum)
372 3707 443 3738 quod
464 3707 605 3739 perfectum
626 3715 673 3733 est.
695 3710 729 3733 Ac
750 3717 795 3742 per
814 3709 863 3735 hoc
882 3710 965 3736 forma
983 3713 1024 3737 vel
1044 3713 1168 3745 perfectio
1186 3715 1317 3748 quaelibet

246 3764 297 3781 non
325 3763 363 3782 est
389 3756 447 3781 tinia
472 3757 586 3786 ultimus.
613 3760 658 3783 sed
684 3767 743 3784 esse
770 3761 926 3793 perfeetum:
947 3771 998 3788 non
1021 3765 1090 3789 enim
1114 3766 1250 3792 sanitatem
1270 3775 1314 3800 np—
1332 3779 1359 3799 7⁰

245 3808 357 3840 petimus
377 3808 424 3832 nisi
446 3813 473 3832 ut
499 3809 553 3832 sani
581 3809 671 3834 simus.
699 3811 724 3835 ln
745 3811 793 3836 hoc
820 3813 897 3845 igitur
923 3815 1002 3839 tendit
1029 3823 1111 3848 annor,
1138 3825 1185 3842 nec
1205 3818 1315 3844 eliorum

245 3860 335 3884 dicitur
356 3858 404 3884 nial
428 3868 474 3893 per
494 3860 613 3885 accidens
638 3861 789 3894 inquantum
809 3864 937 3896 pertinent
963 3866 994 3890 ad
1014 3866 1078 3891 hoc:
1099 3868 1165 3893 sicut
1185 3868 1266 3894 homo
1285 3878 1314 3895 se

1338 1716 1363 1735 30

1336 2232 1361 2251 {0

1335 2747 1361 2768 50

1208 130 1475 173 APPENDIX

1370 218 1457 250 ipsum
1471 221 1541 242 amat
1555 216 1711 249 inquantum
1728 216 1785 240 vult
1803 222 1834 239 se
1852 214 1950 240 habere
1969 214 2076 248 aliquod
2094 214 2203 245 bonum,
2222 220 2285 249 putu
2301 202 2450 243 sanitatem,

1371 268 1458 293 cibum
1477 267 1519 292 vel
1539 266 1748 300 possessionem,
1767 265 1791 291 si
1808 268 1908 296 autem,
1928 265 1992 290 haec
2011 270 2100 291 autem
2119 273 2150 292 ex
2169 265 2342 299 consequenti
2361 271 2452 291 amare

1372 317 1463 343 dicitur
1482 317 1638 350 inquantum
1657 317 1714 342 vult
1732 324 1761 342 se
1781 316 1878 341 habere
1897 323 1936 342 ea.
1957 314 2068 349 Propter
2089 317 2163 350 quod
2186 322 2230 342 res
2253 324 2321 351 quas
2345 321 2453 350 propter

1372 369 1435 394 utile
1453 368 1495 393 vel
1521 358 1677 393 delectabile
1697 367 1839 400 diligimus,
1865 374 1918 392 non
1944 366 2052 400 proprie
2075 372 2205 399 amemus,
2231 368 2279 393 sed
2303 375 2354 393 nos
2378 368 2452 402 ipsos

1372 420 1486 445 amando
1505 426 1550 444 eas
1569 426 1658 443 amare
1676 418 1796 443 dicimur.
1810 417 1918 451 Proprie
1932 422 2020 442 autem
2039 422 2065 442 et
2077 424 2141 443 vere
2154 417 2266 443 amicitia
2280 419 2373 444 dieitur
2385 426 2454 452 quoe

1372 472 1518 497 secundum
1536 470 1659 496 virtutem
1680 476 1727 500 est,
1742 477 1795 503 qua
1807 470 1932 494 volumus
1951 469 2011 494 illos
2025 469 2123 495 habere
2137 469 2238 495 bonum
2257 477 2327 504 quos
2346 470 2454 504 diligere

1372 523 1492 548 dicimur.
1506 523 1664 548 Hoc-autem
1681 522 1818 547 verissime
1831 521 1888 546 Deo
1903 522 2040 554 competit:
2056 529 2116 547 nam
2132 529 2180 547 sun
2194 521 2298 547 bonitas
2312 527 2353 548 est
2365 514 2453 556 ipsum

1372 584 1432 602 esse
1451 576 1560 605 bonum,
1581 580 1606 600 et
1624 574 1674 599 hoc
1693 574 1761 605 vult;
1781 573 1892 599 aliorum
1906 573 1984 599 etiam
2004 573 2104 599 bonum
2117 574 2173 599 vult
2191 574 2229 599 eis
2249 581 2318 606 esse,
2331 582 2384 600 non
2397 573 2456 606 sibi.

1372 635 1432 653 cum
1452 635 1483 651 ex
1502 627 1540 651 eis
1561 626 1622 651 nihil
1643 627 1665 650 ei
1685 630 1824 650 accrescat.
1845 625 1905 658 lpse
1924 625 2011 657 igitur,
2030 633 2091 650 cum
2111 626 2175 651 velit
2199 633 2278 651 suurn
2298 626 2455 652 et‘sliomm

1373 679 1482 709 bonum,
1500 677 1638 703 verissime
1658 685 1688 702 se
1707 682 1733 701 et
1751 676 1800 701 alia
1819 681 1897 701 amst.
1919 673 2008 710 (Hoc
2033 673 2120 704 enim
2149 679 2197 704 est
2226 673 2386 715 [proprie]
2415 674 2456 706 de

1373 726 1498 756 ratione
1513 725 1632 755 amoris
1649 723 1740 765 quod
1757 733 1869 754 amans
1881 724 2008 754 bonum
2016 725 2118 756 amati
2135 725 2221 756 velit.
2239 725 2329 756 Deus
2345 731 2456 757 autem

1373 777 1441 807 vult
1465 776 1591 806 bonum
1616 784 1712 806 suum
1738 782 1768 804 ut
1785 781 1921 804 ostensum
1942 782 1984 804 est
2004 780 2036 806 et
2059 775 2209 812 aliorum,
2234 782 2270 806 ut
2299 786 2337 807 ex
2362 776 2456 807 dictis

1373 833 1470 869 patet.
1497 826 1702 868 [Secundum
1726 826 1805 868 hoc]
1834 827 1931 868 igitur
1962 827 2052 858 Deus
2076 833 2108 858 et
2139 835 2173 858 se
2207 833 2239 858 et
2269 827 2330 859 alia
2358 834 2455 859 amat.

1372 881 1391 918 §
1407 879 1534 909 Adhuc.
1554 878 1605 909 Ad
1622 879 1789 909 veritatem
1815 879 1934 909 amoris
1951 879 2126 919 requiritur
2141 878 2231 919 quod
2256 880 2382 910 bonum
2399 879 2456 910 ali·

1373 931 1466 961 euius
1485 934 1558 967 quod
1577 934 1637 966 quis
1656 931 1746 966 vult,*
1771 935 1869 970 prout
1885 936 1933 960 est
1949 930 2036 961 eius:
2054 933 2076 958 si
2095 934 2165 958 enim
2185 931 2313 961 alicuius
2337 931 2454 972 [enim]

1373 982 1499 1012 bonum
1524 981 1640 1021 aliquis
1664 985 1725 1010 velit
1746 981 1843 1021 [vult]
1869 981 1976 1012 solum
2008 987 2108 1022 prout
2126 989 2167 1011 est
2185 982 2219 1012 in
2242 981 2373 1013 alterius
2396 982 2456 1013 bo·

1374 1043 1453 1063 num
1479 1032 1575 1069 cedit,
1604 1042 1661 1073 per
1693 1032 1843 1064 accidens
1871 1038 2006 1064 amatur.
2041 1033 2132 1065 Sicut
2162 1034 2219 1074 qui
2252 1033 2390 1065 vult
2407 1043 2457 1065 se-

1374 1085 1492 1125 ipsum.
1519 1084 1583 1115 Sed
1615 1084 1704 1115 Deus
1728 1084 1797 1115 vult
1824 1085 1951 1116 bonum
1981 1085 2243 1126 uniuscuiusque
2273 1085 2456 1117 secundum

1377 1135 1467 1176 quod
1492 1142 1539 1166 est
1564 1136 1650 1166 eius:
1677 1136 1746 1166 vult
1769 1137 1858 1167 enim
1883 1136 2149 1177 unumquodque
2177 1146 2247 1168 esse
2274 1136 2457 1168 secundum

1375 1187 1466 1228 quod
1490 1187 1521 1217 in
1548 1197 1582 1217 se
1602 1191 1660 1223 ipso
1681 1188 1806 1217 bonum
1831 1193 1890 1223 est,
1914 1187 1990 1218 licet
2014 1188 2111 1218 etiam
2135 1197 2240 1219 unum
2269 1188 2399 1219 ordinet
2421 1188 2456 1219 in

1375 1239 1544 1270 utilitatem
1558 1239 1698 1269 alterius.
1712 1239 1801 1269 Deus
1818 1239 1915 1279 igitur
1925 1248 2000 1269 vere
2017 1245 2103 1270 amat
2115 1245 2147 1270 et
2163 1248 2198 1270 se
2213 1245 2245 1270 et
2261 1239 2331 1270 alia.
2348 1240 2367 1278 ξ
2378 1240 2459 1270 Am-

1374 1291 1469 1332 plius.
1493 1290 1580 1322 Cum
1597 1290 1863 1331 unumquodque
1881 1314 1888 1320 .
1903 1313 1912 1320 .
1927 1314 1934 1320 .
1952 1299 2159 1332 consequens
2175 1297 2223 1322 est
2239 1290 2331 1331 quod
2346 1300 2458 1322 amans

1374 1343 1414 1373 ad
1434 1347 1544 1371 alterum
1565 1341 1738 1385 (amatum)
1757 1352 1791 1372 se
1812 1343 1928 1373 habeat
1945 1343 2028 1373 sicut
2044 1342 2085 1373 ad
2101 1336 2133 1373 id
2151 1342 2242 1383 quod
2259 1349 2306 1373 est
2323 1352 2399 1374 cum
2416 1351 2458 1374 eo

1375 1394 1486 1434 aliquo
1511 1393 1614 1424 modo
1640 1403 1754 1424 unum.
1781 1393 1827 1424 Ex
1852 1402 1921 1434 quo
1952 1393 2079 1424 videtur
2097 1397 2203 1431 proprie
2222 1394 2353 1434 propria
2376 1393 2459 1424 ratio

1375 1446 1494 1476 amoris
1518 1446 1694 1476 consistere
1719 1445 1751 1475 in
1777 1445 1840 1475 hoc
1864 1446 1882 1462 ⁴*
1898 1445 1989 1485 quod
2013 1444 2148 1476 affectus
2171 1445 2270 1477 unius
2293 1443 2405 1477 tendat
2424 1446 2459 1476 in

1375 1498 1510 1529 alterum
1529 1498 1611 1528 sicut
1632 1508 1667 1525 un
1687 1497 1719 1526 in
1737 1506 1841 1527 unum
1859 1506 1936 1527 cum
1957 1498 2030 1537 ipso
2054 1497 2166 1538 aliquo
2183 1497 2296 1529 modo.
2321 1497 2460 1539 Propter

1375 1549 1466 1590 quod
1489 1549 1607 1580 dicitur
1624 1549 1655 1588 [a
1672 1548 1741 1588 dio]
1759 1549 1849 1590 quod
1867 1558 1959 1579 amor
1983 1556 2030 1580 est
2047 1550 2170 1581 unitiva
2189 1550 2299 1581 virtus.
2323 1549 2460 1589 Quanto

1375 1601 1472 1642 igitur
1505 1601 1536 1631 id
1564 1604 1711 1630 secundum
1732 1605 1804 1637 qnod
1827 1601 1915 1631 unde
1939 1605 2044 1637 aliquid
2062 1609 2103 1630 es!
2128 1610 2240 1632 amans
2272 1608 2320 1632 est
2353 1608 2459 1634 unum

1376 1661 1451 1682 cum
1477 1658 1585 1682 amato
1610 1658 1657 1682 est
1681 1652 1796 1687 maius,
1821 1657 1912 1682 tanto
1937 1658 1984 1682 est
2008 1660 2101 1682 amor
2115 1657 2265 1691 perfectior
2283 1653 2458 1684 intensior:

1376 1703 1478 1742 magis
1495 1703 1583 1733 enim
1596 1711 1744 1733 amamus
1763 1714 1810 1730 eos
1830 1711 1915 1742 quos
1930 1703 2026 1733 nobis
2038 1703 2110 1733 unit
2121 1703 2341 1743 generationis
2353 1703 2458 1744 origo,

1377 1760 1433 1784 aut
1455 1754 1714 1784 conversationis
1737 1763 1825 1790 usus,
1842 1759 1898 1784 aut
1914 1753 2037 1794 aliquid
2053 1754 2256 1791 huiusmodi,
2277 1763 2377 1795 quam
2401 1763 2460 1786 eos

1377 1815 1462 1846 quos
1486 1806 1593 1836 solum
1623 1806 1719 1836 nobis
1736 1806 1806 1835 unit
1822 1806 1985 1836 humanae
2010 1812 2144 1837 naturae
2161 1806 2308 1837 societas.
2326 1806 2366 1837 Et
2389 1810 2459 1838 rur2

1377 1866 1431 1888 sus
1449 1880 1456 1886 .
1473 1881 1479 1887 .
1497 1881 1502 1887 .
1523 1867 1581 1888 sua
1606 1857 1743 1887 bonitas.
1770 1857 1827 1887 Est
1850 1857 1946 1897 igitur
1970 1857 2003 1887 in
2028 1857 2101 1888 Deo
2118 1867 2212 1901 amor
2226 1856 2319 1898 [non-
2334 1855 2459 1900 sotum]

1378 1918 1471 1939 verus
1495 1908 1550 1938 sed
1576 1909 1672 1938 etiam
1702 1907 1957 1948 perfectissimus
1981 1914 2012 1938 et
2043 1907 2274 1949 firmissimus.)
2299 1910 2316 1926 ⁴*
2331 1910 2351 1948 ς
2367 1909 2459 1942 Item.

2483 676 2559 698 26πὸ
2574 682 2614 704 mg
2628 676 2671 699 inf.

2485 933 2495 963 ¹·
2508 932 2570 963 §uu
2586 932 2636 955 vett
2650 938 2701 956 noo

2483 962 2543 1009 1:21..
2551 965 2703 1009 vm

2486 1443 2689 1474 'mentam

2488 1914 2523 1939 lb.
2537 1913 2552 1936 b
2566 1918 2604 1940 ⁴2.

1377 1960 1480 1990 Amor
1493 1969 1529 1990 ex
1548 1965 1637 2000 parte
1651 1959 1771 1990 obiecti
1785 1968 1852 1990 non
1866 1959 2020 2000 importat
2034 1959 2157 2001 aliquid
2173 1969 2359 2002 repugnans
2375 1960 2460 2000 Deo,
2508 1984 2510 1987 v

1376 2019 1452 2042 cum
1469 2012 1508 2042 sit
1525 2014 1583 2039 finis
1603 2021 1629 2040 et
1649 2011 1738 2047 boni,
1755 2020 1784 2040 ut
1797 2019 1935 2040 ostensum
1955 2021 2007 2046 esu
2028 2021 2090 2042 nec
2102 2021 2141 2043 ex
2154 2011 2257 2044 modo
2269 2022 2303 2044 se
2319 2012 2461 2047 habendi

1376 2061 1414 2092 ad
1433 2062 1610 2097 obiectum,
1629 2071 1703 2093 nam
1729 2067 1850 2091 voluntas
1869 2066 1911 2092 vel
1926 2067 2058 2100 appetitus
2077 2067 2207 2093 stabilitur
2225 2067 2251 2093 in
2270 2068 2360 2102 sliquo
2377 2066 2462 2097 voli&

1375 2123 1406 2142 a
1425 2117 1515 2151 aliquo
1533 2117 1684 2143 inhaerente
1709 2114 1816 2154 (amor
1839 2119 1886 2145 est
1911 2114 2048 2146 alicuius
2071 2113 2133 2156 rei)
2156 2125 2224 2146 non
2249 2116 2359 2147 minus
2383 2120 2461 2148 cum

1375 2165 1511 2196 habetur
1521 2166 1537 2182 ⁴*
1546 2165 1602 2197 sed
1615 2166 1727 2206 magis,
1739 2167 1816 2207 quia
1827 2170 2004 2196 inestbonum
2018 2165 2158 2209 (bonurn
2171 2167 2304 2208 aliquod
2318 2167 2353 2199 lit
2365 2168 2463 2200 nobis

1375 2215 1502 2247 affinius
1519 2226 1595 2247 cum
1608 2217 1756 2259 habetur)
1772 2222 1853 2248 etiam
1874 2228 1899 2248 et
1913 2222 1939 2248 in
1954 2222 2034 2248 rebus
2050 2223 2211 2248 naturalibus
2225 2229 2317 2249 natura
2330 2221 2463 2257 perficiunt·

1375 2270 1465 2296 habito
1483 2270 1534 2296 fine
1551 2268 1652 2307 (unde
1677 2275 1708 2300 et
1731 2276 1842 2301 motus
1859 2270 1898 2302 ad
1915 2269 2015 2302 finem
2033 2271 2064 2303 in
2086 2271 2182 2302 rebus
2205 2271 2462 2304 naturalibusex

1377 2319 1620 2360 propinquitate
1633 2319 1706 2351 finis
1719 2321 1921 2362 intenditur.)
1936 2325 1990 2351 Nisi
2010 2325 2076 2351 forte
2095 2321 2319 2363 (Quandoque
2336 2321 2461 2365 autem)

1377 2373 1575 2403 contrarium
1601 2381 1658 2413 per
1681 2372 1831 2404 accidens
1855 2373 1982 2411 accidit,
2007 2379 2122 2414 utpote
2146 2373 2280 2414 quando
2299 2374 2331 2404 in
2350 2379 2461 2406 amato

1377 2424 1562 2463 experimur
1585 2423 1707 2465 aliquid
1733 2423 1824 2464 quod
1851 2430 2012 2466 repugnat
2039 2426 2155 2456 amori.
2179 2425 2276 2456 Tunc
2301 2425 2388 2456 enim
2406 2447 2436 2456 ..
2451 2447 2460 2456 .

1377 2485 1454 2506 suae
1474 2476 1604 2516 speciei.
1624 2476 1679 2506 Est
1696 2477 1793 2516 igitur
1808 2477 1841 2508 in
1859 2477 1942 2509 Deo.
1967 2481 1984 2514 fl
1999 2481 2132 2514 Amplius.
2146 2482 2257 2508 Amoris
2268 2485 2310 2508 ese
2325 2481 2365 2507 ad
2382 2480 2462 2507 uub-

1377 2537 1436 2556 nem
1457 2537 1571 2559 movere.
1587 2531 1630 2561 (ut
1649 2532 1704 2557 ato.
1719 2532 1806 2564 dicit).
1828 2533 1893 2558 cum
1908 2533 1978 2558 enim
1991 2533 2104 2568 affectus
2118 2533 2238 2560 amantis
2252 2533 2306 2559 iam
2318 2534 2355 2560 sit
2368 2532 2461 2559 sinim

1375 2586 1468 2608 amato
1486 2582 1503 2616 fi
1516 2583 1648 2616 Amplius.
1666 2584 1814 2610 Similitudo
1834 2585 1937 2618 (enim)
1957 2591 1999 2610 est
2012 2585 2078 2611 ratio
2096 2586 2235 2620 appetendi
2248 2585 2346 2620 aliquid
2358 2586 2401 2612 vol
2413 2592 2461 2611 vo-

1376 2634 1456 2660 lendi.
1476 2634 1553 2665 Quod
1567 2636 1645 2661 etiam
1659 2637 1806 2662 secundum
1820 2637 1970 2670 potentiam
1982 2637 2092 2663 activam
2107 2643 2133 2663 et
2147 2638 2281 2671 passivam
2301 2637 2461 2664 eon-idem!

1374 2690 1473 2717 potest:
1493 2693 1553 2712 nam
1573 2693 1654 2718 agens
1674 2687 1791 2712 naturale
1811 2688 1927 2721 quodam
1947 2688 2057 2714 naturali
2070 2689 2186 2722 appetitu
2201 2688 2341 2714 inclinetur
2353 2693 2383 2714 ut
2399 2692 2462 2723 eget

1374 2736 1422 2761 sibi
1443 2736 1543 2768 simile;
1560 2737 1684 2769 potentia
1699 2745 1746 2762 ens
1765 2738 1843 2763 etism
1863 2738 1978 2771 potentis
1993 2738 2093 2771 appetit
2109 2739 2218 2764 naturali
2237 2739 2354 2773 appetitu
2373 2737 2461 2772 peb-

1374 2788 1487 2814 ctiooem
1507 2796 1559 2813 non
1579 2789 1733 2822 quamlibet,
1753 2789 1800 2814 sed
1820 2790 1897 2815 cuius
1922 2798 1978 2823 app
2004 2790 2176 2824 aptitudinem
2200 2791 2288 2822 hebet,
2310 2791 2362 2816 iem
2381 2790 2460 2825 quast

1374 2840 1486 2872 quadam
1507 2839 1673 2865 inchoatione
1686 2840 1760 2879 *illius
1781 2840 1947 2873 perfectionis
1968 2841 1992 2866 iu
2019 2841 2064 2866 illo
2082 2842 2218 2868 existente.
2238 2841 2264 2867 Si
2287 2842 2366 2875 igitur
2383 2847 2461 2868 amor

1373 2897 1414 2916 est
1427 2897 1467 2916 est
1479 2891 1492 2906 ‘
1506 2891 1613 2924 quidam
1627 2891 1757 2925 appetitus
1766 2891 1905 2924 stabilitus,
1919 2893 2077 2926 proveniens
2091 2892 2140 2918 erit
2152 2900 2228 2919 amor
2240 2900 2271 2919 ex
2284 2892 2460 2920 similitudini·

1373 2942 1581 2973 confirmatione,
1601 2951 1669 2977 quae
1687 2949 1730 2968 est
1747 2951 1825 2969 csuss
1843 2944 1992 2977 appetendi.
2018 2943 2094 2971 Unde
2118 2944 2212 2971 similis
2231 2952 2262 2971 se
2286 2945 2399 2972 invicem
2417 2944 2460 2972 du

1373 3002 1462 3020 amare
1481 2995 1611 3020 videntur.
1632 2995 1658 3020 ln
1680 2995 1736 3020 neo
1755 2995 1787 3020 ad
1806 2996 1926 3029 seipsum
1945 3001 1986 3021 est
2005 2996 2150 3023 similitudo
2168 2996 2271 3031 absque
2289 2997 2362 3023 omni
2381 2996 2460 3023 &ab

1373 3046 1527 3076 multudine,
1547 3053 1607 3071 cum
1628 3046 1653 3071 in
1673 3046 1732 3079 ipso
1751 3047 1821 3072 nulls
1836 3047 1870 3071 sit
1889 3048 2002 3080 partium
2015 3047 2166 3074 diversitos:
2186 3047 2208 3073 si
2228 3051 2316 3074 tamen
2336 3047 2457 3075 Μὴν·

2489 2173 2600 2196 aeva..

2486 2894 2496 2903 ·
2503 2892 2566 2916 essu
2573 2896 2648 2921 repet.
2657 2894 2700 2916 etr

1373 3098 1461 3123 dinem
1481 3097 1520 3122 fas
1539 3102 1580 3123 est
1599 3097 1686 3123 dicere
1700 3097 1743 3123 ubi
1757 3103 1797 3123 est
1816 3098 1928 3131 persecut
1948 3099 2043 3125 unitas.
2063 3099 2121 3124 Alis
2134 3099 2212 3125 etism
2231 3099 2321 3125 omni·
2339 3106 2393 3126 non
2411 3099 2459 3126 lte-
2484 3115 2490 3118 -

1373 3149 1435 3174 bent
1453 3155 1515 3174 esse
1534 3149 1583 3174 nisi
1603 3149 1628 3173 in
1643 3154 1772 3182 quantum
1785 3149 1882 3175 habent
1896 3149 1952 3175 eius
1967 3139 2175 3176 similitudinem.
2194 3150 2362 3184 Relinquitur
2378 3149 2459 3184 mr

1373 3202 1445 3235 quod
1464 3201 1522 3235 ipse
1542 3201 1613 3227 Deus
1626 3206 1652 3227 et
1671 3201 1712 3227 sui
1727 3201 1810 3236 ipsius
1826 3208 1852 3228 et
1865 3203 1975 3228 ultorum
1991 3203 2104 3228 maxime
2118 3204 2248 3229 amstivus
2267 3203 2310 3229 sit.
2327 3199 2347 3238 ἕ
2362 3196 2457 3230 Pne-

1372 3256 1469 3281 terea.
1495 3250 1627 3280 Amoris
1651 3256 1698 3280 est
1723 3249 1761 3281 ad
1786 3250 1944 3281 unionem
1970 3260 2113 3287 movere,
2130 3257 2166 3282 ut
2189 3251 2255 3282 dio.
2281 3250 2359 3282 dicit
2379 3253 2418 3288 (tv
2432 3261 2456 3279 c.

1373 3305 1406 3330 de
1425 3305 1459 3330 di.
1478 3305 1533 3339 no.)
1554 3301 1640 3333 Cum
1667 3302 1755 3332 enim
1775 3307 1910 3342 propter
1925 3302 2171 3334 similitudinem
2189 3302 2238 3333 vel
2256 3301 2456 3333 convenien-

1373 3353 1450 3384 tiam
1474 3353 1612 3384 amantis
1636 3359 1667 3384 et
1691 3354 1787 3384 amati
1813 3352 1947 3385 affectus
1964 3354 2100 3385 amantis
2120 3353 2160 3384 sit
2183 3353 2327 3394 quodam
2353 3353 2455 3384 modo

1374 3405 1484 3435 unitus
1500 3410 1609 3435 amato
1626 3416 1673 3442 per
1692 3408 1742 3434 hoc
1761 3409 1833 3442 quod
1847 3413 1888 3434 ent
1901 3409 2030 3434 stabilitus
2045 3409 2071 3433 in
2090 3409 2156 3442 ipso.
2173 3404 2275 3435 tendit
2291 3404 2455 3445 appetitus

1373 3457 1405 3487 in
1424 3455 1659 3496 perfectionem
1673 3456 1819 3487 unionis:
1838 3461 1874 3487 ut
1890 3455 2012 3487 scilicet
2028 3455 2108 3487 unio
2122 3464 2205 3496 quae
2221 3455 2285 3486 ism
2303 3455 2455 3487 inchoate

1373 3514 1420 3538 est
1440 3511 1493 3536 iam
1513 3511 1547 3544 as
1562 3507 1594 3538 in
1611 3507 1740 3544 affectu,
1757 3507 1961 3548 compleatur
1985 3508 2017 3537 in
2035 3513 2118 3537 actu.
2145 3506 2239 3538 Unde
2257 3513 2286 3538 et
2306 3531 2312 3538 .
2328 3531 2335 3538 .
2352 3531 2359 3538 .
2375 3517 2455 3548 gau-

1373 3557 1458 3589 dere.
1477 3558 1565 3589 Deus
1582 3565 1690 3590 autem
1710 3565 1819 3590 movet
1836 3558 1946 3589 omnia
1963 3557 2022 3588 alia
2040 3557 2078 3594 ad
2096 3558 2265 3590 unionem.
2292 3559 2326 3590 ln
2351 3566 2454 3600 qusn-

1373 3616 1443 3640 tum
1468 3610 1555 3640 enim
1577 3610 1628 3640 dat
1646 3611 1691 3643 eis
1716 3619 1795 3646 esse,
1820 3613 1879 3639 facit
1901 3610 1945 3651 (et
1969 3608 2045 3639 nlias
2070 3609 2298 3650 perfectiones,
2316 3608 2398 3652 unit)
2417 3620 2454 3642 ea

1374 3661 1432 3691 sibi
1451 3672 1530 3690 unum
1553 3671 1609 3702 per
1625 3662 1763 3693 modum
1779 3664 1934 3699 possibilem
1951 3660 2034 3702 (quo
2051 3661 2203 3701 possibile
2221 3661 2280 3702 est)
2302 3665 2402 3692 seilicet
2418 3667 2453 3692 si-

1373 3716 1534 3742 militudinis.
1553 3718 1633 3742 susm
1654 3718 1686 3743 sd
1701 3717 1819 3750 seipsum
1838 3715 1962 3742 unionem
1982 3716 2121 3750 praecipue
2139 3717 2205 3746 vult.
2224 3722 2266 3742 est
2285 3717 2356 3743 enim
2374 3723 2453 3743 suut·

1372 3775 1440 3793 esse.
1460 3763 1549 3795 Deus
1566 3765 1662 3805 igitur
1686 3770 1717 3796 et
1740 3773 1774 3795 se
1798 3769 1830 3795 et
1853 3763 1912 3794 alio
1938 3769 2032 3794 amat.
2053 3767 2070 3801 9
2085 3768 2158 3794 ltem.
2178 3768 2324 3795 Delectata
2341 3768 2455 3804 qma

1371 3811 1531 3845 effectus'est
1543 3820 1640 3846 amoris
1651 3824 1677 3846 et
1688 3819 1792 3854 gaudiia
1804 3818 1900 3852 gaudii,
1913 3824 2051 3844 esus-ntur
2064 3820 2134 3845 enim
2144 3827 2174 3846 ex
2189 3820 2327 3855 adeptione
2335 3821 2377 3846 vel
2390 3826 2453 3846 eon-

1373 3870 1503 3896 iunetione
1517 3870 1705 3902 convenientis,
1720 3871 1794 3896 cuius
1807 3870 1938 3903 appetitus
1952 3875 1993 3895 est
2011 3878 2094 3897 amor.
2111 3871 2186 3898 Unde
2200 3877 2225 3898 et
2239 3872 2356 3898 absentis
2375 3873 2454 3898 amnti

316 3981 332 4004 b
354 3981 438 4014 39—42
459 3982 505 4007 sed
526 3981 730 4015 tnagis...tinis
751 3983 898 4017 intenditur}
926 3986 980 4011 lloc
1001 3987 1024 4010 in
1046 3988 1103 4012 loco
1122 3993 1207 4014 textus
1227 3988 1374 4015 definitivus
1400 3990 1559 4016 dubietatem
1585 3998 1637 4015 non
1664 3989 1755 4015 hebet:
1781 3991 1850 4023 prior
1874 3990 1988 4016 redactio
2013 3991 2081 4017 lectu
2106 3989 2216 4017 difficilis
2239 3995 2289 4017 est.
2310 3990 2452 4018 Posuimus

246 4024 482 4057 interpretationem
502 4033 569 4058 quae
588 4026 752 4052 verisimilior
770 4033 886 4060 apparet.
