2768 4134
71 1445 80 1453 ·
118 1443 174 1470 Cap.
212 1448 282 1468 Lxxx,

70 1476 148 1492 Lxxn.

68 2889 77 2898 ·
93 2887 149 2917 Cap.
166 2894 240 2917 praec.

318 297 393 334 566

315 373 531 406 immaterialis
556 370 646 411 quod
668 379 735 399 non
759 369 799 398 sit
822 368 885 398 hoc
909 366 1011 397 modo
1035 364 1326 399 communicabilis,
1348 369 1384 394 ut

314 423 401 459 patet
416 417 455 447 de
470 415 651 456 Spiritual„
669 423 696 443 a.
715 413 749 442 8:
767 412 843 452 quia
858 411 1007 441 videlicet
1029 415 1143 440 natura
1166 408 1384 439 immaterialis

315 468 361 493 est
384 460 555 501 superioris
579 458 700 488 ordinis
724 465 822 496 quam
846 455 956 486 omnia
980 454 1170 494 corporalia.

367 505 419 536 Ad
442 503 617 535 secundam
645 502 760 532 dicitur
783 499 874 540 quod
898 504 1101 538 assumptum
1129 503 1176 527 est
1203 505 1316 527 verum
1345 505 1384 526 ex

313 555 402 590 parte
421 549 522 579 nostri
545 546 636 578 modi
659 544 874 585 intelligendi:
899 553 967 574 non
991 548 1100 573 autem
1117 551 1155 572 ex
1170 546 1262 582 parte
1285 540 1341 576 rei,
1358 540 1384 570 si

312 594 541 633 intelligeretur
556 590 737 622 secundum
754 588 844 629 quod
859 588 893 618 in
909 597 942 618 se
959 592 1016 618 est.
1033 586 1110 617 Ideo
1126 585 1308 616 secundum
1323 593 1385 615 no-

313 644 413 669 strum
437 636 573 667 modum
589 633 799 675 intelligendi,
815 642 884 663 non
900 637 1059 672 repugnat
1074 631 1128 661 tali
1143 635 1277 660 naturae
1294 628 1385 669 quod

313 684 352 713 sit
372 683 405 712 in
421 681 531 712 multis
547 679 735 711 individuis:
752 683 911 719 repugnat
926 682 1034 707 tamen
1051 685 1089 706 ex
1110 680 1199 715 parte
1215 674 1271 705 rei.
1289 673 1385 704 Unde

312 737 379 758 non
397 733 443 757 est
459 735 572 756 verum
589 723 679 765 quod
694 728 852 764 repugnet
867 727 1000 752 naturae
1019 729 1102 761 quae
1120 719 1159 750 de
1175 728 1210 750 se
1226 724 1274 749 est
1293 718 1384 754 haec,

312 778 349 803 ut
360 781 417 812 per
428 770 567 801 modum
579 768 766 800 universalis
777 767 982 807 intelligatur,
996 770 1154 805 quantum
1171 770 1218 794 est
1231 773 1269 794 ex
1281 762 1383 794 modo

312 815 511 856 intelligendi
523 820 649 846 nostro:
663 814 738 844 licet
750 817 907 853 repugnet
919 811 963 841 illi
976 815 1011 840 ut
1023 810 1063 840 sit
1075 809 1201 839 realiter
1212 809 1246 839 in
1261 808 1383 839 multis.

368 860 420 891 Ad
442 860 574 891 tertium
598 858 713 889 dicitur
736 856 835 898 quod,
856 856 882 886 si
905 855 994 885 Deus
1017 853 1208 884 annihilaret
1231 851 1384 894 angelum

313 911 344 936 et
368 905 504 936 eandem
535 904 677 945 speciem
707 902 747 932 de
770 910 858 932 novo
881 898 1085 940 produceret,
1113 898 1211 929 etiarn
1242 897 1384 929 eundern

313 950 464 990 angelum
486 958 624 980 numero
644 951 823 978 re-crearet.
843 944 918 975 Non
935 944 1023 974 enim
1038 951 1196 983 negamus
1219 942 1308 974 idem
1322 952 1385 973 nu-

313 1004 403 1026 mero
419 1003 515 1035 posse
530 1003 587 1034 per
603 992 742 1023 divinam
758 989 937 1030 potentiam
954 988 1103 1028 reparari.
1118 1006 1142 1010 —
1157 987 1260 1026 Quod
1275 993 1385 1018 autem

313 1040 428 1071 dicitur
449 1038 538 1079 quod
560 1038 661 1067 homo
676 1044 744 1066 non
761 1039 870 1074 posset
889 1042 1054 1072 resurgere
1068 1033 1131 1063 nisi
1147 1032 1262 1064 eadem
1277 1033 1385 1063 anima

313 1093 449 1116 numero
473 1086 660 1117 remaneret,
684 1089 797 1110 verum
821 1083 878 1114 est,
901 1087 969 1108 non
991 1078 1067 1118 quia
1088 1087 1158 1108 non
1177 1077 1282 1118 possit
1296 1077 1386 1109 Deus

312 1129 452 1160 animam
476 1126 683 1157 annihilatam
707 1122 843 1154 eandem
866 1131 1005 1153 numero
1026 1131 1188 1163 reparare:
1216 1122 1274 1153 sed
1297 1122 1385 1163 quia,

311 1174 337 1204 si
361 1171 587 1203 annihilaretur
603 1174 634 1200 et
657 1167 870 1210 postmodum
885 1167 926 1198 de
941 1176 1031 1198 novo
1053 1166 1300 1208 produceretur,
1315 1177 1386 1198 non

312 1222 393 1248 esset
415 1215 545 1256 proprie
567 1214 708 1244 hominis
731 1212 934 1249 resurrectio,
958 1211 1015 1242 sed
1039 1212 1215 1243 re-creati'o
1236 1221 1332 1243 nova.

366 1260 417 1292 Ad
434 1265 584 1301 quartum
601 1258 717 1289 dicitur
733 1257 824 1298 quod
839 1266 908 1287 non
924 1262 973 1287 est
988 1256 1103 1288 eadem
1118 1257 1200 1288 ratio
1220 1256 1261 1288 de
1277 1257 1386 1288 anima

311 1311 342 1337 et
358 1306 398 1337 de
413 1304 595 1335 substantiis
619 1303 780 1343 separatis.
800 1301 887 1340 Quia
903 1302 1011 1332 anima
1030 1301 1213 1333 secundum
1235 1307 1386 1333 naturam

311 1356 357 1382 est
380 1350 483 1380 forma
507 1348 661 1389 corporis.
679 1347 757 1378 Ideo
772 1346 955 1377 secundum
971 1347 1329 1378 commensurationem
1345 1346 1386 1378 ad

311 1395 432 1426 diversa
456 1402 592 1434 corpora
616 1392 873 1432 multiplicantur
903 1391 1041 1428 animae,
1071 1397 1109 1422 ut
1139 1397 1308 1423 ostensum
1338 1396 1386 1423 est

310 1439 423 1471 diffuse
439 1439 471 1469 in
488 1437 753 1478 praecedentibus
765 1437 792 1467 *.
817 1436 1001 1474 Substantia
1021 1442 1131 1467 autem
1151 1442 1296 1478 separata
1315 1445 1385 1468 non

309 1490 357 1515 est
380 1484 483 1514 forma
507 1482 662 1522 corporis.

363 1528 414 1559 Ad
438 1528 589 1568 quintum
610 1526 727 1557 dicitur
749 1525 841 1566 quod
861 1535 931 1556 non
955 1531 1003 1557 est
1024 1526 1272 1563 inconveniens,
1297 1525 1386 1567 apud

307 1573 461 1604 Sanctum
486 1572 650 1603 Thomam
673 1576 706 1602 et
728 1571 962 1611 Augustinum,
979 1570 1071 1611 quod
1093 1576 1163 1602 tota
1178 1581 1243 1602 una
1260 1571 1386 1612 species

306 1617 528 1648 intellectualis
551 1617 591 1647 sit
614 1616 781 1647 damnata:
806 1616 910 1646 immo
925 1615 1048 1647 multae
1067 1615 1146 1647 tales
1169 1617 1294 1657 species
1310 1621 1386 1647 sunt

307 1662 484 1693 damnatae.
505 1661 567 1693 Sed
585 1661 669 1692 bene
684 1661 921 1692 inconveniens
941 1666 1024 1692 esset
1043 1665 1148 1692 totam
1163 1666 1313 1692 naturam
1329 1671 1385 1692 an—

307 1707 441 1747 gelicam
465 1716 535 1738 esse
559 1706 755 1737 damnatam.
783 1705 947 1746 Loquitur
978 1710 1088 1736 autem
1111 1706 1325 1746 Augustinus,
1349 1711 1386 1737 ut

306 1752 439 1782 habetur
463 1751 502 1782 de
525 1751 706 1792 Spiritual„
731 1760 759 1781 a.
778 1750 808 1787 8,
827 1750 867 1781 ad
887 1759 915 1787 1,
931 1749 972 1781 de
988 1756 1102 1781 natura
1118 1751 1273 1792 angelica,
1293 1760 1385 1782 corn-

306 1797 446 1837 parative
470 1796 510 1827 ad
533 1802 681 1827 naturam
707 1796 896 1832 humanam,
919 1801 1074 1835 tanquam
1103 1795 1144 1826 de
1166 1805 1232 1827 una
1259 1801 1384 1832 natura,

306 1847 437 1881 propter
452 1850 557 1872 unum
577 1847 609 1872 et
633 1840 775 1871 eundem
791 1840 942 1871 omnium
960 1849 1072 1871 earum
1088 1840 1238 1872 ordinem
1254 1840 1294 1871 ad
1310 1841 1386 1871 bea-

305 1885 486 1917 titudinem.
515 1886 597 1916 Tota
614 1885 700 1917 enim
720 1890 842 1915 natura
865 1885 1019 1926 angelica
1037 1887 1116 1916 nata
1132 1890 1180 1916 est
1202 1894 1269 1916 uno
1285 1885 1384 1915 modo

306 1931 349 1962 ad
370 1930 600 1962 beatitudinem
618 1930 796 1971 pervenire
818 1930 870 1960 vel
892 1930 932 1960 ab
955 1939 994 1960 ea
1018 1929 1166 1971 deficere,
1190 1929 1299 1960 statim
1323 1929 1385 1960 sci-

307 1976 380 2007 licet
396 1981 474 2016 post
489 1976 634 2016 primam
659 1974 847 2006 electionem
872 1975 1084 2015 completam:
1107 1974 1252 2005 humana
1275 1979 1384 2005 autem

306 2025 426 2051 natura
444 2030 508 2062 per
531 2020 703 2051 decursum
727 2019 892 2060 temporis.

725 289 912 327 SUMMA
942 287 1163 324 CONTRA
1191 284 1468 331 GENTILES,
1496 284 1591 321 LIB.
1612 284 1653 329 ΙΙ,
1683 283 1795 320 CAP.
1816 282 1945 329 XCIII,
1965 283 2101 320 XCIV.

1494 362 1546 393 Ad
1570 367 1697 392 sextum
1721 360 1838 392 dicitur
1860 361 1979 402 primo,
2003 361 2095 402 quod
2117 371 2187 393 non
2210 369 2258 394 est
2283 365 2518 396 inconveniens

1438 412 1587 437 naturam
1610 415 1710 437 unam
1734 406 1915 446 angelicam
1941 415 2011 436 esse
2034 405 2195 437 infinitam
2223 408 2404 440 secundum
2428 410 2518 450 quid,

1439 451 1561 481 scilicet
1579 451 1612 481 in
1628 460 1687 481 sua
1710 451 1829 491 specie.
1844 468 1868 473 —
1883 450 2010 481 Dicitur
2025 451 2183 488 secundo,
2200 452 2292 492 quod
2309 462 2375 484 una
2393 455 2518 494 species

1438 495 1583 535 angelica
1605 504 1675 526 non
1693 495 1841 525 continet
1855 494 2092 535 perfectionem
2106 495 2311 528 infinitorum
2333 497 2518 529 individuo-

1437 549 1521 576 rum,
1546 540 1574 570 si
1596 545 1740 580 ponatur
1762 549 1831 570 non
1854 539 2086 581 multiplicata:
2111 541 2188 581 quia
2218 551 2287 572 non
2318 542 2427 573 solum
2448 552 2518 574 non

1439 590 1487 615 est
1508 590 1583 615 nata
1607 594 1677 615 esse
1700 585 1735 614 in
1758 583 1894 615 infinitis
1909 584 2094 623 individuis,
2117 586 2176 617 sed
2190 595 2252 617 uec
2274 587 2310 617 in
2333 587 2473 618 duobus.

1493 629 1532 659 X.
1550 629 1602 659 Ad
1618 629 1772 660 ultimum
1788 629 1906 660 dicitur
1920 630 2039 670 primo,
2057 630 2148 671 quod
2164 631 2239 662 illos
2257 631 2410 662 articulos
2424 641 2518 663 revo-

1438 674 1523 704 cavit
1538 673 1722 715 Stephanus
1745 674 1932 705 Parisiensis
1947 674 2142 716 Episcopus,
2161 685 2250 707 anno
2266 676 2402 707 Domini
2422 677 2518 714 1325,

1437 719 1634 759 inquantum
1656 724 1795 759 tangunt
1817 718 1998 750 doctrinam
2022 719 2131 765 Sancti
2154 721 2314 752 Thomae.

1494 763 1621 795 Dicitur
1643 763 1800 800 secundo,
1824 763 1917 804 quod
1935 763 2083 795 doctrina
2105 765 2215 796 Sancti
2230 766 2381 798 Thomae
2399 776 2518 808 appro-

1438 808 1512 839 bata
1525 814 1572 839 est
1583 818 1642 849 per
1654 808 1837 839 Dominum
1845 808 2015 840 Urbanum
2023 809 2146 850 Papam
2155 810 2195 847 V,
2209 815 2241 841 et
2253 811 2410 843 Ioannem
2418 812 2517 842 XXII.

1438 852 1544 884 Immo
1562 859 1594 884 et
1605 853 1644 884 ab
1658 853 1802 890 Urbano,
1815 854 1850 884 in
1862 854 2080 894 extravaganti
2092 863 2178 895 quae
2188 852 2315 896 incipit,
2327 856 2518 888 Laudabilis

1437 897 1530 929 Deus
1546 898 1579 928 in
1603 897 1734 929 Sanctis
1756 898 1825 929 suis
1837 899 1864 935 *‚
1887 897 2024 929 mirifice
2043 904 2091 929 est
2114 899 2344 931 commendata
2361 907 2518 943 tanquam

1438 942 1579 974 veridica
1603 948 1635 974 et
1651 943 1821 974 catholica.
1839 943 1945 974 Immo
1969 948 2002 974 et
2023 943 2191 975 mandavit
2205 950 2243 975 ut
2258 954 2330 975 eam
2346 952 2519 978 conaretur

1438 988 1516 1018 totis
1538 988 1660 1019 viribus
1683 987 1851 1018 Tolosana
1873 988 2065 1019 universitas
2088 989 2256 1030 ampliare.
2281 989 2359 1021 Ideo
2386 990 2427 1022 de
2457 991 2519 1022 illis

1439 1033 1582 1064 articulis
1605 1042 1674 1064 non
1698 1038 1747 1064 est
1769 1033 1866 1063 nobis
1889 1033 2082 1064 curandum.

1495 1077 1622 1108 Dicitur
1644 1078 1740 1108 tertio
1759 1077 1852 1118 quod
1874 1077 1921 1108 illi
1937 1078 2063 1109 articuli
2086 1083 2164 1109 sunt
2178 1078 2300 1110 directe
2323 1084 2436 1110 contra
2459 1079 2519 1111 do·

1439 1123 1576 1153 ctrinam
1592 1121 1882 1159 Commentatoris,
1906 1123 2046 1154 tenentis
2061 1132 2131 1154 non
2146 1132 2244 1164 posse
2259 1124 2443 1155 intellectus
2458 1125 2519 1156 hu-

1438 1177 1555 1198 manos
1570 1167 1779 1208 multiplicari
1794 1167 1978 1198 secundum
1998 1176 2186 1204 numerum,
2207 1173 2342 1210 propter
2364 1169 2435 1200 eius
2457 1170 2518 1201 im-

1438 1212 1697 1243 materialitatem
1708 1213 1736 1242 *.
1759 1211 1856 1243 Unde
1878 1221 1993 1243 sensus
2015 1213 2112 1253 primi
2135 1213 2263 1244 articuli
2285 1219 2334 1245 est
2355 1213 2448 1254 quod
2471 1220 2519 1246 est

1440 1267 1529 1288 error
1544 1257 1651 1288 dicere
1667 1256 1768 1298 quod,
1783 1257 1860 1297 quia
1873 1257 2107 1298 intelligentiae
2117 1267 2188 1289 non
2202 1258 2324 1289 habent
2338 1259 2518 1297 materiam,

1438 1307 1595 1343 tanquam
1615 1301 1738 1333 scilicet
1752 1307 1880 1342 partem
1895 1311 1973 1333 suae
1991 1302 2199 1340 substantiae,
2215 1303 2306 1334 Deus
2323 1313 2393 1335 non
2408 1310 2520 1345 posset

1438 1347 1549 1388 plures
1565 1346 1712 1378 eiusdem
1727 1347 1849 1387 speciei
1868 1346 1985 1378 facere.
2002 1346 2158 1378 Similiter
2170 1347 2336 1379 secundus
2352 1354 2385 1380 et
2406 1350 2520 1381 tertius

1439 1397 1487 1423 est
1510 1391 1740 1432 intelligendus
1763 1391 1805 1422 de
1827 1392 1962 1423 materia
1985 1401 2070 1432 quae
2093 1397 2143 1424 est
2163 1402 2238 1434 pars
2252 1393 2301 1424 rei
2322 1393 2519 1435 multiplica—

1439 1437 1521 1468 bilis.
1546 1436 1607 1467 Vel
1631 1437 1729 1468 etiam
1748 1446 1866 1468 omnes
1887 1437 2089 1478 intelligendi
2103 1443 2182 1468 sunt
2199 1437 2240 1469 de
2255 1439 2391 1470 materia
2412 1449 2432 1470 a
2453 1448 2520 1480 qua

1438 1481 1545 1513 forma
1556 1481 1739 1513 secundum
1752 1491 1822 1512 esse
1838 1481 2012 1523 dependet.
2025 1500 2048 1505 -—
2059 1482 2162 1514 Nullo
2173 1488 2285 1514 autem
2295 1483 2434 1515 istorum
2445 1493 2519 1515 mo—

1439 1526 1558 1558 dorum
1581 1527 1783 1568 assignamus
1805 1536 1868 1558 nos
1890 1535 1952 1568 pro
1972 1535 2070 1558 causa
2092 1527 2422 1569 immultiplicationis
2441 1529 2519 1560 aub-

1438 1572 1629 1602 stantiarum
1651 1577 1871 1613 separatarum
1888 1572 2205 1610 immaterialitatem,
2220 1573 2346 1605 scilicet
2361 1582 2432 1605 non
2447 1582 2519 1606 ease

1437 1617 1523 1658 ipsas
1547 1617 1748 1658 compositas
1764 1626 1803 1648 ex
1818 1617 1953 1648 materia
1969 1622 2001 1648 et
2023 1616 2139 1657 forma,
2162 1623 2220 1649 aut
2240 1627 2311 1649 non
2335 1618 2519 1660 dependeoee

1440 1671 1458 1692 a
1480 1662 1615 1693 materia
1630 1661 1814 1693 secundum
1833 1670 1918 1693 esse:
1942 1662 1999 1693 sed
2015 1671 2086 1693 esse
2109 1671 2162 1693 eas
2181 1663 2320 1694 omnino
2344 1673 2363 1694 a
2384 1665 2519 1696 materia

1439 1711 1610 1747 separatas,
1627 1707 1704 1748 quia
1719 1705 1870 1738 videlicet
1888 1715 1998 1748 neque
2014 1712 2090 1738 sunt
2105 1708 2310 1749 compositae
2326 1717 2365 1739 ex
2384 1709 2519 1740 materia

1438 1757 1471 1782 et
1486 1750 1602 1788 forma,
1613 1760 1724 1792 neque
1739 1751 1928 1792 dependent
1938 1761 1957 1783 a
1968 1753 2103 1783 materia
2117 1752 2300 1784 secundum
2312 1762 2394 1791 esse,
2409 1762 2519 1796 neque

1438 1801 1515 1826 sunt
1538 1795 1663 1827 formae
1686 1796 1799 1837 aliquo
1822 1796 1926 1828 modo
1949 1795 2064 1828 dantes
2087 1806 2157 1828 esse
2180 1798 2346 1829 materiae.

1494 1841 1621 1872 Dicitur
1643 1840 1774 1878 ultimo,
1791 1841 1883 1882 quod
1906 1842 1959 1872 isti
1978 1841 2106 1873 articuli
2128 1847 2299 1883 ponuntur
2322 1847 2437 1874 cona-a
2451 1851 2519 1884 po—

1438 1891 1552 1916 nentes
1567 1884 1659 1926 quod
1675 1885 1826 1917 absolute
1841 1885 1970 1917 divinae
1986 1886 2248 1927 omnipotentiae
2265 1890 2429 1928 repugnat
2440 1893 2519 1929 pto-

1438 1928 1558 1961 ducere
1581 1929 1675 1970 plura
1698 1929 1866 1962 individua
1888 1931 1923 1961 in
1945 1936 2062 1962 natura
2083 1931 2300 1963 immateriali.
2322 1932 2395 1964 Noa
2406 1937 2520 1974 mm

1438 1974 1502 2005 hoc
1525 1983 1595 2005 non
1611 1973 1761 2012 dicimus,
1777 1980 1814 2006 ut
1837 1975 1943 2016 patuit
1954 1976 1982 2006 ·.
2006 1974 2103 2007 Unde
2119 1975 2196 2007 dicti
2212 1976 2339 2008 articuli
2358 1986 2429 2009 non
2442 1982 2520 2011 nmt

1438 2023 1551 2050 contra
1573 2025 1720 2050 mentem
1743 2019 1853 2051 Sancti
1876 2019 2037 2052 Thomae.

1340 2130 1341 2133 n
1365 2113 1455 2159 ,w

615 2265 1109 2324 CAPITULUM
1144 2265 1755 2324 NONAGESIMUM
1792 2266 2200 2346 QUARTUM

340 2395 512 2449 QUOD
547 2395 937 2438 susssrANnA
966 2395 1295 2438 SEPARATA
1329 2394 1409 2436 ET
1438 2395 1638 2437 ANIMA
1672 2395 1802 2437 NON
1837 2394 2002 2438 SUNT
2034 2394 2222 2439 umus
2255 2395 2486 2441 SPEC’lEI

387 2543 450 2561 ,,
493 2522 540 2547 x
569 2509 628 2547 his
660 2518 790 2548 autem
825 2508 986 2547 ulterius
1020 2509 1238 2548 ostenditur
1271 2510 1380 2560 quod

337 2576 345 2594 r
379 2556 442 2608 μζ
452 2549 501 2606 23
532 2563 662 2602 anima
689 2575 771 2602 non
800 2571 856 2601 est
893 2563 1070 2603 eiusdem
1108 2563 1250 2614 speciei
1287 2575 1382 2601 cum

334 2627 351 2661 23
382 2616 499 2669 gfff-⁴41,
531 2617 751 2656 substantiis
779 2616 975 2668 separatis.

344 2671 351 2694 ‘²
381 2673 382 2676 ’
412 2664 495 2704 Ψ
583 2670 712 2709 Maior
749 2671 855 2709 enim
888 2679 944 2709 est
977 2670 1195 2710 differentia
1226 2670 1381 2710 animae

307 2723 502 2761 humanae
526 2737 550 2762 a
568 2724 780 2763 substantia
798 2733 975 2776 separata
1003 2737 1124 2775 quam
1153 2725 1271 2764 unius
1290 2725 1380 2764 sub-

308 2777 464 2815 stantiae
493 2786 689 2828 separatae
715 2779 764 2817 ab
793 2779 877 2817 alia.
899 2779 977 2817 Sed
1006 2778 1242 2832 substantiae
1271 2791 1380 2830 sepa-

308 2838 410 2868 ratae
438 2842 576 2870 omnes
610 2833 660 2870 ad
697 2832 866 2871 invicem
901 2833 1073 2884 speciem
1108 2833 1304 2880 differunt,
1338 2841 1381 2871 ut

309 2892 509 2923 ostensum
536 2894 592 2924 est
605 2886 636 2924 ²¹².
666 2887 792 2925 Multo
817 2887 930 2937 igitur
948 2886 1071 2937 magis
1090 2887 1303 2926 substantia
1322 2899 1380 2926 se-

308 2946 438 2988 parata
465 2939 514 2977 ab
543 2939 685 2978 anima.

360 2993 549 3043 Amplius.
567 2995 835 3045 Unaquaeque
855 3006 915 3033 res
934 2994 1052 3032 habet
1070 2994 1276 3045 proprium
1295 3007 1380 3033 esse

309 3047 524 3085 secundum
553 3047 743 3086 rationem
763 3060 856 3086 suae
885 3047 1045 3099 speciei:
1071 3061 1244 3099 quorum
1271 3048 1379 3087 enim

309 3108 363 3138 est
390 3100 541 3139 diversa
561 3101 655 3140 ratio
676 3102 839 3149 essendi,
860 3102 1003 3141 horum
1034 3111 1091 3140 est
1119 3102 1273 3141 diversa
1292 3114 1379 3154 spe-

308 3153 394 3191 cies.
425 3154 519 3192 Esse
539 3163 670 3194 autem
690 3155 843 3194 animae
863 3157 1062 3194 humanae
1082 3164 1118 3194 et
1142 3156 1379 3195 substantiae

309 3216 503 3257 separatae
540 3221 621 3246 non
654 3217 709 3247 est
743 3209 860 3247 unius
895 3209 1069 3248 rationis:
1100 3222 1193 3248 nam
1226 3210 1267 3248 in
1295 3223 1378 3249 esse

308 3261 540 3299 substantiae
575 3271 772 3312 separatae
805 3275 887 3301 non
922 3271 1048 3315 potest
1084 3263 1378 3303 communicare

307 3325 459 3364 corpus,
488 3314 585 3353 sicut
603 3324 727 3365 potest
746 3317 1039 3355 communicare
1057 3316 1098 3355 in
1117 3329 1201 3355 esse
1225 3317 1379 3357 animae

309 3367 514 3415 humanae,
552 3381 652 3418 quae
690 3370 909 3408 secundum
941 3383 1025 3409 esse
1058 3370 1191 3409 unitur
1224 3370 1377 3422 corpori

308 3427 350 3456 ut
367 3421 491 3459 forma
519 3422 712 3461 materiae.
734 3423 877 3462 Anima
905 3423 1018 3474 igitur
1045 3425 1221 3463 humana
1250 3425 1377 3464 differt

309 3473 434 3521 specie
462 3487 485 3512 a
513 3475 731 3514 substantiis
760 3477 955 3527 separatis.

362 3527 512 3565 Adhuc.
543 3529 662 3575 Quod
691 3530 806 3567 habet
840 3532 1059 3570 secundum
1089 3530 1262 3582 seipsum
1291 3545 1375 3582 spe·
1393 3551 1419 3565 ιο

362 3639 378 3663 b
391 3646 401 3664 1
423 3648 475 3666 non
493 3647 623 3677 potest...
644 3651 657 3668 2
672 3645 786 3678 speciem
806 3646 867 3671 hom
880 3653 923 3672 om
937 3647 1017 3673 NYZ.

309 3674 397 3700 tiis...
416 3683 431 3707 7
451 3677 544 3709 speciei
562 3685 621 3703 cum
641 3679 701 3704 hom
720 3687 763 3705 om
783 3681 838 3706 GZ.
931 3689 963 3716 ¹9
981 3681 1070 3716 uniual
1089 3683 1209 3709 eiusdem
1229 3683 1281 3710 ΝΖ.

1090 3654 1103 3672 ²
1123 3647 1181 3681 ned}
1200 3655 1254 3674 non
1273 3647 1355 3680 nv&
1374 3649 1410 3683 cf.
1429 3657 1487 3676 ναν.
1502 3649 1632 3682 praeced.

1437 2509 1550 2557 ciem,
1579 2522 1660 2548 non
1688 2517 1816 2560 potest
1847 2521 1931 2548 esse
1964 2509 2143 2549 eiusdem
2178 2510 2319 2562 speciei
2346 2523 2441 2550 cum
2460 2524 2518 2551 :eo

1437 2564 1546 2615 quod
1574 2575 1656 2602 non
1684 2563 1803 2602 habet
1830 2564 2051 2603 secundum
2078 2577 2120 2603 se
2153 2564 2336 2616 speciem,
2365 2566 2434 2604 sed
2461 2574 2518 2604 est

1435 2629 1526 2668 pars
1545 2617 1700 2669 speciei.
1721 2617 1945 2657 Substantia
1963 2625 2096 2657 autem
2114 2626 2292 2670 separata
2312 2619 2431 2658 habet
2445 2630 2520 2672 per

1435 2671 1606 2722 seipsam
1631 2671 1819 2723 speciem:
1848 2671 1981 2711 anima
1999 2680 2132 2711 autem
2150 2685 2244 2719 non,
2264 2672 2333 2712 sed
2351 2681 2410 2723 est
2425 2684 2518 2726 pars

1404 2741 1413 2762 x
1437 2725 1579 2776 speciei
1593 2727 1804 2765 humanae.
1816 2725 2060 2777 Impossibile
2072 2734 2130 2764 est
2142 2725 2257 2776 igitur
2266 2727 2377 2778 quod
2385 2727 2518 2790 anima

1437 2780 1484 2818 sit
1502 2780 1680 2818 eiusdem
1699 2779 1842 2831 speciei
1861 2792 1954 2819 cum
1973 2780 2197 2819 substantiis
2215 2780 2417 2832 separatis:
2440 2781 2518 2820 nisi

1436 2834 1532 2872 forte
1561 2834 1685 2873 homo
1705 2842 1804 2872 esset
1823 2834 2000 2873 eiusdem
2019 2833 2163 2886 speciei
2181 2845 2275 2874 cum
2303 2834 2385 2882 illis,
2406 2835 2516 2887 quod

1435 2896 1540 2939 patet
1567 2900 1651 2927 esse
1679 2887 1933 2940 impossibile.

1491 2943 1705 2981 Praeterea.
1726 2942 1786 2981 Ex
1805 2941 1964 2993 propria
1983 2941 2210 2993 operatione
2229 2941 2286 2981 rei
2303 2941 2518 2995 percipitur

1396 3015 1422 3030 to
1435 2995 1585 3047 species
1612 2996 1714 3035 eius:
1736 2995 1912 3047 operatio
1932 2995 2039 3034 enim
2057 2996 2300 3035 demonstrat
2319 2995 2515 3043 virtutem,

1435 3062 1538 3101 quae
1566 3050 1710 3089 indicat
1737 3050 1957 3088 essentiam.
1987 3049 2151 3100 Propria
2178 3057 2312 3088 autem
2340 3050 2516 3101 operatio

1435 3104 1671 3143 substantiae
1699 3111 1898 3155 separatae
1926 3111 1963 3142 et
1981 3103 2146 3142 *animae
2175 3102 2430 3143 intellectivae
2457 3111 2516 3142 est

1434 3157 1655 3207 intelligere.
1690 3158 1759 3197 Est
1791 3165 1924 3196 autem
1953 3156 2118 3196 omnino
2151 3156 2249 3196 alius
2281 3157 2426 3197 modus
2455 3155 2513 3195 ln·

1434 3211 1628 3262 telligendi
1655 3211 1891 3250 substantiae
1919 3218 2119 3262 separatae
2147 3218 2185 3250 et
2216 3210 2389 3250 animae:
2416 3222 2512 3249 nam

1395 3283 1418 3304 ις
1433 3265 1567 3304 anima
1584 3265 1754 3315 intelligit
1772 3278 1796 3304 a
1815 3264 2152 3316 phantasmatibus
2165 3263 2410 3315 accipiendo;
2430 3275 2512 3303 non

1434 3327 1567 3358 autem
1595 3319 1809 3357 substantia
1837 3326 2024 3370 separata,
2049 3330 2143 3358 cum
2169 3329 2253 3356 non
2280 3317 2423 3355 habeat
2450 3329 2513 3355 or·

1433 3384 1533 3423 gana
1560 3384 1761 3424 corporea,
1790 3372 1830 3411 in
1858 3372 2004 3424 quibus
2031 3378 2185 3423 oportet
2215 3381 2300 3408 esse
2328 3371 2512 3422 phantas-

1433 3434 1549 3465 mata.
1579 3427 1674 3465 Non
1703 3435 1793 3465 sunt
1821 3425 1934 3476 igitur
1967 3425 2099 3464 anima
2132 3424 2309 3462 humana
2347 3432 2384 3463 et
2420 3425 2512 3463 sub-

1434 3479 1569 3518 stantia
1598 3489 1774 3532 separata
1802 3478 1920 3518 unius
1947 3477 2101 3530 speciei.

1707 3649 1722 3675 3
1741 3648 1936 3675 Substantia...
1957 3646 1970 3672 5
1985 3646 2082 3680 speciei
2101 3647 2162 3673 hom
2181 3654 2224 3673 om
2245 3647 2278 3675 G.
2351 3646 2368 3674 6
2386 3647 2511 3674 subann—

2546 902 2762 927 ‘eutarius-ord.

2546 929 2704 985 &gaso-ae&
2721 935 2764 953 ιιι.

2544 1218 2556 1228 ·
2570 1217 2608 1240 α’.
2625 1223 2675 1247 cap.
2690 1223 2764 1241 mv,

2546 1981 2557 1992 '
2570 1980 2642 2004 Num.
2653 1987 2686 2008 vr,
2700 1987 2726 2010 3.
