2742 4152
842 260 1031 297 SUMMA
1061 260 1587 311 CONTRAGENTILES,
1618 265 1732 302 CAR·
1750 267 1844 303 XIII.

248 339 275 370 II
300 339 453 380 Metaph„
478 345 553 370 text.
579 339 610 376 6,
634 339 704 369 talis
728 344 784 369 est.
817 339 851 369 In
882 340 986 369 causis
1017 338 1228 369 efficientibus
1252 349 1319 370 non

248 383 435 425 proceditur
457 385 491 414 in
514 383 689 414 infinitum.
713 383 800 424 Ergo
825 389 872 414 est
896 383 1046 414 devenire
1071 383 1111 414 ad
1133 393 1233 414 unam
1257 385 1319 424 pri-

247 438 346 459 mam.
372 428 481 466 Quam
505 427 642 459 dicimus
666 428 784 459 Deum.
1190 442 1192 447 ·

275 502 279 507 ,
303 473 462 504 Probatur
482 473 685 503 antecedens.
709 471 743 503 Si
767 477 857 503 eatur
878 472 912 502 in
935 471 1109 508 infinitum,
1133 471 1222 502 nulla
1245 481 1320 502 cau-

246 527 356 548 sarum
380 518 439 555 erit
452 517 574 558 ,pi-ima.
599 517 685 558 Ergo
709 525 824 547 omnes
848 516 927 547 aliae
951 516 1116 552 tollentur,
1138 525 1222 557 quae
1246 522 1321 547 sunt

247 561 384 593 mediae.
401 561 476 592 Hoc
493 567 540 592 est
555 561 681 592 falsum.
694 560 781 601 Ergo
795 566 857 591 etc.-
867 578 891 583 -
902 560 1060 591 Probatur
1076 561 1319 601 consequentia.-

247 606 335 646 Quia
357 607 390 637 in
415 606 519 637 causis
550 605 761 636 efficientibus
794 605 947 636 ordinatis
978 606 1120 645 primum
1151 611 1198 636 est
1226 614 1321 636 causa

246 651 356 687 medii,
374 656 406 682 et
419 650 570 686 ,medium
593 650 709 680 ultimi.
734 650 872 680 Remota
888 655 997 681 autem
1014 659 1119 687 causa,
1136 655 1322 680 removetur

247 695 280 726 id
304 695 397 726 cuius
420 699 476 726 est
491 702 597 734 causa.
639 699 642 702 ’

301 738 401 770 XXII.
425 738 576 770 Secunda
599 743 655 769 est.
686 738 744 769 Est
767 738 889 779 aliquid
915 738 1053 769 maxime
1077 748 1200 769 verum.
1234 739 1320 779 Ergo

247 789 280 815 et
303 782 426 824 aliquid
448 783 588 814 maxime
612 793 679 814 ens·
703 783 744 814 Et
767 784 833 814 hoc
855 783 993 814 dicimus
1016 783 1134 814 Deum.

303 829 395 860 Patet
418 828 652 869 consequentia
675 837 715 858 ex
738 827 765 858 II
782 828 936 869 Metaph„
958 833 1033 858 text.
1050 837 1082 867 4,
1107 827 1162 858 ubi
1187 827 1322 857 habetur

248 872 340 914 quod
361 873 502 904 maxime
523 882 599 904 vera
618 878 693 904 sunt
717 873 857 904 maxime
873 873 969 904 entia.
986 890 1008 894 -
1023 871 1229 903 Antecedens
1244 881 1321 902 vero

246 916 428 949 ostenditur
443 917 487 948 1V
503 917 658 958 Metaph„
673 922 749 948 text.
771 917 820 954 18,
837 926 875 948 ex
890 917 960 947 hoc
971 916 1062 957 quod
1077 915 1224 948 videmus
1240 915 1322 947 duo-

246 971 321 993 rum
332 961 489 993 falsorum
499 971 605 993 unum
620 971 688 993 esse
705 962 805 992 altero
821 961 922 1002 magis
937 960 1064 992 falsum.
1081 960 1176 992 Unde
1193 966 1323 1002 oportet

247 1010 284 1038 ut
308 1007 406 1037 etiam
428 1007 565 1038 alterum
589 1006 688 1038 altero
711 1007 818 1037 verius
850 1006 900 1036 sit.
931 1004 1033 1043 Quod
1063 1010 1111 1036 est
1141 1005 1322 1036 secundum

247 1052 564 1093 approximationem
587 1050 628 1082 ad
649 1050 684 1082 id
699 1050 791 1091 quod
813 1055 861 1081 est
884 1051 1024 1081 maxime
1047 1059 1171 1081 verum.

305 1106 336 1127 2.
360 1095 412 1127 Ad
428 1095 623 1128 evidentiam
643 1095 740 1126 huius
763 1095 895 1126 rationis
918 1094 1190 1126 considerandum
1213 1099 1270 1131 est,
1286 1099 1323 1125 ut

247 1140 383 1172 habetur
411 1150 430 1171 a
459 1140 578 1172 Sancto
603 1139 734 1171 Th0ma
757 1139 795 1176 1⁸,
819 1149 851 1180 q.
878 1149 960 1175 xmx,
983 1140 1013 1176 3,
1037 1138 1077 1170 ad
1101 1139 1131 1176 3,
1155 1145 1187 1170 et
1207 1139 1234 1170 1·
1257 1139 1322 1175 ΙΨ,

249 1194 280 1226 q.
297 1194 372 1222 xxxx,
389 1194 417 1216 a.
435 1194 466 1221 2,
483 1183 524 1217 ad
545 1193 571 1222 1,
588 1183 680 1225 quod
695 1183 786 1216 aliter
805 1184 967 1216 invenitur
990 1185 1092 1225 magis
1115 1190 1147 1215 et
1165 1184 1274 1215 minus
1289 1184 1323 1214 in

247 1229 297 1260 his
316 1238 408 1270 quae
432 1227 472 1260 ad
495 1228 731 1270 perfectionem
757 1229 929 1270 pertinent,
954 1233 986 1259 et
1008 1229 1098 1260 aliter
1120 1229 1154 1259 in
1177 1229 1215 1259 iis
1239 1237 1323 1269 quae

246 1273 412 1305 defectum
427 1274 615 1317 important.
634 1273 718 1304 Nam
734 1273 768 1304 in
792 1273 830 1304 iis
846 1283 930 1314 quae
949 1273 1183 1314 perfectionem
1200 1272 1322 1310 dicunt,

193 1352 197 1353 ⁷
248 1317 431 1350 attenditur
445 1319 547 1359 magis
570 1323 603 1349 et
625 1318 744 1354 minus,
769 1318 836 1349 sive
859 1319 999 1349 intensio
1025 1323 1056 1349 et
1082 1319 1238 1354 remissio,
1266 1327 1324 1359 per

248 1363 527 1405 comparationem
560 1368 592 1394 et
620 1371 788 1394 accessum
821 1363 980 1394 maiorem
1006 1363 1059 1394 vel
1092 1364 1254 1394 minorem
1284 1362 1324 1394 ad

248 1407 383 1450 aliquod
396 1417 582 1440 summum:
599 1408 683 1438 sicut
697 1407 815 1438 dicitur
829 1408 931 1448 magis
946 1407 1093 1439 lucidum
1117 1407 1208 1449 quod
1223 1408 1324 1448 magis

248 1453 490 1495 appropinquat
505 1461 633 1484 summe
648 1451 770 1489 lucido,
785 1457 816 1483 et
831 1453 939 1484 minus
951 1452 1098 1484 lucidum
1114 1451 1205 1493 quod
1216 1453 1324 1483 minus

247 1498 499 1542 appropinquat.
526 1496 563 1528 In
589 1497 769 1538 privatione
797 1502 906 1528 autem
934 1502 966 1527 et
992 1496 1121 1529 defectu
1152 1496 1325 1528 attenditur

248 1551 307 1584 per
335 1551 499 1574 recessum
529 1551 548 1572 a
578 1550 708 1572 summo
740 1546 772 1572 et
801 1541 963 1582 perfecto:
997 1551 1037 1573 eo
1069 1541 1160 1582 quod
1186 1543 1323 1582 privatio

248 1585 410 1628 quaedam
422 1587 561 1619 remotio
577 1587 627 1617 sit.
640 1585 729 1617 Cum
744 1595 822 1627 ergo
837 1586 1015 1618 induxisset
1029 1586 1167 1618 Sanctus
1179 1587 1325 1617 Thomas

249 1641 288 1663 ex
312 1631 356 1663 IV
380 1631 523 1673 Metaph.
551 1630 643 1672 quod
673 1630 815 1663 duorum
847 1629 1002 1662 falsorum
1033 1641 1138 1663 unum
1161 1632 1201 1663 sit
1224 1631 1324 1662 altero

325 1676 332 1684 ”
375 1675 503 1713 falsum,
526 1684 596 1707 non
619 1675 781 1708 conclusit
803 1675 890 1707 istud
911 1675 1057 1707 accidere
1079 1685 1138 1717 per
1158 1685 1325 1708 accessum

247 1719 290 1754 ad
312 1721 436 1763 aliquid
457 1730 585 1752 summe
606 1719 735 1758 falsum,
752 1730 829 1752 cum
852 1720 969 1752 falsum
992 1721 1026 1752 in
1048 1721 1228 1762 privatione
1245 1731 1325 1752 con-

248 1767 354 1798 sistat:
379 1765 436 1798 sed
459 1766 626 1807 ingeniose
650 1765 816 1797 subiunxit
841 1770 982 1807 propter
1006 1765 1069 1796 hoc
1095 1770 1247 1807 oportere
1276 1766 1325 1797 al-

249 1815 354 1842 terum
377 1811 484 1842 altero
509 1810 618 1841 verius
641 1820 719 1846 esse,
744 1815 842 1851 atque
864 1809 985 1841 idcirco
1009 1815 1166 1851 oportere
1184 1820 1252 1842 esse
1268 1810 1325 1842 ali-

247 1855 341 1897 quod
363 1856 578 1892 verissimum,
601 1863 660 1895 per
689 1864 856 1886 accessum
879 1854 919 1886 ad
949 1854 1041 1895 quod
1073 1855 1195 1896 aliquid
1218 1856 1325 1886 verius

247 1905 305 1932 aut
327 1900 436 1931 minus
459 1909 574 1931 verum
597 1899 731 1936 dicatur,
756 1904 788 1931 et
810 1909 868 1940 per
891 1908 1055 1930 recessum
1073 1909 1091 1930 a
1111 1909 1179 1940 quo
1203 1900 1325 1940 aliquid

247 1945 349 1976 altero
372 1945 474 1985 magis
498 1943 614 1975 falsum
638 1944 687 1975 sit.

306 1989 336 2020 3.
360 1988 606 2020 Advertendum
630 1997 765 2029 quoque
789 1986 889 2028 quod,
914 1997 990 2018 cum
1017 1987 1139 2019 multae
1163 1989 1226 2019 sint
1249 1998 1324 2029 pro-

248 2034 399 2075 prietates
415 2042 499 2074 quae
515 2033 576 2064 soli
599 2033 672 2064 Deo
692 2032 903 2068 conveniunt,
921 2031 1096 2073 aliquando
1112 2033 1247 2064 nomine
1261 2033 1326 2064 Dei

248 2078 357 2120 plures
388 2077 485 2109 simul
515 2078 584 2108 eius
607 2078 818 2118 proprietates
841 2077 882 2107 ab
905 2077 1066 2118 aliquibus
1089 2087 1149 2118 pro
1180 2078 1249 2108 eius
1276 2087 1325 2108 ra—

247 2123 338 2154 tione
363 2123 573 2164 explicantur,
590 2122 765 2163 aliquando
781 2131 858 2152 vero
876 2131 951 2158 una,
968 2121 1143 2162 aliquando
1159 2131 1236 2152 vero
1253 2122 1323 2153 alia.

248 2166 338 2199 Cum
354 2177 431 2208 ergo
445 2176 514 2198 esse
530 2168 679 2198 omnium
696 2167 821 2197 entium
837 2175 968 2197 causam
983 2166 1044 2197 soli
1055 2166 1128 2197 Deo
1141 2167 1323 2203 conveniat,

248 2212 394 2243 similiter
417 2220 584 2242 summum
609 2217 640 2242 et
663 2211 934 2252 perfectissimum
950 2212 1074 2242 entium
1098 2220 1177 2246 esse,
1203 2211 1325 2242 Aristo-

249 2256 339 2292 tetes,
351 2256 379 2287 11
395 2257 550 2297 Aietaph„
568 2256 645 2296 quia
659 2255 748 2296 apud
763 2255 979 2296 philosophos
994 2255 1128 2286 nomine
1145 2255 1206 2286 Dei
1221 2257 1325 2296 prima

248 2302 400 2333 omnium
416 2310 513 2333 causa
526 2300 774 2341 intelligebatur,
790 2299 957 2331 concludit
974 2305 1126 2341 oportere
1142 2309 1210 2330 esse
1226 2309 1326 2331 unam

249 2346 389 2387 primam
412 2355 544 2378 causam
559 2346 720 2381 omnium,
738 2354 776 2375 ex
792 2354 833 2376 eo
857 2344 949 2386 quod
972 2350 1103 2385 oportet
1118 2354 1188 2375 esse
1203 2344 1326 2385 aliquid

249 2390 342 2432 quod
365 2391 406 2422 sit
427 2391 567 2421 maxime
591 2399 658 2426 ens,
683 2395 715 2421 et
737 2399 796 2430 per
819 2398 1024 2430 consequens
1043 2394 1194 2430 oportere
1218 2389 1326 2420 Deum

249 2445 330 2467 esse.
361 2435 497 2466 Sanctus
529 2434 676 2465 Thomas
706 2439 831 2470 autem,
861 2433 974 2465 videns
1004 2434 1163 2474 quoniam
1193 2439 1226 2464 et
1257 2443 1327 2465 esse

249 2481 390 2512 maxime
413 2489 470 2511 ens
493 2479 555 2511 soli
577 2480 650 2511 Deo
674 2479 838 2514 convenit,
862 2488 902 2510 eo
926 2478 1065 2520 probato
1087 2487 1157 2509 non
1179 2478 1327 2519 procedit

249 2525 394 2560 ulterius,
418 2534 495 2556 cum
517 2524 572 2555 illa
594 2524 664 2555 sola
679 2523 893 2555 conclusione
915 2528 1042 2554 constet
1064 2523 1238 2564 probatum
1257 2532 1327 2554 esse

250 2569 342 2611 quod
368 2569 458 2601 Deus
484 2569 534 2600 sit.
557 2585 582 2592 -
603 2569 672 2600 Aut
697 2569 805 2605 etiam,
829 2568 977 2599 brevitati
1002 2567 1146 2605 studens,
1171 2577 1247 2598 cum
1271 2567 1326 2599 de-

250 2614 376 2647 duxerit
398 2619 551 2655 oportere
574 2612 698 2654 aliquid
720 2622 790 2644 esse
813 2612 905 2654 quod
928 2613 968 2644 sit
990 2614 1130 2644 maxime
1151 2622 1218 2649 ens,
1234 2622 1326 2653 prae-

249 2659 406 2695 termittit,
429 2664 586 2699 tanquam
609 2667 648 2690 ex
677 2658 898 2700 metaphysica
927 2662 1051 2693 notam,
1079 2658 1326 2689 conclusionem

249 2705 290 2735 ab
314 2703 487 2734 Aristotele
507 2702 690 2738 deductam,
707 2702 828 2734 scilicet
843 2702 935 2743 quod
957 2712 1090 2734 necesse
1113 2703 1153 2733 sit
1177 2711 1246 2733 esse
1270 2702 1326 2733 ali-

250 2747 331 2790 quid
346 2747 437 2789 quod
451 2749 492 2779 sit
507 2748 658 2778 omnium
674 2757 784 2778 causa:
809 2756 887 2779 cum
909 2747 998 2788 quod
1020 2752 1068 2778 est
1090 2747 1233 2778 maxime
1249 2747 1324 2783 tale,

249 2794 294 2825 sit
315 2802 416 2825 causa
441 2792 586 2823 omnium
609 2792 764 2822 aliorum.

305 2837 420 2869 XXIII.
444 2837 489 2868 At
511 2838 596 2868 circa
615 2836 700 2867 dicta
723 2835 894 2876 dupliciter
909 2835 1082 2867 dubitatur.
1109 2835 1219 2867 Primo
1238 2836 1326 2867 enim

250 2892 320 2914 non
343 2881 470 2913 videtur
499 2890 612 2912 verum
641 2879 733 2921 quod
762 2890 867 2911 unum
899 2880 1000 2912 altero
1028 2881 1135 2911 verius
1158 2881 1208 2911 sit.
1241 2880 1326 2911 Nam

250 2927 367 2958 veritas
385 2925 546 2966 quaedam
569 2924 762 2965 adaequatio
778 2930 841 2961 est;
867 2929 899 2955 et
914 2934 971 2965 per
987 2934 1191 2965 consequens
1207 2934 1326 2965 aequa-

250 2971 322 3001 litas
346 2969 516 3011 quaedam.
533 2970 721 3010 Aequalitas
740 2974 850 3000 autem
865 2978 934 3000 non
949 2970 1084 3010 suscipit
1097 2970 1199 3009 magis
1215 2974 1247 3000 et
1264 2970 1325 3000 mi-

250 3025 323 3047 nus·
339 3033 363 3038 -
377 3015 447 3046 Nec
470 3014 554 3045 valet
576 3015 657 3045 haec
672 3014 922 3053 consequentia:
938 3013 1074 3044 Falsum
1089 3013 1210 3044 dicitur
1225 3023 1326 3045 unum

251 3060 358 3101 magis
381 3059 499 3095 altero,
521 3058 616 3100 Ergo
644 3063 676 3089 et
699 3068 820 3089 verum.
848 3057 1016 3096 Quoniam
1038 3057 1156 3088 falsitas
1180 3059 1327 3089 consistit

1375 341 1409 370 in
1421 340 1688 380 inadaequatione
1705 348 1735 372 et
1747 353 1873 374 recessu
1886 346 1924 375 ab
1938 347 2141 386 aequalitate:
2160 349 2316 389 contingit
2332 355 2440 380 autem

1376 394 1394 414 a
1417 384 1526 414 medio
1550 385 1768 426 multipliciter
1791 387 1915 419 distare.

1431 427 1592 464 Secundo,
1609 438 1678 459 non
1692 430 1818 461 videtur
1834 433 1977 464 Aureolo
1990 434 2006 450 ⁴*
2027 444 2100 465 vera
2119 436 2296 467 Aristotelis
2319 447 2439 478 propo-

1377 471 1448 501 sitio
1472 481 1532 512 pro
1549 472 1760 504 fundamento
1777 476 1906 506 rationis
1922 485 2093 518 assumpta,
2118 489 2216 520 quarn
2238 487 2345 513 tamen
2362 482 2440 513 San—

1377 520 1447 545 ctus
1474 515 1619 546 Thomas
1646 523 1739 554 tacet,
1763 519 1893 555 scilicet,
1930 521 2026 557 Quod
2057 529 2104 553 est
2126 526 2265 557 maxime
2296 527 2369 562 tale,
2394 533 2441 557 est

1377 567 1477 609 causa
1500 560 1654 591 aliorum.
1678 561 1762 592 Nam
1784 563 1899 593 albedo
1924 570 1970 595 est
1997 566 2263 605 perfectissimum
2286 571 2439 611 quiddam

1377 613 1410 634 in
1433 613 1550 644 genere
1574 605 1740 636 colorum:
1765 612 1796 636 et
1826 613 1934 638 tamen
1957 619 2024 639 non
2055 617 2101 641 est
2131 622 2224 643 causa
2251 615 2440 654 productiva

1377 648 1515 679 aliorum
1539 649 1698 686 colorum,
1722 656 1758 680 ut
1781 650 1820 681 de
1844 661 1876 682 se
1899 658 1996 693 patet.
2254 688 2257 690 ,

1429 693 1544 723 XXIV.
1561 693 1612 724 Ad
1631 694 1773 734 primum
1789 694 1904 726 dicitur
1919 697 2010 737 quod
2021 699 2144 735 veritas,
2158 701 2335 733 secundum
2351 703 2440 744 quod

1378 741 1425 766 est
1448 738 1482 767 in
1505 746 1549 773 re,
1573 737 1726 769 fundatur
1749 739 1782 769 in
1805 748 1874 770 esse
1889 741 1944 771 rei.
1961 741 2055 772 Unde
2078 744 2239 775 materiale
2261 747 2392 786 quidem
2407 749 2440 778 in

1377 782 1446 821 ipsa
1463 787 1510 812 est
1526 791 1595 812 esse
1615 783 1675 813 rei:
1700 782 1834 814 formale
1857 790 1966 815 autem
1990 791 2036 816 est
2059 787 2249 828 adaequatio
2266 790 2305 820 ad
2319 791 2441 823 intelle—

1378 831 1477 856 ctum.
1499 826 1678 867 Dupliciter
1693 837 1770 868 ergo
1786 837 1960 868 possumus
1983 829 2023 860 de
2046 832 2176 862 veritate
2193 834 2237 864 rei
2259 834 2360 874 loqui.
2377 836 2442 867 Aut

1378 870 1499 901 scilicet
1522 877 1681 912 quantum
1704 872 1744 902 ad
1770 874 1932 904 materiale
1955 880 2091 911 tantum,
2115 876 2263 908 videlicet
2286 886 2443 919 quantum

1378 914 1419 946 ad
1442 924 1520 946 esse.
1545 915 1586 946 Et
1608 917 1653 947 sic
1676 926 1745 946 non
1768 917 1955 948 inconvenit
1979 928 2082 950 unum
2106 930 2174 951 esse
2200 922 2299 953 altero
2322 925 2440 955 verius:

1378 960 1461 990 sicut
1483 969 1588 990 unum
1604 966 1651 991 est
1671 961 1770 991 altero
1793 961 1965 1002 perfectius
1989 972 2055 994 ens.
2080 964 2213 1005 Propter
2229 967 2319 1007 quod
2341 968 2443 1009 perfe-

1378 1004 1518 1034 ctissima
1550 1005 1674 1036 entium
1700 1005 1851 1036 dicuntur
1878 1007 2052 1038 verissima.
2076 1026 2100 1030 —
2121 1010 2187 1040 Aut
2215 1017 2372 1051 quantum
2405 1013 2443 1044 ad

1378 1047 1525 1085 formale,
1549 1050 1616 1080 sive
1649 1055 1807 1090 quantum
1831 1050 1872 1081 ad
1894 1053 2057 1083 materiale
2080 1058 2116 1083 ut
2138 1059 2198 1085 stat
2220 1056 2279 1086 sub
2306 1055 2443 1088 formali.

1378 1093 1420 1124 Et
1442 1094 1487 1124 sic
1511 1103 1616 1125 unum
1638 1104 1708 1126 non
1726 1100 1774 1126 est
1796 1095 1895 1126 altero
1920 1097 2035 1127 verius.
2066 1097 2334 1140 Unumquodque
2358 1103 2444 1133 enim

1378 1143 1491 1168 natum
1515 1144 1562 1169 est
1585 1138 1764 1180 adaequare
1783 1140 1843 1170 sibi
1858 1141 2057 1172 intellectum
2072 1152 2132 1173 suo
2148 1143 2263 1181 modo;
2281 1150 2312 1175 et
2327 1155 2445 1178 unum-

1379 1182 1536 1224 quodque
1548 1182 1658 1214 divino
1676 1184 1852 1215 intellectui
1864 1194 1924 1226 pro
1940 1195 1998 1216 sua
2014 1187 2143 1218 entitate
2159 1187 2367 1230 adaequatur;
2384 1201 2444 1222 nec

1378 1226 1448 1258 fieri
1462 1233 1571 1268 potest
1586 1234 1622 1259 ut
1637 1238 1742 1259 unum
1764 1229 1866 1270 magis
1889 1229 1988 1261 altero
2012 1231 2226 1273 adaequetur;
2251 1234 2333 1265 sicut
2357 1241 2388 1266 et
2411 1237 2444 1266 in

1379 1273 1610 1312 quantitatibus
1625 1282 1694 1304 non
1709 1274 1810 1313 magis
1833 1273 2029 1316 adaequatur
2051 1276 2176 1316 lignum
2191 1278 2302 1318 viginti
2321 1280 2445 1310 cubito-

1379 1325 1452 1347 rum
1463 1317 1553 1358 ligno
1565 1318 1677 1358 viginti
1690 1319 1874 1349 cubitorum
1887 1328 1985 1359 quam
1997 1320 2121 1360 lignum
2133 1323 2229 1352 unius
2242 1323 2340 1358 cubiti
2356 1324 2444 1364 ligno

1380 1362 1476 1392 unius
1500 1362 1611 1393 cubiti.
1626 1381 1650 1386 —
1671 1362 1821 1394 Obiectio
1845 1373 1921 1404 ergo
1946 1365 1979 1395 in
2002 1365 2146 1396 secundo
2170 1376 2266 1398 sensu
2289 1369 2444 1408 procedit.

1380 1407 1486 1438 Verba
1508 1412 1617 1438 autem
1641 1406 1750 1438 Sancti
1772 1408 1920 1439 Thomae
1943 1409 2085 1449 primum
2107 1411 2225 1442 habent
2248 1421 2388 1444 sensum.

1435 1451 1488 1482 Ad
1518 1450 1699 1483 secundum
1725 1452 1842 1484 dicitur
1873 1453 1964 1493 quod
1990 1463 2058 1484 non
2085 1460 2132 1485 est
2154 1465 2246 1486 mens
2268 1457 2446 1488 Aristotelis

1380 1495 1471 1536 quod
1493 1497 1598 1537 prima
1621 1502 1652 1527 et
1675 1497 1815 1528 nobilior
1838 1499 1960 1538 species
1984 1498 2118 1530 alicuius
2141 1501 2264 1539 generis
2290 1502 2330 1532 sit
2353 1511 2447 1532 causa

1380 1539 1571 1580 productiva
1582 1541 1716 1572 aliarum
1728 1543 1909 1582 specierum
1919 1542 2004 1573 illius
2019 1545 2157 1583 generis:
2175 1545 2319 1585 alioquin
2335 1546 2445 1582 homo,

1381 1595 1464 1626 quae
1488 1591 1536 1616 est
1558 1586 1757 1617 nobilissima
1787 1588 1910 1628 species
1933 1588 2131 1626 animalium,
2155 1594 2274 1620 ceteras
2304 1591 2447 1621 animalis

1380 1631 1503 1671 species
1527 1630 1676 1662 efficeret.
1702 1630 1766 1662 Sed
1788 1631 1879 1673 quod
1902 1633 1956 1662 ubi
1987 1633 2108 1673 aliquid
2135 1633 2365 1674 perfectissime
2392 1636 2447 1666 ali-

1381 1684 1446 1716 qua
1464 1675 1588 1706 ratione
1603 1676 1782 1717 participat,
1798 1682 1835 1708 ut
1849 1676 2030 1708 secundum
2045 1677 2133 1708 illam
2148 1679 2305 1709 rationem
2326 1678 2448 1710 dicatur

1380 1720 1519 1751 maxime
1547 1720 1620 1757 tale,
1653 1720 1733 1752 illud
1765 1727 1813 1752 est
1836 1731 1932 1752 causa
1963 1721 2108 1753 effectiva
2140 1723 2289 1754 omnium
2312 1723 2448 1755 aliorum

1380 1765 1575 1806 inquantum
1591 1771 1623 1796 et
1645 1765 1715 1806 ipsa
1737 1765 1790 1796 illa
1806 1766 1930 1797 ratione
1952 1767 2152 1808 participant.
2177 1767 2218 1798 Et
2238 1768 2301 1799 hoc
2324 1769 2358 1799 in
2374 1769 2448 1799 sub-

1380 1809 1503 1840 stantiis
1518 1809 1720 1850 intelligitur:
1740 1810 1806 1841 sive
1821 1811 1876 1841 illa
1891 1811 1971 1842 ratio
1987 1811 2168 1842 secundum
2184 1821 2283 1852 quam
2299 1812 2448 1844 dicuntur

1380 1855 1519 1885 maxime
1543 1854 1626 1890 talia,
1650 1855 1690 1885 sit
1712 1855 1927 1886 substantialis
1943 1856 2013 1892 sibi,
2029 1857 2096 1887 sive
2120 1856 2332 1888 accidentalis.
2348 1857 2448 1896 Quod

1381 1899 1468 1930 enim
1491 1899 1631 1930 maxime
1654 1899 1795 1931 calidum
1828 1906 1885 1937 est,
1916 1901 2065 1932 omnium
2096 1901 2231 1932 aliorum
2259 1901 2447 1938 calidorum,

1380 1944 1574 1984 inquantum
1599 1943 1700 1975 calida
1723 1950 1807 1980 sunt,
1832 1950 1879 1975 est
1902 1954 2007 1976 causa.
2032 1946 2099 1976 Etsi
2125 1947 2211 1976 enim
2235 1946 2342 1986 aliqua
2365 1947 2447 1977 cale-

1380 1987 1459 2019 fiant
1474 1988 1598 2018 lumine
1621 1988 1707 2024 solis,
1724 1994 1780 2019 aut
1795 1989 1834 2019 ab
1858 1989 1968 2030 aliquo
1984 1990 2047 2020 alio
2063 1989 2153 2030 quod
2175 1999 2243 2020 non
2266 1991 2306 2021 sit
2329 1990 2447 2022 forma-

1381 2032 1452 2063 liter
1475 2031 1626 2069 calidum,
1643 2032 1795 2064 calefiunt
1810 2039 1917 2064 tamen
1934 2034 1973 2064 ab
1989 2034 2045 2064 illo
2061 2035 2255 2074 inquantum
2274 2035 2447 2066 virtualiter

1380 2078 1499 2118 ignem,
1524 2076 1615 2117 quod
1639 2083 1686 2107 est
1716 2078 1865 2109 omnium
1896 2087 2072 2119 corporum
2102 2078 2340 2116 calidissimum,
2368 2089 2446 2110 con·

1380 2123 1470 2152 tinet.
1487 2139 1508 2144 -
1524 2121 1651 2152 Albedo
1667 2127 1775 2152 autem
1791 2132 1898 2163 neque
1915 2123 2089 2154 substantia
2105 2129 2161 2159 est,
2178 2133 2285 2163 neque
2308 2125 2445 2155 maxime

1381 2166 1473 2197 color
1496 2165 1622 2202 dicitur,
1646 2166 1720 2197 licet
1743 2167 1783 2197 sit
1806 2167 2036 2207 perfectissima
2061 2167 2177 2198 coloris
2201 2169 2339 2208 species:
2364 2170 2447 2199 sicut

1381 2220 1442 2241 nec
1465 2211 1566 2241 homo
1591 2212 1730 2241 maxime
1746 2211 1863 2242 animal
1883 2211 2007 2248 dicitur,
2032 2221 2107 2242 cum
2131 2212 2211 2242 ratio
2235 2213 2379 2243 animalis
2395 2223 2446 2243 ae-

1382 2255 1517 2296 qualiter
1540 2255 1579 2285 ab
1603 2256 1756 2286 omnibus
1778 2256 1995 2296 participetur,
2013 2257 2159 2297 quamvis
2179 2256 2447 2296 perfectissimum

1382 2299 1571 2330 animalium
1593 2299 1643 2330 sit.

1436 2344 1536 2374 XXV.
1562 2343 1682 2375 Ultima
1697 2345 1788 2380 ratio,
1805 2350 1934 2384 sumpta
1958 2354 1996 2375 ex
2019 2345 2222 2376 Damasceno
2240 2350 2271 2375 et
2293 2345 2446 2381 Averroe,

1382 2388 1534 2429 11Phys„
1559 2394 1747 2419 commento
1764 2389 1817 2428 75,
1842 2389 1911 2419 talis
1935 2394 1991 2419 est.
2019 2389 2054 2419 In
2079 2389 2203 2420 mundo
2230 2388 2376 2420 videmus
2399 2399 2448 2420 res

1382 2433 1579 2464 diversarum
1608 2438 1795 2464 naturarum
1821 2433 1854 2463 in
1881 2443 1986 2464 unum
2012 2433 2159 2464 ordinem
2190 2433 2386 2465 concordare
2413 2440 2449 2465 ut

1381 2487 1510 2518 semper
1531 2477 1583 2508 vel
1605 2478 1639 2508 in
1661 2478 1776 2508 maiori
1799 2483 1898 2518 parte.
1930 2478 2015 2518 Ergo
2046 2478 2167 2519 aliquid
2191 2484 2237 2510 est
2260 2479 2351 2509 cuius
2374 2488 2448 2519 pro-

1381 2522 1522 2553 videntia
1544 2522 1687 2553 mundus
1709 2522 1914 2562 gubernatur.
1938 2523 2024 2563 Ergo
2049 2528 2109 2553 etc.

1437 2567 1594 2597 Probatur
1625 2568 1729 2607 prima
1758 2568 2000 2607 consequentia.
2032 2567 2117 2606 Quia
2144 2567 2217 2597 talia
2240 2567 2273 2597 in
2301 2566 2448 2598 ordinem

1381 2621 1510 2652 semper
1539 2611 1590 2642 vel
1612 2611 1732 2652 pluries
1759 2611 1956 2643 concordare
1980 2621 2048 2643 non
2071 2617 2207 2652 possunt
2229 2612 2291 2642 nisi
2313 2612 2448 2642 alicuius

1381 2657 1625 2697 gubernatione,
1651 2666 1690 2687 ex
1712 2665 1777 2696 qua
1800 2657 1951 2687 omnibus
1975 2662 2007 2687 et
2030 2656 2162 2696 singulis
2178 2656 2334 2686 tribuatur
2349 2662 2386 2687 ut
2408 2656 2448 2686 ad

1382 2707 1507 2732 certum
1530 2700 1630 2731 finem
1652 2700 1794 2731 tendant.

1438 2745 1501 2777 Sed
1525 2745 1564 2776 ad
1587 2746 1669 2776 hanc
1693 2745 1770 2776 dicit
1792 2745 1982 2775 Aureolus*
2006 2744 2096 2785 quod
2111 2743 2257 2775 inefficax
2279 2750 2334 2775 est.
2352 2745 2447 2775 Dice-

1382 2796 1469 2821 retur
1491 2791 1589 2826 enim,
1613 2790 1728 2830 inquit,
1753 2789 1843 2830 quod
1866 2790 1926 2820 ista
1955 2789 2078 2820 diversa
2108 2789 2142 2819 in
2172 2798 2276 2819 unum
2300 2788 2447 2819 ordinem

1383 2835 1593 2871 conveniunt,
1617 2835 1651 2865 in
1674 2843 1844 2874 unumque
1867 2833 1966 2864 finem
1982 2843 2021 2864 ex
2043 2833 2180 2874 propriis
2203 2832 2314 2864 formis
2338 2839 2369 2863 et
2391 2843 2447 2863 na-

1382 2881 1460 2910 turis
1484 2879 1682 2910 ordinantur.
1715 2879 1830 2919 Neque
1860 2884 1968 2909 tamen
1999 2878 2079 2909 ordo
2110 2883 2240 2908 naturae
2267 2878 2406 2908 universi
2429 2887 2447 2907 a

1383 2934 1459 2955 casu
1479 2934 1547 2955 esse
1570 2933 1701 2954 necesse
1725 2929 1785 2954 est:
1810 2924 1913 2954 immo
1929 2933 1986 2963 per
2001 2933 2046 2959 se,
2071 2932 2146 2953 cum
2170 2932 2208 2952 ex
2230 2932 2337 2952 rerum
2354 2921 2446 2962 quid-

1383 2968 1533 2999 ditatibus
1556 2974 1665 2999 ortum
1688 2968 1812 2998 habeat.

1438 3013 1502 3044 Sed
1525 3014 1681 3053 quoniam
1705 3013 1788 3043 hanc
1811 3012 2055 3052 responsionem
2075 3012 2210 3042 Sanctus
2233 3011 2377 3041 Thomas
2399 3011 2447 3040 in-

1382 3056 1490 3093 ferius,
1507 3058 1541 3087 in
1564 3058 1658 3088 tertio
1682 3057 1763 3087 libro
1776 3058 1803 3093 ⁴⁹,
1824 3055 1949 3092 refellit,
1966 3055 2039 3087 ideo
2063 3056 2139 3086 illuc
2156 3065 2259 3095 usque
2276 3054 2445 3085 differatur.

1084 3316 1621 3357 ——uffliwffl

2469 436 2477 445 ·
2492 435 2501 456 I
2515 435 2589 462 Sent„
2605 435 2628 457 d.
2644 441 2679 462 ιιι,

2468 467 2522 492 cnr,
2539 462 2570 484 ad
2589 461 2680 484 obiecta

2469 494 2554 516 primo.

2475 2744 2484 2753 ·
2500 2742 2554 2764 Loc.
2571 2743 2610 2764 cit.

2476 3057 2484 3065 '¹
2500 3055 2558 3083 Cap.
2574 3062 2637 3077 wa.
