2768 4134
61 1630 71 1638 ·
91 1628 127 1650 De
146 1628 273 1656 Spiritual.

61 1654 194 1681 Creaturn's,
209 1658 252 1676 art.
262 1660 274 1676 2

60 1681 98 1709 (cf.
111 1687 180 1709 supra
194 1681 217 1702 in
230 1681 275 1702 hoc

60 1714 148 1736 parag„
156 1713 176 1734 2,
187 1707 255 1735 init).

61 1893 71 1902 ·
85 1891 157 1914 Num.
168 1897 190 1913 v.

64 2822 73 2831 ”
87 2820 123 2843 Cf.
139 2827 161 2843 n.
178 2826 208 2847 tv,
225 2820 276 2842 init.

63 2866 73 2875 ·
87 2865 158 2887 Num.
169 2871 205 2887 ιιι.

64 2909 74 2919 ·
87 2908 156 2931 Num.
168 2915 191 2931 v.

304 317 384 353 444

302 388 390 413 retur
413 382 517 411 forma
539 377 701 413 naturalis,
731 381 868 416 negatur
897 375 1142 416 consequentia.
1172 376 1264 406 Licet
1288 371 1375 405 enim

302 427 410 457 anima
424 433 492 455 non
507 423 548 453 sit
570 421 722 452 naturalis
745 430 783 451 ex
807 430 847 451 eo
864 420 954 460 quod
971 421 1011 450 sit
1025 420 1059 450 in
1076 421 1224 460 potentia
1238 419 1376 450 naturali

301 469 463 504 materiae,
483 473 531 497 est
553 471 662 496 tamen
685 465 838 495 naturalis
862 465 939 505 quia
961 464 1002 494 ad
1025 465 1184 495 unionem
1207 474 1284 495 cum
1306 473 1375 494 ma-

301 514 386 544 teria.
401 511 587 542 naturaliter
609 509 791 540 inclinatur.

358 557 388 587 3.
412 555 465 586 Ad
487 553 668 585 secundum
692 553 808 583 dicitur
837 553 955 592 primo,
987 552 1078 592 quod
1107 553 1222 593 utique
1246 557 1376 592 oportet

300 606 337 631 ut
359 601 461 631 homo
485 608 543 639 per
566 607 600 628 se
624 597 784 633 subsistat,
801 597 884 627 sicut
907 603 939 629 et
963 597 1087 627 anima:
1113 606 1189 628 curn
1211 597 1319 637 primo
1344 602 1376 626 et

299 654 358 685 per
380 653 414 674 se
438 642 595 684 quasdam
617 642 824 682 operationes
848 646 1011 681 operetur,
1027 641 1111 672 sicut
1134 647 1166 672 et
1188 641 1296 671 anima
1317 649 1376 680 per

299 698 334 719 se
356 687 504 728 intelligit
520 692 552 718 et
566 686 645 717 vult.
670 686 748 716 Non
762 690 873 716 tamen
896 690 1027 725 oportet
1042 691 1079 716 ut
1101 695 1170 716 esse
1191 685 1249 715 illo
1272 684 1374 715 modo

299 733 406 773 primo
431 737 462 762 et
485 741 542 772 per
565 740 599 761 se
632 730 805 761 conveniat
834 730 962 760 homini
993 739 1062 770 quo
1094 729 1198 760 modo
1222 729 1376 760 convenit

299 785 437 808 ammae.

354 821 491 860 Propter
506 818 598 860 quod
613 818 730 850 dicitur
745 817 902 854 secundo,
919 817 1010 858 quod
1030 826 1098 847 esse
1115 816 1287 857 dupliciter
1301 822 1375 857 pot-

300 870 348 896 est
370 864 506 904 intelligi
527 864 635 904 primo
653 868 684 894 et
699 872 757 903 per
780 872 814 893 se
837 862 933 892 alicui
956 861 1142 892 convenire.
1162 862 1238 892 Uno
1260 861 1374 898 modo,

299 908 482 940 secundum
505 907 595 948 quod
618 908 652 948 ly
669 907 780 947 primo
809 905 951 936 excludit
979 905 1126 935 absolute
1153 907 1375 946 susceptivum

301 963 370 984 esse
393 953 447 984 cui
471 962 529 993 per
544 953 633 992 prius
649 961 718 982 esse
742 950 920 981 formaliter
935 949 1116 980 conveniat.
1141 949 1183 980 Et
1197 950 1244 980 sic
1267 950 1374 990 primo

300 1003 333 1028 et
355 1007 413 1038 per
436 1006 471 1027 se
495 997 669 1027 convenire
693 995 789 1025 alicui
819 1000 867 1025 est
896 993 977 1024 illud
1000 993 1119 1024 habere
1147 1003 1227 1030 esse,
1251 999 1284 1024 et
1305 1003 1375 1024 non

299 1051 358 1082 per
373 1040 497 1081 aliquid
513 1041 567 1071 cui
581 1049 639 1080 per
654 1040 744 1079 prius
759 1037 840 1068 illud
855 1047 926 1068 esse
942 1038 1125 1068 conveniat.
1137 1055 1160 1060 -
1172 1038 1248 1068 Alio
1260 1038 1375 1075 modo,

299 1091 337 1117 ut
360 1085 508 1116 excludat
530 1093 599 1115 non
622 1082 857 1123 quodcumque
874 1082 1012 1112 existens
1027 1091 1085 1122 per
1107 1083 1197 1122 prius
1219 1082 1277 1113 illo
1294 1091 1374 1119 esse,

300 1129 357 1161 sed
378 1134 505 1160 tantum
528 1128 666 1158 existens
689 1132 845 1166 tanquam
867 1126 933 1156 hoc
956 1125 1079 1167 aliquid
1102 1131 1135 1156 et
1156 1126 1375 1167 suppositum.

300 1174 341 1204 Et
364 1174 410 1204 sic
434 1173 608 1203 convenire
632 1180 702 1201 esse
725 1170 821 1201 alicui
850 1171 958 1211 primo
982 1175 1014 1201 et
1043 1179 1102 1210 per
1129 1180 1164 1201 se
1188 1175 1236 1201 est
1257 1171 1376 1201 habere

300 1227 380 1253 esse,
404 1222 436 1248 et
457 1226 527 1247 non
550 1225 609 1256 per
632 1214 720 1246 aliud
743 1215 797 1245 cui
823 1224 881 1255 per
903 1215 992 1255 prius
1024 1216 1196 1246 conveniat
1218 1220 1376 1256 tanquam

299 1262 471 1302 supposito
494 1270 553 1301 per
575 1269 610 1291 se
633 1259 791 1290 existenti.

354 1306 464 1336 Primo
488 1304 601 1341 modo,
626 1313 696 1335 esse
718 1304 846 1334 animae
861 1303 1076 1334 intellectivae
1092 1303 1247 1334 convenit
1268 1303 1376 1343 primo

300 1355 332 1381 et
354 1359 412 1391 per
434 1359 479 1386 se,
496 1350 574 1390 quia
588 1348 671 1379 nulli
686 1348 834 1379 existenti
856 1348 1005 1378 absolute
1020 1357 1079 1388 per
1093 1348 1182 1388 prius
1205 1348 1375 1378 convenit:

298 1394 389 1435 prius
412 1394 499 1424 enim
514 1393 725 1432 intelligimus
739 1393 844 1432 ipsam
861 1393 1004 1422 animam
1019 1401 1078 1432 per
1093 1392 1292 1422 creationem
1307 1391 1378 1422 fieri

300 1444 332 1470 et
354 1439 472 1469 habere
496 1447 576 1474 esse,
600 1436 718 1468 deinde
741 1436 822 1467 illud
838 1445 908 1467 esse
925 1437 1161 1467 communicari
1177 1437 1330 1467 materiae
1346 1442 1379 1467 et

300 1483 486 1524 composito
510 1491 569 1522 per
590 1482 695 1522 ipsam
719 1481 871 1511 animam.
890 1481 986 1512 Unde
1004 1481 1112 1521 inquit
1134 1480 1272 1512 Sanctus
1286 1480 1378 1511 Tho-

300 1537 369 1558 mas
393 1528 405 1557 1
421 1527 520 1562 Sent„
539 1526 569 1557 d.
586 1536 652 1563 vm,
669 1536 701 1566 q.
717 1535 748 1562 v,
765 1535 792 1556 a.
812 1535 829 1556 2
858 1525 899 1556 ad
916 1535 946 1562 2,
963 1525 1055 1566 quod
1077 1525 1173 1556 habet
1195 1525 1228 1555 in
1251 1535 1287 1556 se
1309 1534 1379 1556 esse

294 1572 490 1613 perfectum,
514 1576 547 1601 et
569 1569 661 1610 quod
683 1571 746 1601 hoc
768 1570 873 1610 ipsum
896 1579 965 1601 esse
987 1569 1076 1610 quod
1097 1575 1146 1601 est
1167 1570 1300 1601 animae
1315 1579 1380 1610 per

301 1626 344 1652 se,
359 1617 406 1657 fit
428 1625 497 1646 esse
520 1614 704 1651 coniuncti;
727 1619 760 1644 et
782 1614 823 1644 ad
847 1614 866 1644 8
883 1615 910 1650 *‚
935 1614 1042 1654 inquit
1061 1613 1151 1654 quod
1174 1614 1306 1644 animae
1329 1614 1379 1645 in-

303 1660 481 1691 tellectivae
498 1659 637 1700 proprie
659 1659 794 1690 debetur
797 1658 890 1700 fieri,
907 1663 939 1688 et
956 1668 1076 1698 corpus
1094 1658 1238 1689 trahitur
1252 1658 1297 1689 ad
1311 1668 1381 1690 esse

302 1705 381 1736 eius.
399 1705 490 1740 Item,
507 1703 547 1734 de
562 1703 794 1743 Spiritualibus
811 1702 992 1738 Creaturis,
1009 1707 1066 1733 art.
1081 1712 1111 1739 2,
1127 1702 1169 1733 ad
1181 1703 1212 1739 3,
1229 1703 1273 1733 ait
1288 1702 1380 1743 quod

303 1750 414 1780 anima
437 1748 532 1779 habet
553 1757 622 1778 esse
643 1747 819 1778 subsistens
833 1756 934 1787 supra
959 1747 1130 1777 materiam
1153 1747 1324 1783 elevatum,
1349 1752 1381 1778 et

303 1793 395 1834 quod
417 1793 461 1823 ad
483 1792 580 1823 huius
602 1801 670 1823 esse
693 1791 954 1822 communionem
981 1791 1096 1832 recipit
1122 1800 1252 1832 corpus,
1281 1797 1318 1822 ut
1339 1791 1382 1822 sit

303 1847 405 1868 unum
421 1846 489 1868 esse
504 1836 634 1867 animae
645 1841 677 1867 et
691 1836 850 1876 corporis,
863 1835 951 1876 quod
962 1840 1010 1866 est
1020 1845 1090 1866 esse
1099 1835 1251 1866 hominis.
1268 1836 1302 1867 In
1316 1835 1381 1867 hoc

303 1887 423 1918 autem,
447 1886 484 1911 ut
507 1880 632 1911 dictum
651 1886 697 1911 est
720 1880 868 1921 superius
881 1881 908 1916 *‚
925 1879 1030 1910 differt
1044 1890 1063 1910 a
1077 1880 1235 1910 materiali
1258 1879 1377 1911 forma:

303 1927 381 1966 quia
404 1934 472 1956 esse
487 1934 556 1955 non
572 1925 662 1964 prius
678 1924 832 1955 convenit
847 1923 972 1954 formae
986 1923 1142 1954 materiali
1165 1933 1265 1964 quam
1289 1933 1380 1955 com-

301 1970 428 2010 posit0;
451 1968 509 1999 sed
531 1969 753 2008 compositum
779 1969 864 1998 sicut
891 1973 939 1998 est
959 1967 1041 1998 illud
1064 1967 1155 2008 quod
1177 1969 1309 2009 proprie
1332 1967 1379 2005 fit,

302 2013 408 2045 forma
431 2018 541 2044 autem
564 2022 632 2043 non
656 2012 693 2043 fit
715 2012 857 2052 proprie,
882 2011 938 2042 sed
961 2017 1010 2042 est
1032 2011 1066 2042 id
1089 2021 1158 2052 quo
1185 2012 1308 2053 aliquid
1332 2012 1378 2049 fit,

301 2059 345 2088 ita
368 2058 591 2097 compositum
615 2062 663 2087 est
684 2056 718 2086 id
741 2056 832 2096 quod
855 2056 963 2096 primo
988 2061 1020 2086 et
1041 2057 1174 2097 proprie
1198 2062 1256 2093 est,
1273 2056 1379 2088 forma

301 2111 379 2133 vero
399 2106 447 2132 est
462 2100 496 2132 id
511 2110 580 2142 quo
597 2106 654 2138 est,
670 2110 740 2131 non
755 2106 866 2131 autem
881 2099 915 2131 id
931 2099 1022 2140 quod
1038 2106 1096 2137 est,
1111 2101 1174 2131 nisi
1188 2101 1378 2142 improprie.

357 2145 509 2176 Secundo
539 2154 618 2176 vero
648 2144 762 2182 modo,
787 2154 856 2176 esse
884 2145 991 2185 primo
1015 2149 1048 2175 et
1074 2154 1133 2185 per
1162 2154 1196 2175 se
1225 2146 1380 2177 convenit

302 2191 498 2230 composito,
523 2189 644 2220 scilicet
667 2190 808 2220 homini:
826 2189 912 2230 quia,
930 2189 1006 2220 licet
1020 2198 1079 2229 per
1094 2190 1183 2230 prius
1206 2191 1380 2221 conveniat

301 2235 439 2270 animae,
462 2244 532 2265 non
555 2239 664 2265 tamen
687 2234 843 2264 convenit
865 2233 912 2264 illi
935 2238 1092 2273 tanquam
1115 2235 1299 2274 supposito,
1322 2234 1380 2266 sed

301 2285 457 2319 tanquam
479 2278 603 2309 formae
628 2282 712 2318 quae
736 2283 784 2308 est
805 2287 878 2318 pars
902 2278 1054 2314 hominis,
1074 2278 1149 2309 licet
1171 2288 1240 2309 non
1263 2279 1380 2310 habeat

302 2333 371 2354 esse
394 2322 582 2363 dependens
605 2332 624 2353 a
645 2323 787 2353 materia.

357 2367 411 2398 Ad
433 2366 570 2398 dubium
585 2376 662 2406 ergo
679 2366 796 2397 dicitur
812 2365 903 2406 quod
919 2371 1146 2406 argumentum
1162 2376 1276 2398 verum
1300 2377 1379 2398 con—

303 2411 414 2448 cludit,
439 2411 629 2452 accipiendo
647 2411 759 2451 primo
783 2415 815 2441 et
831 2419 896 2450 per
917 2420 952 2441 se
974 2410 1120 2442 secundo
1150 2410 1263 2442 modo.
1288 2411 1379 2443 Sicut

302 2456 392 2487 enim
403 2456 609 2496 operationes
621 2456 819 2495 vegetativae
835 2460 867 2484 et
880 2455 1051 2485 sensitivae
1065 2455 1164 2495 partis
1179 2461 1255 2486 sunt
1270 2457 1378 2496 primo

303 2506 335 2532 et
357 2510 415 2541 per
438 2509 472 2531 se
500 2500 676 2540 compositi
703 2505 859 2540 tanquam
886 2499 1047 2539 suppositi
1077 2500 1210 2540 agentis,
1234 2501 1279 2531 ita
1308 2509 1379 2531 esse

303 2545 457 2576 convenit
471 2544 518 2575 illi
529 2545 636 2585 primo
649 2549 680 2574 et
693 2553 750 2584 per
761 2553 796 2574 se
806 2548 963 2583 tanquam
978 2545 1161 2584 supposito.
1178 2544 1254 2575 Hoc
1269 2550 1378 2576 autem

302 2598 372 2620 non
394 2594 553 2629 repugnat
581 2589 611 2619 ei
642 2587 732 2628 quod
761 2588 909 2628 superius
937 2587 1087 2625 diximus,
1119 2598 1200 2626 esse,
1230 2589 1377 2629 inquam,

301 2634 409 2674 primo
434 2638 465 2664 et
487 2642 546 2673 per
568 2642 602 2663 se
627 2633 802 2663 convenire
829 2632 970 2663 animae:
1002 2633 1079 2672 quia
1109 2633 1189 2664 illud
1219 2633 1378 2674 intellige-

302 2678 416 2708 bamus
440 2676 481 2708 de
500 2677 609 2717 primo
639 2682 670 2708 et
686 2686 750 2718 per
772 2686 807 2707 se
829 2677 936 2717 primo
966 2676 1085 2714 modo;
1114 2678 1160 2708 sic
1189 2678 1277 2708 enim
1308 2687 1378 2709 esse

302 2723 409 2763 primo
434 2727 466 2753 et
488 2731 547 2762 per
569 2731 604 2753 se
627 2722 802 2752 convenire
830 2726 939 2762 potest
962 2720 1086 2752 formae
1107 2731 1176 2753 non
1206 2723 1379 2756 immersae

303 2767 464 2803 materiae,
489 2766 673 2797 cuiusmodi
697 2771 745 2797 est
767 2766 875 2796 anima
898 2765 1102 2796 intellectiva.

358 2811 427 2842 VII.
445 2811 615 2849 Quantum
631 2810 672 2842 ad
686 2810 818 2841 tertium
830 2811 857 2846 “,
873 2810 1138 2851 respondendum
1158 2816 1206 2842 est
1221 2811 1379 2842 obiectio-

302 2856 398 2887 nibus
421 2855 512 2886 Scoti
523 2856 550 2886 ‘.
573 2855 626 2887 Ad
641 2856 779 2896 primam
803 2855 902 2891 enim,
925 2860 1060 2896 negatur
1083 2855 1287 2887 antecedens.
1312 2856 1379 2887 Iam

304 2900 392 2931 enim
415 2899 555 2931 diximus
566 2901 594 2936 *,
614 2899 654 2931 de
669 2904 779 2931 mente
795 2899 905 2930 Sancti
920 2899 1079 2936 Thomae,
1097 2905 1128 2931 et
1150 2909 1299 2941 expresse
1314 2901 1380 2931 hoc

303 2945 379 2975 loco
403 2945 548 2981 habetur,
572 2943 664 2985 quod
687 2943 773 2974 idem
799 2949 846 2974 est
869 2953 938 2975 esse
957 2944 1089 2975 actualis
1105 2945 1291 2976 existentiae
1315 2944 1380 2975 for-

304 2998 386 3026 mae,
410 2990 564 3020 materiae
583 2994 615 3019 et
637 2988 824 3029 compositi.

362 3043 391 3063 2.
415 3033 479 3064 Pro
503 3033 666 3064 solutione
681 3043 758 3063 vero
782 3032 927 3069 secundi,
942 3032 1105 3063 notandae
1129 3039 1203 3064 sunt
1227 3033 1309 3064 duae
1333 3033 1380 3064 di·

305 3078 503 3109 stinctiones.
527 3078 634 3108 Prima
657 3083 714 3114 est,
735 3076 827 3118 quod
842 3076 1014 3117 dupliciter
1028 3087 1203 3118 possumus
1226 3077 1319 3118 loqui
1340 3077 1381 3108 de

305 3130 392 3153 esse:
415 3122 538 3153 scilicet
560 3121 742 3153 secundum
766 3121 858 3162 quod
880 3121 1029 3152 nominat
1044 3122 1215 3152 essentiam
1239 3123 1295 3158 rei,
1312 3131 1380 3162 quo

304 3165 406 3197 modo
431 3166 548 3198 dicitur
570 3165 795 3197 definitionem
819 3165 999 3206 significare
1026 3166 1114 3206 quod
1143 3166 1222 3207 quid
1244 3172 1292 3197 est
1313 3176 1382 3198 esse

306 3211 368 3246 rei;
393 3216 424 3241 et
447 3210 629 3242 secundum
652 3210 743 3251 quod
766 3210 916 3241 nominat
938 3210 1098 3241 actualem
1122 3211 1335 3241 existentiam.
1359 3227 1380 3235 -

306 3254 455 3286 Secunda
473 3261 530 3292 est,
548 3254 640 3295 quod
656 3255 763 3285 anima
786 3254 990 3291 intellectiva,
1016 3263 1090 3286 cum
1115 3255 1155 3285 sit
1182 3254 1286 3286 forma
1309 3265 1381 3286 cor-

306 3300 403 3339 poris,
420 3304 453 3330 et
468 3300 619 3330 virtutem
638 3299 754 3330 habeat
769 3298 979 3339 intelligendi,
992 3297 1164 3339 dupliciter
1178 3304 1286 3339 potest
1302 3309 1381 3330 con-

306 3343 451 3374 siderari:
476 3343 597 3374 scilicet
619 3344 815 3384 inquantum
838 3343 944 3374 forma
967 3344 1123 3383 corporis,
1140 3348 1172 3373 et
1187 3344 1381 3383 inquantum

308 3393 355 3418 est
376 3388 558 3419 intellectus
575 3389 642 3419 sive
660 3388 866 3419 intellectiva.
884 3387 1081 3428 inquantum
1097 3387 1202 3418 forma
1225 3389 1380 3428 corporis,

309 3432 472 3462 concurrit
495 3441 571 3463 cum
595 3441 734 3473 corpore
759 3437 916 3472 tanquam
944 3441 1018 3472 pars
1046 3431 1086 3462 ad
1114 3432 1381 3463 constitutionem

308 3480 439 3506 naturae
469 3475 653 3516 specificae:
685 3477 879 3517 inquantum
907 3475 1112 3513 intellectiva,
1143 3476 1382 3516 supergreditur

310 3520 518 3559 capacitatem
540 3521 703 3551 materiae.
720 3520 815 3552 Unde
829 3520 987 3561 perfectio
1007 3521 1108 3561 ipsius
1131 3520 1319 3561 simpliciter
1335 3526 1382 3551 est

310 3563 488 3594 secundum
512 3564 602 3604 quod
625 3564 666 3595 ad
688 3570 835 3596 naturam
851 3564 1037 3606 specificam
1060 3565 1209 3605 pertinet,
1233 3573 1309 3595 cum
1333 3574 1382 3595 es-

311 3608 482 3638 sentialiter
498 3609 538 3639 sit
560 3618 632 3649 pars
648 3609 782 3649 speciei:
800 3609 956 3649 perfectio
973 3614 1082 3640 autem
1105 3608 1286 3640 secundum
1303 3609 1382 3649 quid

312 3655 358 3681 est
381 3652 561 3683 secundum
583 3654 734 3684 virtutem
757 3653 967 3694 intelligendi,
993 3654 1070 3694 quia
1091 3652 1249 3694 perfectio
1273 3663 1381 3684 essen-

772 299 961 336 SUMMA
990 298 1213 335 CONTRA
1241 297 1517 342 GENTILES,
1545 297 1640 333 LIB.
1661 297 1703 342 11,
1733 297 1844 334 CAP.
1863 297 2034 335 LXVIIL

1430 375 1512 405 tialis
1535 375 1684 405 absolute
1702 380 1750 405 est
1773 375 1862 415 prior
1876 374 2058 406 secundum
2074 381 2222 408 naturam
2236 378 2435 419 perfectione
2451 389 2504 410 ac-

1431 419 1591 450 cidentali.

1485 463 1538 494 Ad
1561 468 1789 504 argumentum
1805 472 1883 503 ergo
1899 463 2015 494 dicitur
2030 464 2148 505 primo,
2165 465 2257 506 quod
2279 466 2504 498 determinatio

1430 509 1510 538 haec
1532 517 1601 538 non
1626 507 1817 538 contradicit
1833 507 1998 539 doctrinae
2014 508 2123 539 Sancti
2146 509 2307 546 Thomae,
2330 510 2434 542 immo
2458 517 2506 542 est

1430 552 1476 582 illi
1498 553 1639 582 maxime
1655 551 1844 583 conformis.
1860 552 1938 583 Non
1954 554 2042 583 enim
2058 553 2285 584 contradicunt
2299 559 2419 585 statum
2438 556 2506 586 ani-

1429 606 1503 627 mae
1523 605 1592 626 esse
1615 596 1843 637 perfectiorem
1865 597 1899 627 in
1922 606 2061 637 corpore
2087 607 2186 638 quam
2210 603 2297 628 extra
2320 607 2450 639 corpus,
2475 605 2507 630 et

1430 649 1499 671 esse
1518 650 1624 671 unum
1648 645 1680 671 et
1703 640 1791 671 idem
1815 650 1884 671 esse
1907 642 2034 672 animae
2059 647 2091 672 et
2113 642 2266 673 hominis.

1485 685 1612 715 Dicitur
1634 684 1791 721 secundo,
1814 684 1983 724 loquendo
2008 685 2048 716 de
2072 695 2141 717 esse
2157 686 2290 717 actualis
2309 687 2506 723 existentiae,

1430 729 1520 769 quod
1543 730 1648 760 maior
1671 734 1718 759 est
1741 728 1829 759 falsa.
1854 729 1973 760 Multas
1997 730 2085 760 enim
2111 730 2375 771 imperfectiones
2398 735 2507 772 potest

1430 773 1552 814 aliquid
1574 773 1693 804 habere
1717 782 1755 804 ex
1778 773 1843 803 hoc
1866 773 1958 813 quod
1979 783 2048 804 non
2073 775 2294 806 communicat
2317 784 2386 806 esse
2409 785 2506 806 suum

1429 818 1530 848 alteri.
1553 818 1660 848 Prima
1683 822 1731 848 est
1757 817 1961 857 imperfectio
1990 818 2172 849 secundum
2201 824 2350 850 naturam
2373 819 2505 860 speciei.

1430 862 1463 893 Si
1487 862 1575 892 enim
1598 861 1685 893 istud
1707 861 1891 892 secundum
1913 866 2062 892 naturam
2085 872 2178 893 suam
2207 864 2249 894 sit
2278 873 2351 904 pars
2374 864 2507 904 speciei,

1430 907 1456 937 si
1479 911 1645 947 separetur
1667 915 1686 936 a
1708 911 1790 942 toto,
1815 911 1902 936 caret
1929 907 2110 946 integritate
2139 916 2216 938 suae
2243 913 2375 938 naturae
2401 908 2506 948 speci·

1429 950 1520 982 ficae.
1546 951 1649 982 Nulla
1673 950 1758 981 enim
1776 959 1860 991 pars
1874 956 2027 990 separata
2043 960 2065 982 a
2080 951 2260 989 totophabet
2268 952 2506 992 perfectionem

1431 1000 1571 1026 naturae
1585 996 1618 1025 ἐ
1644 1004 1731 1031 nam,
1760 1004 1837 1025 cum
1859 1000 1968 1025 totum
1997 1001 2205 1036 comparetur
2227 995 2269 1026 ad
2295 1005 2411 1026 omnes
2432 1006 2507 1027 suas

1429 1045 1535 1080 partes
1558 1044 1596 1070 ut
1618 1039 1723 1070 forma
1738 1038 1780 1069 ad
1794 1039 1973 1075 materiam,
1990 1040 2018 1070 si
2032 1049 2106 1080 pars
2121 1050 2140 1070 a
2154 1045 2226 1070 toto
2245 1045 2422 1080 separetur,
2437 1050 2508 1072 non

1431 1084 1491 1114 erit
1512 1084 1572 1114 sub
1593 1093 1654 1114 sua
1671 1083 1808 1114 naturali
1825 1089 1857 1114 et
1872 1082 2024 1124 specifica
2039 1083 2156 1120 forma,
2173 1089 2205 1115 et
2220 1093 2279 1124 per
2301 1093 2508 1125 consequens

1429 1137 1499 1158 non
1522 1128 1582 1158 erit
1603 1127 1785 1158 secundum
1809 1127 2046 1168 perfectionem
2075 1127 2262 1169 specificam
2290 1127 2442 1169 perfecta.
2465 1128 2508 1160 Et

1430 1173 1476 1202 sic
1498 1171 1647 1212 intelligit
1669 1172 1806 1203 Sanctus
1822 1172 1968 1202 Thomas
1984 1173 2126 1203 animam
2141 1182 2211 1204 esse
2233 1172 2508 1213 imperfectiorem

1430 1221 1610 1256 separatam
1632 1225 1651 1246 a
1674 1225 1813 1256 corpore
1836 1225 1936 1256 quam
1951 1217 1987 1247 in
2006 1226 2162 1257 corpore:
2179 1223 2216 1248 ut
2238 1222 2328 1257 patet
2349 1217 2393 1248 lv
2406 1217 2507 1253 Sene„

1431 1261 1488 1291 ubi
1502 1269 1600 1301 supra
1611 1260 1639 1297 ἡ
1652 1266 1684 1291 et
1694 1259 1726 1291 d.
1738 1269 1822 1296 mx,
1835 1269 1866 1300 q.
1879 1270 1901 1297 r,
1917 1270 1946 1291 a.
1958 1269 1981 1299 4
1993 1261 2043 1298 *⁴3
2057 1266 2089 1292 et
2100 1261 2206 1292 Prima
2217 1261 2321 1298 Parte,
2334 1270 2366 1302 q.
2382 1271 2508 1298 mxxxix,

1431 1315 1459 1335 a.
1478 1314 1508 1341 2,
1524 1304 1566 1335 ad
1581 1313 1613 1341 1;
1630 1309 1663 1335 et
1678 1304 1847 1345 Spiritual.
1870 1305 2052 1341 Creaturis,
2065 1315 2093 1336 a.
2112 1315 2142 1342 2,
2155 1305 2196 1336 ad
2213 1306 2247 1342 5;
2269 1310 2302 1336 et
2319 1305 2359 1336 de
2378 1306 2508 1342 Anima,

1431 1359 1459 1380 a.
1481 1357 1530 1388 17,
1547 1348 1589 1380 ad
1608 1357 1636 1379 1.
1659 1367 1683 1372 -
1700 1348 1852 1380 Secunda
1877 1349 2082 1390 imperfectio
2107 1356 2155 1380 est
2184 1350 2367 1381 secundum
2397 1350 2509 1382 simili·

1431 1393 1581 1424 tudinem
1603 1392 1644 1424 ad
1667 1393 1787 1424 Deum.
1820 1393 1865 1425 Ut
1887 1394 1976 1424 enim
2003 1394 2140 1424 habetur
2162 1394 2324 1430 Potentia,
2345 1403 2377 1434 q.
2398 1404 2429 1431 v,
2456 1400 2508 1431 10,

1432 1437 1473 1468 ad
1490 1438 1520 1474 5,
1537 1443 1570 1468 et
1584 1437 1721 1475 Quarto,
1738 1437 1769 1468 d.
1786 1447 1871 1474 xpm,
1888 1447 1921 1478 q.
1937 1448 1958 1474 1,
1975 1447 2004 1468 a.
2028 1446 2055 1474 ι,
2073 1438 2133 1478 qu⁸
2153 1446 2180 1475 1,
2196 1438 2238 1469 ad
2251 1448 2284 1477 4,
2305 1438 2510 1480 unumquod-

1431 1491 1494 1523 que
1505 1487 1597 1513 tanto
1613 1485 1662 1512 est
1680 1482 1752 1513 Deo
1768 1482 1907 1513 similius
1921 1482 2121 1523 simpliciter,
2139 1488 2263 1524 quanto
2285 1483 2382 1514 habet
2403 1482 2510 1525 magis

1432 1526 1520 1568 quod
1541 1536 1622 1557 suae
1645 1531 1786 1557 naturae
1808 1526 1952 1557 conditio
1977 1527 2101 1568 exigit:
2128 1527 2214 1558 sicut
2239 1536 2300 1558 cor
2322 1532 2445 1558 motum
2466 1527 2510 1558 si-

1433 1571 1543 1602 milius
1566 1576 1614 1602 est
1635 1571 1707 1601 Deo
1731 1571 1890 1602 immobili
1910 1580 2009 1612 quam
2024 1572 2201 1612 quiescens.
2229 1571 2324 1603 Unde
2348 1571 2439 1613 quod
2460 1581 2511 1602 se-

1433 1615 1580 1647 cundum
1603 1625 1696 1646 suam
1717 1620 1867 1646 naturam
1890 1621 1938 1646 est
1960 1625 2033 1656 pars
2051 1616 2182 1656 speciei,
2199 1621 2231 1647 et
2254 1621 2302 1647 est
2324 1615 2511 1648 ordinatum

1433 1659 1474 1691 ad
1497 1659 1668 1690 formalem
1691 1660 2026 1690 communicationem
2055 1661 2106 1691 sui
2137 1669 2218 1697 esse,
2246 1659 2432 1692 cuiusmodi
2461 1665 2511 1692 est

1434 1704 1542 1735 anima
1563 1704 1770 1740 intellectiva,
1793 1704 1821 1734 si
1842 1713 1912 1735 non
1934 1705 2159 1736 communicet
2177 1713 2274 1735 suum
2298 1714 2367 1736 esse
2390 1709 2423 1736 et
2440 1713 2510 1736 non

1433 1749 1474 1779 sit
1497 1753 1572 1779 actu
1594 1757 1678 1789 pars,
1701 1757 1771 1779 non
1793 1747 1936 1788 perfecte
1959 1748 2031 1779 Deo
2055 1749 2256 1780 assimilatur.
2272 1765 2296 1772 -—
2316 1749 2428 1780 Tertia
2448 1749 2510 1780 im-

1434 1792 1592 1834 perfectio
1616 1798 1663 1823 est
1684 1792 1867 1824 secundum
1890 1793 2120 1824 causalitatem.
2152 1793 2197 1824 Ut
2219 1794 2308 1824 enim
2331 1793 2448 1824 dicitur
2470 1793 2511 1824 de

1434 1836 1666 1877 Spiritualibus
1694 1836 1875 1872 Creaturis,
1898 1837 1955 1868 ubi
1986 1846 2092 1878 supra,
2121 1846 2187 1868 non
2218 1842 2267 1869 est
2288 1837 2415 1878 aliquid
2430 1847 2510 1878 per-

1424 1882 1556 1923 fectum
1579 1881 1613 1911 in
1635 1890 1698 1911 sua
1721 1886 1843 1912 natura
1867 1881 1932 1911 nisi
1953 1885 2029 1911 actu
2053 1881 2215 1921 explicari
2231 1882 2339 1922 possit
2363 1881 2453 1922 quod
2474 1882 2509 1913 in

1434 1934 1473 1956 eo
1497 1925 1617 1955 virtute
1639 1925 1834 1956 continetur.
1854 1924 1947 1955 Unde
1961 1924 2073 1955 anima
2087 1929 2242 1966 separata
2257 1930 2306 1957 est
2320 1925 2511 1968 imper-ficta

1433 1969 1610 2000 secundum
1634 1973 1809 1999 naturam:
1831 1968 1910 2009 quia
1933 1978 2000 1999 non
2014 1974 2156 2009 possunt
2173 1969 2214 2000 ab
2237 1979 2276 2000 ea
2296 1968 2432 2009 effluere
2446 1979 2511 2012 po·-

1434 2013 1554 2044 tentiae
1578 2013 1769 2055 organicae,
1793 2022 1878 2054 quae
1906 2017 2005 2044 natae
2026 2018 2103 2044 sunt
2131 2013 2172 2044 ab
2202 2013 2273 2054 ipsa
2301 2013 2438 2054 effluere
2458 2014 2511 2046 in-

1433 2062 1590 2099 quantum
1615 2062 1726 2099 potest
1755 2057 1927 2088 materiam
1951 2057 2146 2100 informare.
2165 2075 2187 2080 -
2202 2058 2294 2089 Patet
2315 2067 2394 2099 ergo
2417 2058 2511 2100 quod

1433 2102 1544 2133 multis
1567 2111 1607 2133 ex
1630 2102 1734 2133 causis
1757 2101 1812 2133 illa
1834 2102 1939 2132 maior
1954 2106 2003 2133 est
2025 2101 2114 2133 falsa.
2137 2101 2190 2133 Ad
2210 2102 2440 2143 probationem
2461 2102 2511 2135 di-

1433 2147 1517 2177 citur
1539 2146 1632 2187 quod
1653 2147 1769 2186 utique
1798 2145 1957 2187 perfectio
1981 2147 2256 2188 praesupponitur
2286 2147 2317 2178 ei
2347 2145 2440 2188 quod
2461 2152 2511 2180 est

1433 2191 1693 2222 communicare:
1710 2199 1779 2221 non
1793 2195 1904 2221 tamen
1917 2191 2025 2222 omnis
2036 2190 2195 2232 perfectio
2207 2191 2263 2228 rei,
2276 2200 2386 2232 neque
2401 2192 2510 2223 omnis

1433 2234 1552 2266 modus
1575 2234 1794 2276 perfectionis,
1824 2236 2099 2276 praesupponitur
2126 2235 2174 2266 illi
2205 2236 2510 2268 communicationi.

1433 2279 1475 2310 Et
1489 2280 1536 2310 sic
1551 2279 1827 2320 praesupponitur
1841 2279 1887 2311 illi
1903 2280 2195 2311 communicationi
2209 2279 2366 2321 perfectio
2381 2281 2510 2313 annuae

1433 2333 1518 2365 quae
1541 2329 1590 2354 est
1611 2323 1793 2355 secundum
1816 2324 1983 2365 propriam
2001 2325 2178 2362 entitatem,
2202 2333 2272 2356 non
2294 2330 2405 2356 autem
2427 2324 2510 2358 aliae

1432 2367 1649 2409 perfectiones
1671 2374 1766 2399 natae
1789 2368 1836 2399 illi
1858 2368 2043 2400 convenire.

1490 2413 1615 2443 Dicitur
1632 2413 1739 2449 tertio,
1755 2412 1796 2443 ad
1811 2413 1985 2450 minorem,
1998 2412 2090 2453 quod
2103 2412 2193 2444 illam
2207 2412 2357 2454 intelligit
2371 2412 2508 2445 Sancms

1433 2457 1578 2487 Thomas
1602 2457 1643 2487 de
1666 2466 1736 2488 esse
1763 2457 1896 2488 actualis
1925 2457 2122 2494 existentiae,
2145 2466 2215 2488 non
2242 2462 2352 2488 autem
2375 2457 2416 2488 de
2438 2466 2509 2489 ene

1433 2501 1603 2537 essentiali,
1631 2501 1722 2542 quod
1749 2506 1798 2532 est
1820 2511 1890 2532 esse
1917 2499 2118 2542 specificum.
2146 2501 2223 2532 Non
2253 2502 2341 2532 enim
2371 2501 2509 2534 eandm

1433 2546 1604 2577 essentiam
1630 2544 1817 2586 specificam
1840 2546 2039 2586 completam
2065 2546 2164 2576 habet
2181 2546 2288 2577 anima
2309 2551 2455 2587 separata
2476 2551 2510 2578 et

1433 2591 1625 2622 coniuncta:
1651 2599 1737 2626 curn,
1765 2595 1910 2630 separata
1939 2591 2047 2621 anima
2070 2599 2089 2620 a
2112 2599 2260 2631 corpore,
2284 2599 2354 2621 non
2379 2595 2510 2623 manen

1432 2635 1570 2666 essentia
1584 2635 1694 2671 totius,
1714 2643 1799 2675 quae
1814 2635 1957 2665 animam
1972 2635 2182 2666 coniunctam
2197 2633 2445 2676 quodammodo
2459 2635 2510 2666 in-

1432 2678 1602 2710 formabat.

1488 2723 1616 2754 Dicitur
1639 2728 1764 2763 quarto,
1781 2721 1822 2753 ad
1844 2723 2002 2753 maiorem
2025 2722 2288 2759 declarationem,
2305 2732 2344 2754 ex
2363 2722 2510 2755 doctrina

1433 2767 1543 2799 Sancti
1554 2767 1704 2798 Thomae
1719 2767 1753 2798 in
1768 2767 1850 2798 locis
1865 2766 2096 2808 praeallegata,
2113 2766 2204 2808 quod
2219 2767 2295 2798 licet
2305 2767 2414 2799 anima
2429 2777 2509 2799 eon-

1433 2813 1544 2843 iuncta
1567 2812 1698 2852 corpori
1720 2812 1761 2842 sit
1785 2810 1961 2852 perfectior
1990 2812 2186 2852 inquantum
2216 2810 2322 2843 forma
2344 2817 2378 2843 et
2406 2820 2510 2853 quan·

1433 2862 1504 2888 tum
1529 2856 1569 2888 ad
1591 2862 1740 2888 naturam
1755 2855 1953 2896 specificam,
1972 2856 2168 2897 inquantum
2182 2861 2292 2887 tamen
2314 2855 2509 2894 intellectus,

1435 2907 1467 2932 et
1490 2906 1649 2942 quantum
1666 2900 1706 2932 ad
1729 2905 1838 2931 actum
1853 2899 2064 2941 intelligendi,
2085 2906 2133 2932 est
2151 2899 2326 2942 perfectior
2348 2906 2508 2942 separata:

1435 2946 1512 2986 quia
1534 2945 1713 2986 intelligere
1736 2945 1892 2976 convenit
1912 2945 1975 2986 ipsi
1998 2950 2035 2976 ut
2058 2950 2107 2976 est
2127 2954 2226 2986 supra
2253 2945 2421 2976 materiam
2444 2945 2509 2977 ele-

2534 1000 2544 1008 ·
2565 997 2600 1019 oe
2621 995 2748 1025 spira-ut.

2535 1024 2625 1051 creat„
2631 1029 2652 1046 ι.
2663 1029 2683 1051 a,
2691 1021 2722 1046 ad
2727 1028 2748 1052 5.

2535 1261 2690 1288 *Dionnum
2717 1265 2749 1287 .1,

2535 1294 2557 1309 ι.
2569 1295 2588 1315 ι,
2603 1286 2678 1316 qui-i,
2731 1292 2751 1343 ,4

2535 1314 2656 1369 (fifh-gp?-
2669 1319 2694 1336 a.
2704 1318 2732 1336 ιιι

1435 2995 1524 3027 vata3
1548 2989 1636 3021 unde
1659 2995 1692 3021 et
1713 2999 1783 3020 non
1797 2988 1835 3020 fit
1849 2988 2012 3020 mediante
2030 2989 2142 3031 aliquo
2159 2998 2283 3030 organo
2299 2998 2470 3030 corporeo.
2479 2991 2510 3015 '-'
2565 3008 2570 3012 -

1435 3034 1511 3065 Hoc
1535 3039 1644 3066 autem
1666 3033 1914 3074 intelligendum
1938 3039 1986 3065 est
2015 3033 2056 3065 de
2086 3034 2289 3075 separatione
2318 3042 2340 3064 a
2369 3042 2510 3075 corporo

1435 3079 1655 3120 corruptibili,
1678 3084 1716 3110 ut
1746 3078 1863 3109 dicitur
1892 3077 2029 3116 Quarto,
2052 3077 2084 3109 d.
2114 3087 2198 3115 xux,
2228 3078 2286 3109 ubi
2307 3086 2422 3119 supa-a:
2442 3077 2509 3110 ude

1436 3123 1534 3159 enim,
1558 3124 1635 3164 quia
1657 3132 1726 3154 non
1749 3122 1892 3164 perfecte
1907 3122 2074 3163 perficitur
2088 3131 2148 3164 per
2161 3123 2314 3159 animam,
2338 3120 2509 3153 haboteh-

1436 3166 1515 3208 quid
1538 3168 1658 3198 actioni
1681 3168 1808 3198 animae
1830 3167 1981 3198 resistens
2005 3172 2037 3198 et
2063 3166 2152 3198 illam
2178 3166 2370 3208 impediens.
2393 3164 2460 3198 sed
2480 3164 2508 3196 si

1435 3221 1454 3242 a
1477 3221 1616 3252 corpore
1638 3217 1843 3243 removeatur
1857 3210 1891 3242 id
1906 3221 1965 3252 per
1982 3210 2075 3252 quod
2097 3211 2218 3243 actioni
2232 3211 2359 3242 animae
2380 3209 2507 3245 resistit,

1435 3261 1471 3287 ut
1494 3257 1602 3288 evenit
1624 3257 1658 3287 in
1681 3258 1820 3297 corpore
1849 3255 2005 3297 glorioso,
2029 3261 2108 3287 tunc
2137 3255 2254 3291 anima,
2278 3258 2438 3295 quantum
2466 3253 2508 3285 ad

1435 3301 1586 3331 virtutem
1610 3299 1824 3342 intelligendi,
1849 3305 1897 3331 est
1922 3299 2097 3341 perfectior
2117 3299 2151 3330 in
2174 3307 2312 3340 corpore
2335 3306 2435 3338 quam
2457 3307 2508 3329 se-

1435 3349 1560 3386 parata:
1578 3345 1654 3385 quia
1669 3350 1748 3376 tunc
1761 3345 1858 3376 etiam
1870 3349 1919 3375 est
1933 3345 1967 3376 in
1982 3353 2041 3375 sua
2051 3348 2166 3374 namra
2176 3341 2366 3384 perfectior;
2383 3347 2506 3382 quanto

1435 3394 1544 3420 autem
1568 3388 1691 3430 aliquid
1715 3394 1762 3420 est
1784 3388 1960 3430 perfectius
1981 3388 2016 3419 in
2045 3396 2104 3419 sua
2131 3391 2256 3422 namra,
2285 3391 2376 3417 tanto
2399 3391 2508 3427 potest

1435 3431 1610 3474 perfectius
1633 3433 1771 3474 operari,
1786 3450 1810 3456 —
1825 3433 1851 3464 si
1873 3431 2024 3464 videlicet
2045 3430 2158 3462 omnia
2179 3429 2382 3462 deducantur
2403 3431 2508 3472 impe-

1436 3477 1588 3508 dimenta.
1612 3476 1714 3516 Quod
1737 3477 1811 3508 dico
1835 3477 1913 3518 quia
1934 3480 1996 3507 stat
2013 3473 2105 3516 quod
2126 3473 2249 3515 aliquid
2272 3475 2312 3506 sit
2334 3474 2507 3516 perfectius

1436 3522 1583 3553 absolute
1605 3521 1787 3553 secundum
1809 3525 1968 3556 naturam,
1991 3524 2024 3550 et
2045 3524 2154 3549 tamen
2181 3528 2250 3550 non
2276 3520 2379 3560 possit
2401 3518 2506 3560 perfe-

1436 3566 1518 3597 ctius
1542 3566 1679 3607 operari,
1703 3570 1836 3606 propter
1858 3563 2090 3605 impedimenta
2105 3562 2151 3593 illi
2175 3573 2244 3594 esse
2262 3563 2408 3604 perfecto
2427 3572 2506 3594 con-

1436 3610 1555 3641 iuncta.
1572 3609 1668 3641 Unde
1682 3610 1790 3641 anima
1804 3609 1839 3640 in
1854 3616 1992 3648 corpore
2008 3607 2219 3648 corruptibili,
2236 3607 2311 3639 licet
2325 3606 2506 3639 secundum

1436 3659 1584 3686 naturam
1596 3655 1636 3685 sit
1646 3652 1830 3695 perfectior,
1841 3657 1951 3683 tamen
1965 3660 2034 3682 non
2049 3651 2223 3692 perfectius
2239 3657 2392 3693 operatur
2406 3660 2507 3693 opera
