<?xml version="1.0" encoding="UTF-8"?>
<!DOCTYPE html PUBLIC "-//W3C//DTD XHTML 1.0 Transitional//EN"
    "http://www.w3.org/TR/xhtml1/DTD/xhtml1-transitional.dtd">
<html xmlns="http://www.w3.org/1999/xhtml" xml:lang="en" lang="en">
 <head>
  <title>
</title>
<meta http-equiv="Content-Type" content="text/html;charset=utf-8" />
  <meta name='ocr-system' content='tesseract 3.04.00' />
  <meta name='ocr-capabilities' content='ocr_page ocr_carea ocr_par ocr_line ocrx_word'/>
</head>
<body>
  <div class='ocr_page' id='page_1' title='image "./operaomniaiussui13thom_0174.png"; bbox 0 0 2768 4134; ppageno 0'>
   <div class='ocr_carea' id='block_1_1' title="bbox 51 1090 251 1118">
    <p class='ocr_par' dir='ltr' id='par_1_1' title="bbox 51 1090 251 1118">
     <span class='ocr_line' id='line_1_1' title="bbox 51 1090 251 1118; baseline 0 -5"><span class='ocrx_word' id='word_1_1' title='bbox 51 1092 61 1102; x_wconf 79' lang='lat'>&#39;</span> <span class='ocrx_word' id='word_1_2' title='bbox 76 1090 126 1113; x_wconf 86' lang='lat' dir='ltr'>Lib.</span> <span class='ocrx_word' id='word_1_3' title='bbox 137 1090 166 1118; x_wconf 90' lang='lat'>11,</span> <span class='ocrx_word' id='word_1_4' title='bbox 181 1097 201 1113; x_wconf 92' lang='lat' dir='ltr'>c.</span> <span class='ocrx_word' id='word_1_5' title='bbox 211 1097 251 1114; x_wconf 79' lang='grc' dir='ltr'>ιιι,</span> 
     </span>
    </p>
   </div>
   <div class='ocr_carea' id='block_1_2' title="bbox 307 270 379 295">
    <p class='ocr_par' dir='ltr' id='par_1_2' title="bbox 307 270 379 295">
     <span class='ocr_line' id='line_1_2' title="bbox 307 270 379 295; baseline 0.014 -1"><span class='ocrx_word' id='word_1_6' title='bbox 307 270 379 295; x_wconf 89' lang='grc'>100</span> 
     </span>
    </p>
   </div>
   <div class='ocr_carea' id='block_1_3' title="bbox 287 334 1374 3682">
    <p class='ocr_par' dir='ltr' id='par_1_3' title="bbox 289 334 1374 1708">
     <span class='ocr_line' id='line_1_3' title="bbox 299 334 1374 377; baseline -0.005 -8"><span class='ocrx_word' id='word_1_7' title='bbox 299 344 424 370; x_wconf 91' lang='lat' dir='ltr'>constat</span> <span class='ocrx_word' id='word_1_8' title='bbox 448 336 538 377; x_wconf 93' lang='lat' dir='ltr'>quod</span> <span class='ocrx_word' id='word_1_9' title='bbox 561 336 743 375; x_wconf 91' lang='lat' dir='ltr'>concipitur</span> <span class='ocrx_word' id='word_1_10' title='bbox 767 335 888 374; x_wconf 89' lang='lat' dir='ltr'>absque</span> <span class='ocrx_word' id='word_1_11' title='bbox 912 334 1023 374; x_wconf 90' lang='lat' dir='ltr'>aliquo</span> <span class='ocrx_word' id='word_1_12' title='bbox 1053 334 1094 365; x_wconf 88' lang='lat' dir='ltr'>ad</span> <span class='ocrx_word' id='word_1_13' title='bbox 1123 335 1266 375; x_wconf 86' lang='lat' dir='ltr'>speciem</span> <span class='ocrx_word' id='word_1_14' title='bbox 1289 335 1374 365; x_wconf 89' lang='lat' dir='ltr'>limi·</span> 
     </span>
     <span class='ocr_line' id='line_1_4' title="bbox 297 379 1374 415; baseline -0.004 -1"><span class='ocrx_word' id='word_1_15' title='bbox 297 388 398 414; x_wconf 88' lang='lat' dir='ltr'>tante:</span> <span class='ocrx_word' id='word_1_16' title='bbox 423 391 498 412; x_wconf 91' lang='lat' dir='ltr'>cum</span> <span class='ocrx_word' id='word_1_17' title='bbox 515 380 601 411; x_wconf 90' lang='lat' dir='ltr'>enim</span> <span class='ocrx_word' id='word_1_18' title='bbox 617 379 702 415; x_wconf 92' lang='lat' dir='ltr'>dico,</span> <span class='ocrx_word' id='word_1_19' title='bbox 725 379 904 410; x_wconf 82' lang='lat' dir='ltr'>substantia</span> <span class='ocrx_word' id='word_1_20' title='bbox 929 379 1076 410; x_wconf 87' lang='lat' dir='ltr'>animata</span> <span class='ocrx_word' id='word_1_21' title='bbox 1098 379 1268 415; x_wconf 75' lang='lat' dir='ltr'>sensibilis,</span> <span class='ocrx_word' id='word_1_22' title='bbox 1285 379 1374 410; x_wconf 87' lang='lat' dir='ltr'>nulla</span> 
     </span>
     <span class='ocr_line' id='line_1_5' title="bbox 298 423 1373 465; baseline -0.004 -7"><span class='ocrx_word' id='word_1_23' title='bbox 298 427 412 458; x_wconf 88' lang='lat' dir='ltr'>dicitur</span> <span class='ocrx_word' id='word_1_24' title='bbox 441 426 564 465; x_wconf 88' lang='lat' dir='ltr'>species</span> <span class='ocrx_word' id='word_1_25' title='bbox 596 424 751 454; x_wconf 88' lang='lat' dir='ltr'>animalis.</span> <span class='ocrx_word' id='word_1_26' title='bbox 786 423 924 454; x_wconf 86' lang='lat' dir='ltr'><strong>Constat</strong></span> <span class='ocrx_word' id='word_1_27' title='bbox 953 424 1050 454; x_wconf 89' lang='lat' dir='ltr'>etiam</span> <span class='ocrx_word' id='word_1_28' title='bbox 1081 423 1172 464; x_wconf 93' lang='lat' dir='ltr'>quod</span> <span class='ocrx_word' id='word_1_29' title='bbox 1202 434 1260 465; x_wconf 90' lang='lat' dir='ltr'>per</span> <span class='ocrx_word' id='word_1_30' title='bbox 1289 424 1373 454; x_wconf 90' lang='lat' dir='ltr'>hanc</span> 
     </span>
     <span class='ocr_line' id='line_1_6' title="bbox 297 467 1373 508; baseline -0.003 -6"><span class='ocrx_word' id='word_1_31' title='bbox 297 470 506 502; x_wconf 86' lang='lat' dir='ltr'>differentiam</span> <span class='ocrx_word' id='word_1_32' title='bbox 523 478 606 508; x_wconf 87' lang='lat' dir='ltr'>quae</span> <span class='ocrx_word' id='word_1_33' title='bbox 623 474 670 499; x_wconf 88' lang='lat' dir='ltr'>est</span> <span class='ocrx_word' id='word_1_34' title='bbox 686 468 859 503; x_wconf 86' lang='lat' dir='ltr'><em>rationale,</em></span> <span class='ocrx_word' id='word_1_35' title='bbox 878 477 962 508; x_wconf 89' lang='lat' dir='ltr'>quae</span> <span class='ocrx_word' id='word_1_36' title='bbox 978 473 1026 498; x_wconf 86' lang='lat' dir='ltr'>est</span> <span class='ocrx_word' id='word_1_37' title='bbox 1041 467 1128 499; x_wconf 90' lang='lat' dir='ltr'>idem</span> <span class='ocrx_word' id='word_1_38' title='bbox 1151 469 1277 499; x_wconf 86' lang='lat' dir='ltr'>realiter</span> <span class='ocrx_word' id='word_1_39' title='bbox 1297 477 1373 499; x_wconf 91' lang='lat' dir='ltr'>cum</span> 
     </span>
     <span class='ocr_line' id='line_1_7' title="bbox 296 512 1373 554; baseline -0.002 -8"><span class='ocrx_word' id='word_1_40' title='bbox 296 515 435 550; x_wconf 88' lang='lat' dir='ltr'>animali,</span> <span class='ocrx_word' id='word_1_41' title='bbox 459 514 614 544; x_wconf 91' lang='lat' dir='ltr'>limitatur</span> <span class='ocrx_word' id='word_1_42' title='bbox 637 512 677 543; x_wconf 93' lang='lat' dir='ltr'>ad</span> <span class='ocrx_word' id='word_1_43' title='bbox 700 513 879 547; x_wconf 89' lang='lat' dir='ltr'>hominem,</span> <span class='ocrx_word' id='word_1_44' title='bbox 905 518 937 542; x_wconf 92' lang='lat' dir='ltr'>et</span> <span class='ocrx_word' id='word_1_45' title='bbox 960 517 1008 542; x_wconf 90' lang='lat' dir='ltr'>est</span> <span class='ocrx_word' id='word_1_46' title='bbox 1030 513 1100 554; x_wconf 90' lang='lat' dir='ltr'>ipsa</span> <span class='ocrx_word' id='word_1_47' title='bbox 1123 512 1301 544; x_wconf 86' lang='lat' dir='ltr'>differentia</span> <span class='ocrx_word' id='word_1_48' title='bbox 1324 514 1373 543; x_wconf 87' lang='lat' dir='ltr'>in-</span> 
     </span>
     <span class='ocr_line' id='line_1_8' title="bbox 295 557 1371 594; baseline -0.002 -4"><span class='ocrx_word' id='word_1_49' title='bbox 295 561 431 590; x_wconf 88' lang='lat' dir='ltr'>trinseca</span> <span class='ocrx_word' id='word_1_50' title='bbox 453 558 595 588; x_wconf 89' lang='lat' dir='ltr'>hominis</span> <span class='ocrx_word' id='word_1_51' title='bbox 618 558 783 588; x_wconf 85' lang='lat' dir='ltr'>essentiae.</span> <span class='ocrx_word' id='word_1_52' title='bbox 816 557 849 588; x_wconf 90' lang='lat' dir='ltr'>Si</span> <span class='ocrx_word' id='word_1_53' title='bbox 880 562 989 587; x_wconf 92' lang='lat' dir='ltr'>autem</span> <span class='ocrx_word' id='word_1_54' title='bbox 1019 566 1076 587; x_wconf 87' lang='lat' dir='ltr'>ens</span> <span class='ocrx_word' id='word_1_55' title='bbox 1107 563 1155 588; x_wconf 65' lang='lat' dir='ltr'>est</span> <span class='ocrx_word' id='word_1_56' title='bbox 1181 559 1371 594; x_wconf 90' lang='lat' dir='ltr'>univocum,</span> 
     </span>
     <span class='ocr_line' id='line_1_9' title="bbox 295 601 1372 635; baseline -0.002 0"><span class='ocrx_word' id='word_1_57' title='bbox 295 604 362 635; x_wconf 92' lang='lat' dir='ltr'>duo</span> <span class='ocrx_word' id='word_1_58' title='bbox 385 604 465 634; x_wconf 90' lang='lat' dir='ltr'>haec</span> <span class='ocrx_word' id='word_1_59' title='bbox 488 603 549 633; x_wconf 89' lang='lat' dir='ltr'>sibi</span> <span class='ocrx_word' id='word_1_60' title='bbox 573 603 768 633; x_wconf 89' lang='lat' dir='ltr'>conveniant</span> <span class='ocrx_word' id='word_1_61' title='bbox 790 611 922 632; x_wconf 86' lang='lat' dir='ltr'>necesse</span> <span class='ocrx_word' id='word_1_62' title='bbox 946 606 1002 632; x_wconf 89' lang='lat' dir='ltr'>est.</span> <span class='ocrx_word' id='word_1_63' title='bbox 1027 601 1112 632; x_wconf 89' lang='lat' dir='ltr'>Nam</span> <span class='ocrx_word' id='word_1_64' title='bbox 1136 611 1236 633; x_wconf 88' lang='lat' dir='ltr'>omne</span> <span class='ocrx_word' id='word_1_65' title='bbox 1255 603 1372 633; x_wconf 91' lang='lat' dir='ltr'>univo-</span> 
     </span>
     <span class='ocr_line' id='line_1_10' title="bbox 294 646 1371 688; baseline -0.001 -9"><span class='ocrx_word' id='word_1_66' title='bbox 294 658 381 685; x_wconf 91' lang='lat' dir='ltr'>cum,</span> <span class='ocrx_word' id='word_1_67' title='bbox 406 648 503 678; x_wconf 88' lang='lat' dir='ltr'>etiam</span> <span class='ocrx_word' id='word_1_68' title='bbox 526 648 755 678; x_wconf 79' lang='lat' dir='ltr'>univocatione</span> <span class='ocrx_word' id='word_1_69' title='bbox 771 646 1001 687; x_wconf 87' lang='lat' dir='ltr'>metaphysica,</span> <span class='ocrx_word' id='word_1_70' title='bbox 1019 655 1119 686; x_wconf 91' lang='lat' dir='ltr'>quam</span> <span class='ocrx_word' id='word_1_71' title='bbox 1134 646 1252 678; x_wconf 89' lang='lat' dir='ltr'>Scotus</span> <span class='ocrx_word' id='word_1_72' title='bbox 1267 647 1371 688; x_wconf 92' lang='lat' dir='ltr'>ponit,</span> 
     </span>
     <span class='ocr_line' id='line_1_11' title="bbox 294 691 1370 724; baseline -0.002 0"><span class='ocrx_word' id='word_1_73' title='bbox 294 693 371 724; x_wconf 83' lang='lat' dir='ltr'>dicit</span> <span class='ocrx_word' id='word_1_74' title='bbox 393 701 494 723; x_wconf 90' lang='lat' dir='ltr'>unam</span> <span class='ocrx_word' id='word_1_75' title='bbox 514 691 652 722; x_wconf 87' lang='lat' dir='ltr'>formam</span> <span class='ocrx_word' id='word_1_76' title='bbox 676 692 715 722; x_wconf 92' lang='lat' dir='ltr'>ab</span> <span class='ocrx_word' id='word_1_77' title='bbox 740 691 892 722; x_wconf 90' lang='lat' dir='ltr'>omnibus</span> <span class='ocrx_word' id='word_1_78' title='bbox 917 691 1098 721; x_wconf 89' lang='lat' dir='ltr'>univocatis</span> <span class='ocrx_word' id='word_1_79' title='bbox 1121 692 1370 722; x_wconf 88' lang='lat' dir='ltr'>abstrahibilem.</span> 
     </span>
     <span class='ocr_line' id='line_1_12' title="bbox 294 735 1371 778; baseline -0.001 -10"><span class='ocrx_word' id='word_1_80' title='bbox 294 738 374 768; x_wconf 85' lang='lat' dir='ltr'>Item</span> <span class='ocrx_word' id='word_1_81' title='bbox 399 742 528 778; x_wconf 89' lang='lat' dir='ltr'>oportet</span> <span class='ocrx_word' id='word_1_82' title='bbox 551 742 588 767; x_wconf 93' lang='lat' dir='ltr'>ut</span> <span class='ocrx_word' id='word_1_83' title='bbox 611 746 668 777; x_wconf 91' lang='lat' dir='ltr'>per</span> <span class='ocrx_word' id='word_1_84' title='bbox 699 735 910 766; x_wconf 85' lang='lat' dir='ltr'>differentiam</span> <span class='ocrx_word' id='word_1_85' title='bbox 943 735 1098 766; x_wconf 89' lang='lat' dir='ltr'>limitetur</span> <span class='ocrx_word' id='word_1_86' title='bbox 1128 741 1161 766; x_wconf 89' lang='lat' dir='ltr'>et</span> <span class='ocrx_word' id='word_1_87' title='bbox 1183 736 1224 767; x_wconf 90' lang='lat' dir='ltr'>ad</span> <span class='ocrx_word' id='word_1_88' title='bbox 1248 735 1371 767; x_wconf 89' lang='lat' dir='ltr'>diversa</span> 
     </span>
     <span class='ocr_line' id='line_1_13' title="bbox 292 779 1371 820; baseline -0.001 -7"><span class='ocrx_word' id='word_1_89' title='bbox 292 783 466 813; x_wconf 87' lang='lat' dir='ltr'>univocata</span> <span class='ocrx_word' id='word_1_90' title='bbox 490 781 657 812; x_wconf 90' lang='lat' dir='ltr'>dividatur.</span> <span class='ocrx_word' id='word_1_91' title='bbox 682 781 766 811; x_wconf 90' lang='lat' dir='ltr'>Nam</span> <span class='ocrx_word' id='word_1_92' title='bbox 790 786 845 811; x_wconf 94' lang='lat' dir='ltr'>aut</span> <span class='ocrx_word' id='word_1_93' title='bbox 867 789 925 820; x_wconf 90' lang='lat' dir='ltr'>per</span> <span class='ocrx_word' id='word_1_94' title='bbox 948 779 1092 810; x_wconf 89' lang='lat' dir='ltr'>diversos</span> <span class='ocrx_word' id='word_1_95' title='bbox 1110 780 1229 811; x_wconf 89' lang='lat' dir='ltr'>modos</span> <span class='ocrx_word' id='word_1_96' title='bbox 1245 780 1371 812; x_wconf 90' lang='lat' dir='ltr'>essendi</span> 
     </span>
     <span class='ocr_line' id='line_1_14' title="bbox 293 823 1371 866; baseline -0.002 -9"><span class='ocrx_word' id='word_1_97' title='bbox 293 827 490 862; x_wconf 86' lang='lat' dir='ltr'>limitabitur,</span> <span class='ocrx_word' id='word_1_98' title='bbox 507 831 561 856; x_wconf 93' lang='lat' dir='ltr'>aut</span> <span class='ocrx_word' id='word_1_99' title='bbox 583 835 641 866; x_wconf 92' lang='lat' dir='ltr'>per</span> <span class='ocrx_word' id='word_1_100' title='bbox 664 825 804 866; x_wconf 88' lang='lat' dir='ltr'>aliquam</span> <span class='ocrx_word' id='word_1_101' title='bbox 829 824 1030 855; x_wconf 87' lang='lat' dir='ltr'>essentialem</span> <span class='ocrx_word' id='word_1_102' title='bbox 1046 823 1272 856; x_wconf 86' lang='lat' dir='ltr'>differentiam:</span> <span class='ocrx_word' id='word_1_103' title='bbox 1293 835 1371 856; x_wconf 89' lang='lat' dir='ltr'>cum</span> 
     </span>
     <span class='ocr_line' id='line_1_15' title="bbox 293 868 1371 910; baseline -0.002 -8"><span class='ocrx_word' id='word_1_104' title='bbox 293 872 333 902; x_wconf 90' lang='lat' dir='ltr'>sit</span> <span class='ocrx_word' id='word_1_105' title='bbox 363 871 668 902; x_wconf 89' lang='lat' dir='ltr'>communissimum</span> <span class='ocrx_word' id='word_1_106' title='bbox 691 869 856 910; x_wconf 85' lang='lat' dir='ltr'>quiddam.</span> <span class='ocrx_word' id='word_1_107' title='bbox 887 869 963 900; x_wconf 95' lang='lat' dir='ltr'>Non</span> <span class='ocrx_word' id='word_1_108' title='bbox 995 878 1053 910; x_wconf 90' lang='lat' dir='ltr'>per</span> <span class='ocrx_word' id='word_1_109' title='bbox 1082 868 1226 900; x_wconf 89' lang='lat' dir='ltr'>diversos</span> <span class='ocrx_word' id='word_1_110' title='bbox 1252 869 1371 900; x_wconf 89' lang='lat' dir='ltr'>modos</span> 
     </span>
     <span class='ocr_line' id='line_1_16' title="bbox 293 914 1371 956; baseline -0.003 -9"><span class='ocrx_word' id='word_1_111' title='bbox 293 915 435 947; x_wconf 89' lang='lat' dir='ltr'>essendi:</span> <span class='ocrx_word' id='word_1_112' title='bbox 461 916 537 956; x_wconf 89' lang='lat' dir='ltr'>quia</span> <span class='ocrx_word' id='word_1_113' title='bbox 560 915 702 946; x_wconf 91' lang='lat' dir='ltr'>diversae</span> <span class='ocrx_word' id='word_1_114' title='bbox 726 915 849 954; x_wconf 92' lang='lat' dir='ltr'>species</span> <span class='ocrx_word' id='word_1_115' title='bbox 879 914 1085 950; x_wconf 89' lang='lat' dir='ltr'>substantiae,</span> <span class='ocrx_word' id='word_1_116' title='bbox 1109 919 1189 954; x_wconf 89' lang='lat' dir='ltr'>puta</span> <span class='ocrx_word' id='word_1_117' title='bbox 1211 914 1315 945; x_wconf 90' lang='lat' dir='ltr'>homo</span> <span class='ocrx_word' id='word_1_118' title='bbox 1339 919 1371 945; x_wconf 91' lang='lat' dir='ltr'>et</span> 
     </span>
     <span class='ocr_line' id='line_1_17' title="bbox 293 957 1371 1001; baseline -0.002 -10"><span class='ocrx_word' id='word_1_119' title='bbox 293 970 407 1001; x_wconf 91' lang='lat' dir='ltr'>equus,</span> <span class='ocrx_word' id='word_1_120' title='bbox 425 959 464 991; x_wconf 91' lang='lat' dir='ltr'>de</span> <span class='ocrx_word' id='word_1_121' title='bbox 481 960 598 1000; x_wconf 91' lang='lat' dir='ltr'>quibus</span> <span class='ocrx_word' id='word_1_122' title='bbox 620 969 676 990; x_wconf 89' lang='lat' dir='ltr'>ens</span> <span class='ocrx_word' id='word_1_123' title='bbox 700 958 910 999; x_wconf 87' lang='lat' dir='ltr'>quidditative</span> <span class='ocrx_word' id='word_1_124' title='bbox 933 957 1145 999; x_wconf 89' lang='lat' dir='ltr'>praedicatur,</span> <span class='ocrx_word' id='word_1_125' title='bbox 1170 959 1371 990; x_wconf 87' lang='lat' dir='ltr'>conveniunt</span> 
     </span>
     <span class='ocr_line' id='line_1_18' title="bbox 291 1002 1371 1043; baseline -0.002 -7"><span class='ocrx_word' id='word_1_126' title='bbox 291 1006 326 1036; x_wconf 91' lang='lat' dir='ltr'>in</span> <span class='ocrx_word' id='word_1_127' title='bbox 343 1005 460 1036; x_wconf 89' lang='lat' dir='ltr'>eodem</span> <span class='ocrx_word' id='word_1_128' title='bbox 475 1004 576 1035; x_wconf 91' lang='lat' dir='ltr'>modo</span> <span class='ocrx_word' id='word_1_129' title='bbox 593 1003 728 1035; x_wconf 88' lang='lat' dir='ltr'>essendi.</span> <span class='ocrx_word' id='word_1_130' title='bbox 754 1003 834 1034; x_wconf 90' lang='lat' dir='ltr'>Item</span> <span class='ocrx_word' id='word_1_131' title='bbox 850 1004 927 1043; x_wconf 94' lang='lat' dir='ltr'>quia</span> <span class='ocrx_word' id='word_1_132' title='bbox 950 1002 1042 1033; x_wconf 86' lang='lat' dir='ltr'>modi</span> <span class='ocrx_word' id='word_1_133' title='bbox 1063 1002 1191 1034; x_wconf 87' lang='lat' dir='ltr'>essendi</span> <span class='ocrx_word' id='word_1_134' title='bbox 1210 1012 1279 1034; x_wconf 91' lang='lat' dir='ltr'>non</span> <span class='ocrx_word' id='word_1_135' title='bbox 1294 1008 1371 1034; x_wconf 89' lang='lat' dir='ltr'>sunt</span> 
     </span>
     <span class='ocr_line' id='line_1_19' title="bbox 292 1047 1370 1088; baseline -0.003 -7"><span class='ocrx_word' id='word_1_136' title='bbox 292 1049 332 1080; x_wconf 92' lang='lat' dir='ltr'>de</span> <span class='ocrx_word' id='word_1_137' title='bbox 356 1050 492 1081; x_wconf 87' lang='lat' dir='ltr'>essentia</span> <span class='ocrx_word' id='word_1_138' title='bbox 515 1049 561 1079; x_wconf 91' lang='lat' dir='ltr'>rei</span> <span class='ocrx_word' id='word_1_139' title='bbox 585 1054 718 1084; x_wconf 88' lang='lat' dir='ltr'>creatae,</span> <span class='ocrx_word' id='word_1_140' title='bbox 744 1057 820 1078; x_wconf 86' lang='lat' dir='ltr'>cum</span> <span class='ocrx_word' id='word_1_141' title='bbox 843 1048 877 1078; x_wconf 92' lang='lat' dir='ltr'>in</span> <span class='ocrx_word' id='word_1_142' title='bbox 901 1048 1053 1078; x_wconf 89' lang='lat' dir='ltr'>creaturis</span> <span class='ocrx_word' id='word_1_143' title='bbox 1069 1057 1139 1079; x_wconf 84' lang='lat' dir='ltr'>esse</span> <span class='ocrx_word' id='word_1_144' title='bbox 1154 1047 1370 1088; x_wconf 81' lang='lat' dir='ltr'>distinguatur</span> 
     </span>
     <span class='ocr_line' id='line_1_20' title="bbox 292 1091 1370 1133; baseline -0.002 -8"><span class='ocrx_word' id='word_1_145' title='bbox 292 1095 331 1125; x_wconf 92' lang='lat' dir='ltr'>ab</span> <span class='ocrx_word' id='word_1_146' title='bbox 363 1094 508 1130; x_wconf 86' lang='lat' dir='ltr'>essentia,</span> <span class='ocrx_word' id='word_1_147' title='bbox 539 1099 576 1124; x_wconf 89' lang='lat' dir='ltr'>ut</span> <span class='ocrx_word' id='word_1_148' title='bbox 605 1092 738 1124; x_wconf 87' lang='lat' dir='ltr'>inferius</span> <span class='ocrx_word' id='word_1_149' title='bbox 761 1093 778 1110; x_wconf 69' lang='lat'>⁴*</span> <span class='ocrx_word' id='word_1_150' title='bbox 801 1091 1007 1123; x_wconf 89' lang='lat' dir='ltr'>ostendetur:</span> <span class='ocrx_word' id='word_1_151' title='bbox 1039 1092 1066 1123; x_wconf 91' lang='lat' dir='ltr'>si</span> <span class='ocrx_word' id='word_1_152' title='bbox 1096 1101 1173 1133; x_wconf 84' lang='lat' dir='ltr'>ergo</span> <span class='ocrx_word' id='word_1_153' title='bbox 1205 1101 1263 1124; x_wconf 87' lang='lat' dir='ltr'>ens</span> <span class='ocrx_word' id='word_1_154' title='bbox 1293 1092 1370 1124; x_wconf 89' lang='lat' dir='ltr'>dicit</span> 
     </span>
     <span class='ocr_line' id='line_1_21' title="bbox 291 1136 1370 1179; baseline -0.002 -9"><span class='ocrx_word' id='word_1_155' title='bbox 291 1148 391 1170; x_wconf 90' lang='lat' dir='ltr'>unam</span> <span class='ocrx_word' id='word_1_156' title='bbox 415 1137 628 1179; x_wconf 88' lang='lat' dir='ltr'>quidditatem</span> <span class='ocrx_word' id='word_1_157' title='bbox 651 1146 863 1168; x_wconf 85' lang='lat' dir='ltr'>communem</span> <span class='ocrx_word' id='word_1_158' title='bbox 882 1138 970 1178; x_wconf 88' lang='lat' dir='ltr'>ipsis,</span> <span class='ocrx_word' id='word_1_159' title='bbox 987 1142 1019 1167; x_wconf 90' lang='lat' dir='ltr'>et</span> <span class='ocrx_word' id='word_1_160' title='bbox 1033 1146 1103 1168; x_wconf 90' lang='lat' dir='ltr'>non</span> <span class='ocrx_word' id='word_1_161' title='bbox 1127 1136 1370 1178; x_wconf 84' lang='lat' dir='ltr'>distinguuntur</span> 
     </span>
     <span class='ocr_line' id='line_1_22' title="bbox 290 1181 1369 1224; baseline -0.002 -9"><span class='ocrx_word' id='word_1_162' title='bbox 290 1184 352 1215; x_wconf 89' lang='lat' dir='ltr'>nisi</span> <span class='ocrx_word' id='word_1_163' title='bbox 370 1193 428 1224; x_wconf 90' lang='lat' dir='ltr'>per</span> <span class='ocrx_word' id='word_1_164' title='bbox 451 1183 592 1214; x_wconf 89' lang='lat' dir='ltr'>diversos</span> <span class='ocrx_word' id='word_1_165' title='bbox 615 1182 733 1213; x_wconf 89' lang='lat' dir='ltr'>modos</span> <span class='ocrx_word' id='word_1_166' title='bbox 749 1181 886 1218; x_wconf 88' lang='lat' dir='ltr'>essendi,</span> <span class='ocrx_word' id='word_1_167' title='bbox 903 1183 1050 1223; x_wconf 89' lang='lat' dir='ltr'>sequitur</span> <span class='ocrx_word' id='word_1_168' title='bbox 1065 1181 1157 1222; x_wconf 91' lang='lat' dir='ltr'>quod</span> <span class='ocrx_word' id='word_1_169' title='bbox 1172 1191 1241 1213; x_wconf 91' lang='lat' dir='ltr'>non</span> <span class='ocrx_word' id='word_1_170' title='bbox 1258 1181 1369 1213; x_wconf 86' lang='lat' dir='ltr'>distin-</span> 
     </span>
     <span class='ocr_line' id='line_1_23' title="bbox 290 1225 1368 1269; baseline -0.001 -10"><span class='ocrx_word' id='word_1_171' title='bbox 290 1234 430 1269; x_wconf 85' lang='lat' dir='ltr'>guentur</span> <span class='ocrx_word' id='word_1_172' title='bbox 459 1228 630 1258; x_wconf 89' lang='lat' dir='ltr'>intrinsece</span> <span class='ocrx_word' id='word_1_173' title='bbox 661 1232 693 1257; x_wconf 91' lang='lat' dir='ltr'>et</span> <span class='ocrx_word' id='word_1_174' title='bbox 723 1226 946 1258; x_wconf 83' lang='lat' dir='ltr'>essentialiter:</span> <span class='ocrx_word' id='word_1_175' title='bbox 978 1225 1035 1257; x_wconf 90' lang='lat' dir='ltr'>sed</span> <span class='ocrx_word' id='word_1_176' title='bbox 1065 1227 1130 1258; x_wconf 89' lang='lat' dir='ltr'>hoc</span> <span class='ocrx_word' id='word_1_177' title='bbox 1161 1232 1210 1258; x_wconf 88' lang='lat' dir='ltr'>est</span> <span class='ocrx_word' id='word_1_178' title='bbox 1239 1226 1368 1264; x_wconf 85' lang='lat' dir='ltr'>falsum,</span> 
     </span>
     <span class='ocr_line' id='line_1_24' title="bbox 291 1270 1370 1314; baseline -0.001 -10"><span class='ocrx_word' id='word_1_179' title='bbox 291 1274 367 1314; x_wconf 90' lang='lat' dir='ltr'>quia</span> <span class='ocrx_word' id='word_1_180' title='bbox 379 1272 587 1304; x_wconf 87' lang='lat' dir='ltr'>essentialiter</span> <span class='ocrx_word' id='word_1_181' title='bbox 598 1281 655 1312; x_wconf 91' lang='lat' dir='ltr'>per</span> <span class='ocrx_word' id='word_1_182' title='bbox 667 1270 861 1303; x_wconf 84' lang='lat' dir='ltr'>differentias</span> <span class='ocrx_word' id='word_1_183' title='bbox 873 1271 1126 1313; x_wconf 81' lang='lat' dir='ltr'>distinguuntur.</span> <span class='ocrx_word' id='word_1_184' title='bbox 1139 1271 1226 1313; x_wconf 82' lang='lat' dir='ltr'>Ergo</span> <span class='ocrx_word' id='word_1_185' title='bbox 1239 1277 1370 1313; x_wconf 89' lang='lat' dir='ltr'>oportet</span> 
     </span>
     <span class='ocr_line' id='line_1_25' title="bbox 289 1316 1369 1358; baseline 0 -10"><span class='ocrx_word' id='word_1_186' title='bbox 289 1324 336 1354; x_wconf 89' lang='lat' dir='ltr'>ut,</span> <span class='ocrx_word' id='word_1_187' title='bbox 360 1319 386 1348; x_wconf 91' lang='lat' dir='ltr'>si</span> <span class='ocrx_word' id='word_1_188' title='bbox 409 1327 466 1349; x_wconf 88' lang='lat' dir='ltr'>ens</span> <span class='ocrx_word' id='word_1_189' title='bbox 490 1317 566 1348; x_wconf 89' lang='lat' dir='ltr'>dicit</span> <span class='ocrx_word' id='word_1_190' title='bbox 590 1326 689 1348; x_wconf 90' lang='lat' dir='ltr'>unam</span> <span class='ocrx_word' id='word_1_191' title='bbox 713 1322 861 1348; x_wconf 89' lang='lat' dir='ltr'>naturam</span> <span class='ocrx_word' id='word_1_192' title='bbox 889 1322 922 1348; x_wconf 86' lang='lat' dir='ltr'>et</span> <span class='ocrx_word' id='word_1_193' title='bbox 951 1316 1165 1358; x_wconf 87' lang='lat' dir='ltr'>quidditatem</span> <span class='ocrx_word' id='word_1_194' title='bbox 1192 1317 1255 1348; x_wconf 88' lang='lat' dir='ltr'>illis</span> <span class='ocrx_word' id='word_1_195' title='bbox 1277 1326 1369 1348; x_wconf 89' lang='lat' dir='ltr'>com-</span> 
     </span>
     <span class='ocr_line' id='line_1_26' title="bbox 289 1360 1369 1403; baseline -0.002 -9"><span class='ocrx_word' id='word_1_196' title='bbox 289 1372 435 1398; x_wconf 89' lang='lat' dir='ltr'>munem.</span> <span class='ocrx_word' id='word_1_197' title='bbox 459 1361 551 1403; x_wconf 91' lang='lat' dir='ltr'>quod</span> <span class='ocrx_word' id='word_1_198' title='bbox 573 1362 627 1393; x_wconf 88' lang='lat' dir='ltr'>illa</span> <span class='ocrx_word' id='word_1_199' title='bbox 650 1360 811 1402; x_wconf 86' lang='lat' dir='ltr'>quidditas</span> <span class='ocrx_word' id='word_1_200' title='bbox 835 1371 893 1403; x_wconf 90' lang='lat' dir='ltr'>per</span> <span class='ocrx_word' id='word_1_201' title='bbox 915 1362 985 1392; x_wconf 86' lang='lat' dir='ltr'>illas</span> <span class='ocrx_word' id='word_1_202' title='bbox 1008 1360 1203 1393; x_wconf 82' lang='lat' dir='ltr'>differentias</span> <span class='ocrx_word' id='word_1_203' title='bbox 1221 1362 1282 1392; x_wconf 86' lang='lat' dir='ltr'>sibi</span> <span class='ocrx_word' id='word_1_204' title='bbox 1300 1371 1369 1392; x_wconf 88' lang='lat' dir='ltr'>rea-</span> 
     </span>
     <span class='ocr_line' id='line_1_27' title="bbox 289 1406 1369 1447; baseline 0 -9"><span class='ocrx_word' id='word_1_205' title='bbox 289 1408 360 1438; x_wconf 88' lang='lat' dir='ltr'>liter</span> <span class='ocrx_word' id='word_1_206' title='bbox 382 1406 594 1438; x_wconf 87' lang='lat' dir='ltr'>identificatas</span> <span class='ocrx_word' id='word_1_207' title='bbox 617 1406 777 1438; x_wconf 85' lang='lat' dir='ltr'>dividatur</span> <span class='ocrx_word' id='word_1_208' title='bbox 796 1412 828 1437; x_wconf 89' lang='lat' dir='ltr'>et</span> <span class='ocrx_word' id='word_1_209' title='bbox 851 1407 1068 1438; x_wconf 83' lang='lat' dir='ltr'>contrahatur.</span> <span class='ocrx_word' id='word_1_210' title='bbox 1085 1406 1244 1447; x_wconf 90' lang='lat' dir='ltr'>Alioquin</span> <span class='ocrx_word' id='word_1_211' title='bbox 1259 1407 1294 1438; x_wconf 90' lang='lat' dir='ltr'>in</span> <span class='ocrx_word' id='word_1_212' title='bbox 1309 1407 1369 1438; x_wconf 90' lang='lat' dir='ltr'>ho-</span> 
     </span>
     <span class='ocr_line' id='line_1_28' title="bbox 289 1451 1370 1492; baseline -0.001 -9"><span class='ocrx_word' id='word_1_213' title='bbox 289 1453 378 1483; x_wconf 90' lang='lat' dir='ltr'>mine</span> <span class='ocrx_word' id='word_1_214' title='bbox 401 1457 507 1483; x_wconf 83' lang='lat' dir='ltr'>essent</span> <span class='ocrx_word' id='word_1_215' title='bbox 530 1451 614 1483; x_wconf 84' lang='lat' dir='ltr'>duae</span> <span class='ocrx_word' id='word_1_216' title='bbox 637 1451 842 1492; x_wconf 88' lang='lat' dir='ltr'>quidditates‚</span> <span class='ocrx_word' id='word_1_217' title='bbox 859 1456 892 1482; x_wconf 88' lang='lat' dir='ltr'>et</span> <span class='ocrx_word' id='word_1_218' title='bbox 906 1451 1052 1482; x_wconf 89' lang='lat' dir='ltr'>similiter</span> <span class='ocrx_word' id='word_1_219' title='bbox 1074 1452 1109 1482; x_wconf 92' lang='lat' dir='ltr'>in</span> <span class='ocrx_word' id='word_1_220' title='bbox 1132 1460 1232 1492; x_wconf 89' lang='lat' dir='ltr'>equo,</span> <span class='ocrx_word' id='word_1_221' title='bbox 1249 1451 1370 1483; x_wconf 86' lang='lat' dir='ltr'>scilicet</span> 
     </span>
     <span class='ocr_line' id='line_1_29' title="bbox 290 1495 1370 1538; baseline 0 -10"><span class='ocrx_word' id='word_1_222' title='bbox 290 1496 451 1538; x_wconf 86' lang='lat' dir='ltr'>quidditas</span> <span class='ocrx_word' id='word_1_223' title='bbox 482 1497 563 1528; x_wconf 89' lang='lat' dir='ltr'>entis</span> <span class='ocrx_word' id='word_1_224' title='bbox 587 1501 620 1527; x_wconf 88' lang='lat' dir='ltr'>et</span> <span class='ocrx_word' id='word_1_225' title='bbox 643 1495 804 1537; x_wconf 89' lang='lat' dir='ltr'>quidditas</span> <span class='ocrx_word' id='word_1_226' title='bbox 828 1495 1042 1533; x_wconf 79' lang='lat' dir='ltr'>differentiae3</span> <span class='ocrx_word' id='word_1_227' title='bbox 1066 1501 1099 1527; x_wconf 92' lang='lat' dir='ltr'>et</span> <span class='ocrx_word' id='word_1_228' title='bbox 1121 1496 1167 1527; x_wconf 89' lang='lat' dir='ltr'>sic</span> <span class='ocrx_word' id='word_1_229' title='bbox 1193 1506 1263 1527; x_wconf 92' lang='lat' dir='ltr'>non</span> <span class='ocrx_word' id='word_1_230' title='bbox 1286 1502 1370 1528; x_wconf 83' lang='lat' dir='ltr'>esset</span> 
     </span>
     <span class='ocr_line' id='line_1_30' title="bbox 290 1540 1369 1582; baseline 0.001 -10"><span class='ocrx_word' id='word_1_231' title='bbox 290 1551 394 1573; x_wconf 90' lang='lat' dir='ltr'>unum</span> <span class='ocrx_word' id='word_1_232' title='bbox 418 1541 615 1582; x_wconf 90' lang='lat' dir='ltr'>simpliciter.</span> <span class='ocrx_word' id='word_1_233' title='bbox 640 1541 745 1572; x_wconf 92' lang='lat' dir='ltr'>Immo</span> <span class='ocrx_word' id='word_1_234' title='bbox 769 1550 831 1572; x_wconf 92' lang='lat' dir='ltr'>nec</span> <span class='ocrx_word' id='word_1_235' title='bbox 855 1550 912 1572; x_wconf 91' lang='lat' dir='ltr'>ens</span> <span class='ocrx_word' id='word_1_236' title='bbox 938 1550 1000 1572; x_wconf 91' lang='lat' dir='ltr'>nec</span> <span class='ocrx_word' id='word_1_237' title='bbox 1029 1541 1100 1582; x_wconf 87' lang='lat' dir='ltr'>ipsa</span> <span class='ocrx_word' id='word_1_238' title='bbox 1127 1540 1306 1572; x_wconf 84' lang='lat' dir='ltr'>differentia</span> <span class='ocrx_word' id='word_1_239' title='bbox 1328 1541 1369 1573; x_wconf 88' lang='lat' dir='ltr'>de</span> 
     </span>
     <span class='ocr_line' id='line_1_31' title="bbox 290 1585 1369 1627; baseline -0.001 -9"><span class='ocrx_word' id='word_1_240' title='bbox 290 1587 398 1627; x_wconf 89' lang='lat' dir='ltr'>specie</span> <span class='ocrx_word' id='word_1_241' title='bbox 421 1585 658 1627; x_wconf 84' lang='lat' dir='ltr'>praedicaretur</span> <span class='ocrx_word' id='word_1_242' title='bbox 680 1587 715 1617; x_wconf 91' lang='lat' dir='ltr'>in</span> <span class='ocrx_word' id='word_1_243' title='bbox 737 1591 842 1617; x_wconf 86' lang='lat' dir='ltr'>recto:</span> <span class='ocrx_word' id='word_1_244' title='bbox 867 1586 944 1626; x_wconf 91' lang='lat' dir='ltr'>quia</span> <span class='ocrx_word' id='word_1_245' title='bbox 967 1591 1122 1617; x_wconf 86' lang='lat' dir='ltr'>neutrum</span> <span class='ocrx_word' id='word_1_246' title='bbox 1143 1591 1248 1616; x_wconf 89' lang='lat' dir='ltr'>totam</span> <span class='ocrx_word' id='word_1_247' title='bbox 1274 1586 1369 1626; x_wconf 89' lang='lat' dir='ltr'>quid-</span> 
     </span>
     <span class='ocr_line' id='line_1_32' title="bbox 290 1629 1369 1672; baseline 0 -10"><span class='ocrx_word' id='word_1_248' title='bbox 290 1631 422 1663; x_wconf 85' lang='lat' dir='ltr'>ditatem</span> <span class='ocrx_word' id='word_1_249' title='bbox 445 1630 575 1667; x_wconf 88' lang='lat' dir='ltr'>diceret,</span> <span class='ocrx_word' id='word_1_250' title='bbox 592 1630 648 1662; x_wconf 90' lang='lat' dir='ltr'>sed</span> <span class='ocrx_word' id='word_1_251' title='bbox 671 1636 811 1671; x_wconf 80' lang='lat' dir='ltr'>partem;</span> <span class='ocrx_word' id='word_1_252' title='bbox 835 1639 908 1671; x_wconf 85' lang='lat' dir='ltr'>pars</span> <span class='ocrx_word' id='word_1_253' title='bbox 923 1636 1034 1661; x_wconf 90' lang='lat' dir='ltr'>autem</span> <span class='ocrx_word' id='word_1_254' title='bbox 1049 1629 1090 1661; x_wconf 90' lang='lat' dir='ltr'>de</span> <span class='ocrx_word' id='word_1_255' title='bbox 1105 1635 1177 1661; x_wconf 90' lang='lat' dir='ltr'>toto</span> <span class='ocrx_word' id='word_1_256' title='bbox 1192 1640 1262 1661; x_wconf 88' lang='lat' dir='ltr'>non</span> <span class='ocrx_word' id='word_1_257' title='bbox 1277 1640 1369 1672; x_wconf 88' lang='lat' dir='ltr'>prae-</span> 
     </span>
     <span class='ocr_line' id='line_1_33' title="bbox 291 1676 595 1708; baseline -0.007 0"><span class='ocrx_word' id='word_1_258' title='bbox 291 1676 415 1708; x_wconf 89' lang='lat' dir='ltr'>dicatur</span> <span class='ocrx_word' id='word_1_259' title='bbox 437 1676 471 1707; x_wconf 91' lang='lat' dir='ltr'>in</span> <span class='ocrx_word' id='word_1_260' title='bbox 495 1681 595 1707; x_wconf 90' lang='lat' dir='ltr'>recto.</span> 
     </span>
    </p>

    <p class='ocr_par' dir='ltr' id='par_1_4' title="bbox 289 1704 1370 1939">
     <span class='ocr_line' id='line_1_34' title="bbox 346 1704 1369 1761; baseline -0.001 -9"><span class='ocrx_word' id='word_1_261' title='bbox 346 1721 395 1752; x_wconf 87' lang='lat' dir='ltr'>Ex</span> <span class='ocrx_word' id='word_1_262' title='bbox 418 1721 541 1752; x_wconf 88' lang='lat' dir='ltr'>ratione</span> <span class='ocrx_word' id='word_1_263' title='bbox 565 1721 662 1751; x_wconf 89' lang='lat' dir='ltr'>etiam</span> <span class='ocrx_word' id='word_1_264' title='bbox 685 1704 811 1761; x_wconf 86' lang='lat' dir='ltr'>generis</span> <span class='ocrx_word' id='word_1_265' title='bbox 833 1719 922 1751; x_wconf 88' lang='lat' dir='ltr'>idem</span> <span class='ocrx_word' id='word_1_266' title='bbox 945 1725 1042 1760; x_wconf 88' lang='lat' dir='ltr'>patet.</span> <span class='ocrx_word' id='word_1_267' title='bbox 1076 1720 1161 1751; x_wconf 89' lang='lat' dir='ltr'>Nam</span> <span class='ocrx_word' id='word_1_268' title='bbox 1190 1729 1294 1760; x_wconf 80' lang='lat' dir='ltr'>genus</span> <span class='ocrx_word' id='word_1_269' title='bbox 1321 1726 1369 1751; x_wconf 87' lang='lat' dir='ltr'>est</span> 
     </span>
     <span class='ocr_line' id='line_1_35' title="bbox 290 1764 1370 1816; baseline -0.001 -20"><span class='ocrx_word' id='word_1_270' title='bbox 290 1765 378 1807; x_wconf 82' lang='lat' dir='ltr'>quod</span> <span class='ocrx_word' id='word_1_271' title='bbox 401 1765 537 1796; x_wconf 80' lang='lat' dir='ltr'>univoce</span> <span class='ocrx_word' id='word_1_272' title='bbox 560 1765 600 1796; x_wconf 88' lang='lat' dir='ltr'>de</span> <span class='ocrx_word' id='word_1_273' title='bbox 617 1765 769 1806; x_wconf 76' lang='lat' dir='ltr'>pluribus</span> <span class='ocrx_word' id='word_1_274' title='bbox 784 1764 1009 1806; x_wconf 65' lang='lat' dir='ltr'>differentibus</span> <span class='ocrx_word' id='word_1_275' title='bbox 1030 1765 1136 1805; x_wconf 81' lang='lat' dir='ltr'>specie</span> <span class='ocrx_word' id='word_1_276' title='bbox 1152 1764 1370 1816; x_wconf 78' lang='lat' dir='ltr'>praedicatur</span> 
     </span>
     <span class='ocr_line' id='line_1_36' title="bbox 290 1809 1367 1851; baseline -0.001 -10"><span class='ocrx_word' id='word_1_277' title='bbox 290 1811 324 1841; x_wconf 80' lang='lat' dir='ltr'>in</span> <span class='ocrx_word' id='word_1_278' title='bbox 349 1819 387 1841; x_wconf 88' lang='lat' dir='ltr'>eo</span> <span class='ocrx_word' id='word_1_279' title='bbox 411 1810 499 1851; x_wconf 85' lang='lat' dir='ltr'>quod</span> <span class='ocrx_word' id='word_1_280' title='bbox 524 1809 612 1850; x_wconf 83' lang='lat' dir='ltr'>quid.</span> <span class='ocrx_word' id='word_1_281' title='bbox 643 1809 782 1841; x_wconf 80' lang='lat' dir='ltr'>Constat</span> <span class='ocrx_word' id='word_1_282' title='bbox 811 1815 931 1846; x_wconf 88' lang='lat' dir='ltr'>autem,</span> <span class='ocrx_word' id='word_1_283' title='bbox 955 1810 981 1840; x_wconf 90' lang='lat' dir='ltr'>si</span> <span class='ocrx_word' id='word_1_284' title='bbox 1012 1819 1069 1840; x_wconf 90' lang='lat' dir='ltr'>ens</span> <span class='ocrx_word' id='word_1_285' title='bbox 1099 1814 1147 1840; x_wconf 86' lang='lat' dir='ltr'>est</span> <span class='ocrx_word' id='word_1_286' title='bbox 1177 1810 1367 1846; x_wconf 88' lang='lat' dir='ltr'>univocum,</span> 
     </span>
     <span class='ocr_line' id='line_1_37' title="bbox 290 1853 1368 1896; baseline -0.001 -10"><span class='ocrx_word' id='word_1_287' title='bbox 290 1854 382 1896; x_wconf 92' lang='lat' dir='ltr'>quod</span> <span class='ocrx_word' id='word_1_288' title='bbox 404 1855 464 1885; x_wconf 86' lang='lat' dir='ltr'>sibi</span> <span class='ocrx_word' id='word_1_289' title='bbox 488 1854 573 1885; x_wconf 89' lang='lat' dir='ltr'>dicta</span> <span class='ocrx_word' id='word_1_290' title='bbox 589 1855 670 1885; x_wconf 88' lang='lat' dir='ltr'>ratio</span> <span class='ocrx_word' id='word_1_291' title='bbox 687 1854 855 1887; x_wconf 90' lang='lat' dir='ltr'>convenit:</span> <span class='ocrx_word' id='word_1_292' title='bbox 880 1855 957 1894; x_wconf 90' lang='lat' dir='ltr'>quia</span> <span class='ocrx_word' id='word_1_293' title='bbox 980 1853 1021 1885; x_wconf 90' lang='lat' dir='ltr'>de</span> <span class='ocrx_word' id='word_1_294' title='bbox 1043 1853 1175 1885; x_wconf 88' lang='lat' dir='ltr'>diversis</span> <span class='ocrx_word' id='word_1_295' title='bbox 1198 1854 1368 1895; x_wconf 81' lang='lat' dir='ltr'>speciebus</span> 
     </span>
     <span class='ocr_line' id='line_1_38' title="bbox 289 1898 1186 1939; baseline -0.002 -8"><span class='ocrx_word' id='word_1_296' title='bbox 289 1901 430 1931; x_wconf 85' lang='lat' dir='ltr'>univoce</span> <span class='ocrx_word' id='word_1_297' title='bbox 454 1904 485 1930; x_wconf 90' lang='lat' dir='ltr'>et</span> <span class='ocrx_word' id='word_1_298' title='bbox 508 1898 720 1939; x_wconf 83' lang='lat' dir='ltr'>quidditative</span> <span class='ocrx_word' id='word_1_299' title='bbox 744 1898 989 1939; x_wconf 79' lang='lat' dir='ltr'>praedicabitur.</span> <span class='ocrx_word' id='word_1_300' title='bbox 1014 1898 1102 1938; x_wconf 80' lang='lat' dir='ltr'>Ergo</span> <span class='ocrx_word' id='word_1_301' title='bbox 1125 1903 1186 1930; x_wconf 87' lang='lat' dir='ltr'>etc.</span> 
     </span>
    </p>

    <p class='ocr_par' dir='ltr' id='par_1_5' title="bbox 287 1942 1369 2296">
     <span class='ocr_line' id='line_1_39' title="bbox 347 1942 1368 1984; baseline 0 -10"><span class='ocrx_word' id='word_1_302' title='bbox 347 1945 376 1975; x_wconf 94' lang='grc'>5.</span> <span class='ocrx_word' id='word_1_303' title='bbox 402 1943 449 1974; x_wconf 85' lang='lat' dir='ltr'>Ex</span> <span class='ocrx_word' id='word_1_304' title='bbox 463 1944 502 1974; x_wconf 91' lang='lat' dir='ltr'>iis</span> <span class='ocrx_word' id='word_1_305' title='bbox 517 1949 606 1984; x_wconf 91' lang='lat' dir='ltr'>patet</span> <span class='ocrx_word' id='word_1_306' title='bbox 620 1944 654 1974; x_wconf 93' lang='lat' dir='ltr'>in</span> <span class='ocrx_word' id='word_1_307' title='bbox 671 1943 763 1974; x_wconf 88' lang='lat' dir='ltr'>dictis</span> <span class='ocrx_word' id='word_1_308' title='bbox 778 1943 867 1975; x_wconf 90' lang='lat' dir='ltr'>Scoti</span> <span class='ocrx_word' id='word_1_309' title='bbox 884 1952 954 1974; x_wconf 85' lang='lat' dir='ltr'>esse</span> <span class='ocrx_word' id='word_1_310' title='bbox 969 1942 1271 1980; x_wconf 84' lang='lat' dir='ltr'>contradictionem,</span> <span class='ocrx_word' id='word_1_311' title='bbox 1288 1942 1368 1974; x_wconf 87' lang='lat' dir='ltr'>dum</span> 
     </span>
     <span class='ocr_line' id='line_1_40' title="bbox 288 1986 1367 2029; baseline -0.001 -10"><span class='ocrx_word' id='word_1_312' title='bbox 288 1989 383 2029; x_wconf 88' lang='lat' dir='ltr'>ponit</span> <span class='ocrx_word' id='word_1_313' title='bbox 412 1998 470 2019; x_wconf 86' lang='lat' dir='ltr'>ens</span> <span class='ocrx_word' id='word_1_314' title='bbox 502 1988 682 2019; x_wconf 88' lang='lat' dir='ltr'>univocum</span> <span class='ocrx_word' id='word_1_315' title='bbox 715 1997 795 2024; x_wconf 90' lang='lat' dir='ltr'>esse,</span> <span class='ocrx_word' id='word_1_316' title='bbox 820 1993 852 2019; x_wconf 89' lang='lat' dir='ltr'>et</span> <span class='ocrx_word' id='word_1_317' title='bbox 879 1987 1055 2028; x_wconf 89' lang='lat' dir='ltr'>praedicari</span> <span class='ocrx_word' id='word_1_318' title='bbox 1085 1986 1296 2028; x_wconf 86' lang='lat' dir='ltr'>quidditative</span> <span class='ocrx_word' id='word_1_319' title='bbox 1327 1987 1367 2018; x_wconf 92' lang='lat' dir='ltr'>de</span> 
     </span>
     <span class='ocr_line' id='line_1_41' title="bbox 289 2031 1368 2073; baseline -0.002 -9"><span class='ocrx_word' id='word_1_320' title='bbox 289 2033 450 2073; x_wconf 81' lang='lat' dir='ltr'>aliquibus</span> <span class='ocrx_word' id='word_1_321' title='bbox 473 2031 668 2063; x_wconf 85' lang='lat' dir='ltr'>differentiis.</span> <span class='ocrx_word' id='word_1_322' title='bbox 693 2031 846 2073; x_wconf 85' lang='lat' dir='ltr'>Sequitur</span> <span class='ocrx_word' id='word_1_323' title='bbox 869 2032 967 2068; x_wconf 89' lang='lat' dir='ltr'>enim,</span> <span class='ocrx_word' id='word_1_324' title='bbox 984 2037 1022 2063; x_wconf 91' lang='lat' dir='ltr'>ut</span> <span class='ocrx_word' id='word_1_325' title='bbox 1039 2031 1253 2068; x_wconf 85' lang='lat' dir='ltr'>ostendimus,</span> <span class='ocrx_word' id='word_1_326' title='bbox 1268 2032 1368 2072; x_wconf 82' lang='lat' dir='ltr'>gratia</span> 
     </span>
     <span class='ocr_line' id='line_1_42' title="bbox 288 2075 1366 2117; baseline -0.001 -9"><span class='ocrx_word' id='word_1_327' title='bbox 288 2077 450 2114; x_wconf 83' lang='lat' dir='ltr'>materiae,</span> <span class='ocrx_word' id='word_1_328' title='bbox 477 2077 552 2108; x_wconf 91' lang='lat' dir='ltr'>licet</span> <span class='ocrx_word' id='word_1_329' title='bbox 582 2076 665 2108; x_wconf 83' lang='lat' dir='ltr'>forte</span> <span class='ocrx_word' id='word_1_330' title='bbox 695 2086 764 2108; x_wconf 87' lang='lat' dir='ltr'>non</span> <span class='ocrx_word' id='word_1_331' title='bbox 795 2077 895 2117; x_wconf 80' lang='lat' dir='ltr'>gratia</span> <span class='ocrx_word' id='word_1_332' title='bbox 926 2075 1060 2112; x_wconf 82' lang='lat' dir='ltr'>formae,</span> <span class='ocrx_word' id='word_1_333' title='bbox 1090 2076 1152 2107; x_wconf 82' lang='lat' dir='ltr'>Est</span> <span class='ocrx_word' id='word_1_334' title='bbox 1182 2076 1366 2108; x_wconf 78' lang='lat' dir='ltr'>univocum.</span> 
     </span>
     <span class='ocr_line' id='line_1_43' title="bbox 287 2121 1369 2164; baseline 0 -12"><span class='ocrx_word' id='word_1_335' title='bbox 287 2122 382 2164; x_wconf 74' lang='lat' dir='ltr'>Ergo</span> <span class='ocrx_word' id='word_1_336' title='bbox 406 2126 454 2152; x_wconf 82' lang='lat' dir='ltr'>est</span> <span class='ocrx_word' id='word_1_337' title='bbox 475 2130 591 2163; x_wconf 77' lang='lat' dir='ltr'>genus.</span> <span class='ocrx_word' id='word_1_338' title='bbox 621 2121 718 2163; x_wconf 74' lang='lat' dir='ltr'>Ergo</span> <span class='ocrx_word' id='word_1_339' title='bbox 749 2130 816 2152; x_wconf 83' lang='lat' dir='ltr'>non</span> <span class='ocrx_word' id='word_1_340' title='bbox 839 2121 1057 2162; x_wconf 78' lang='lat' dir='ltr'>praedicatur</span> <span class='ocrx_word' id='word_1_341' title='bbox 1086 2121 1300 2162; x_wconf 73' lang='lat' dir='ltr'>quidditativs</span> <span class='ocrx_word' id='word_1_342' title='bbox 1327 2121 1369 2152; x_wconf 80' lang='lat' dir='ltr'>de</span> 
     </span>
     <span class='ocr_line' id='line_1_44' title="bbox 288 2165 1366 2208; baseline 0 -11"><span class='ocrx_word' id='word_1_343' title='bbox 288 2166 494 2208; x_wconf 79' lang='lat' dir='ltr'>differentiis:</span> <span class='ocrx_word' id='word_1_344' title='bbox 516 2167 593 2207; x_wconf 80' lang='lat' dir='ltr'>quia</span> <span class='ocrx_word' id='word_1_345' title='bbox 616 2175 722 2208; x_wconf 76' lang='lat' dir='ltr'>genus</span> <span class='ocrx_word' id='word_1_346' title='bbox 745 2171 794 2198; x_wconf 85' lang='lat' dir='ltr'>est</span> <span class='ocrx_word' id='word_1_347' title='bbox 815 2171 912 2197; x_wconf 74' lang='lat' dir='ltr'>extra</span> <span class='ocrx_word' id='word_1_348' title='bbox 935 2171 1125 2207; x_wconf 77' lang='lat' dir='ltr'>conceptum</span> <span class='ocrx_word' id='word_1_349' title='bbox 1151 2165 1366 2207; x_wconf 78' lang='lat' dir='ltr'>differentiae.</span> 
     </span>
     <span class='ocr_line' id='line_1_45' title="bbox 288 2210 1368 2252; baseline 0 -10"><span class='ocrx_word' id='word_1_350' title='bbox 288 2211 331 2243; x_wconf 92' lang='lat' dir='ltr'>Et</span> <span class='ocrx_word' id='word_1_351' title='bbox 353 2212 399 2242; x_wconf 90' lang='lat' dir='ltr'>sic</span> <span class='ocrx_word' id='word_1_352' title='bbox 423 2217 470 2242; x_wconf 86' lang='lat' dir='ltr'>est</span> <span class='ocrx_word' id='word_1_353' title='bbox 493 2210 705 2242; x_wconf 86' lang='lat' dir='ltr'>contradictio</span> <span class='ocrx_word' id='word_1_354' title='bbox 729 2210 836 2243; x_wconf 88' lang='lat' dir='ltr'>dicere</span> <span class='ocrx_word' id='word_1_355' title='bbox 859 2210 951 2252; x_wconf 90' lang='lat' dir='ltr'>quod</span> <span class='ocrx_word' id='word_1_356' title='bbox 967 2211 1008 2242; x_wconf 89' lang='lat' dir='ltr'>sit</span> <span class='ocrx_word' id='word_1_357' title='bbox 1022 2211 1212 2248; x_wconf 88' lang='lat' dir='ltr'>univocum,</span> <span class='ocrx_word' id='word_1_358' title='bbox 1229 2216 1262 2242; x_wconf 90' lang='lat' dir='ltr'>et</span> <span class='ocrx_word' id='word_1_359' title='bbox 1277 2210 1368 2252; x_wconf 89' lang='lat' dir='ltr'>quod</span> 
     </span>
     <span class='ocr_line' id='line_1_46' title="bbox 289 2255 774 2296; baseline -0.002 -8"><span class='ocrx_word' id='word_1_360' title='bbox 289 2256 330 2288; x_wconf 91' lang='lat' dir='ltr'>de</span> <span class='ocrx_word' id='word_1_361' title='bbox 353 2255 539 2287; x_wconf 86' lang='lat' dir='ltr'>differentiis</span> <span class='ocrx_word' id='word_1_362' title='bbox 563 2255 774 2296; x_wconf 87' lang='lat' dir='ltr'>praedicetur.</span> 
     </span>
    </p>

    <p class='ocr_par' dir='ltr' id='par_1_6' title="bbox 289 2300 1370 2565">
     <span class='ocr_line' id='line_1_47' title="bbox 346 2300 1369 2341; baseline -0.001 -9"><span class='ocrx_word' id='word_1_363' title='bbox 346 2301 394 2332; x_wconf 88' lang='lat' dir='ltr'>Ex</span> <span class='ocrx_word' id='word_1_364' title='bbox 416 2301 454 2332; x_wconf 88' lang='lat' dir='ltr'>iis</span> <span class='ocrx_word' id='word_1_365' title='bbox 478 2306 565 2341; x_wconf 87' lang='lat' dir='ltr'>patet</span> <span class='ocrx_word' id='word_1_366' title='bbox 588 2300 688 2341; x_wconf 87' lang='lat' dir='ltr'>quod,</span> <span class='ocrx_word' id='word_1_367' title='bbox 706 2310 782 2332; x_wconf 88' lang='lat' dir='ltr'>cum</span> <span class='ocrx_word' id='word_1_368' title='bbox 798 2300 988 2332; x_wconf 84' lang='lat' dir='ltr'>Aristoteles</span> <span class='ocrx_word' id='word_1_369' title='bbox 1010 2300 1127 2341; x_wconf 88' lang='lat' dir='ltr'>probat</span> <span class='ocrx_word' id='word_1_370' title='bbox 1142 2309 1200 2331; x_wconf 90' lang='lat' dir='ltr'>ens</span> <span class='ocrx_word' id='word_1_371' title='bbox 1214 2309 1283 2331; x_wconf 92' lang='lat' dir='ltr'>non</span> <span class='ocrx_word' id='word_1_372' title='bbox 1299 2309 1369 2331; x_wconf 87' lang='lat' dir='ltr'>esse</span> 
     </span>
     <span class='ocr_line' id='line_1_48' title="bbox 289 2344 1369 2386; baseline -0.001 -10"><span class='ocrx_word' id='word_1_373' title='bbox 289 2355 392 2386; x_wconf 85' lang='lat' dir='ltr'>genus</span> <span class='ocrx_word' id='word_1_374' title='bbox 416 2345 493 2386; x_wconf 90' lang='lat' dir='ltr'>quia</span> <span class='ocrx_word' id='word_1_375' title='bbox 514 2354 583 2376; x_wconf 92' lang='lat' dir='ltr'>non</span> <span class='ocrx_word' id='word_1_376' title='bbox 607 2346 702 2376; x_wconf 91' lang='lat' dir='ltr'>habet</span> <span class='ocrx_word' id='word_1_377' title='bbox 725 2344 930 2382; x_wconf 83' lang='lat' dir='ltr'>differentias,</span> <span class='ocrx_word' id='word_1_378' title='bbox 953 2345 1036 2376; x_wconf 84' lang='lat' dir='ltr'>ratio</span> <span class='ocrx_word' id='word_1_379' title='bbox 1059 2354 1119 2376; x_wconf 84' lang='lat' dir='ltr'>sua</span> <span class='ocrx_word' id='word_1_380' title='bbox 1141 2350 1189 2377; x_wconf 85' lang='lat' dir='ltr'>est</span> <span class='ocrx_word' id='word_1_381' title='bbox 1211 2354 1230 2376; x_wconf 89' lang='lat' dir='ltr'>a</span> <span class='ocrx_word' id='word_1_382' title='bbox 1260 2350 1369 2386; x_wconf 86' lang='lat' dir='ltr'>poste·</span> 
     </span>
     <span class='ocr_line' id='line_1_49' title="bbox 289 2389 1370 2430; baseline -0.001 -8"><span class='ocrx_word' id='word_1_383' title='bbox 289 2391 376 2422; x_wconf 89' lang='lat' dir='ltr'>riori.</span> <span class='ocrx_word' id='word_1_384' title='bbox 400 2390 449 2421; x_wconf 88' lang='lat' dir='ltr'>Ex</span> <span class='ocrx_word' id='word_1_385' title='bbox 473 2399 513 2421; x_wconf 90' lang='lat' dir='ltr'>eo</span> <span class='ocrx_word' id='word_1_386' title='bbox 538 2390 625 2420; x_wconf 88' lang='lat' dir='ltr'>enim</span> <span class='ocrx_word' id='word_1_387' title='bbox 652 2389 743 2430; x_wconf 91' lang='lat' dir='ltr'>quod</span> <span class='ocrx_word' id='word_1_388' title='bbox 773 2389 966 2422; x_wconf 82' lang='lat' dir='ltr'>differentias</span> <span class='ocrx_word' id='word_1_389' title='bbox 995 2398 1066 2420; x_wconf 90' lang='lat' dir='ltr'>non</span> <span class='ocrx_word' id='word_1_390' title='bbox 1091 2390 1198 2426; x_wconf 84' lang='lat' dir='ltr'>habet,</span> <span class='ocrx_word' id='word_1_391' title='bbox 1222 2390 1370 2430; x_wconf 89' lang='lat' dir='ltr'>sequitur</span> 
     </span>
     <span class='ocr_line' id='line_1_50' title="bbox 290 2434 1369 2476; baseline 0 -10"><span class='ocrx_word' id='word_1_392' title='bbox 290 2434 382 2476; x_wconf 90' lang='lat' dir='ltr'>quod</span> <span class='ocrx_word' id='word_1_393' title='bbox 404 2444 473 2466; x_wconf 91' lang='lat' dir='ltr'>non</span> <span class='ocrx_word' id='word_1_394' title='bbox 496 2441 543 2465; x_wconf 88' lang='lat' dir='ltr'>est</span> <span class='ocrx_word' id='word_1_395' title='bbox 565 2444 668 2474; x_wconf 86' lang='lat' dir='ltr'>genus</span> <span class='ocrx_word' id='word_1_396' title='bbox 690 2443 799 2476; x_wconf 90' lang='lat' dir='ltr'>neque</span> <span class='ocrx_word' id='word_1_397' title='bbox 822 2435 1018 2466; x_wconf 82' lang='lat' dir='ltr'>univocum:</span> <span class='ocrx_word' id='word_1_398' title='bbox 1043 2434 1130 2475; x_wconf 87' lang='lat' dir='ltr'>quia,</span> <span class='ocrx_word' id='word_1_399' title='bbox 1147 2435 1174 2466; x_wconf 89' lang='lat' dir='ltr'>si</span> <span class='ocrx_word' id='word_1_400' title='bbox 1197 2440 1282 2466; x_wconf 84' lang='lat' dir='ltr'>esset</span> <span class='ocrx_word' id='word_1_401' title='bbox 1296 2435 1369 2467; x_wconf 86' lang='lat' dir='ltr'>uni-</span> 
     </span>
     <span class='ocr_line' id='line_1_51' title="bbox 290 2478 1369 2520; baseline 0 -10"><span class='ocrx_word' id='word_1_402' title='bbox 290 2489 421 2516; x_wconf 88' lang='lat' dir='ltr'>vocum,</span> <span class='ocrx_word' id='word_1_403' title='bbox 438 2480 569 2511; x_wconf 88' lang='lat' dir='ltr'>haberet</span> <span class='ocrx_word' id='word_1_404' title='bbox 585 2478 787 2517; x_wconf 84' lang='lat' dir='ltr'>differentias,</span> <span class='ocrx_word' id='word_1_405' title='bbox 800 2488 878 2511; x_wconf 90' lang='lat' dir='ltr'>cum</span> <span class='ocrx_word' id='word_1_406' title='bbox 893 2488 963 2510; x_wconf 90' lang='lat' dir='ltr'>non</span> <span class='ocrx_word' id='word_1_407' title='bbox 978 2484 1089 2520; x_wconf 85' lang='lat' dir='ltr'>posset</span> <span class='ocrx_word' id='word_1_408' title='bbox 1107 2488 1177 2511; x_wconf 87' lang='lat' dir='ltr'>esse</span> <span class='ocrx_word' id='word_1_409' title='bbox 1193 2478 1282 2511; x_wconf 88' lang='lat' dir='ltr'>aliud</span> <span class='ocrx_word' id='word_1_410' title='bbox 1296 2479 1369 2510; x_wconf 86' lang='lat' dir='ltr'>uni-</span> 
     </span>
     <span class='ocr_line' id='line_1_52' title="bbox 290 2533 670 2565; baseline 0 -10"><span class='ocrx_word' id='word_1_411' title='bbox 290 2534 412 2555; x_wconf 91' lang='lat' dir='ltr'>vocum</span> <span class='ocrx_word' id='word_1_412' title='bbox 435 2533 535 2565; x_wconf 88' lang='lat' dir='ltr'>quam</span> <span class='ocrx_word' id='word_1_413' title='bbox 557 2533 670 2564; x_wconf 84' lang='lat' dir='ltr'>genus.</span> 
     </span>
    </p>

    <p class='ocr_par' dir='ltr' id='par_1_7' title="bbox 290 2567 1370 2833">
     <span class='ocr_line' id='line_1_53' title="bbox 346 2567 1369 2610; baseline -0.001 -10"><span class='ocrx_word' id='word_1_414' title='bbox 346 2569 441 2600; x_wconf 87' lang='lat' dir='ltr'>Ratio</span> <span class='ocrx_word' id='word_1_415' title='bbox 465 2578 542 2610; x_wconf 78' lang='lat' dir='ltr'>ergo</span> <span class='ocrx_word' id='word_1_416' title='bbox 566 2568 675 2600; x_wconf 88' lang='lat' dir='ltr'>Sancti</span> <span class='ocrx_word' id='word_1_417' title='bbox 698 2569 849 2601; x_wconf 86' lang='lat' dir='ltr'>Thomae</span> <span class='ocrx_word' id='word_1_418' title='bbox 876 2567 988 2601; x_wconf 84' lang='lat' dir='ltr'>efficax</span> <span class='ocrx_word' id='word_1_419' title='bbox 1018 2573 1076 2601; x_wconf 89' lang='lat' dir='ltr'>est.</span> <span class='ocrx_word' id='word_1_420' title='bbox 1101 2568 1143 2599; x_wconf 88' lang='lat' dir='ltr'>Et</span> <span class='ocrx_word' id='word_1_421' title='bbox 1165 2573 1369 2609; x_wconf 86' lang='lat' dir='ltr'>assumptum</span> 
     </span>
     <span class='ocr_line' id='line_1_54' title="bbox 291 2613 1370 2655; baseline 0 -11"><span class='ocrx_word' id='word_1_422' title='bbox 291 2613 371 2645; x_wconf 87' lang='lat' dir='ltr'>illud</span> <span class='ocrx_word' id='word_1_423' title='bbox 394 2618 442 2644; x_wconf 88' lang='lat' dir='ltr'>est</span> <span class='ocrx_word' id='word_1_424' title='bbox 464 2622 588 2651; x_wconf 89' lang='lat' dir='ltr'>verum,</span> <span class='ocrx_word' id='word_1_425' title='bbox 616 2613 720 2645; x_wconf 82' lang='lat' dir='ltr'>Omne</span> <span class='ocrx_word' id='word_1_426' title='bbox 743 2613 918 2645; x_wconf 73' lang='lat' dir='ltr'>univocum</span> <span class='ocrx_word' id='word_1_427' title='bbox 947 2618 1007 2645; x_wconf 82' lang='lat' dir='ltr'>aut</span> <span class='ocrx_word' id='word_1_428' title='bbox 1028 2618 1076 2645; x_wconf 77' lang='lat' dir='ltr'>est</span> <span class='ocrx_word' id='word_1_429' title='bbox 1089 2622 1196 2655; x_wconf 78' lang='lat' dir='ltr'>genus</span> <span class='ocrx_word' id='word_1_430' title='bbox 1219 2618 1279 2644; x_wconf 84' lang='lat' dir='ltr'>aut</span> <span class='ocrx_word' id='word_1_431' title='bbox 1299 2622 1370 2653; x_wconf 82' lang='lat' dir='ltr'>spe-</span> 
     </span>
     <span class='ocr_line' id='line_1_55' title="bbox 290 2658 1368 2699; baseline -0.002 -9"><span class='ocrx_word' id='word_1_432' title='bbox 290 2659 355 2690; x_wconf 80' lang='lat' dir='ltr'>cies</span> <span class='ocrx_word' id='word_1_433' title='bbox 378 2663 450 2690; x_wconf 88' lang='lat' dir='ltr'>etc.:</span> <span class='ocrx_word' id='word_1_434' title='bbox 481 2659 558 2699; x_wconf 91' lang='lat' dir='ltr'>quia</span> <span class='ocrx_word' id='word_1_435' title='bbox 586 2659 663 2690; x_wconf 89' lang='lat' dir='ltr'>huic</span> <span class='ocrx_word' id='word_1_436' title='bbox 694 2658 846 2693; x_wconf 87' lang='lat' dir='ltr'>divisioni</span> <span class='ocrx_word' id='word_1_437' title='bbox 875 2658 956 2690; x_wconf 86' lang='lat' dir='ltr'>nihil</span> <span class='ocrx_word' id='word_1_438' title='bbox 978 2663 1104 2699; x_wconf 85' lang='lat' dir='ltr'>praeter</span> <span class='ocrx_word' id='word_1_439' title='bbox 1127 2667 1185 2689; x_wconf 84' lang='lat' dir='ltr'>ens</span> <span class='ocrx_word' id='word_1_440' title='bbox 1211 2658 1368 2694; x_wconf 88' lang='lat' dir='ltr'>obstabat,</span> 
     </span>
     <span class='ocr_line' id='line_1_56' title="bbox 291 2701 1369 2744; baseline -0.001 -10"><span class='ocrx_word' id='word_1_441' title='bbox 291 2702 382 2744; x_wconf 91' lang='lat' dir='ltr'>quod</span> <span class='ocrx_word' id='word_1_442' title='bbox 404 2703 586 2744; x_wconf 88' lang='lat' dir='ltr'>ponebatur</span> <span class='ocrx_word' id='word_1_443' title='bbox 604 2704 784 2736; x_wconf 88' lang='lat' dir='ltr'>univocum</span> <span class='ocrx_word' id='word_1_444' title='bbox 801 2712 870 2734; x_wconf 89' lang='lat' dir='ltr'>esse</span> <span class='ocrx_word' id='word_1_445' title='bbox 887 2709 919 2734; x_wconf 91' lang='lat' dir='ltr'>et</span> <span class='ocrx_word' id='word_1_446' title='bbox 933 2709 1043 2735; x_wconf 87' lang='lat' dir='ltr'>tamen</span> <span class='ocrx_word' id='word_1_447' title='bbox 1059 2712 1127 2734; x_wconf 88' lang='lat' dir='ltr'>non</span> <span class='ocrx_word' id='word_1_448' title='bbox 1151 2712 1221 2734; x_wconf 86' lang='lat' dir='ltr'>esse</span> <span class='ocrx_word' id='word_1_449' title='bbox 1236 2701 1369 2743; x_wconf 87' lang='lat' dir='ltr'>aliquod</span> 
     </span>
     <span class='ocr_line' id='line_1_57' title="bbox 290 2747 1369 2788; baseline 0 -10"><span class='ocrx_word' id='word_1_450' title='bbox 290 2748 419 2779; x_wconf 88' lang='lat' dir='ltr'>horum.</span> <span class='ocrx_word' id='word_1_451' title='bbox 444 2747 620 2779; x_wconf 87' lang='lat' dir='ltr'>Ostensum</span> <span class='ocrx_word' id='word_1_452' title='bbox 643 2754 691 2779; x_wconf 87' lang='lat' dir='ltr'>est</span> <span class='ocrx_word' id='word_1_453' title='bbox 713 2754 834 2785; x_wconf 89' lang='lat' dir='ltr'>autem,</span> <span class='ocrx_word' id='word_1_454' title='bbox 854 2748 880 2779; x_wconf 88' lang='lat' dir='ltr'>si</span> <span class='ocrx_word' id='word_1_455' title='bbox 903 2757 962 2780; x_wconf 87' lang='lat' dir='ltr'>ens</span> <span class='ocrx_word' id='word_1_456' title='bbox 984 2753 1033 2779; x_wconf 90' lang='lat' dir='ltr'>est</span> <span class='ocrx_word' id='word_1_457' title='bbox 1055 2747 1246 2784; x_wconf 87' lang='lat' dir='ltr'>univocum,</span> <span class='ocrx_word' id='word_1_458' title='bbox 1270 2757 1369 2788; x_wconf 90' lang='lat' dir='ltr'>opor-</span> 
     </span>
     <span class='ocr_line' id='line_1_58' title="bbox 290 2791 692 2833; baseline 0.002 -10"><span class='ocrx_word' id='word_1_459' title='bbox 290 2798 356 2824; x_wconf 89' lang='lat' dir='ltr'>tere</span> <span class='ocrx_word' id='word_1_460' title='bbox 379 2791 459 2823; x_wconf 90' lang='lat' dir='ltr'>illud</span> <span class='ocrx_word' id='word_1_461' title='bbox 487 2802 555 2823; x_wconf 84' lang='lat' dir='ltr'>esse</span> <span class='ocrx_word' id='word_1_462' title='bbox 579 2802 692 2833; x_wconf 85' lang='lat' dir='ltr'>genus.</span> 
     </span>
    </p>

    <p class='ocr_par' dir='ltr' id='par_1_8' title="bbox 290 2835 1370 3047">
     <span class='ocr_line' id='line_1_59' title="bbox 345 2835 1369 2878; baseline 0 -10"><span class='ocrx_word' id='word_1_463' title='bbox 345 2837 400 2868; x_wconf 86' lang='lat' dir='ltr'>vl.</span> <span class='ocrx_word' id='word_1_464' title='bbox 427 2837 566 2874; x_wconf 81' lang='lat' dir='ltr'>Quarto.</span> <span class='ocrx_word' id='word_1_465' title='bbox 591 2837 678 2869; x_wconf 90' lang='lat' dir='ltr'>Nihil</span> <span class='ocrx_word' id='word_1_466' title='bbox 695 2843 743 2868; x_wconf 86' lang='lat' dir='ltr'>est</span> <span class='ocrx_word' id='word_1_467' title='bbox 758 2837 830 2869; x_wconf 92' lang='lat' dir='ltr'>Deo</span> <span class='ocrx_word' id='word_1_468' title='bbox 854 2837 1034 2878; x_wconf 75' lang='lat' dir='ltr'>simplicius</span> <span class='ocrx_word' id='word_1_469' title='bbox 1056 2846 1165 2878; x_wconf 89' lang='lat' dir='ltr'>neque</span> <span class='ocrx_word' id='word_1_470' title='bbox 1188 2835 1369 2868; x_wconf 86' lang='lat' dir='ltr'>secundum</span> 
     </span>
     <span class='ocr_line' id='line_1_60' title="bbox 290 2881 1370 2923; baseline -0.001 -10"><span class='ocrx_word' id='word_1_471' title='bbox 290 2891 359 2914; x_wconf 90' lang='lat' dir='ltr'>rem</span> <span class='ocrx_word' id='word_1_472' title='bbox 386 2891 495 2922; x_wconf 89' lang='lat' dir='ltr'>neque</span> <span class='ocrx_word' id='word_1_473' title='bbox 526 2882 707 2913; x_wconf 87' lang='lat' dir='ltr'>secundum</span> <span class='ocrx_word' id='word_1_474' title='bbox 735 2882 947 2914; x_wconf 87' lang='lat' dir='ltr'>intellectum.</span> <span class='ocrx_word' id='word_1_475' title='bbox 971 2882 1058 2923; x_wconf 81' lang='lat' dir='ltr'>Ergo</span> <span class='ocrx_word' id='word_1_476' title='bbox 1081 2887 1142 2913; x_wconf 92' lang='lat' dir='ltr'>etc.</span> <span class='ocrx_word' id='word_1_477' title='bbox 1166 2898 1190 2904; x_wconf 93' lang='lat'>—</span> <span class='ocrx_word' id='word_1_478' title='bbox 1212 2881 1370 2913; x_wconf 87' lang='lat' dir='ltr'>Probatur</span> 
     </span>
     <span class='ocr_line' id='line_1_61' title="bbox 291 2925 1368 2968; baseline 0 -10"><span class='ocrx_word' id='word_1_479' title='bbox 291 2926 534 2967; x_wconf 78' lang='lat' dir='ltr'>consequentia.</span> <span class='ocrx_word' id='word_1_480' title='bbox 560 2926 646 2965; x_wconf 87' lang='lat' dir='ltr'>Quia</span> <span class='ocrx_word' id='word_1_481' title='bbox 662 2926 753 2968; x_wconf 89' lang='lat' dir='ltr'>quod</span> <span class='ocrx_word' id='word_1_482' title='bbox 768 2926 809 2958; x_wconf 90' lang='lat' dir='ltr'>de</span> <span class='ocrx_word' id='word_1_483' title='bbox 827 2927 974 2968; x_wconf 86' lang='lat' dir='ltr'>pluribus</span> <span class='ocrx_word' id='word_1_484' title='bbox 993 2927 1134 2958; x_wconf 89' lang='lat' dir='ltr'>univoce</span> <span class='ocrx_word' id='word_1_485' title='bbox 1156 2925 1368 2967; x_wconf 85' lang='lat' dir='ltr'>praedicatur,</span> 
     </span>
     <span class='ocr_line' id='line_1_62' title="bbox 291 2970 1370 3012; baseline -0.001 -10"><span class='ocrx_word' id='word_1_486' title='bbox 291 2977 433 3012; x_wconf 90' lang='lat' dir='ltr'>utroque</span> <span class='ocrx_word' id='word_1_487' title='bbox 456 2971 598 3009; x_wconf 90' lang='lat' dir='ltr'>illorum,</span> <span class='ocrx_word' id='word_1_488' title='bbox 622 2971 662 3003; x_wconf 88' lang='lat' dir='ltr'>ad</span> <span class='ocrx_word' id='word_1_489' title='bbox 685 2972 794 3003; x_wconf 88' lang='lat' dir='ltr'>minus</span> <span class='ocrx_word' id='word_1_490' title='bbox 817 2971 999 3003; x_wconf 87' lang='lat' dir='ltr'>secundum</span> <span class='ocrx_word' id='word_1_491' title='bbox 1017 2970 1230 3007; x_wconf 85' lang='lat' dir='ltr'>intellectum,</span> <span class='ocrx_word' id='word_1_492' title='bbox 1246 2971 1370 3012; x_wconf 89' lang='lat' dir='ltr'>simpli·</span> 
     </span>
     <span class='ocr_line' id='line_1_63' title="bbox 293 3016 443 3047; baseline 0 0"><span class='ocrx_word' id='word_1_493' title='bbox 293 3016 362 3047; x_wconf 88' lang='lat' dir='ltr'>cius</span> <span class='ocrx_word' id='word_1_494' title='bbox 385 3021 443 3047; x_wconf 80' lang='lat' dir='ltr'>est.</span> 
     </span>
    </p>

    <p class='ocr_par' dir='ltr' id='par_1_9' title="bbox 293 3059 1372 3682">
     <span class='ocr_line' id='line_1_64' title="bbox 347 3059 1369 3102; baseline 0.001 -11"><span class='ocrx_word' id='word_1_495' title='bbox 347 3059 400 3092; x_wconf 83' lang='lat' dir='ltr'>Ad</span> <span class='ocrx_word' id='word_1_496' title='bbox 415 3060 609 3092; x_wconf 86' lang='lat' dir='ltr'>evidentiam</span> <span class='ocrx_word' id='word_1_497' title='bbox 624 3061 721 3092; x_wconf 89' lang='lat' dir='ltr'>huius</span> <span class='ocrx_word' id='word_1_498' title='bbox 737 3061 904 3102; x_wconf 82' lang='lat' dir='ltr'>assumpti,</span> <span class='ocrx_word' id='word_1_499' title='bbox 921 3059 1194 3092; x_wconf 83' lang='lat' dir='ltr'>considerandum</span> <span class='ocrx_word' id='word_1_500' title='bbox 1215 3066 1263 3091; x_wconf 87' lang='lat' dir='ltr'>est</span> <span class='ocrx_word' id='word_1_501' title='bbox 1279 3060 1369 3101; x_wconf 87' lang='lat' dir='ltr'>quod</span> 
     </span>
     <span class='ocr_line' id='line_1_65' title="bbox 293 3104 1368 3147; baseline 0 -11"><span class='ocrx_word' id='word_1_502' title='bbox 293 3105 382 3136; x_wconf 88' lang='lat' dir='ltr'>aliter</span> <span class='ocrx_word' id='word_1_503' title='bbox 396 3104 600 3146; x_wconf 88' lang='lat' dir='ltr'>loquendum</span> <span class='ocrx_word' id='word_1_504' title='bbox 616 3111 663 3137; x_wconf 89' lang='lat' dir='ltr'>est</span> <span class='ocrx_word' id='word_1_505' title='bbox 675 3105 715 3137; x_wconf 91' lang='lat' dir='ltr'>de</span> <span class='ocrx_word' id='word_1_506' title='bbox 727 3106 871 3138; x_wconf 91' lang='lat' dir='ltr'>univoco</span> <span class='ocrx_word' id='word_1_507' title='bbox 886 3111 1047 3147; x_wconf 88' lang='lat' dir='ltr'>quantum</span> <span class='ocrx_word' id='word_1_508' title='bbox 1063 3104 1104 3137; x_wconf 89' lang='lat' dir='ltr'>ad</span> <span class='ocrx_word' id='word_1_509' title='bbox 1119 3104 1368 3146; x_wconf 89' lang='lat' dir='ltr'>simplicitatem,</span> 
     </span>
     <span class='ocr_line' id='line_1_66' title="bbox 294 3149 1369 3191; baseline 0.002 -12"><span class='ocrx_word' id='word_1_510' title='bbox 294 3155 324 3180; x_wconf 88' lang='lat' dir='ltr'>et</span> <span class='ocrx_word' id='word_1_511' title='bbox 340 3150 430 3180; x_wconf 89' lang='lat' dir='ltr'>aliter</span> <span class='ocrx_word' id='word_1_512' title='bbox 444 3149 485 3182; x_wconf 89' lang='lat' dir='ltr'>de</span> <span class='ocrx_word' id='word_1_513' title='bbox 501 3150 639 3191; x_wconf 83' lang='lat' dir='ltr'>analogo</span> <span class='ocrx_word' id='word_1_514' title='bbox 663 3155 695 3182; x_wconf 90' lang='lat' dir='ltr'>et</span> <span class='ocrx_word' id='word_1_515' title='bbox 719 3151 911 3191; x_wconf 90' lang='lat' dir='ltr'>aequivoco.</span> <span class='ocrx_word' id='word_1_516' title='bbox 937 3150 1125 3182; x_wconf 87' lang='lat' dir='ltr'>Univocum</span> <span class='ocrx_word' id='word_1_517' title='bbox 1148 3150 1236 3181; x_wconf 90' lang='lat' dir='ltr'>enim</span> <span class='ocrx_word' id='word_1_518' title='bbox 1255 3149 1297 3181; x_wconf 88' lang='lat' dir='ltr'>ad</span> <span class='ocrx_word' id='word_1_519' title='bbox 1312 3159 1369 3181; x_wconf 89' lang='lat' dir='ltr'>sua</span> 
     </span>
     <span class='ocr_line' id='line_1_67' title="bbox 293 3193 1370 3236; baseline 0.001 -11"><span class='ocrx_word' id='word_1_520' title='bbox 293 3193 443 3225; x_wconf 89' lang='lat' dir='ltr'>inferiora</span> <span class='ocrx_word' id='word_1_521' title='bbox 466 3204 524 3235; x_wconf 90' lang='lat' dir='ltr'>per</span> <span class='ocrx_word' id='word_1_522' title='bbox 546 3194 680 3236; x_wconf 86' lang='lat' dir='ltr'>aliquod</span> <span class='ocrx_word' id='word_1_523' title='bbox 710 3195 856 3227; x_wconf 90' lang='lat' dir='ltr'>additum</span> <span class='ocrx_word' id='word_1_524' title='bbox 886 3195 1100 3226; x_wconf 83' lang='lat' dir='ltr'>contrabitur:</span> <span class='ocrx_word' id='word_1_525' title='bbox 1132 3195 1215 3226; x_wconf 81' lang='lat' dir='ltr'>sicut</span> <span class='ocrx_word' id='word_1_526' title='bbox 1245 3195 1370 3226; x_wconf 81' lang='lat' dir='ltr'>animal</span> 
     </span>
     <span class='ocr_line' id='line_1_68' title="bbox 295 3238 1369 3279; baseline 0.001 -10"><span class='ocrx_word' id='word_1_527' title='bbox 295 3248 351 3279; x_wconf 88' lang='lat' dir='ltr'>per</span> <span class='ocrx_word' id='word_1_528' title='bbox 367 3239 530 3270; x_wconf 81' lang='lat' dir='ltr'>rationale</span> <span class='ocrx_word' id='word_1_529' title='bbox 546 3240 745 3271; x_wconf 88' lang='lat' dir='ltr'>contrahitur</span> <span class='ocrx_word' id='word_1_530' title='bbox 760 3240 801 3271; x_wconf 90' lang='lat' dir='ltr'>ad</span> <span class='ocrx_word' id='word_1_531' title='bbox 816 3240 996 3277; x_wconf 85' lang='lat' dir='ltr'>hominem,</span> <span class='ocrx_word' id='word_1_532' title='bbox 1021 3245 1052 3270; x_wconf 92' lang='lat' dir='ltr'>et</span> <span class='ocrx_word' id='word_1_533' title='bbox 1066 3239 1164 3270; x_wconf 79' lang='lat' dir='ltr'>homo</span> <span class='ocrx_word' id='word_1_534' title='bbox 1185 3238 1225 3270; x_wconf 85' lang='lat' dir='ltr'>ad</span> <span class='ocrx_word' id='word_1_535' title='bbox 1242 3239 1369 3271; x_wconf 84' lang='lat' dir='ltr'>Sortem</span> 
     </span>
     <span class='ocr_line' id='line_1_69' title="bbox 295 3284 1369 3324; baseline 0.001 -10"><span class='ocrx_word' id='word_1_536' title='bbox 295 3293 351 3323; x_wconf 89' lang='lat' dir='ltr'>per</span> <span class='ocrx_word' id='word_1_537' title='bbox 370 3285 527 3324; x_wconf 85' lang='lat' dir='ltr'>principia</span> <span class='ocrx_word' id='word_1_538' title='bbox 550 3284 792 3316; x_wconf 88' lang='lat' dir='ltr'>individuantia.</span> <span class='ocrx_word' id='word_1_539' title='bbox 818 3284 895 3316; x_wconf 91' lang='lat' dir='ltr'>Ideo</span> <span class='ocrx_word' id='word_1_540' title='bbox 910 3294 1042 3316; x_wconf 85' lang='lat' dir='ltr'>necesse</span> <span class='ocrx_word' id='word_1_541' title='bbox 1058 3289 1107 3316; x_wconf 83' lang='lat' dir='ltr'>est</span> <span class='ocrx_word' id='word_1_542' title='bbox 1121 3289 1158 3315; x_wconf 90' lang='lat' dir='ltr'>ut</span> <span class='ocrx_word' id='word_1_543' title='bbox 1172 3284 1280 3324; x_wconf 89' lang='lat' dir='ltr'>ipsum</span> <span class='ocrx_word' id='word_1_544' title='bbox 1297 3285 1369 3316; x_wconf 90' lang='lat' dir='ltr'>uni-</span> 
     </span>
     <span class='ocr_line' id='line_1_70' title="bbox 296 3328 1370 3370; baseline 0.003 -13"><span class='ocrx_word' id='word_1_545' title='bbox 296 3337 415 3358; x_wconf 92' lang='lat' dir='ltr'>vocum</span> <span class='ocrx_word' id='word_1_546' title='bbox 438 3328 522 3359; x_wconf 89' lang='lat' dir='ltr'>dicat</span> <span class='ocrx_word' id='word_1_547' title='bbox 545 3329 667 3370; x_wconf 89' lang='lat' dir='ltr'>aliquid</span> <span class='ocrx_word' id='word_1_548' title='bbox 691 3329 870 3370; x_wconf 79' lang='lat' dir='ltr'>simplicius</span> <span class='ocrx_word' id='word_1_549' title='bbox 892 3329 1088 3360; x_wconf 86' lang='lat' dir='ltr'>univocatis:</span> <span class='ocrx_word' id='word_1_550' title='bbox 1113 3338 1191 3360; x_wconf 84' lang='lat' dir='ltr'>cum</span> <span class='ocrx_word' id='word_1_551' title='bbox 1210 3334 1242 3360; x_wconf 90' lang='lat' dir='ltr'>et</span> <span class='ocrx_word' id='word_1_552' title='bbox 1262 3330 1370 3370; x_wconf 89' lang='lat' dir='ltr'>ipsum</span> 
     </span>
     <span class='ocr_line' id='line_1_71' title="bbox 296 3371 1370 3414; baseline 0.003 -12"><span class='ocrx_word' id='word_1_553' title='bbox 296 3371 473 3403; x_wconf 88' lang='lat' dir='ltr'>univocum</span> <span class='ocrx_word' id='word_1_554' title='bbox 489 3374 660 3405; x_wconf 85' lang='lat' dir='ltr'>univocata</span> <span class='ocrx_word' id='word_1_555' title='bbox 676 3373 854 3411; x_wconf 86' lang='lat' dir='ltr'>includant,</span> <span class='ocrx_word' id='word_1_556' title='bbox 870 3379 902 3405; x_wconf 89' lang='lat' dir='ltr'>et</span> <span class='ocrx_word' id='word_1_557' title='bbox 917 3373 1040 3414; x_wconf 85' lang='lat' dir='ltr'>aliquid</span> <span class='ocrx_word' id='word_1_558' title='bbox 1063 3372 1104 3405; x_wconf 88' lang='lat' dir='ltr'>ad</span> <span class='ocrx_word' id='word_1_559' title='bbox 1125 3373 1195 3405; x_wconf 86' lang='lat' dir='ltr'>eius</span> <span class='ocrx_word' id='word_1_560' title='bbox 1210 3374 1370 3405; x_wconf 88' lang='lat' dir='ltr'>rationem</span> 
     </span>
     <span class='ocr_line' id='line_1_72' title="bbox 298 3415 1370 3459; baseline 0.003 -13"><span class='ocrx_word' id='word_1_561' title='bbox 298 3415 422 3447; x_wconf 83' lang='lat' dir='ltr'>addant.</span> <span class='ocrx_word' id='word_1_562' title='bbox 447 3418 676 3458; x_wconf 83' lang='lat' dir='ltr'>Aequivocum</span> <span class='ocrx_word' id='word_1_563' title='bbox 699 3424 819 3456; x_wconf 87' lang='lat' dir='ltr'>autem,</span> <span class='ocrx_word' id='word_1_564' title='bbox 836 3424 868 3450; x_wconf 89' lang='lat' dir='ltr'>et</span> <span class='ocrx_word' id='word_1_565' title='bbox 883 3418 1069 3459; x_wconf 79' lang='lat' dir='ltr'>analogum,</span> <span class='ocrx_word' id='word_1_566' title='bbox 1086 3417 1178 3459; x_wconf 90' lang='lat' dir='ltr'>quod</span> <span class='ocrx_word' id='word_1_567' title='bbox 1193 3418 1302 3459; x_wconf 89' lang='lat' dir='ltr'>plures</span> <span class='ocrx_word' id='word_1_568' title='bbox 1322 3428 1370 3449; x_wconf 86' lang='lat' dir='ltr'>ra-</span> 
     </span>
     <span class='ocr_line' id='line_1_73' title="bbox 297 3460 1371 3504; baseline 0.004 -14"><span class='ocrx_word' id='word_1_569' title='bbox 297 3460 402 3491; x_wconf 89' lang='lat' dir='ltr'>tiones</span> <span class='ocrx_word' id='word_1_570' title='bbox 425 3460 501 3492; x_wconf 91' lang='lat' dir='ltr'>dicit</span> <span class='ocrx_word' id='word_1_571' title='bbox 523 3468 560 3494; x_wconf 88' lang='lat' dir='ltr'>ut</span> <span class='ocrx_word' id='word_1_572' title='bbox 589 3469 663 3494; x_wconf 89' lang='lat' dir='ltr'>sunt</span> <span class='ocrx_word' id='word_1_573' title='bbox 694 3472 799 3495; x_wconf 90' lang='lat' dir='ltr'>unum</span> <span class='ocrx_word' id='word_1_574' title='bbox 829 3463 1053 3504; x_wconf 86' lang='lat' dir='ltr'>proportione,</span> <span class='ocrx_word' id='word_1_575' title='bbox 1078 3462 1170 3503; x_wconf 91' lang='lat' dir='ltr'>quod</span> <span class='ocrx_word' id='word_1_576' title='bbox 1199 3463 1330 3504; x_wconf 85' lang='lat' dir='ltr'>proprie</span> <span class='ocrx_word' id='word_1_577' title='bbox 1353 3473 1371 3494; x_wconf 90' lang='lat' dir='ltr'>a</span> 
     </span>
     <span class='ocr_line' id='line_1_74' title="bbox 298 3505 1371 3548; baseline 0.005 -14"><span class='ocrx_word' id='word_1_578' title='bbox 298 3505 418 3544; x_wconf 80' lang='lat' dir='ltr'>graecis</span> <span class='ocrx_word' id='word_1_579' title='bbox 441 3507 619 3548; x_wconf 79' lang='lat' dir='ltr'>analogum</span> <span class='ocrx_word' id='word_1_580' title='bbox 636 3507 762 3544; x_wconf 90' lang='lat' dir='ltr'>dicitur,</span> <span class='ocrx_word' id='word_1_581' title='bbox 778 3517 847 3539; x_wconf 89' lang='lat' dir='ltr'>non</span> <span class='ocrx_word' id='word_1_582' title='bbox 868 3513 919 3542; x_wconf 74' lang='lat' dir='ltr'>,est</span> <span class='ocrx_word' id='word_1_583' title='bbox 940 3507 1118 3548; x_wconf 86' lang='lat' dir='ltr'>simplicius</span> <span class='ocrx_word' id='word_1_584' title='bbox 1133 3507 1282 3548; x_wconf 89' lang='lat' dir='ltr'>quolibet</span> <span class='ocrx_word' id='word_1_585' title='bbox 1296 3517 1371 3539; x_wconf 88' lang='lat' dir='ltr'>ana-</span> 
     </span>
     <span class='ocr_line' id='line_1_75' title="bbox 299 3548 1371 3593; baseline 0.005 -15"><span class='ocrx_word' id='word_1_586' title='bbox 299 3548 408 3587; x_wconf 83' lang='lat' dir='ltr'>logato</span> <span class='ocrx_word' id='word_1_587' title='bbox 425 3556 455 3580; x_wconf 89' lang='lat' dir='ltr'>et</span> <span class='ocrx_word' id='word_1_588' title='bbox 471 3552 694 3591; x_wconf 88' lang='lat' dir='ltr'>aequivocato.</span> <span class='ocrx_word' id='word_1_589' title='bbox 712 3553 816 3584; x_wconf 88' lang='lat' dir='ltr'>Immo</span> <span class='ocrx_word' id='word_1_590' title='bbox 832 3553 936 3593; x_wconf 80' lang='lat' dir='ltr'>magis</span> <span class='ocrx_word' id='word_1_591' title='bbox 946 3553 1182 3593; x_wconf 84' lang='lat' dir='ltr'>compositum:</span> <span class='ocrx_word' id='word_1_592' title='bbox 1198 3561 1268 3583; x_wconf 90' lang='lat' dir='ltr'>non</span> <span class='ocrx_word' id='word_1_593' title='bbox 1283 3553 1371 3583; x_wconf 88' lang='lat' dir='ltr'>enim</span> 
     </span>
     <span class='ocr_line' id='line_1_76' title="bbox 300 3596 1372 3633; baseline 0.007 -11"><span class='ocrx_word' id='word_1_594' title='bbox 300 3601 399 3623; x_wconf 88' lang='lat' dir='ltr'>unam</span> <span class='ocrx_word' id='word_1_595' title='bbox 422 3599 568 3626; x_wconf 86' lang='lat' dir='ltr'>naturam</span> <span class='ocrx_word' id='word_1_596' title='bbox 591 3596 667 3627; x_wconf 87' lang='lat' dir='ltr'>dicit</span> <span class='ocrx_word' id='word_1_597' title='bbox 690 3598 755 3628; x_wconf 83' lang='lat' dir='ltr'>suis</span> <span class='ocrx_word' id='word_1_598' title='bbox 778 3596 984 3628; x_wconf 85' lang='lat' dir='ltr'>inferioribus</span> <span class='ocrx_word' id='word_1_599' title='bbox 1007 3605 1229 3633; x_wconf 87' lang='lat' dir='ltr'>communem,</span> <span class='ocrx_word' id='word_1_600' title='bbox 1246 3597 1299 3628; x_wconf 88' lang='lat' dir='ltr'>cui</span> <span class='ocrx_word' id='word_1_601' title='bbox 1323 3597 1372 3628; x_wconf 90' lang='lat' dir='ltr'>in·</span> 
     </span>
     <span class='ocr_line' id='line_1_77' title="bbox 302 3635 1371 3682; baseline 0.006 -16"><span class='ocrx_word' id='word_1_602' title='bbox 302 3635 417 3667; x_wconf 89' lang='lat' dir='ltr'>feriora</span> <span class='ocrx_word' id='word_1_603' title='bbox 439 3638 558 3678; x_wconf 87' lang='lat' dir='ltr'>aliquid</span> <span class='ocrx_word' id='word_1_604' title='bbox 582 3639 714 3677; x_wconf 77' lang='lat' dir='ltr'>addant3</span> <span class='ocrx_word' id='word_1_605' title='bbox 730 3641 786 3672; x_wconf 86' lang='lat' dir='ltr'>sed</span> <span class='ocrx_word' id='word_1_606' title='bbox 802 3641 879 3673; x_wconf 89' lang='lat' dir='ltr'>dicit</span> <span class='ocrx_word' id='word_1_607' title='bbox 897 3641 1082 3673; x_wconf 86' lang='lat' dir='ltr'>immediate</span> <span class='ocrx_word' id='word_1_608' title='bbox 1101 3641 1209 3682; x_wconf 87' lang='lat' dir='ltr'>plures</span> <span class='ocrx_word' id='word_1_609' title='bbox 1231 3646 1371 3678; x_wconf 88' lang='lat' dir='ltr'>naturas,</span> 
     </span>
    </p>
   </div>
   <div class='ocr_carea' id='block_1_4' title="bbox 871 255 1939 304">
    <p class='ocr_par' dir='ltr' id='par_1_10' title="bbox 871 255 1939 304">
     <span class='ocr_line' id='line_1_78' title="bbox 871 255 1939 304; baseline 0.005 -13"><span class='ocrx_word' id='word_1_610' title='bbox 871 255 1060 292; x_wconf 90' lang='lat' dir='ltr'><strong>SUMMA</strong></span> <span class='ocrx_word' id='word_1_611' title='bbox 1090 255 1314 292; x_wconf 93' lang='lat' dir='ltr'>CONTRA</span> <span class='ocrx_word' id='word_1_612' title='bbox 1343 255 1621 304; x_wconf 90' lang='lat' dir='ltr'>GENTILES,</span> <span class='ocrx_word' id='word_1_613' title='bbox 1652 257 1764 295; x_wconf 91' lang='lat' dir='ltr'>CAP.</span> <span class='ocrx_word' id='word_1_614' title='bbox 1786 258 1939 296; x_wconf 91' lang='lat' dir='ltr'>XXXII.</span> 
     </span>
    </p>
   </div>
   <div class='ocr_carea' id='block_1_5' title="bbox 1419 335 2542 3683">
    <p class='ocr_par' dir='ltr' id='par_1_11' title="bbox 1427 335 2507 557">
     <span class='ocr_line' id='line_1_79' title="bbox 1429 335 2506 378; baseline 0.003 -12"><span class='ocrx_word' id='word_1_615' title='bbox 1429 341 1460 366; x_wconf 88' lang='lat' dir='ltr'>et</span> <span class='ocrx_word' id='word_1_616' title='bbox 1484 335 1524 366; x_wconf 88' lang='lat' dir='ltr'>ad</span> <span class='ocrx_word' id='word_1_617' title='bbox 1550 336 1813 378; x_wconf 89' lang='lat' dir='ltr'>unumquodque</span> <span class='ocrx_word' id='word_1_618' title='bbox 1843 342 2050 378; x_wconf 88' lang='lat' dir='ltr'>comparatur</span> <span class='ocrx_word' id='word_1_619' title='bbox 2080 338 2165 368; x_wconf 91' lang='lat' dir='ltr'>sicut</span> <span class='ocrx_word' id='word_1_620' title='bbox 2195 336 2298 368; x_wconf 84' lang='lat' dir='ltr'>multa</span> <span class='ocrx_word' id='word_1_621' title='bbox 2327 337 2368 368; x_wconf 92' lang='lat' dir='ltr'>ad</span> <span class='ocrx_word' id='word_1_622' title='bbox 2389 347 2506 369; x_wconf 81' lang='lat' dir='ltr'>unum.</span> 
     </span>
     <span class='ocr_line' id='line_1_80' title="bbox 1431 380 2507 423; baseline 0.004 -13"><span class='ocrx_word' id='word_1_623' title='bbox 1431 380 1533 410; x_wconf 79' lang='lat' dir='ltr'>Canis</span> <span class='ocrx_word' id='word_1_624' title='bbox 1560 381 1647 411; x_wconf 88' lang='lat' dir='ltr'>enim</span> <span class='ocrx_word' id='word_1_625' title='bbox 1678 381 1756 412; x_wconf 88' lang='lat' dir='ltr'>dicit</span> <span class='ocrx_word' id='word_1_626' title='bbox 1785 382 1888 422; x_wconf 89' lang='lat' dir='ltr'>plura,</span> <span class='ocrx_word' id='word_1_627' title='bbox 1912 383 2034 413; x_wconf 91' lang='lat' dir='ltr'>scilicet</span> <span class='ocrx_word' id='word_1_628' title='bbox 2061 381 2180 413; x_wconf 86' lang='lat' dir='ltr'>animal</span> <span class='ocrx_word' id='word_1_629' title='bbox 2203 386 2360 418; x_wconf 85' lang='lat' dir='ltr'>terrestre,</span> <span class='ocrx_word' id='word_1_630' title='bbox 2383 382 2507 423; x_wconf 86' lang='lat' dir='ltr'>piscem</span> 
     </span>
     <span class='ocr_line' id='line_1_81' title="bbox 1428 425 2507 468; baseline 0.003 -13"><span class='ocrx_word' id='word_1_631' title='bbox 1428 425 1601 462; x_wconf 88' lang='lat' dir='ltr'>marinum,</span> <span class='ocrx_word' id='word_1_632' title='bbox 1633 431 1664 456; x_wconf 90' lang='lat' dir='ltr'>et</span> <span class='ocrx_word' id='word_1_633' title='bbox 1694 425 1782 456; x_wconf 91' lang='lat' dir='ltr'>sidus</span> <span class='ocrx_word' id='word_1_634' title='bbox 1812 426 1962 464; x_wconf 87' lang='lat' dir='ltr'>caeleste;</span> <span class='ocrx_word' id='word_1_635' title='bbox 1990 427 2093 468; x_wconf 79' lang='lat' dir='ltr'>piscis</span> <span class='ocrx_word' id='word_1_636' title='bbox 2116 431 2226 457; x_wconf 89' lang='lat' dir='ltr'>autem</span> <span class='ocrx_word' id='word_1_637' title='bbox 2254 426 2404 457; x_wconf 81' lang='lat' dir='ltr'>marinus</span> <span class='ocrx_word' id='word_1_638' title='bbox 2429 426 2507 458; x_wconf 86' lang='lat' dir='ltr'>dicit</span> 
     </span>
     <span class='ocr_line' id='line_1_82' title="bbox 1427 469 2507 512; baseline 0.003 -13"><span class='ocrx_word' id='word_1_639' title='bbox 1427 478 1532 500; x_wconf 90' lang='lat' dir='ltr'>unum</span> <span class='ocrx_word' id='word_1_640' title='bbox 1555 474 1696 507; x_wconf 69' lang='lat' dir='ltr'>tanturm</span> <span class='ocrx_word' id='word_1_641' title='bbox 1721 469 1842 501; x_wconf 87' lang='lat' dir='ltr'>idcirco</span> <span class='ocrx_word' id='word_1_642' title='bbox 1870 484 1884 498; x_wconf 86' lang='lat'>‹</span> <span class='ocrx_word' id='word_1_643' title='bbox 1899 472 1988 512; x_wconf 89' lang='lat' dir='ltr'>pisce</span> <span class='ocrx_word' id='word_1_644' title='bbox 2011 471 2137 502; x_wconf 87' lang='lat' dir='ltr'>marino</span> <span class='ocrx_word' id='word_1_645' title='bbox 2154 484 2168 498; x_wconf 65' lang='grc' dir='ltr'><strong><em>ι</em></strong></span> <span class='ocrx_word' id='word_1_646' title='bbox 2199 483 2214 498; x_wconf 84' lang='lat'><strong>‹</strong></span> <span class='ocrx_word' id='word_1_647' title='bbox 2230 471 2318 501; x_wconf 86' lang='lat' dir='ltr'>canis</span> <span class='ocrx_word' id='word_1_648' title='bbox 2333 483 2348 498; x_wconf 70' lang='grc' dir='ltr'>ιι</span> <span class='ocrx_word' id='word_1_649' title='bbox 2373 480 2442 502; x_wconf 88' lang='lat' dir='ltr'>non</span> <span class='ocrx_word' id='word_1_650' title='bbox 2460 476 2507 502; x_wconf 91' lang='lat' dir='ltr'>est</span> 
     </span>
     <span class='ocr_line' id='line_1_83' title="bbox 1428 514 2347 557; baseline 0.002 -13"><span class='ocrx_word' id='word_1_651' title='bbox 1428 514 1508 554; x_wconf 90' lang='lat' dir='ltr'>quid</span> <span class='ocrx_word' id='word_1_652' title='bbox 1531 514 1725 554; x_wconf 88' lang='lat' dir='ltr'>simplicius;</span> <span class='ocrx_word' id='word_1_653' title='bbox 1749 515 1852 546; x_wconf 89' lang='lat' dir='ltr'>immo</span> <span class='ocrx_word' id='word_1_654' title='bbox 1876 516 1969 556; x_wconf 86' lang='lat' dir='ltr'>quasi</span> <span class='ocrx_word' id='word_1_655' title='bbox 1989 516 2091 557; x_wconf 86' lang='lat' dir='ltr'>magis</span> <span class='ocrx_word' id='word_1_656' title='bbox 2115 515 2347 556; x_wconf 90' lang='lat' dir='ltr'>compositum.</span> 
     </span>
    </p>

    <p class='ocr_par' dir='ltr' id='par_1_12' title="bbox 1427 559 2507 779">
     <span class='ocr_line' id='line_1_84' title="bbox 1484 559 2507 601; baseline 0.001 -12"><span class='ocrx_word' id='word_1_657' title='bbox 1484 559 1532 589; x_wconf 86' lang='lat' dir='ltr'>Ex</span> <span class='ocrx_word' id='word_1_658' title='bbox 1556 568 1624 599; x_wconf 89' lang='lat' dir='ltr'>quo</span> <span class='ocrx_word' id='word_1_659' title='bbox 1648 559 1795 600; x_wconf 89' lang='lat' dir='ltr'>sequitur</span> <span class='ocrx_word' id='word_1_660' title='bbox 1817 560 1919 600; x_wconf 87' lang='lat' dir='ltr'>quod,</span> <span class='ocrx_word' id='word_1_661' title='bbox 1941 560 2019 591; x_wconf 89' lang='lat' dir='ltr'>licet</span> <span class='ocrx_word' id='word_1_662' title='bbox 2040 569 2203 601; x_wconf 88' lang='lat' dir='ltr'>ponamus</span> <span class='ocrx_word' id='word_1_663' title='bbox 2231 569 2289 591; x_wconf 83' lang='lat' dir='ltr'>ens</span> <span class='ocrx_word' id='word_1_664' title='bbox 2315 569 2385 591; x_wconf 88' lang='lat' dir='ltr'>esse</span> <span class='ocrx_word' id='word_1_665' title='bbox 2415 569 2507 591; x_wconf 90' lang='lat' dir='ltr'>com-</span> 
     </span>
     <span class='ocr_line' id='line_1_85' title="bbox 1427 603 2506 646; baseline 0.001 -12"><span class='ocrx_word' id='word_1_666' title='bbox 1427 613 1528 634; x_wconf 90' lang='lat' dir='ltr'>mune</span> <span class='ocrx_word' id='word_1_667' title='bbox 1551 603 1624 634; x_wconf 88' lang='lat' dir='ltr'>Deo</span> <span class='ocrx_word' id='word_1_668' title='bbox 1648 608 1680 634; x_wconf 91' lang='lat' dir='ltr'>et</span> <span class='ocrx_word' id='word_1_669' title='bbox 1702 609 1877 640; x_wconf 87' lang='lat' dir='ltr'>creaturae,</span> <span class='ocrx_word' id='word_1_670' title='bbox 1893 614 1962 636; x_wconf 88' lang='lat' dir='ltr'>non</span> <span class='ocrx_word' id='word_1_671' title='bbox 1977 610 2087 635; x_wconf 88' lang='lat' dir='ltr'>tamen</span> <span class='ocrx_word' id='word_1_672' title='bbox 2106 610 2237 646; x_wconf 88' lang='lat' dir='ltr'>oportet</span> <span class='ocrx_word' id='word_1_673' title='bbox 2260 609 2298 635; x_wconf 92' lang='lat' dir='ltr'>ut</span> <span class='ocrx_word' id='word_1_674' title='bbox 2319 605 2360 635; x_wconf 90' lang='lat' dir='ltr'>sit</span> <span class='ocrx_word' id='word_1_675' title='bbox 2383 604 2506 645; x_wconf 90' lang='lat' dir='ltr'>simpli-</span> 
     </span>
     <span class='ocr_line' id='line_1_86' title="bbox 1427 647 2506 690; baseline 0.002 -12"><span class='ocrx_word' id='word_1_676' title='bbox 1427 648 1497 679; x_wconf 91' lang='lat' dir='ltr'>cius</span> <span class='ocrx_word' id='word_1_677' title='bbox 1521 648 1610 678; x_wconf 90' lang='lat' dir='ltr'>Deo:</span> <span class='ocrx_word' id='word_1_678' title='bbox 1636 647 1713 688; x_wconf 89' lang='lat' dir='ltr'>quia</span> <span class='ocrx_word' id='word_1_679' title='bbox 1734 657 1804 678; x_wconf 92' lang='lat' dir='ltr'>non</span> <span class='ocrx_word' id='word_1_680' title='bbox 1826 649 1982 689; x_wconf 88' lang='lat' dir='ltr'>ponimus</span> <span class='ocrx_word' id='word_1_681' title='bbox 2004 650 2114 690; x_wconf 87' lang='lat' dir='ltr'>ipsum</span> <span class='ocrx_word' id='word_1_682' title='bbox 2137 659 2206 681; x_wconf 88' lang='lat' dir='ltr'>esse</span> <span class='ocrx_word' id='word_1_683' title='bbox 2225 650 2416 685; x_wconf 88' lang='lat' dir='ltr'>univocum,</span> <span class='ocrx_word' id='word_1_684' title='bbox 2436 655 2506 680; x_wconf 88' lang='lat' dir='ltr'>tan-</span> 
     </span>
     <span class='ocr_line' id='line_1_87' title="bbox 1427 692 2504 733; baseline 0.001 -10"><span class='ocrx_word' id='word_1_685' title='bbox 1427 701 1526 733; x_wconf 90' lang='lat' dir='ltr'>quam</span> <span class='ocrx_word' id='word_1_686' title='bbox 1543 702 1643 723; x_wconf 89' lang='lat' dir='ltr'>unam</span> <span class='ocrx_word' id='word_1_687' title='bbox 1659 693 1819 723; x_wconf 88' lang='lat' dir='ltr'>rationem</span> <span class='ocrx_word' id='word_1_688' title='bbox 1835 692 1945 724; x_wconf 91' lang='lat' dir='ltr'>dicens</span> <span class='ocrx_word' id='word_1_689' title='bbox 1961 703 2173 725; x_wconf 90' lang='lat' dir='ltr'>communem</span> <span class='ocrx_word' id='word_1_690' title='bbox 2189 694 2262 725; x_wconf 90' lang='lat' dir='ltr'>Deo</span> <span class='ocrx_word' id='word_1_691' title='bbox 2279 699 2311 725; x_wconf 90' lang='lat' dir='ltr'>et</span> <span class='ocrx_word' id='word_1_692' title='bbox 2331 699 2504 731; x_wconf 89' lang='lat' dir='ltr'>creaturae,</span> 
     </span>
     <span class='ocr_line' id='line_1_88' title="bbox 1427 737 2380 779; baseline 0.002 -12"><span class='ocrx_word' id='word_1_693' title='bbox 1427 737 1483 768; x_wconf 88' lang='lat' dir='ltr'>sed</span> <span class='ocrx_word' id='word_1_694' title='bbox 1507 746 1576 768; x_wconf 85' lang='lat' dir='ltr'>esse</span> <span class='ocrx_word' id='word_1_695' title='bbox 1599 737 1786 777; x_wconf 84' lang='lat' dir='ltr'>analogum,</span> <span class='ocrx_word' id='word_1_696' title='bbox 1810 742 1842 767; x_wconf 88' lang='lat' dir='ltr'>et</span> <span class='ocrx_word' id='word_1_697' title='bbox 1864 737 2051 769; x_wconf 86' lang='lat' dir='ltr'>immediate</span> <span class='ocrx_word' id='word_1_698' title='bbox 2074 738 2167 779; x_wconf 90' lang='lat' dir='ltr'>plura</span> <span class='ocrx_word' id='word_1_699' title='bbox 2190 738 2380 779; x_wconf 81' lang='lat' dir='ltr'>significare.</span> 
     </span>
    </p>

    <p class='ocr_par' dir='ltr' id='par_1_13' title="bbox 1419 781 2507 1001">
     <span class='ocr_line' id='line_1_89' title="bbox 1484 781 2505 824; baseline 0.002 -12"><span class='ocrx_word' id='word_1_700' title='bbox 1484 791 1514 812; x_wconf 90' lang='lat'>2.</span> <span class='ocrx_word' id='word_1_701' title='bbox 1539 781 1634 813; x_wconf 89' lang='lat' dir='ltr'>Circa</span> <span class='ocrx_word' id='word_1_702' title='bbox 1649 781 1738 813; x_wconf 91' lang='lat' dir='ltr'>illam</span> <span class='ocrx_word' id='word_1_703' title='bbox 1753 782 2025 822; x_wconf 88' lang='lat' dir='ltr'>propositionem,</span> <span class='ocrx_word' id='word_1_704' title='bbox 2040 783 2113 813; x_wconf 87' lang='lat' dir='ltr'>Deo</span> <span class='ocrx_word' id='word_1_705' title='bbox 2130 784 2212 814; x_wconf 76' lang='lat' dir='ltr'>nihil</span> <span class='ocrx_word' id='word_1_706' title='bbox 2220 788 2331 824; x_wconf 80' lang='lat' dir='ltr'>potest</span> <span class='ocrx_word' id='word_1_707' title='bbox 2345 793 2414 814; x_wconf 83' lang='lat' dir='ltr'>esse</span> <span class='ocrx_word' id='word_1_708' title='bbox 2428 783 2505 814; x_wconf 80' lang='lat' dir='ltr'>sim-</span> 
     </span>
     <span class='ocr_line' id='line_1_90' title="bbox 1419 826 2504 868; baseline 0.002 -11"><span class='ocrx_word' id='word_1_709' title='bbox 1419 827 1542 868; x_wconf 81' lang='lat' dir='ltr'>plicius</span> <span class='ocrx_word' id='word_1_710' title='bbox 1566 836 1669 868; x_wconf 82' lang='lat' dir='ltr'>neque</span> <span class='ocrx_word' id='word_1_711' title='bbox 1691 826 1868 857; x_wconf 82' lang='lat' dir='ltr'>secundum</span> <span class='ocrx_word' id='word_1_712' title='bbox 1886 836 1956 857; x_wconf 86' lang='lat' dir='ltr'>rem</span> <span class='ocrx_word' id='word_1_713' title='bbox 1973 835 2075 868; x_wconf 84' lang='lat' dir='ltr'>neque</span> <span class='ocrx_word' id='word_1_714' title='bbox 2097 827 2273 859; x_wconf 84' lang='lat' dir='ltr'>secundum</span> <span class='ocrx_word' id='word_1_715' title='bbox 2296 828 2504 864; x_wconf 81' lang='lat' dir='ltr'>intellectum,</span> 
     </span>
     <span class='ocr_line' id='line_1_91' title="bbox 1426 870 2505 912; baseline 0.002 -10"><span class='ocrx_word' id='word_1_716' title='bbox 1426 871 1599 902; x_wconf 87' lang='lat' dir='ltr'>dubitatur.</span> <span class='ocrx_word' id='word_1_717' title='bbox 1624 871 1711 909; x_wconf 91' lang='lat' dir='ltr'>Quia</span> <span class='ocrx_word' id='word_1_718' title='bbox 1734 880 1792 902; x_wconf 85' lang='lat' dir='ltr'>ens</span> <span class='ocrx_word' id='word_1_719' title='bbox 1816 876 1863 901; x_wconf 90' lang='lat' dir='ltr'>est</span> <span class='ocrx_word' id='word_1_720' title='bbox 1886 870 1966 911; x_wconf 90' lang='lat' dir='ltr'>quid</span> <span class='ocrx_word' id='word_1_721' title='bbox 1994 871 2175 912; x_wconf 74' lang='lat' dir='ltr'>simplicius</span> <span class='ocrx_word' id='word_1_722' title='bbox 2203 872 2384 904; x_wconf 88' lang='lat' dir='ltr'>secundum</span> <span class='ocrx_word' id='word_1_723' title='bbox 2411 873 2505 904; x_wconf 91' lang='lat' dir='ltr'>intel-</span> 
     </span>
     <span class='ocr_line' id='line_1_92' title="bbox 1425 916 2507 958; baseline 0.002 -12"><span class='ocrx_word' id='word_1_724' title='bbox 1425 916 1560 947; x_wconf 88' lang='lat' dir='ltr'>lectum:</span> <span class='ocrx_word' id='word_1_725' title='bbox 1585 925 1663 947; x_wconf 91' lang='lat' dir='ltr'>cum</span> <span class='ocrx_word' id='word_1_726' title='bbox 1694 924 1806 946; x_wconf 82' lang='lat' dir='ltr'>omnes</span> <span class='ocrx_word' id='word_1_727' title='bbox 1835 916 2062 956; x_wconf 78' lang='lat' dir='ltr'>conceptiones</span> <span class='ocrx_word' id='word_1_728' title='bbox 2092 916 2274 948; x_wconf 77' lang='lat' dir='ltr'>intellectus</span> <span class='ocrx_word' id='word_1_729' title='bbox 2299 918 2507 958; x_wconf 79' lang='lat' dir='ltr'>accipiantur</span> 
     </span>
     <span class='ocr_line' id='line_1_93' title="bbox 1425 959 2298 1001; baseline 0.001 -10"><span class='ocrx_word' id='word_1_730' title='bbox 1425 969 1468 991; x_wconf 83' lang='lat' dir='ltr'>ex</span> <span class='ocrx_word' id='word_1_731' title='bbox 1490 960 1658 991; x_wconf 78' lang='lat' dir='ltr'>additione</span> <span class='ocrx_word' id='word_1_732' title='bbox 1680 960 1724 991; x_wconf 83' lang='lat' dir='ltr'>ad</span> <span class='ocrx_word' id='word_1_733' title='bbox 1746 969 1813 996; x_wconf 81' lang='lat' dir='ltr'>ens,</span> <span class='ocrx_word' id='word_1_734' title='bbox 1837 965 1875 991; x_wconf 88' lang='lat' dir='ltr'>ut</span> <span class='ocrx_word' id='word_1_735' title='bbox 1896 959 2014 992; x_wconf 90' lang='lat' dir='ltr'>dicitur</span> <span class='ocrx_word' id='word_1_736' title='bbox 2034 961 2117 997; x_wconf 70' lang='lat' dir='ltr'>Ver„</span> <span class='ocrx_word' id='word_1_737' title='bbox 2134 970 2166 1001; x_wconf 87' lang='lat' dir='ltr'>q.</span> <span class='ocrx_word' id='word_1_738' title='bbox 2182 970 2204 997; x_wconf 90' lang='lat'>1,</span> <span class='ocrx_word' id='word_1_739' title='bbox 2221 971 2250 992; x_wconf 88' lang='lat' dir='ltr'>a.</span> <span class='ocrx_word' id='word_1_740' title='bbox 2271 968 2298 992; x_wconf 88' lang='grc'>1.</span> 
     </span>
    </p>

    <p class='ocr_par' dir='ltr' id='par_1_14' title="bbox 1422 1004 2506 2065">
     <span class='ocr_line' id='line_1_94' title="bbox 1481 1004 2505 1047; baseline 0.001 -11"><span class='ocrx_word' id='word_1_741' title='bbox 1481 1005 1608 1036; x_wconf 89' lang='lat' dir='ltr'>Dicitur</span> <span class='ocrx_word' id='word_1_742' title='bbox 1631 1005 1722 1045; x_wconf 92' lang='lat' dir='ltr'>quod</span> <span class='ocrx_word' id='word_1_743' title='bbox 1745 1004 1918 1046; x_wconf 87' lang='lat' dir='ltr'>dupliciter</span> <span class='ocrx_word' id='word_1_744' title='bbox 1940 1004 2062 1046; x_wconf 90' lang='lat' dir='ltr'>aliquid</span> <span class='ocrx_word' id='word_1_745' title='bbox 2091 1011 2201 1046; x_wconf 87' lang='lat' dir='ltr'>potest</span> <span class='ocrx_word' id='word_1_746' title='bbox 2229 1015 2300 1036; x_wconf 85' lang='lat' dir='ltr'>esse</span> <span class='ocrx_word' id='word_1_747' title='bbox 2327 1006 2505 1047; x_wconf 77' lang='lat' dir='ltr'>simplicius</span> 
     </span>
     <span class='ocr_line' id='line_1_95' title="bbox 1424 1049 2506 1092; baseline 0.002 -12"><span class='ocrx_word' id='word_1_748' title='bbox 1424 1049 1489 1080; x_wconf 92' lang='lat' dir='ltr'>alio</span> <span class='ocrx_word' id='word_1_749' title='bbox 1505 1049 1687 1080; x_wconf 90' lang='lat' dir='ltr'>secundum</span> <span class='ocrx_word' id='word_1_750' title='bbox 1702 1049 1918 1080; x_wconf 89' lang='lat' dir='ltr'>intellectum:</span> <span class='ocrx_word' id='word_1_751' title='bbox 1936 1059 2004 1081; x_wconf 92' lang='lat' dir='ltr'>uno</span> <span class='ocrx_word' id='word_1_752' title='bbox 2020 1049 2134 1086; x_wconf 87' lang='lat' dir='ltr'>modo,</span> <span class='ocrx_word' id='word_1_753' title='bbox 2147 1059 2186 1080; x_wconf 84' lang='lat' dir='ltr'>ex</span> <span class='ocrx_word' id='word_1_754' title='bbox 2198 1049 2389 1081; x_wconf 88' lang='lat' dir='ltr'>conditione</span> <span class='ocrx_word' id='word_1_755' title='bbox 2403 1051 2506 1092; x_wconf 83' lang='lat' dir='ltr'>ipsius</span> 
     </span>
     <span class='ocr_line' id='line_1_96' title="bbox 1423 1094 2505 1135; baseline 0.001 -10"><span class='ocrx_word' id='word_1_756' title='bbox 1423 1095 1485 1131; x_wconf 87' lang='lat' dir='ltr'>rei;</span> <span class='ocrx_word' id='word_1_757' title='bbox 1510 1094 1574 1125; x_wconf 91' lang='lat' dir='ltr'>alio</span> <span class='ocrx_word' id='word_1_758' title='bbox 1597 1094 1711 1131; x_wconf 90' lang='lat' dir='ltr'>modo,</span> <span class='ocrx_word' id='word_1_759' title='bbox 1736 1103 1775 1125; x_wconf 84' lang='lat' dir='ltr'>ex</span> <span class='ocrx_word' id='word_1_760' title='bbox 1799 1094 1988 1125; x_wconf 71' lang='lat' dir='ltr'>conditione</span> <span class='ocrx_word' id='word_1_761' title='bbox 2010 1095 2192 1126; x_wconf 86' lang='lat' dir='ltr'>intellectus</span> <span class='ocrx_word' id='word_1_762' title='bbox 2215 1094 2432 1135; x_wconf 82' lang='lat' dir='ltr'>intelligentis.</span> <span class='ocrx_word' id='word_1_763' title='bbox 2456 1095 2505 1126; x_wconf 90' lang='lat' dir='ltr'>Ex</span> 
     </span>
     <span class='ocr_line' id='line_1_97' title="bbox 1424 1138 2506 1180; baseline 0 -10"><span class='ocrx_word' id='word_1_764' title='bbox 1424 1138 1614 1170; x_wconf 87' lang='lat' dir='ltr'>conditione</span> <span class='ocrx_word' id='word_1_765' title='bbox 1636 1139 1692 1176; x_wconf 90' lang='lat' dir='ltr'>rei,</span> <span class='ocrx_word' id='word_1_766' title='bbox 1717 1138 1850 1180; x_wconf 88' lang='lat' dir='ltr'>quando</span> <span class='ocrx_word' id='word_1_767' title='bbox 1873 1148 1939 1170; x_wconf 90' lang='lat' dir='ltr'>una</span> <span class='ocrx_word' id='word_1_768' title='bbox 1962 1148 2012 1170; x_wconf 87' lang='lat' dir='ltr'>res</span> <span class='ocrx_word' id='word_1_769' title='bbox 2035 1140 2133 1170; x_wconf 84' lang='lat' dir='ltr'>habet</span> <span class='ocrx_word' id='word_1_770' title='bbox 2154 1140 2190 1170; x_wconf 89' lang='lat' dir='ltr'>in</span> <span class='ocrx_word' id='word_1_771' title='bbox 2212 1149 2247 1170; x_wconf 89' lang='lat' dir='ltr'>se</span> <span class='ocrx_word' id='word_1_772' title='bbox 2262 1139 2350 1170; x_wconf 90' lang='lat' dir='ltr'>unde</span> <span class='ocrx_word' id='word_1_773' title='bbox 2365 1139 2506 1180; x_wconf 74' lang='lat' dir='ltr'>simplici</span> 
     </span>
     <span class='ocr_line' id='line_1_98' title="bbox 1424 1183 2506 1225; baseline 0.001 -11"><span class='ocrx_word' id='word_1_774' title='bbox 1424 1189 1588 1224; x_wconf 89' lang='lat' dir='ltr'>conceptu</span> <span class='ocrx_word' id='word_1_775' title='bbox 1603 1184 1817 1224; x_wconf 83' lang='lat' dir='ltr'>concipiatur,</span> <span class='ocrx_word' id='word_1_776' title='bbox 1833 1183 1894 1214; x_wconf 86' lang='lat' dir='ltr'>alia</span> <span class='ocrx_word' id='word_1_777' title='bbox 1907 1193 1987 1215; x_wconf 87' lang='lat' dir='ltr'>vero</span> <span class='ocrx_word' id='word_1_778' title='bbox 2003 1185 2100 1215; x_wconf 90' lang='lat' dir='ltr'>habet</span> <span class='ocrx_word' id='word_1_779' title='bbox 2115 1184 2203 1216; x_wconf 89' lang='lat' dir='ltr'>unde</span> <span class='ocrx_word' id='word_1_780' title='bbox 2219 1185 2405 1225; x_wconf 88' lang='lat' dir='ltr'>composito</span> <span class='ocrx_word' id='word_1_781' title='bbox 2425 1193 2506 1215; x_wconf 85' lang='lat' dir='ltr'>con-</span> 
     </span>
     <span class='ocr_line' id='line_1_99' title="bbox 1424 1227 2504 1269; baseline 0.001 -10"><span class='ocrx_word' id='word_1_782' title='bbox 1424 1234 1522 1269; x_wconf 90' lang='lat' dir='ltr'>ceptu</span> <span class='ocrx_word' id='word_1_783' title='bbox 1546 1227 1662 1259; x_wconf 91' lang='lat' dir='ltr'>debeat</span> <span class='ocrx_word' id='word_1_784' title='bbox 1685 1229 1826 1269; x_wconf 87' lang='lat' dir='ltr'>concipi.</span> <span class='ocrx_word' id='word_1_785' title='bbox 1857 1228 1905 1259; x_wconf 86' lang='lat' dir='ltr'>Ex</span> <span class='ocrx_word' id='word_1_786' title='bbox 1935 1234 2026 1269; x_wconf 87' lang='lat' dir='ltr'>parte</span> <span class='ocrx_word' id='word_1_787' title='bbox 2052 1237 2131 1260; x_wconf 87' lang='lat' dir='ltr'>vero</span> <span class='ocrx_word' id='word_1_788' title='bbox 2154 1229 2347 1265; x_wconf 86' lang='lat' dir='ltr'>intellectus,</span> <span class='ocrx_word' id='word_1_789' title='bbox 2369 1228 2504 1269; x_wconf 85' lang='lat' dir='ltr'>quando</span> 
     </span>
     <span class='ocr_line' id='line_1_100' title="bbox 1423 1273 2505 1315; baseline 0 -11"><span class='ocrx_word' id='word_1_790' title='bbox 1423 1273 1605 1304; x_wconf 84' lang='lat' dir='ltr'>intellectus</span> <span class='ocrx_word' id='word_1_791' title='bbox 1621 1282 1690 1304; x_wconf 88' lang='lat' dir='ltr'>rem</span> <span class='ocrx_word' id='word_1_792' title='bbox 1706 1273 1895 1314; x_wconf 83' lang='lat' dir='ltr'>simpliciter</span> <span class='ocrx_word' id='word_1_793' title='bbox 1911 1279 1943 1304; x_wconf 88' lang='lat' dir='ltr'>et</span> <span class='ocrx_word' id='word_1_794' title='bbox 1957 1274 2058 1305; x_wconf 92' lang='lat' dir='ltr'>unico</span> <span class='ocrx_word' id='word_1_795' title='bbox 2080 1279 2243 1315; x_wconf 88' lang='lat' dir='ltr'>conceptu</span> <span class='ocrx_word' id='word_1_796' title='bbox 2266 1273 2406 1314; x_wconf 89' lang='lat' dir='ltr'>simplici</span> <span class='ocrx_word' id='word_1_797' title='bbox 2425 1282 2505 1305; x_wconf 79' lang='lat' dir='ltr'>con-</span> 
     </span>
     <span class='ocr_line' id='line_1_101' title="bbox 1424 1318 2506 1360; baseline 0 -11"><span class='ocrx_word' id='word_1_798' title='bbox 1424 1318 1621 1359; x_wconf 89' lang='lat' dir='ltr'>ceptibilem‚</span> <span class='ocrx_word' id='word_1_799' title='bbox 1637 1327 1708 1350; x_wconf 92' lang='lat' dir='ltr'>uno</span> <span class='ocrx_word' id='word_1_800' title='bbox 1724 1323 1887 1359; x_wconf 88' lang='lat' dir='ltr'>conceptu</span> <span class='ocrx_word' id='word_1_801' title='bbox 1903 1323 2037 1360; x_wconf 88' lang='lat' dir='ltr'>propter</span> <span class='ocrx_word' id='word_1_802' title='bbox 2059 1319 2110 1349; x_wconf 89' lang='lat' dir='ltr'>sui</span> <span class='ocrx_word' id='word_1_803' title='bbox 2133 1318 2332 1350; x_wconf 80' lang='lat' dir='ltr'>debilitatem</span> <span class='ocrx_word' id='word_1_804' title='bbox 2355 1326 2506 1359; x_wconf 59' lang='lat' dir='ltr'>compre*</span> 
     </span>
     <span class='ocr_line' id='line_1_102' title="bbox 1423 1362 2505 1404; baseline 0 -10"><span class='ocrx_word' id='word_1_805' title='bbox 1423 1362 1565 1395; x_wconf 86' lang='lat' dir='ltr'>hendere</span> <span class='ocrx_word' id='word_1_806' title='bbox 1594 1372 1664 1394; x_wconf 91' lang='lat' dir='ltr'>non</span> <span class='ocrx_word' id='word_1_807' title='bbox 1693 1368 1811 1404; x_wconf 85' lang='lat' dir='ltr'>potest,</span> <span class='ocrx_word' id='word_1_808' title='bbox 1836 1369 1868 1394; x_wconf 87' lang='lat' dir='ltr'>et</span> <span class='ocrx_word' id='word_1_809' title='bbox 1889 1363 1966 1394; x_wconf 89' lang='lat' dir='ltr'>ideo</span> <span class='ocrx_word' id='word_1_810' title='bbox 1989 1362 2133 1394; x_wconf 85' lang='lat' dir='ltr'>diversos</span> <span class='ocrx_word' id='word_1_811' title='bbox 2160 1363 2202 1394; x_wconf 86' lang='lat' dir='ltr'>de</span> <span class='ocrx_word' id='word_1_812' title='bbox 2231 1364 2302 1404; x_wconf 85' lang='lat' dir='ltr'>ipsa</span> <span class='ocrx_word' id='word_1_813' title='bbox 2324 1368 2505 1404; x_wconf 82' lang='lat' dir='ltr'>conceptus</span> 
     </span>
     <span class='ocr_line' id='line_1_103' title="bbox 1423 1407 2506 1449; baseline 0 -10"><span class='ocrx_word' id='word_1_814' title='bbox 1423 1407 1542 1439; x_wconf 83' lang='lat' dir='ltr'>format</span> <span class='ocrx_word' id='word_1_815' title='bbox 1563 1417 1707 1449; x_wconf 88' lang='lat' dir='ltr'>quorum</span> <span class='ocrx_word' id='word_1_816' title='bbox 1722 1417 1808 1439; x_wconf 87' lang='lat' dir='ltr'>unus</span> <span class='ocrx_word' id='word_1_817' title='bbox 1824 1407 1865 1439; x_wconf 91' lang='lat' dir='ltr'>ad</span> <span class='ocrx_word' id='word_1_818' title='bbox 1880 1408 1981 1439; x_wconf 89' lang='lat' dir='ltr'>alium</span> <span class='ocrx_word' id='word_1_819' title='bbox 2005 1417 2044 1439; x_wconf 90' lang='lat' dir='ltr'>ex</span> <span class='ocrx_word' id='word_1_820' title='bbox 2067 1407 2233 1439; x_wconf 84' lang='lat' dir='ltr'>additione</span> <span class='ocrx_word' id='word_1_821' title='bbox 2255 1417 2290 1439; x_wconf 89' lang='lat' dir='ltr'>se</span> <span class='ocrx_word' id='word_1_822' title='bbox 2312 1407 2419 1439; x_wconf 83' lang='lat' dir='ltr'>habet.</span> <span class='ocrx_word' id='word_1_823' title='bbox 2434 1407 2506 1440; x_wconf 68' lang='lat' dir='ltr'>Eas</span> 
     </span>
     <span class='ocr_line' id='line_1_104' title="bbox 1424 1452 2506 1494; baseline 0 -10"><span class='ocrx_word' id='word_1_824' title='bbox 1424 1462 1512 1494; x_wconf 83' lang='lat' dir='ltr'>ergo,</span> <span class='ocrx_word' id='word_1_825' title='bbox 1537 1458 1709 1494; x_wconf 85' lang='lat' dir='ltr'>quantum.</span> <span class='ocrx_word' id='word_1_826' title='bbox 1725 1452 1768 1484; x_wconf 87' lang='lat' dir='ltr'>ad</span> <span class='ocrx_word' id='word_1_827' title='bbox 1796 1459 1996 1494; x_wconf 85' lang='lat' dir='ltr'>conceptum</span> <span class='ocrx_word' id='word_1_828' title='bbox 2023 1461 2129 1484; x_wconf 86' lang='lat' dir='ltr'>unum</span> <span class='ocrx_word' id='word_1_829' title='bbox 2151 1452 2381 1494; x_wconf 84' lang='lat' dir='ltr'>imperfectum</span> <span class='ocrx_word' id='word_1_830' title='bbox 2404 1460 2506 1493; x_wconf 79' lang='lat' dir='ltr'>quem</span> 
     </span>
     <span class='ocr_line' id='line_1_105' title="bbox 1424 1496 2504 1539; baseline 0 -11"><span class='ocrx_word' id='word_1_831' title='bbox 1424 1497 1511 1535; x_wconf 89' lang='lat' dir='ltr'>dicit,</span> <span class='ocrx_word' id='word_1_832' title='bbox 1535 1497 1577 1528; x_wconf 91' lang='lat' dir='ltr'>de</span> <span class='ocrx_word' id='word_1_833' title='bbox 1600 1506 1669 1539; x_wconf 91' lang='lat' dir='ltr'>quo</span> <span class='ocrx_word' id='word_1_834' title='bbox 1690 1496 1824 1528; x_wconf 84' lang='lat' dir='ltr'>inferius</span> <span class='ocrx_word' id='word_1_835' title='bbox 1838 1498 1857 1515; x_wconf 58' lang='grc' dir='ltr'><strong>θ</strong></span> <span class='ocrx_word' id='word_1_836' title='bbox 1880 1506 1989 1529; x_wconf 85' lang='lat' dir='ltr'>sermo</span> <span class='ocrx_word' id='word_1_837' title='bbox 2003 1498 2073 1534; x_wconf 88' lang='lat' dir='ltr'>erit,</span> <span class='ocrx_word' id='word_1_838' title='bbox 2090 1507 2158 1529; x_wconf 92' lang='lat' dir='ltr'>non</span> <span class='ocrx_word' id='word_1_839' title='bbox 2173 1503 2222 1529; x_wconf 81' lang='lat' dir='ltr'>est</span> <span class='ocrx_word' id='word_1_840' title='bbox 2236 1498 2416 1538; x_wconf 76' lang='lat' dir='ltr'>simplicius</span> <span class='ocrx_word' id='word_1_841' title='bbox 2431 1497 2504 1528; x_wconf 75' lang='lat' dir='ltr'>Deo</span> 
     </span>
     <span class='ocr_line' id='line_1_106' title="bbox 1424 1541 2505 1583; baseline 0 -10"><span class='ocrx_word' id='word_1_842' title='bbox 1424 1542 1606 1574; x_wconf 85' lang='lat' dir='ltr'>secundum</span> <span class='ocrx_word' id='word_1_843' title='bbox 1621 1542 1824 1574; x_wconf 88' lang='lat' dir='ltr'>intellectum</span> <span class='ocrx_word' id='word_1_844' title='bbox 1847 1551 1886 1573; x_wconf 90' lang='lat' dir='ltr'>ex</span> <span class='ocrx_word' id='word_1_845' title='bbox 1905 1542 2096 1573; x_wconf 86' lang='lat' dir='ltr'>conditione</span> <span class='ocrx_word' id='word_1_846' title='bbox 2112 1543 2214 1583; x_wconf 87' lang='lat' dir='ltr'>ipsius</span> <span class='ocrx_word' id='word_1_847' title='bbox 2230 1543 2292 1579; x_wconf 70' lang='grc' dir='ltr'>τοίς</span> <span class='ocrx_word' id='word_1_848' title='bbox 2317 1541 2375 1573; x_wconf 85' lang='lat' dir='ltr'>sed</span> <span class='ocrx_word' id='word_1_849' title='bbox 2389 1551 2430 1573; x_wconf 78' lang='lat' dir='ltr'>ex</span> <span class='ocrx_word' id='word_1_850' title='bbox 2440 1542 2505 1573; x_wconf 77' lang='lat' dir='ltr'>im-</span> 
     </span>
     <span class='ocr_line' id='line_1_107' title="bbox 1423 1585 2505 1628; baseline 0 -10"><span class='ocrx_word' id='word_1_851' title='bbox 1423 1586 1626 1628; x_wconf 86' lang='lat' dir='ltr'>perfectione</span> <span class='ocrx_word' id='word_1_852' title='bbox 1648 1587 1831 1618; x_wconf 86' lang='lat' dir='ltr'>intellectus</span> <span class='ocrx_word' id='word_1_853' title='bbox 1853 1587 1956 1618; x_wconf 83' lang='lat' dir='ltr'>nostri</span> <span class='ocrx_word' id='word_1_854' title='bbox 1979 1585 2148 1618; x_wconf 83' lang='lat' dir='ltr'>formantis</span> <span class='ocrx_word' id='word_1_855' title='bbox 2171 1592 2371 1628; x_wconf 87' lang='lat' dir='ltr'>conceptum</span> <span class='ocrx_word' id='word_1_856' title='bbox 2389 1586 2505 1618; x_wconf 57' lang='lat' dir='ltr'>Delu</span> 
     </span>
     <span class='ocr_line' id='line_1_108' title="bbox 1423 1630 2505 1673; baseline 0 -11"><span class='ocrx_word' id='word_1_857' title='bbox 1423 1631 1590 1663; x_wconf 88' lang='lat' dir='ltr'>additione</span> <span class='ocrx_word' id='word_1_858' title='bbox 1611 1631 1653 1663; x_wconf 90' lang='lat' dir='ltr'>ad</span> <span class='ocrx_word' id='word_1_859' title='bbox 1677 1637 1875 1673; x_wconf 87' lang='lat' dir='ltr'>conceptum</span> <span class='ocrx_word' id='word_1_860' title='bbox 1899 1632 1991 1668; x_wconf 83' lang='lat' dir='ltr'>entis,</span> <span class='ocrx_word' id='word_1_861' title='bbox 2011 1640 2053 1662; x_wconf 91' lang='lat' dir='ltr'>eo</span> <span class='ocrx_word' id='word_1_862' title='bbox 2076 1631 2169 1673; x_wconf 89' lang='lat' dir='ltr'>quod</span> <span class='ocrx_word' id='word_1_863' title='bbox 2191 1632 2300 1673; x_wconf 84' lang='lat' dir='ltr'>ipsum</span> <span class='ocrx_word' id='word_1_864' title='bbox 2322 1630 2505 1663; x_wconf 82' lang='lat' dir='ltr'>secundum</span> 
     </span>
     <span class='ocr_line' id='line_1_109' title="bbox 1424 1676 2505 1717; baseline -0.001 -9"><span class='ocrx_word' id='word_1_865' title='bbox 1424 1676 1515 1717; x_wconf 90' lang='lat' dir='ltr'>quod</span> <span class='ocrx_word' id='word_1_866' title='bbox 1530 1677 1564 1707; x_wconf 91' lang='lat' dir='ltr'>in</span> <span class='ocrx_word' id='word_1_867' title='bbox 1579 1685 1615 1707; x_wconf 88' lang='lat' dir='ltr'>se</span> <span class='ocrx_word' id='word_1_868' title='bbox 1635 1682 1685 1707; x_wconf 87' lang='lat' dir='ltr'>est</span> <span class='ocrx_word' id='word_1_869' title='bbox 1706 1685 1775 1707; x_wconf 89' lang='lat' dir='ltr'>non</span> <span class='ocrx_word' id='word_1_870' title='bbox 1798 1676 1915 1707; x_wconf 83' lang='lat' dir='ltr'>videat.</span> <span class='ocrx_word' id='word_1_871' title='bbox 1939 1676 1973 1707; x_wconf 91' lang='lat' dir='ltr'>Si</span> <span class='ocrx_word' id='word_1_872' title='bbox 1996 1677 2085 1708; x_wconf 82' lang='lat' dir='ltr'>enim</span> <span class='ocrx_word' id='word_1_873' title='bbox 2107 1676 2302 1708; x_wconf 79' lang='lat' dir='ltr'>formaretur</span> <span class='ocrx_word' id='word_1_874' title='bbox 2323 1681 2505 1717; x_wconf 78' lang='lat' dir='ltr'>conceptus</span> 
     </span>
     <span class='ocr_line' id='line_1_110' title="bbox 1423 1721 2506 1762; baseline 0 -10"><span class='ocrx_word' id='word_1_875' title='bbox 1423 1721 1551 1752; x_wconf 89' lang='lat' dir='ltr'>divinae</span> <span class='ocrx_word' id='word_1_876' title='bbox 1573 1721 1732 1752; x_wconf 85' lang='lat' dir='ltr'>essentiae</span> <span class='ocrx_word' id='word_1_877' title='bbox 1753 1721 1936 1752; x_wconf 84' lang='lat' dir='ltr'>secundum</span> <span class='ocrx_word' id='word_1_878' title='bbox 1951 1721 2044 1762; x_wconf 88' lang='lat' dir='ltr'>quod</span> <span class='ocrx_word' id='word_1_879' title='bbox 2058 1722 2093 1752; x_wconf 91' lang='lat' dir='ltr'>in</span> <span class='ocrx_word' id='word_1_880' title='bbox 2108 1730 2144 1752; x_wconf 87' lang='lat' dir='ltr'>se</span> <span class='ocrx_word' id='word_1_881' title='bbox 2157 1727 2207 1752; x_wconf 87' lang='lat' dir='ltr'>est</span> <span class='ocrx_word' id='word_1_882' title='bbox 2224 1721 2437 1762; x_wconf 75' lang='lat' dir='ltr'>adaequatus,</span> <span class='ocrx_word' id='word_1_883' title='bbox 2449 1721 2506 1752; x_wconf 74' lang='lat' dir='ltr'>ilis</span> 
     </span>
     <span class='ocr_line' id='line_1_111' title="bbox 1423 1764 2505 1807; baseline 0.001 -11"><span class='ocrx_word' id='word_1_884' title='bbox 1423 1766 1680 1807; x_wconf 85' lang='lat' dir='ltr'>simplicissimus</span> <span class='ocrx_word' id='word_1_885' title='bbox 1702 1771 1796 1802; x_wconf 87' lang='lat' dir='ltr'>esset,</span> <span class='ocrx_word' id='word_1_886' title='bbox 1820 1766 1944 1797; x_wconf 88' lang='lat' dir='ltr'>nullam</span> <span class='ocrx_word' id='word_1_887' title='bbox 1971 1764 2187 1806; x_wconf 80' lang='lat' dir='ltr'>pluralitatem</span> <span class='ocrx_word' id='word_1_888' title='bbox 2211 1766 2397 1797; x_wconf 77' lang='lat' dir='ltr'>continens:</span> <span class='ocrx_word' id='word_1_889' title='bbox 2421 1766 2505 1797; x_wconf 75' lang='lat' dir='ltr'>sieut</span> 
     </span>
     <span class='ocr_line' id='line_1_112' title="bbox 1423 1810 2506 1852; baseline 0.001 -11"><span class='ocrx_word' id='word_1_890' title='bbox 1423 1817 1455 1842; x_wconf 86' lang='lat' dir='ltr'>et</span> <span class='ocrx_word' id='word_1_891' title='bbox 1485 1820 1536 1842; x_wconf 85' lang='lat' dir='ltr'>res</span> <span class='ocrx_word' id='word_1_892' title='bbox 1565 1811 1635 1851; x_wconf 83' lang='lat' dir='ltr'>ipsa</span> <span class='ocrx_word' id='word_1_893' title='bbox 1665 1811 1902 1852; x_wconf 77' lang='lat' dir='ltr'>simplicissima</span> <span class='ocrx_word' id='word_1_894' title='bbox 1931 1816 1989 1847; x_wconf 79' lang='lat' dir='ltr'>est,</span> <span class='ocrx_word' id='word_1_895' title='bbox 2013 1811 2054 1841; x_wconf 88' lang='lat' dir='ltr'>ab</span> <span class='ocrx_word' id='word_1_896' title='bbox 2084 1811 2178 1842; x_wconf 88' lang='lat' dir='ltr'>omni</span> <span class='ocrx_word' id='word_1_897' title='bbox 2207 1810 2506 1851; x_wconf 56' lang='lat' dir='ltr'>compositione«</span> 
     </span>
     <span class='ocr_line' id='line_1_113' title="bbox 1423 1853 2505 1896; baseline 0 -10"><span class='ocrx_word' id='word_1_898' title='bbox 1423 1855 1662 1896; x_wconf 81' lang='lat' dir='ltr'>multiplicitate</span> <span class='ocrx_word' id='word_1_899' title='bbox 1685 1854 1798 1886; x_wconf 84' lang='lat' dir='ltr'>aliena.</span> <span class='ocrx_word' id='word_1_900' title='bbox 1822 1854 1918 1886; x_wconf 89' lang='lat' dir='ltr'>Unde</span> <span class='ocrx_word' id='word_1_901' title='bbox 1941 1855 2125 1896; x_wconf 83' lang='lat' dir='ltr'>propositio</span> <span class='ocrx_word' id='word_1_902' title='bbox 2148 1853 2259 1886; x_wconf 82' lang='lat' dir='ltr'>Sancti</span> <span class='ocrx_word' id='word_1_903' title='bbox 2281 1854 2505 1887; x_wconf 48' lang='lat' dir='ltr'>Thomas*-</span> 
     </span>
     <span class='ocr_line' id='line_1_114' title="bbox 1423 1898 2504 1941; baseline 0 -11"><span class='ocrx_word' id='word_1_904' title='bbox 1423 1899 1596 1940; x_wconf 81' lang='lat' dir='ltr'>telligenda</span> <span class='ocrx_word' id='word_1_905' title='bbox 1622 1905 1672 1930; x_wconf 89' lang='lat' dir='ltr'>est</span> <span class='ocrx_word' id='word_1_906' title='bbox 1700 1899 1792 1940; x_wconf 90' lang='lat' dir='ltr'>quod</span> <span class='ocrx_word' id='word_1_907' title='bbox 1821 1900 1903 1930; x_wconf 84' lang='lat' dir='ltr'>nihil</span> <span class='ocrx_word' id='word_1_908' title='bbox 1932 1905 1981 1930; x_wconf 91' lang='lat' dir='ltr'>est</span> <span class='ocrx_word' id='word_1_909' title='bbox 2009 1900 2189 1941; x_wconf 79' lang='lat' dir='ltr'>simplicius</span> <span class='ocrx_word' id='word_1_910' title='bbox 2219 1899 2292 1931; x_wconf 87' lang='lat' dir='ltr'>Deo</span> <span class='ocrx_word' id='word_1_911' title='bbox 2321 1898 2504 1931; x_wconf 70' lang='lat' dir='ltr'>sectmdtm</span> 
     </span>
     <span class='ocr_line' id='line_1_115' title="bbox 1422 1942 2505 1985; baseline 0.001 -10"><span class='ocrx_word' id='word_1_912' title='bbox 1422 1944 1623 1975; x_wconf 81' lang='lat' dir='ltr'>intellectum</span> <span class='ocrx_word' id='word_1_913' title='bbox 1647 1949 1808 1984; x_wconf 85' lang='lat' dir='ltr'>quantum</span> <span class='ocrx_word' id='word_1_914' title='bbox 1838 1949 1887 1975; x_wconf 87' lang='lat' dir='ltr'>est</span> <span class='ocrx_word' id='word_1_915' title='bbox 1916 1953 1956 1975; x_wconf 89' lang='lat' dir='ltr'>ex</span> <span class='ocrx_word' id='word_1_916' title='bbox 1984 1949 2076 1985; x_wconf 87' lang='lat' dir='ltr'>parte</span> <span class='ocrx_word' id='word_1_917' title='bbox 2105 1944 2207 1985; x_wconf 85' lang='lat' dir='ltr'>ipsius</span> <span class='ocrx_word' id='word_1_918' title='bbox 2236 1943 2293 1974; x_wconf 83' lang='lat' dir='ltr'>rei.</span> <span class='ocrx_word' id='word_1_919' title='bbox 2324 1942 2505 1976; x_wconf 48' lang='lat' dir='ltr'>Cumsshos</span> 
     </span>
     <span class='ocr_line' id='line_1_116' title="bbox 1422 1987 2505 2029; baseline 0.001 -10"><span class='ocrx_word' id='word_1_920' title='bbox 1422 1994 1532 2020; x_wconf 88' lang='lat' dir='ltr'>autem</span> <span class='ocrx_word' id='word_1_921' title='bbox 1555 1994 1617 2019; x_wconf 88' lang='lat' dir='ltr'>stat</span> <span class='ocrx_word' id='word_1_922' title='bbox 1640 1988 1732 2029; x_wconf 89' lang='lat' dir='ltr'>quod</span> <span class='ocrx_word' id='word_1_923' title='bbox 1754 1997 1814 2020; x_wconf 87' lang='lat' dir='ltr'>ens</span> <span class='ocrx_word' id='word_1_924' title='bbox 1835 1989 1876 2019; x_wconf 87' lang='lat' dir='ltr'>sit</span> <span class='ocrx_word' id='word_1_925' title='bbox 1899 1988 2079 2029; x_wconf 84' lang='lat' dir='ltr'>simplicius</span> <span class='ocrx_word' id='word_1_926' title='bbox 2101 1988 2175 2020; x_wconf 84' lang='lat' dir='ltr'>Deo</span> <span class='ocrx_word' id='word_1_927' title='bbox 2203 1987 2386 2020; x_wconf 78' lang='lat' dir='ltr'>seeundum</span> <span class='ocrx_word' id='word_1_928' title='bbox 2406 1987 2505 2020; x_wconf 68' lang='lat' dir='ltr'>iasd-</span> 
     </span>
     <span class='ocr_line' id='line_1_117' title="bbox 1422 2032 2343 2065; baseline 0 -1"><span class='ocrx_word' id='word_1_929' title='bbox 1422 2033 1544 2064; x_wconf 87' lang='lat' dir='ltr'>lectum</span> <span class='ocrx_word' id='word_1_930' title='bbox 1567 2042 1606 2064; x_wconf 85' lang='lat' dir='ltr'>ex</span> <span class='ocrx_word' id='word_1_931' title='bbox 1630 2032 1760 2064; x_wconf 84' lang='lat' dir='ltr'>defectu</span> <span class='ocrx_word' id='word_1_932' title='bbox 1783 2038 1816 2064; x_wconf 89' lang='lat' dir='ltr'>et</span> <span class='ocrx_word' id='word_1_933' title='bbox 1839 2032 2002 2065; x_wconf 89' lang='lat' dir='ltr'>debilitate</span> <span class='ocrx_word' id='word_1_934' title='bbox 2025 2033 2208 2064; x_wconf 85' lang='lat' dir='ltr'>intellectus</span> <span class='ocrx_word' id='word_1_935' title='bbox 2228 2033 2343 2064; x_wconf 82' lang='lat' dir='ltr'>nostri.</span> 
     </span>
    </p>

    <p class='ocr_par' dir='ltr' id='par_1_15' title="bbox 1423 2076 2505 2432">
     <span class='ocr_line' id='line_1_118' title="bbox 1477 2076 2504 2130; baseline 0.001 -22"><span class='ocrx_word' id='word_1_936' title='bbox 1477 2077 1547 2108; x_wconf 90' lang='lat' dir='ltr'>Vll.</span> <span class='ocrx_word' id='word_1_937' title='bbox 1573 2077 1708 2115; x_wconf 82' lang='lat' dir='ltr'>Quinto.</span> <span class='ocrx_word' id='word_1_938' title='bbox 1733 2078 1783 2109; x_wconf 90' lang='lat' dir='ltr'>De</span> <span class='ocrx_word' id='word_1_939' title='bbox 1807 2077 1880 2109; x_wconf 90' lang='lat' dir='ltr'>Deo</span> <span class='ocrx_word' id='word_1_940' title='bbox 1902 2078 1982 2109; x_wconf 82' lang='lat' dir='ltr'>nihil</span> <span class='ocrx_word' id='word_1_941' title='bbox 1999 2087 2058 2130; x_wconf 86' lang='lat' dir='ltr'>per</span> <span class='ocrx_word' id='word_1_942' title='bbox 2072 2078 2353 2120; x_wconf 83' lang='lat' dir='ltr'>participationem</span> <span class='ocrx_word' id='word_1_943' title='bbox 2376 2076 2504 2109; x_wconf 72' lang='lat' dir='ltr'>didtw.</span> 
     </span>
     <span class='ocr_line' id='line_1_119' title="bbox 1423 2121 2503 2164; baseline 0.001 -11"><span class='ocrx_word' id='word_1_944' title='bbox 1423 2122 1510 2163; x_wconf 80' lang='lat' dir='ltr'>Ergo</span> <span class='ocrx_word' id='word_1_945' title='bbox 1533 2122 1615 2153; x_wconf 87' lang='lat' dir='ltr'>nihil</span> <span class='ocrx_word' id='word_1_946' title='bbox 1639 2121 1680 2153; x_wconf 90' lang='lat' dir='ltr'>de</span> <span class='ocrx_word' id='word_1_947' title='bbox 1702 2123 1776 2164; x_wconf 86' lang='lat' dir='ltr'>ipso</span> <span class='ocrx_word' id='word_1_948' title='bbox 1807 2122 1924 2154; x_wconf 88' lang='lat' dir='ltr'>dicitur</span> <span class='ocrx_word' id='word_1_949' title='bbox 1953 2123 2104 2154; x_wconf 86' lang='lat' dir='ltr'>univoce.</span> <span class='ocrx_word' id='word_1_950' title='bbox 2126 2140 2152 2146; x_wconf 95' lang='lat'>-</span> <span class='ocrx_word' id='word_1_951' title='bbox 2172 2122 2379 2154; x_wconf 74' lang='lat' dir='ltr'>Antecedens</span> <span class='ocrx_word' id='word_1_952' title='bbox 2403 2126 2503 2164; x_wconf 74' lang='lat' dir='ltr'>patet.</span> 
     </span>
     <span class='ocr_line' id='line_1_120' title="bbox 1423 2166 2504 2208; baseline 0 -10"><span class='ocrx_word' id='word_1_953' title='bbox 1423 2167 1511 2206; x_wconf 86' lang='lat' dir='ltr'>Quia</span> <span class='ocrx_word' id='word_1_954' title='bbox 1526 2176 1628 2198; x_wconf 87' lang='lat' dir='ltr'>omne</span> <span class='ocrx_word' id='word_1_955' title='bbox 1643 2166 1735 2208; x_wconf 89' lang='lat' dir='ltr'>quod</span> <span class='ocrx_word' id='word_1_956' title='bbox 1749 2167 1969 2208; x_wconf 85' lang='lat' dir='ltr'>participatur,</span> <span class='ocrx_word' id='word_1_957' title='bbox 1984 2167 2218 2208; x_wconf 80' lang='lat' dir='ltr'>particulariter</span> <span class='ocrx_word' id='word_1_958' title='bbox 2231 2166 2369 2198; x_wconf 81' lang='lat' dir='ltr'>habetur</span> <span class='ocrx_word' id='word_1_959' title='bbox 2382 2171 2416 2198; x_wconf 84' lang='lat' dir='ltr'>et</span> <span class='ocrx_word' id='word_1_960' title='bbox 2433 2174 2504 2198; x_wconf 70' lang='lat' dir='ltr'>non</span> 
     </span>
     <span class='ocr_line' id='line_1_121' title="bbox 1423 2211 2505 2253; baseline 0 -10"><span class='ocrx_word' id='word_1_961' title='bbox 1423 2211 1605 2244; x_wconf 87' lang='lat' dir='ltr'>secundum</span> <span class='ocrx_word' id='word_1_962' title='bbox 1628 2221 1763 2244; x_wconf 87' lang='lat' dir='ltr'>omnem</span> <span class='ocrx_word' id='word_1_963' title='bbox 1785 2211 1995 2253; x_wconf 84' lang='lat' dir='ltr'>perfectionis</span> <span class='ocrx_word' id='word_1_964' title='bbox 2017 2211 2173 2243; x_wconf 79' lang='lat' dir='ltr'>modum:</span> <span class='ocrx_word' id='word_1_965' title='bbox 2195 2212 2289 2244; x_wconf 70' lang='lat' dir='ltr'>curius</span> <span class='ocrx_word' id='word_1_966' title='bbox 2312 2211 2505 2253; x_wconf 68' lang='lat' dir='ltr'>oppositam</span> 
     </span>
     <span class='ocr_line' id='line_1_122' title="bbox 1423 2256 2504 2298; baseline 0 -10"><span class='ocrx_word' id='word_1_967' title='bbox 1423 2257 1507 2294; x_wconf 91' lang='lat' dir='ltr'>Deo,</span> <span class='ocrx_word' id='word_1_968' title='bbox 1523 2262 1560 2288; x_wconf 87' lang='lat' dir='ltr'>ut</span> <span class='ocrx_word' id='word_1_969' title='bbox 1575 2257 1724 2298; x_wconf 87' lang='lat' dir='ltr'>superius</span> <span class='ocrx_word' id='word_1_970' title='bbox 1739 2257 1756 2275; x_wconf 70' lang='lat'><strong>⁹</strong></span> <span class='ocrx_word' id='word_1_971' title='bbox 1779 2256 1930 2294; x_wconf 79' lang='lat' dir='ltr'>diximus,</span> <span class='ocrx_word' id='word_1_972' title='bbox 1945 2257 2111 2288; x_wconf 85' lang='lat' dir='ltr'>convenit.</span> <span class='ocrx_word' id='word_1_973' title='bbox 2124 2273 2150 2280; x_wconf 96' lang='lat'><em>-</em></span> <span class='ocrx_word' id='word_1_974' title='bbox 2300 2257 2504 2288; x_wconf 71' lang='lat' dir='ltr'>uentiavsss</span> 
     </span>
     <span class='ocr_line' id='line_1_123' title="bbox 1423 2300 2504 2343; baseline 0.001 -11"><span class='ocrx_word' id='word_1_975' title='bbox 1423 2302 1590 2342; x_wconf 87' lang='lat' dir='ltr'>probatur.</span> <span class='ocrx_word' id='word_1_976' title='bbox 1614 2301 1701 2340; x_wconf 83' lang='lat' dir='ltr'>Quia</span> <span class='ocrx_word' id='word_1_977' title='bbox 1716 2301 1808 2342; x_wconf 92' lang='lat' dir='ltr'>quod</span> <span class='ocrx_word' id='word_1_978' title='bbox 1823 2300 1865 2333; x_wconf 86' lang='lat' dir='ltr'>de</span> <span class='ocrx_word' id='word_1_979' title='bbox 1879 2301 2028 2343; x_wconf 89' lang='lat' dir='ltr'>pluribus</span> <span class='ocrx_word' id='word_1_980' title='bbox 2041 2301 2184 2333; x_wconf 76' lang='lat' dir='ltr'>univoce</span> <span class='ocrx_word' id='word_1_981' title='bbox 2206 2301 2419 2342; x_wconf 71' lang='lat' dir='ltr'>praedicatus.</span> <span class='ocrx_word' id='word_1_982' title='bbox 2434 2300 2504 2332; x_wconf 75' lang='lat' dir='ltr'>cui·</span> 
     </span>
     <span class='ocr_line' id='line_1_124' title="bbox 1423 2345 2504 2398; baseline 0 -21"><span class='ocrx_word' id='word_1_983' title='bbox 1423 2347 1501 2378; x_wconf 86' lang='lat' dir='ltr'>libet</span> <span class='ocrx_word' id='word_1_984' title='bbox 1524 2355 1640 2377; x_wconf 90' lang='lat' dir='ltr'>eorum</span> <span class='ocrx_word' id='word_1_985' title='bbox 1663 2345 1845 2378; x_wconf 86' lang='lat' dir='ltr'>secundum</span> <span class='ocrx_word' id='word_1_986' title='bbox 1876 2347 2158 2398; x_wconf 82' lang='lat' dir='ltr'>participationem</span> <span class='ocrx_word' id='word_1_987' title='bbox 2188 2346 2355 2377; x_wconf 82' lang='lat' dir='ltr'>convenit:</span> <span class='ocrx_word' id='word_1_988' title='bbox 2380 2345 2504 2387; x_wconf 71' lang='lat' dir='ltr'>specle·</span> 
     </span>
     <span class='ocr_line' id='line_1_125' title="bbox 1423 2390 2300 2432; baseline 0 -10"><span class='ocrx_word' id='word_1_989' title='bbox 1423 2392 1512 2422; x_wconf 89' lang='lat' dir='ltr'>enim</span> <span class='ocrx_word' id='word_1_990' title='bbox 1534 2400 1648 2431; x_wconf 80' lang='lat' dir='ltr'>genus,</span> <span class='ocrx_word' id='word_1_991' title='bbox 1673 2397 1706 2422; x_wconf 89' lang='lat' dir='ltr'>et</span> <span class='ocrx_word' id='word_1_992' title='bbox 1727 2390 1933 2422; x_wconf 81' lang='lat' dir='ltr'>individuum</span> <span class='ocrx_word' id='word_1_993' title='bbox 1955 2391 2099 2432; x_wconf 83' lang='lat' dir='ltr'>speeiem</span> <span class='ocrx_word' id='word_1_994' title='bbox 2121 2390 2300 2432; x_wconf 74' lang='lat' dir='ltr'>participat.</span> 
     </span>
    </p>

    <p class='ocr_par' dir='ltr' id='par_1_16' title="bbox 1419 2411 2505 2744">
     <span class='ocr_line' id='line_1_126' title="bbox 1479 2411 2504 2476; baseline 0 -10"><span class='ocrx_word' id='word_1_995' title='bbox 1479 2435 1726 2467; x_wconf 86' lang='lat' dir='ltr'>Advertendum</span> <span class='ocrx_word' id='word_1_996' title='bbox 1748 2435 1840 2476; x_wconf 90' lang='lat' dir='ltr'>quod</span> <span class='ocrx_word' id='word_1_997' title='bbox 1863 2444 1933 2466; x_wconf 89' lang='lat' dir='ltr'>non</span> <span class='ocrx_word' id='word_1_998' title='bbox 1955 2435 2073 2468; x_wconf 88' lang='lat' dir='ltr'>dicitur</span> <span class='ocrx_word' id='word_1_999' title='bbox 2094 2434 2171 2467; x_wconf 85' lang='lat' dir='ltr'>ideo</span> <span class='ocrx_word' id='word_1_1000' title='bbox 2187 2437 2368 2466; x_wconf 87' lang='lat' dir='ltr'>univocum</span> <span class='ocrx_word' id='word_1_1001' title='bbox 2390 2435 2432 2466; x_wconf 84' lang='lat' dir='ltr'>ab</span> <span class='ocrx_word' id='word_1_1002' title='bbox 2453 2411 2504 2466; x_wconf 64' lang='lat' dir='ltr'>ina·</span> 
     </span>
     <span class='ocr_line' id='line_1_127' title="bbox 1424 2479 2503 2521; baseline 0 -10"><span class='ocrx_word' id='word_1_1003' title='bbox 1424 2479 1596 2511; x_wconf 87' lang='lat' dir='ltr'>ferioribus</span> <span class='ocrx_word' id='word_1_1004' title='bbox 1618 2480 1803 2521; x_wconf 84' lang='lat' dir='ltr'>participari</span> <span class='ocrx_word' id='word_1_1005' title='bbox 1826 2481 1919 2521; x_wconf 84' lang='lat' dir='ltr'>quasi</span> <span class='ocrx_word' id='word_1_1006' title='bbox 1941 2486 2068 2521; x_wconf 84' lang='lat' dir='ltr'>partem</span> <span class='ocrx_word' id='word_1_1007' title='bbox 2091 2480 2249 2511; x_wconf 71' lang='lat' dir='ltr'>essentin</span> <span class='ocrx_word' id='word_1_1008' title='bbox 2270 2481 2342 2511; x_wconf 85' lang='lat' dir='ltr'>eius</span> <span class='ocrx_word' id='word_1_1009' title='bbox 2360 2479 2503 2521; x_wconf 69' lang='lat' dir='ltr'>oapi-att</span> 
     </span>
     <span class='ocr_line' id='line_1_128' title="bbox 1424 2523 2504 2566; baseline 0 -10"><span class='ocrx_word' id='word_1_1010' title='bbox 1424 2524 1481 2556; x_wconf 89' lang='lat' dir='ltr'>sed</span> <span class='ocrx_word' id='word_1_1011' title='bbox 1504 2525 1582 2566; x_wconf 88' lang='lat' dir='ltr'>quia</span> <span class='ocrx_word' id='word_1_1012' title='bbox 1610 2534 1679 2556; x_wconf 89' lang='lat' dir='ltr'>non</span> <span class='ocrx_word' id='word_1_1013' title='bbox 1709 2525 1872 2566; x_wconf 78' lang='lat' dir='ltr'>recipiunt</span> <span class='ocrx_word' id='word_1_1014' title='bbox 1899 2524 1981 2556; x_wconf 86' lang='lat' dir='ltr'>illud</span> <span class='ocrx_word' id='word_1_1015' title='bbox 2011 2525 2189 2556; x_wconf 79' lang='lat' dir='ltr'>secundum</span> <span class='ocrx_word' id='word_1_1016' title='bbox 2218 2533 2348 2556; x_wconf 74' lang='lat' dir='ltr'>omnem</span> <span class='ocrx_word' id='word_1_1017' title='bbox 2371 2523 2504 2556; x_wconf 69' lang='lat' dir='ltr'>moda-</span> 
     </span>
     <span class='ocr_line' id='line_1_129' title="bbox 1419 2567 2505 2612; baseline 0.001 -12"><span class='ocrx_word' id='word_1_1018' title='bbox 1419 2569 1646 2612; x_wconf 68' lang='lat' dir='ltr'>perfectionis.</span> <span class='ocrx_word' id='word_1_1019' title='bbox 1671 2569 1707 2600; x_wconf 91' lang='lat' dir='ltr'>In</span> <span class='ocrx_word' id='word_1_1020' title='bbox 1731 2569 1864 2601; x_wconf 84' lang='lat' dir='ltr'>diversis</span> <span class='ocrx_word' id='word_1_1021' title='bbox 1886 2570 1975 2601; x_wconf 87' lang='lat' dir='ltr'>enim</span> <span class='ocrx_word' id='word_1_1022' title='bbox 1997 2569 2123 2601; x_wconf 77' lang='lat' dir='ltr'>dives-sa</span> <span class='ocrx_word' id='word_1_1023' title='bbox 2144 2569 2242 2601; x_wconf 83' lang='lat' dir='ltr'>habet</span> <span class='ocrx_word' id='word_1_1024' title='bbox 2263 2578 2334 2600; x_wconf 86' lang='lat' dir='ltr'>esse</span> <span class='ocrx_word' id='word_1_1025' title='bbox 2349 2574 2382 2600; x_wconf 84' lang='lat' dir='ltr'>et</span> <span class='ocrx_word' id='word_1_1026' title='bbox 2398 2567 2505 2610; x_wconf 61' lang='lat' dir='ltr'>pub</span> 
     </span>
     <span class='ocr_line' id='line_1_130' title="bbox 1425 2612 2505 2655; baseline 0 -10"><span class='ocrx_word' id='word_1_1027' title='bbox 1425 2615 1526 2645; x_wconf 86' lang='lat' dir='ltr'>ctiora</span> <span class='ocrx_word' id='word_1_1028' title='bbox 1541 2619 1574 2645; x_wconf 90' lang='lat' dir='ltr'>et</span> <span class='ocrx_word' id='word_1_1029' title='bbox 1593 2613 1842 2655; x_wconf 84' lang='lat' dir='ltr'>imperfectiora,</span> <span class='ocrx_word' id='word_1_1030' title='bbox 1865 2615 1900 2646; x_wconf 87' lang='lat' dir='ltr'>in</span> <span class='ocrx_word' id='word_1_1031' title='bbox 1922 2623 1992 2646; x_wconf 92' lang='lat' dir='ltr'>uno</span> <span class='ocrx_word' id='word_1_1032' title='bbox 2015 2620 2125 2646; x_wconf 86' lang='lat' dir='ltr'>autem</span> <span class='ocrx_word' id='word_1_1033' title='bbox 2141 2623 2210 2646; x_wconf 83' lang='lat' dir='ltr'>non</span> <span class='ocrx_word' id='word_1_1034' title='bbox 2225 2619 2302 2645; x_wconf 77' lang='lat' dir='ltr'>sum</span> <span class='ocrx_word' id='word_1_1035' title='bbox 2315 2612 2505 2645; x_wconf 73' lang='lat' dir='ltr'>huiusmodi</span> 
     </span>
     <span class='ocr_line' id='line_1_131' title="bbox 1424 2657 2504 2700; baseline 0 -10"><span class='ocrx_word' id='word_1_1036' title='bbox 1424 2668 1540 2690; x_wconf 84' lang='lat' dir='ltr'>omnes</span> <span class='ocrx_word' id='word_1_1037' title='bbox 1559 2658 1798 2700; x_wconf 86' lang='lat' dir='ltr'>perfectionum</span> <span class='ocrx_word' id='word_1_1038' title='bbox 1820 2657 1927 2690; x_wconf 89' lang='lat' dir='ltr'>modi.</span> <span class='ocrx_word' id='word_1_1039' title='bbox 1952 2658 2028 2691; x_wconf 87' lang='lat' dir='ltr'>licet</span> <span class='ocrx_word' id='word_1_1040' title='bbox 2049 2664 2153 2690; x_wconf 75' lang='lat' dir='ltr'>totam</span> <span class='ocrx_word' id='word_1_1041' title='bbox 2176 2659 2309 2691; x_wconf 75' lang='lat' dir='ltr'>univoci</span> <span class='ocrx_word' id='word_1_1042' title='bbox 2332 2658 2504 2690; x_wconf 68' lang='lat' dir='ltr'>amdam</span> 
     </span>
     <span class='ocr_line' id='line_1_132' title="bbox 1425 2703 1991 2744; baseline -0.002 -9"><span class='ocrx_word' id='word_1_1043' title='bbox 1425 2703 1688 2744; x_wconf 90' lang='lat' dir='ltr'>unumquodque</span> <span class='ocrx_word' id='word_1_1044' title='bbox 1711 2703 1843 2735; x_wconf 89' lang='lat' dir='ltr'>illorum</span> <span class='ocrx_word' id='word_1_1045' title='bbox 1866 2703 1991 2735; x_wconf 88' lang='lat' dir='ltr'>habeat.</span> 
     </span>
    </p>

    <p class='ocr_par' dir='ltr' id='par_1_17' title="bbox 1423 2719 2505 3416">
     <span class='ocr_line' id='line_1_133' title="bbox 1480 2719 2503 2801; baseline 0.001 -22"><span class='ocrx_word' id='word_1_1046' title='bbox 1480 2749 1563 2779; x_wconf 89' lang='lat' dir='ltr'>VIII.</span> <span class='ocrx_word' id='word_1_1047' title='bbox 1584 2749 1717 2780; x_wconf 83' lang='lat' dir='ltr'>Ultimo.</span> <span class='ocrx_word' id='word_1_1048' title='bbox 1743 2748 1852 2780; x_wconf 84' lang='lat' dir='ltr'>Omne</span> <span class='ocrx_word' id='word_1_1049' title='bbox 1875 2748 1967 2801; x_wconf 81' lang='lat' dir='ltr'>quod</span> <span class='ocrx_word' id='word_1_1050' title='bbox 1989 2748 2031 2780; x_wconf 84' lang='lat' dir='ltr'>de</span> <span class='ocrx_word' id='word_1_1051' title='bbox 2053 2748 2127 2780; x_wconf 79' lang='lat' dir='ltr'>Deo</span> <span class='ocrx_word' id='word_1_1052' title='bbox 2148 2753 2183 2780; x_wconf 77' lang='lat' dir='ltr'>et</span> <span class='ocrx_word' id='word_1_1053' title='bbox 2205 2753 2350 2780; x_wconf 66' lang='lat' dir='ltr'>aenum</span> <span class='ocrx_word' id='word_1_1054' title='bbox 2375 2719 2503 2785; x_wconf 60' lang='lat' dir='ltr'>metas,</span> 
     </span>
     <span class='ocr_line' id='line_1_134' title="bbox 1424 2791 2504 2834; baseline 0 -10"><span class='ocrx_word' id='word_1_1055' title='bbox 1424 2793 1606 2824; x_wconf 87' lang='lat' dir='ltr'>secundum</span> <span class='ocrx_word' id='word_1_1056' title='bbox 1636 2794 1726 2834; x_wconf 87' lang='lat' dir='ltr'>prius</span> <span class='ocrx_word' id='word_1_1057' title='bbox 1755 2798 1788 2824; x_wconf 93' lang='lat' dir='ltr'>et</span> <span class='ocrx_word' id='word_1_1058' title='bbox 1816 2794 1978 2834; x_wconf 86' lang='lat' dir='ltr'>posterius</span> <span class='ocrx_word' id='word_1_1059' title='bbox 2005 2792 2218 2834; x_wconf 73' lang='lat' dir='ltr'>praedicatur.</span> <span class='ocrx_word' id='word_1_1060' title='bbox 2249 2792 2336 2834; x_wconf 73' lang='lat' dir='ltr'>Ergo</span> <span class='ocrx_word' id='word_1_1061' title='bbox 2359 2791 2441 2824; x_wconf 81' lang='lat' dir='ltr'>nihil</span> <span class='ocrx_word' id='word_1_1062' title='bbox 2462 2791 2504 2829; x_wconf 72' lang='lat' dir='ltr'>ds</span> 
     </span>
     <span class='ocr_line' id='line_1_135' title="bbox 1424 2836 2505 2876; baseline -0.001 -7"><span class='ocrx_word' id='word_1_1063' title='bbox 1424 2838 1497 2869; x_wconf 93' lang='lat' dir='ltr'>Deo</span> <span class='ocrx_word' id='word_1_1064' title='bbox 1521 2839 1662 2869; x_wconf 88' lang='lat' dir='ltr'>univoce</span> <span class='ocrx_word' id='word_1_1065' title='bbox 1685 2837 1803 2869; x_wconf 85' lang='lat' dir='ltr'>dicitur</span> <span class='ocrx_word' id='word_1_1066' title='bbox 1817 2843 1850 2869; x_wconf 89' lang='lat' dir='ltr'>et</span> <span class='ocrx_word' id='word_1_1067' title='bbox 1865 2843 2020 2870; x_wconf 83' lang='lat' dir='ltr'>creatura.</span> <span class='ocrx_word' id='word_1_1068' title='bbox 2037 2855 2061 2861; x_wconf 89' lang='lat'>-</span> <span class='ocrx_word' id='word_1_1069' title='bbox 2075 2837 2167 2869; x_wconf 82' lang='lat' dir='ltr'>Patet</span> <span class='ocrx_word' id='word_1_1070' title='bbox 2189 2837 2395 2869; x_wconf 83' lang='lat' dir='ltr'>antecedens.</span> <span class='ocrx_word' id='word_1_1071' title='bbox 2416 2836 2505 2876; x_wconf 89' lang='lat' dir='ltr'>Quia</span> 
     </span>
     <span class='ocr_line' id='line_1_136' title="bbox 1424 2881 2504 2924; baseline -0.001 -10"><span class='ocrx_word' id='word_1_1072' title='bbox 1424 2883 1535 2914; x_wconf 89' lang='lat' dir='ltr'>omnia</span> <span class='ocrx_word' id='word_1_1073' title='bbox 1558 2883 1712 2914; x_wconf 89' lang='lat' dir='ltr'>dicuntur</span> <span class='ocrx_word' id='word_1_1074' title='bbox 1727 2882 1767 2914; x_wconf 90' lang='lat' dir='ltr'>de</span> <span class='ocrx_word' id='word_1_1075' title='bbox 1783 2882 1856 2914; x_wconf 91' lang='lat' dir='ltr'>Deo</span> <span class='ocrx_word' id='word_1_1076' title='bbox 1876 2892 1936 2924; x_wconf 90' lang='lat' dir='ltr'>per</span> <span class='ocrx_word' id='word_1_1077' title='bbox 1957 2882 2140 2918; x_wconf 84' lang='lat' dir='ltr'>essentiam,</span> <span class='ocrx_word' id='word_1_1078' title='bbox 2164 2881 2206 2914; x_wconf 80' lang='lat' dir='ltr'>de</span> <span class='ocrx_word' id='word_1_1079' title='bbox 2227 2887 2372 2914; x_wconf 72' lang='lat' dir='ltr'>oeeatura</span> <span class='ocrx_word' id='word_1_1080' title='bbox 2394 2886 2504 2913; x_wconf 72' lang='lat' dir='ltr'>autem</span> 
     </span>
     <span class='ocr_line' id='line_1_137' title="bbox 1424 2925 2505 2969; baseline -0.001 -10"><span class='ocrx_word' id='word_1_1081' title='bbox 1424 2927 1578 2959; x_wconf 88' lang='lat' dir='ltr'>dicuntur</span> <span class='ocrx_word' id='word_1_1082' title='bbox 1603 2928 1715 2959; x_wconf 86' lang='lat' dir='ltr'>omnia</span> <span class='ocrx_word' id='word_1_1083' title='bbox 1746 2936 1806 2968; x_wconf 89' lang='lat' dir='ltr'>per</span> <span class='ocrx_word' id='word_1_1084' title='bbox 1834 2927 2132 2969; x_wconf 84' lang='lat' dir='ltr'>participationem:</span> <span class='ocrx_word' id='word_1_1085' title='bbox 2162 2926 2281 2959; x_wconf 65' lang='lat' dir='ltr'>&lt;ficitur</span> <span class='ocrx_word' id='word_1_1086' title='bbox 2302 2927 2391 2958; x_wconf 84' lang='lat' dir='ltr'>enim</span> <span class='ocrx_word' id='word_1_1087' title='bbox 2414 2925 2505 2958; x_wconf 76' lang='lat' dir='ltr'>Deus</span> 
     </span>
     <span class='ocr_line' id='line_1_138' title="bbox 1424 2970 2505 3014; baseline -0.002 -10"><span class='ocrx_word' id='word_1_1088' title='bbox 1424 2982 1482 3004; x_wconf 82' lang='lat' dir='ltr'>ens</span> <span class='ocrx_word' id='word_1_1089' title='bbox 1496 2973 1589 3014; x_wconf 83' lang='lat' dir='ltr'>quasi</span> <span class='ocrx_word' id='word_1_1090' title='bbox 1603 2973 1673 3013; x_wconf 87' lang='lat' dir='ltr'>ipsa</span> <span class='ocrx_word' id='word_1_1091' title='bbox 1688 2972 1836 3009; x_wconf 85' lang='lat' dir='ltr'>essentia,</span> <span class='ocrx_word' id='word_1_1092' title='bbox 1852 2977 1886 3003; x_wconf 88' lang='lat' dir='ltr'>et</span> <span class='ocrx_word' id='word_1_1093' title='bbox 1899 2972 2004 3004; x_wconf 80' lang='lat' dir='ltr'>bonus</span> <span class='ocrx_word' id='word_1_1094' title='bbox 2019 2972 2112 3013; x_wconf 84' lang='lat' dir='ltr'>quasi</span> <span class='ocrx_word' id='word_1_1095' title='bbox 2134 2972 2205 3013; x_wconf 86' lang='lat' dir='ltr'>ipsa</span> <span class='ocrx_word' id='word_1_1096' title='bbox 2227 2971 2370 3008; x_wconf 82' lang='lat' dir='ltr'>bonitas3</span> <span class='ocrx_word' id='word_1_1097' title='bbox 2392 2970 2505 3003; x_wconf 72' lang='lat' dir='ltr'>Some</span> 
     </span>
     <span class='ocr_line' id='line_1_139' title="bbox 1424 3015 2505 3058; baseline -0.001 -9"><span class='ocrx_word' id='word_1_1098' title='bbox 1424 3022 1533 3049; x_wconf 89' lang='lat' dir='ltr'>autem</span> <span class='ocrx_word' id='word_1_1099' title='bbox 1557 3017 1675 3049; x_wconf 88' lang='lat' dir='ltr'>dicitur</span> <span class='ocrx_word' id='word_1_1100' title='bbox 1695 3017 1806 3053; x_wconf 74' lang='grc' dir='ltr'><strong><em>Ιιοηιο,</em></strong></span> <span class='ocrx_word' id='word_1_1101' title='bbox 1822 3026 1892 3048; x_wconf 90' lang='lat' dir='ltr'>non</span> <span class='ocrx_word' id='word_1_1102' title='bbox 1915 3018 1992 3058; x_wconf 88' lang='lat' dir='ltr'>quia</span> <span class='ocrx_word' id='word_1_1103' title='bbox 2006 3018 2047 3048; x_wconf 86' lang='lat' dir='ltr'>sit</span> <span class='ocrx_word' id='word_1_1104' title='bbox 2061 3017 2132 3058; x_wconf 85' lang='lat' dir='ltr'>ipsa</span> <span class='ocrx_word' id='word_1_1105' title='bbox 2146 3017 2340 3054; x_wconf 79' lang='lat' dir='ltr'>humanitas,</span> <span class='ocrx_word' id='word_1_1106' title='bbox 2355 3015 2505 3057; x_wconf 54' lang='lat' dir='ltr'>sed-qm</span> 
     </span>
     <span class='ocr_line' id='line_1_140' title="bbox 1424 3060 2503 3103; baseline 0.001 -10"><span class='ocrx_word' id='word_1_1107' title='bbox 1424 3067 1472 3093; x_wconf 83' lang='lat' dir='ltr'>est</span> <span class='ocrx_word' id='word_1_1108' title='bbox 1494 3062 1731 3094; x_wconf 85' lang='lat' dir='ltr'>humanitatem</span> <span class='ocrx_word' id='word_1_1109' title='bbox 1759 3062 1893 3093; x_wconf 84' lang='lat' dir='ltr'>habens.</span> <span class='ocrx_word' id='word_1_1110' title='bbox 1912 3079 1933 3084; x_wconf 94' lang='lat'><em>-</em></span> <span class='ocrx_word' id='word_1_1111' title='bbox 1964 3061 2211 3103; x_wconf 83' lang='lat' dir='ltr'>Consequentia</span> <span class='ocrx_word' id='word_1_1112' title='bbox 2232 3070 2311 3093; x_wconf 74' lang='lat' dir='ltr'>vero</span> <span class='ocrx_word' id='word_1_1113' title='bbox 2337 3060 2503 3102; x_wconf 53' lang='lat' dir='ltr'>ptum</span> 
     </span>
     <span class='ocr_line' id='line_1_141' title="bbox 1424 3104 2504 3148; baseline -0.002 -10"><span class='ocrx_word' id='word_1_1114' title='bbox 1424 3106 1511 3145; x_wconf 89' lang='lat' dir='ltr'>Quia</span> <span class='ocrx_word' id='word_1_1115' title='bbox 1522 3106 1615 3148; x_wconf 89' lang='lat' dir='ltr'>quod</span> <span class='ocrx_word' id='word_1_1116' title='bbox 1626 3106 1744 3138; x_wconf 88' lang='lat' dir='ltr'>dicitur</span> <span class='ocrx_word' id='word_1_1117' title='bbox 1754 3106 1936 3138; x_wconf 85' lang='lat' dir='ltr'>secundum</span> <span class='ocrx_word' id='word_1_1118' title='bbox 1947 3107 2037 3148; x_wconf 87' lang='lat' dir='ltr'>prius</span> <span class='ocrx_word' id='word_1_1119' title='bbox 2049 3111 2082 3137; x_wconf 84' lang='lat' dir='ltr'>et</span> <span class='ocrx_word' id='word_1_1120' title='bbox 2095 3106 2267 3147; x_wconf 84' lang='lat' dir='ltr'>posterius,</span> <span class='ocrx_word' id='word_1_1121' title='bbox 2278 3114 2348 3137; x_wconf 84' lang='lat' dir='ltr'>uon</span> <span class='ocrx_word' id='word_1_1122' title='bbox 2358 3104 2504 3140; x_wconf 51' lang='lat' dir='ltr'>&gt;univoce</span> 
     </span>
     <span class='ocr_line' id='line_1_142' title="bbox 1423 3149 2505 3192; baseline -0.003 -9"><span class='ocrx_word' id='word_1_1123' title='bbox 1423 3150 1634 3192; x_wconf 83' lang='lat' dir='ltr'>praedicatur.</span> <span class='ocrx_word' id='word_1_1124' title='bbox 1658 3151 1743 3182; x_wconf 88' lang='lat' dir='ltr'>Nam</span> <span class='ocrx_word' id='word_1_1125' title='bbox 1766 3151 1800 3182; x_wconf 89' lang='lat' dir='ltr'>in</span> <span class='ocrx_word' id='word_1_1126' title='bbox 1814 3150 2004 3182; x_wconf 86' lang='lat' dir='ltr'>huiusmodi</span> <span class='ocrx_word' id='word_1_1127' title='bbox 2022 3151 2111 3192; x_wconf 87' lang='lat' dir='ltr'>prius</span> <span class='ocrx_word' id='word_1_1128' title='bbox 2133 3151 2167 3182; x_wconf 91' lang='lat' dir='ltr'>in</span> <span class='ocrx_word' id='word_1_1129' title='bbox 2190 3149 2380 3182; x_wconf 79' lang='lat' dir='ltr'>definitione</span> <span class='ocrx_word' id='word_1_1130' title='bbox 2393 3154 2505 3190; x_wconf 60' lang='lat' dir='ltr'>poue-</span> 
     </span>
     <span class='ocr_line' id='line_1_143' title="bbox 1423 3192 2505 3232; baseline -0.002 -5"><span class='ocrx_word' id='word_1_1131' title='bbox 1423 3196 1516 3227; x_wconf 85' lang='lat' dir='ltr'>rioris</span> <span class='ocrx_word' id='word_1_1132' title='bbox 1538 3195 1725 3232; x_wconf 86' lang='lat' dir='ltr'>includitur,</span> <span class='ocrx_word' id='word_1_1133' title='bbox 1749 3196 1834 3227; x_wconf 90' lang='lat' dir='ltr'>sicut</span> <span class='ocrx_word' id='word_1_1134' title='bbox 1854 3196 2035 3227; x_wconf 78' lang='lat' dir='ltr'>substantia</span> <span class='ocrx_word' id='word_1_1135' title='bbox 2058 3196 2093 3227; x_wconf 86' lang='lat' dir='ltr'>in</span> <span class='ocrx_word' id='word_1_1136' title='bbox 2116 3194 2306 3227; x_wconf 73' lang='lat' dir='ltr'>definitione</span> <span class='ocrx_word' id='word_1_1137' title='bbox 2326 3192 2505 3225; x_wconf 61' lang='lat' dir='ltr'>accidua&amp;</span> 
     </span>
     <span class='ocr_line' id='line_1_144' title="bbox 1424 3237 2503 3281; baseline -0.004 -9"><span class='ocrx_word' id='word_1_1138' title='bbox 1424 3240 1607 3272; x_wconf 86' lang='lat' dir='ltr'>secundum</span> <span class='ocrx_word' id='word_1_1139' title='bbox 1626 3240 1717 3281; x_wconf 90' lang='lat' dir='ltr'>quod</span> <span class='ocrx_word' id='word_1_1140' title='bbox 1733 3246 1782 3272; x_wconf 88' lang='lat' dir='ltr'>est</span> <span class='ocrx_word' id='word_1_1141' title='bbox 1796 3250 1868 3272; x_wconf 89' lang='lat' dir='ltr'>ens:</span> <span class='ocrx_word' id='word_1_1142' title='bbox 1885 3250 1925 3272; x_wconf 86' lang='lat' dir='ltr'>ex</span> <span class='ocrx_word' id='word_1_1143' title='bbox 1937 3249 2006 3281; x_wconf 88' lang='lat' dir='ltr'>quo</span> <span class='ocrx_word' id='word_1_1144' title='bbox 2020 3245 2220 3281; x_wconf 82' lang='lat' dir='ltr'>sequeretur,</span> <span class='ocrx_word' id='word_1_1145' title='bbox 2236 3238 2263 3270; x_wconf 84' lang='lat' dir='ltr'>si</span> <span class='ocrx_word' id='word_1_1146' title='bbox 2278 3247 2337 3270; x_wconf 76' lang='lat' dir='ltr'>ens</span> <span class='ocrx_word' id='word_1_1147' title='bbox 2350 3237 2503 3275; x_wconf 83' lang='lat' dir='ltr'>univoce,</span> 
     </span>
     <span class='ocr_line' id='line_1_145' title="bbox 1424 3282 2505 3322; baseline -0.003 -6"><span class='ocrx_word' id='word_1_1148' title='bbox 1424 3286 1491 3317; x_wconf 89' lang='lat' dir='ltr'>sive</span> <span class='ocrx_word' id='word_1_1149' title='bbox 1515 3285 1696 3317; x_wconf 89' lang='lat' dir='ltr'>secundum</span> <span class='ocrx_word' id='word_1_1150' title='bbox 1719 3294 1819 3317; x_wconf 85' lang='lat' dir='ltr'>unam</span> <span class='ocrx_word' id='word_1_1151' title='bbox 1842 3286 2013 3322; x_wconf 83' lang='lat' dir='ltr'>rationem,</span> <span class='ocrx_word' id='word_1_1152' title='bbox 2028 3284 2188 3316; x_wconf 66' lang='lat' dir='ltr'>diceretur</span> <span class='ocrx_word' id='word_1_1153' title='bbox 2210 3282 2251 3314; x_wconf 87' lang='lat' dir='ltr'>de</span> <span class='ocrx_word' id='word_1_1154' title='bbox 2271 3282 2449 3314; x_wconf 84' lang='lat' dir='ltr'>substantia</span> <span class='ocrx_word' id='word_1_1155' title='bbox 2470 3288 2505 3314; x_wconf 79' lang='lat' dir='ltr'>et</span> 
     </span>
     <span class='ocr_line' id='line_1_146' title="bbox 1425 3326 2505 3371; baseline -0.003 -10"><span class='ocrx_word' id='word_1_1156' title='bbox 1425 3329 1602 3367; x_wconf 85' lang='lat' dir='ltr'>accidente,</span> <span class='ocrx_word' id='word_1_1157' title='bbox 1619 3330 1711 3371; x_wconf 91' lang='lat' dir='ltr'>quod</span> <span class='ocrx_word' id='word_1_1158' title='bbox 1733 3330 1767 3361; x_wconf 88' lang='lat' dir='ltr'>in</span> <span class='ocrx_word' id='word_1_1159' title='bbox 1784 3329 1974 3361; x_wconf 83' lang='lat' dir='ltr'>definitione</span> <span class='ocrx_word' id='word_1_1160' title='bbox 1995 3328 2192 3360; x_wconf 78' lang='lat' dir='ltr'>substantiae</span> <span class='ocrx_word' id='word_1_1161' title='bbox 2215 3326 2397 3359; x_wconf 65' lang='lat' dir='ltr'>secumdum</span> <span class='ocrx_word' id='word_1_1162' title='bbox 2412 3326 2505 3368; x_wconf 83' lang='lat' dir='ltr'>quod</span> 
     </span>
     <span class='ocr_line' id='line_1_147' title="bbox 1425 3371 2399 3416; baseline -0.003 -10"><span class='ocrx_word' id='word_1_1163' title='bbox 1425 3380 1473 3406; x_wconf 89' lang='lat' dir='ltr'>est</span> <span class='ocrx_word' id='word_1_1164' title='bbox 1496 3384 1563 3411; x_wconf 86' lang='lat' dir='ltr'>ens,</span> <span class='ocrx_word' id='word_1_1165' title='bbox 1587 3380 1763 3416; x_wconf 88' lang='lat' dir='ltr'>poneretur</span> <span class='ocrx_word' id='word_1_1166' title='bbox 1784 3374 1984 3411; x_wconf 76' lang='lat' dir='ltr'>substantia,-</span> <span class='ocrx_word' id='word_1_1167' title='bbox 2005 3372 2097 3414; x_wconf 83' lang='lat' dir='ltr'>quod</span> <span class='ocrx_word' id='word_1_1168' title='bbox 2119 3378 2167 3404; x_wconf 86' lang='lat' dir='ltr'>est</span> <span class='ocrx_word' id='word_1_1169' title='bbox 2189 3371 2399 3413; x_wconf 87' lang='lat' dir='ltr'>impossibile.</span> 
     </span>
    </p>

    <p class='ocr_par' dir='ltr' id='par_1_18' title="bbox 1426 3416 2505 3548">
     <span class='ocr_line' id='line_1_148' title="bbox 1481 3416 2505 3460; baseline -0.003 -10"><span class='ocrx_word' id='word_1_1170' title='bbox 1481 3418 1623 3451; x_wconf 86' lang='lat' dir='ltr'>Adverte</span> <span class='ocrx_word' id='word_1_1171' title='bbox 1646 3418 1738 3460; x_wconf 86' lang='lat' dir='ltr'>quod</span> <span class='ocrx_word' id='word_1_1172' title='bbox 1766 3419 1802 3450; x_wconf 89' lang='lat' dir='ltr'>in</span> <span class='ocrx_word' id='word_1_1173' title='bbox 1831 3419 1892 3450; x_wconf 89' lang='lat' dir='ltr'>hac</span> <span class='ocrx_word' id='word_1_1174' title='bbox 1921 3418 2046 3450; x_wconf 81' lang='lat' dir='ltr'>ratione</span> <span class='ocrx_word' id='word_1_1175' title='bbox 2074 3417 2171 3458; x_wconf 87' lang='lat' dir='ltr'>ponit</span> <span class='ocrx_word' id='word_1_1176' title='bbox 2197 3416 2334 3448; x_wconf 87' lang='lat' dir='ltr'>Sanctus</span> <span class='ocrx_word' id='word_1_1177' title='bbox 2358 3416 2505 3448; x_wconf 81' lang='lat' dir='ltr'>Thomas</span> 
     </span>
     <span class='ocr_line' id='line_1_149' title="bbox 1426 3460 2542 3505; baseline -0.003 -10"><span class='ocrx_word' id='word_1_1178' title='bbox 1426 3464 1598 3495; x_wconf 81' lang='lat' dir='ltr'>essentiam</span> <span class='ocrx_word' id='word_1_1179' title='bbox 1621 3470 1779 3505; x_wconf 87' lang='lat' dir='ltr'>tanquam</span> <span class='ocrx_word' id='word_1_1180' title='bbox 1795 3463 1990 3494; x_wconf 73' lang='lat' dir='ltr'>abstracmm</span> <span class='ocrx_word' id='word_1_1181' title='bbox 2012 3462 2105 3493; x_wconf 68' lang='lat' dir='ltr'>costis.</span> <span class='ocrx_word' id='word_1_1182' title='bbox 2128 3460 2231 3500; x_wconf 86' lang='lat' dir='ltr'>Quod</span> <span class='ocrx_word' id='word_1_1183' title='bbox 2253 3462 2401 3503; x_wconf 89' lang='lat' dir='ltr'>superius</span> <span class='ocrx_word' id='word_1_1184' title='bbox 2416 3462 2434 3479; x_wconf 69' lang='lat'><strong>⁹</strong></span> <span class='ocrx_word' id='word_1_1185' title='bbox 2456 3460 2542 3493; x_wconf 77' lang='lat' dir='ltr'>cli-⁸</span> 
     </span>
     <span class='ocr_line' id='line_1_150' title="bbox 1427 3507 2004 3548; baseline -0.003 -9"><span class='ocrx_word' id='word_1_1186' title='bbox 1427 3509 1581 3540; x_wconf 87' lang='lat' dir='ltr'>cebamus</span> <span class='ocrx_word' id='word_1_1187' title='bbox 1605 3518 1674 3540; x_wconf 86' lang='lat' dir='ltr'>esse</span> <span class='ocrx_word' id='word_1_1188' title='bbox 1697 3508 1738 3539; x_wconf 91' lang='lat' dir='ltr'>de</span> <span class='ocrx_word' id='word_1_1189' title='bbox 1761 3513 1871 3539; x_wconf 74' lang='lat' dir='ltr'>mente</span> <span class='ocrx_word' id='word_1_1190' title='bbox 1893 3507 2004 3548; x_wconf 83' lang='lat' dir='ltr'>ipsius.</span> 
     </span>
    </p>

    <p class='ocr_par' dir='ltr' id='par_1_19' title="bbox 1427 3549 2506 3683">
     <span class='ocr_line' id='line_1_151' title="bbox 1483 3549 2505 3591; baseline -0.003 -7"><span class='ocrx_word' id='word_1_1191' title='bbox 1483 3553 1546 3584; x_wconf 87' lang='lat' dir='ltr'>Pro</span> <span class='ocrx_word' id='word_1_1192' title='bbox 1585 3552 1801 3584; x_wconf 86' lang='lat' dir='ltr'>declaratione</span> <span class='ocrx_word' id='word_1_1193' title='bbox 1838 3549 2072 3587; x_wconf 83' lang='lat' dir='ltr'>antecedentis,</span> <span class='ocrx_word' id='word_1_1194' title='bbox 2107 3549 2380 3582; x_wconf 86' lang='lat' dir='ltr'>considerandum</span> <span class='ocrx_word' id='word_1_1195' title='bbox 2413 3549 2505 3591; x_wconf 80' lang='lat' dir='ltr'>quod</span> 
     </span>
     <span class='ocr_line' id='line_1_152' title="bbox 1427 3594 2505 3639; baseline -0.003 -10"><span class='ocrx_word' id='word_1_1196' title='bbox 1427 3597 1692 3639; x_wconf 85' lang='lat' dir='ltr'>unumquodque</span> <span class='ocrx_word' id='word_1_1197' title='bbox 1707 3596 1796 3638; x_wconf 86' lang='lat' dir='ltr'>prius</span> <span class='ocrx_word' id='word_1_1198' title='bbox 1814 3595 1932 3627; x_wconf 90' lang='lat' dir='ltr'>dicitur</span> <span class='ocrx_word' id='word_1_1199' title='bbox 1946 3594 1988 3626; x_wconf 89' lang='lat' dir='ltr'>de</span> <span class='ocrx_word' id='word_1_1200' title='bbox 2002 3595 2060 3626; x_wconf 87' lang='lat' dir='ltr'>illo</span> <span class='ocrx_word' id='word_1_1201' title='bbox 2075 3594 2167 3636; x_wconf 90' lang='lat' dir='ltr'>quod</span> <span class='ocrx_word' id='word_1_1202' title='bbox 2182 3600 2230 3626; x_wconf 83' lang='lat' dir='ltr'>est</span> <span class='ocrx_word' id='word_1_1203' title='bbox 2244 3595 2308 3627; x_wconf 86' lang='lat' dir='ltr'>tale</span> <span class='ocrx_word' id='word_1_1204' title='bbox 2323 3604 2382 3637; x_wconf 85' lang='lat' dir='ltr'>per</span> <span class='ocrx_word' id='word_1_1205' title='bbox 2397 3603 2505 3626; x_wconf 83' lang='lat' dir='ltr'>essen-</span> 
     </span>
     <span class='ocr_line' id='line_1_153' title="bbox 1427 3639 2506 3683; baseline -0.003 -9"><span class='ocrx_word' id='word_1_1206' title='bbox 1427 3642 1505 3673; x_wconf 87' lang='lat' dir='ltr'>tiam</span> <span class='ocrx_word' id='word_1_1207' title='bbox 1529 3650 1630 3683; x_wconf 86' lang='lat' dir='ltr'>quam</span> <span class='ocrx_word' id='word_1_1208' title='bbox 1645 3641 1685 3673; x_wconf 87' lang='lat' dir='ltr'>de</span> <span class='ocrx_word' id='word_1_1209' title='bbox 1705 3649 1746 3672; x_wconf 89' lang='lat' dir='ltr'>eo</span> <span class='ocrx_word' id='word_1_1210' title='bbox 1763 3639 1855 3681; x_wconf 91' lang='lat' dir='ltr'>quod</span> <span class='ocrx_word' id='word_1_1211' title='bbox 1870 3645 1918 3671; x_wconf 88' lang='lat' dir='ltr'>est</span> <span class='ocrx_word' id='word_1_1212' title='bbox 1935 3639 1998 3671; x_wconf 85' lang='lat' dir='ltr'>tale</span> <span class='ocrx_word' id='word_1_1213' title='bbox 2021 3649 2079 3681; x_wconf 91' lang='lat' dir='ltr'>per</span> <span class='ocrx_word' id='word_1_1214' title='bbox 2102 3640 2398 3681; x_wconf 87' lang='lat' dir='ltr'>participationem:</span> <span class='ocrx_word' id='word_1_1215' title='bbox 2420 3639 2506 3671; x_wconf 84' lang='lat' dir='ltr'>sicut</span> 
     </span>
    </p>
   </div>
   <div class='ocr_carea' id='block_1_6' title="bbox 2531 2253 2665 2278">
    <p class='ocr_par' dir='ltr' id='par_1_20' title="bbox 2531 2253 2665 2278">
     <span class='ocr_line' id='line_1_154' title="bbox 2531 2253 2665 2278; baseline 0.007 -1"><span class='ocrx_word' id='word_1_1216' title='bbox 2531 2255 2542 2266; x_wconf 88' lang='grc'><em>·</em></span> <span class='ocrx_word' id='word_1_1217' title='bbox 2554 2253 2628 2278; x_wconf 70' lang='lat' dir='ltr'>Nan.</span> <span class='ocrx_word' id='word_1_1218' title='bbox 2637 2259 2665 2278; x_wconf 87' lang='grc' dir='ltr'>ιι.</span> 
     </span>
    </p>
   </div>
   <div class='ocr_carea' id='block_1_7' title="bbox 2531 3459 2747 3517">
    <p class='ocr_par' dir='ltr' id='par_1_21' title="bbox 2531 3459 2747 3517">
     <span class='ocr_line' id='line_1_155' title="bbox 2556 3459 2747 3489; baseline -0.016 -5"><span class='ocrx_word' id='word_1_1219' title='bbox 2556 3459 2747 3489; x_wconf 52' lang='lat' dir='ltr'>emnam-,w</span> 
     </span>
     <span class='ocr_line' id='line_1_156' title="bbox 2531 3492 2584 3517; baseline -0.022 0"><span class='ocrx_word' id='word_1_1220' title='bbox 2531 3492 2584 3517; x_wconf 68' lang='lat' dir='ltr'>“n-</span> 
     </span>
    </p>
   </div>
  </div>
 </body>
</html>
