2742 4152
43 1687 65 1735 ‘oz

40 1846 92 1955 ηοξ
16 1720 93 1762 ᾗ.
23 1638 26 1639 “
21 1542 66 1607 ῑεέ,

881 265 1071 305 SUMMA
1100 266 1322 305 CONTRA
1351 268 1627 316 GENTlLES,
1657 271 1769 307 CAP.
1791 272 1874 312 XX.
2426 273 2480 318 53,

276 341 448 391 potentia
462 341 625 401 infinita,
640 342 694 380 sic
713 343 912 392 probatur.
933 346 1149 394 Aequalem
1168 347 1351 384 effectum
1405 361 1480 397 pus
1499 356 1630 386 autem
1649 349 1690 386 in
1708 362 1788 398 quo
1808 358 1934 387 totum
1952 350 2148 398 movebat,
2168 350 2368 388 dicebatur
2391 364 2473 389 esse

277 406 399 444 quem
414 395 509 454 ‘faeit
530 396 703 455 potentia
726 396 856 434 minor
883 405 1059 447 ternpore
1088 399 1236 446 maiori,
1264 400 1352 437 facit
1406 401 1614 439 infinitum.
1645 404 1747 451 Ergo
1774 411 1929 452 tempus
1948 403 2103 440 finitum
2122 403 2301 441 metietur
2318 412 2475 456 tempus

277 455 449 508 potentia
486 461 613 486 maior
648 457 825 500 tempore
862 450 1019 488 minori:
1054 453 1351 503 qualiscumque
1406 454 1614 492 infinitum.
1645 456 1766 502 Quod
1794 463 1849 492 est
1876 456 2124 505 impossibile.

278 509 324 560 sit
351 502 412 538 ille
441 502 612 549 effectus,
642 502 724 540 sive
753 503 799 540 sit
826 506 1045 543 secundum
1073 506 1350 553 alterationem,
1462 508 1539 546 Sed
1567 516 1701 545 contra
1727 509 1833 545 hunc
1857 521 2083 558 processum
2109 511 2239 559 plures
2260 518 2350 547 sunt
2369 510 2474 548 obie—

277 566 359 591 srve
387 555 608 593 secundum
635 563 791 594 motum
819 559 993 603 localem,
1023 558 1103 596 sive
1132 560 1352 597 secundum
1374 573 1383 594 ς
1406 561 1564 598 ctiones.
1595 562 1777 608 Quarum
1796 573 1875 598 una
1894 570 1961 607 est,
1982 562 2073 611 quia
2091 571 2216 611 potest
2243 563 2338 612 poni
2366 564 2473 613 quod

278 619 572 658 quemcumque
587 609 707 646 alium
727 618 893 648 motum.
916 612 992 649 Sed
1012 613 1183 661 potentia
1202 613 1352 650 infinita
1407 613 1501 651 illud
1529 625 1672 662 corpus
1701 615 1808 662 quod
1837 622 1970 651 movet
1996 615 2167 664 primum
2197 624 2363 663 motum,
2391 629 2474 655 non

278 669 335 698 est
353 661 479 720 maior
497 661 607 699 omni
626 663 798 712 potentia
813 664 932 702 finita.
949 665 1052 714 Ergo
1072 674 1225 715 oportet
1243 666 1352 715 quod
1408 674 1463 703 est
1482 666 1685 704 divisibile:
1707 667 1804 704 sicut
1822 675 1925 716 patet
1943 668 1992 704 de
2006 680 2169 717 corpore
2184 669 2343 706 caelesti.
2360 671 2473 707 Prae-

278 714 319 751 in
346 714 490 752 minori
517 715 691 764 perficiat
719 717 914 765 effectum,
935 719 1108 756 velocius
1137 719 1350 764 movendo,
1407 719 1507 757 dicta
1530 727 1662 757 autem
1687 720 1864 769 probatio
1891 721 2063 769 procedit
2091 734 2137 758 ex
2165 721 2354 759 divisione
2378 723 2471 760 eius.

278 779 400 817 quam
435 767 608 817 potentia
644 782 919 821 quaecumque
951 771 1071 809 finita.
1110 773 1195 809 Nec
1226 779 1353 821 potest
1462 773 1538 811 Sed
1567 774 1616 810 ad
1645 774 1721 811 hoc
1749 773 1961 810 dicendum
1989 782 2045 810 est
2072 774 2180 822 quod
2208 774 2474 813 conditionalis

278 832 362 858 esse
380 821 490 870 quod
508 821 549 858 in
564 822 706 861 minori
726 825 835 874 quod
855 825 900 862 sit
919 833 1086 874 tempus.
1107 825 1354 874 Relinquitur
1368 841 1394 856 ιο
1407 834 1532 875 potest
1550 839 1633 863 esse
1652 838 1745 863 vera
1763 826 1874 864 cuius
1894 826 2123 864 antecedens
2147 834 2203 863 est
2226 827 2472 876 impossibile.

276 873 390 922 igitur
417 875 527 924 quod
554 876 631 914 hoc
659 877 729 915 erit
756 877 796 915 in
828 877 1049 915 indivisibili
1076 877 1274 927 temporis.
1305 879 1353 915 Et
1408 880 1456 916 Et
1475 879 1506 916 si
1525 879 1620 928 quid
1639 887 1695 917 est
1713 880 1822 929 quod
1840 880 2010 917 destruat
2024 879 2223 917 veritatem
2241 880 2324 917 talis
2344 881 2474 918 condi-

277 927 332 965 sic
353 939 514 966 movere
538 936 576 966 et
598 931 750 968 moveri
771 939 808 968 et
831 938 962 968 motus
981 938 1094 967 erunt
1117 930 1157 967 in
1185 930 1350 968 instanti.
1406 931 1566 980 tionalis,
1582 941 1637 970 est
1656 932 1911 983 impossibile:
1932 932 2040 980 sicut,
2061 933 2092 970 si
2111 932 2247 982 aliquis
2267 933 2476 971 destrueret

279 980 402 1018 Cuius
429 982 669 1021 contrarium
697 985 1008 1021 demonstratum
1035 991 1092 1020 est
1120 983 1160 1021 in
1181 985 1231 1021 VI
1250 986 1352 1034 Phy-
1407 986 1607 1023 veritatem
1622 986 1738 1024 huius
1752 986 2031 1033 conditionalis,
2051 988 2093 1024 Si
2108 987 2220 1023 homo
2239 987 2350 1032 volat,
2369 988 2476 1024 habet

243 1048 250 1056 ·
275 1036 441 1072 sicorum
460 1035 491 1072 *.
512 1057 538 1063 -
558 1036 679 1083 Quod
703 1045 835 1075 autem
858 1048 940 1074 non
967 1036 1088 1086 possit
1106 1037 1278 1086 potentia
1295 1038 1352 1075 in·
1407 1040 1499 1085 alas,
1516 1047 1614 1076 esset
1627 1039 1876 1089 impossibile.
1893 1040 1942 1076 Et
1956 1039 2174 1077 secundum
2188 1039 2355 1076 modum
2369 1041 2476 1078 hunc

276 1087 386 1126 finita
404 1089 681 1138 magnitudinis
698 1089 831 1127 finitae
850 1102 1012 1127 movere
1031 1089 1071 1127 in
1090 1098 1278 1140 tempore,
1299 1091 1353 1129 sic
1368 1108 1391 1128 ις
1408 1092 1674 1141 intelligendus
1693 1101 1748 1130 est
1766 1105 1972 1142 processus
1990 1092 2228 1142 probationis
2247 1093 2474 1142 praedictae.

276 1142 419 1180 iterum
436 1142 635 1192 probatur.
666 1143 722 1180 Sit
749 1142 922 1193 potentia
940 1143 1090 1181 infinita
1109 1156 1210 1193 quae
1231 1153 1287 1182 est
1305 1146 1350 1182 A.
1408 1146 1512 1193 Quia
1540 1147 1636 1183 haec
1664 1146 1932 1184 conditionalis
1957 1153 2012 1183 est
2031 1158 2133 1192 vera,
2163 1147 2205 1183 Si
2229 1158 2365 1195 corpus
2392 1159 2475 1184 cae·

275 1194 498 1245 Accipiatur
516 1207 606 1245 pars
625 1195 709 1233 eius
727 1208 829 1246 quae
849 1204 905 1234 est
925 1198 959 1233 A
974 1198 1017 1234 B.
1039 1198 1133 1235 Pars
1151 1197 1265 1246 igitur
1283 1198 1353 1236 ista
1407 1200 1493 1237 leste
1507 1200 1691 1246 dividitur,
1703 1213 1796 1250 pars
1810 1202 1889 1237 eius
1903 1201 1972 1236 erit
1985 1201 2142 1236 minoris
2155 1202 2344 1248 potentiae
2363 1212 2475 1249 quam

275 1248 451 1287 movebit
469 1248 509 1286 in
528 1256 706 1299 tempore
725 1249 875 1287 maiori.
894 1250 1099 1300 Oportebit
1118 1259 1249 1288 tamen
1268 1263 1352 1289 esse
1406 1259 1532 1290 totum.
1562 1253 1690 1290 Huius
1718 1261 1850 1290 autem
1877 1252 2145 1290 conditionalis
2172 1251 2311 1289 veritas
2334 1252 2476 1290 tollitur

275 1301 449 1362 aliquam
464 1302 764 1352 proportionem
783 1304 901 1341 huius
922 1304 1109 1354 temporis
1128 1305 1178 1342 ad
1196 1313 1352 1355 tempus
1407 1306 1438 1343 si
1456 1314 1624 1356 ponatur
1646 1306 1819 1356 primum
1848 1318 2013 1343 movens
2032 1318 2115 1343 esse
2143 1317 2296 1355 corpuS,
2315 1313 2474 1356 propter

236 1359 244 1361 ‘
274 1367 316 1399 m
333 1367 416 1406 quo
434 1363 570 1394 movet
587 1363 668 1394 tota
685 1357 875 1406 potentia:
905 1369 998 1395 cum
1025 1365 1236 1407 utrumque
1255 1366 1352 1396 tem·
1366 1379 1394 1394 ω
1406 1359 1657 1410 impossibilia
1676 1372 1777 1409 quae
1797 1366 2024 1408 sequuntur.
2045 1359 2157 1397 Unde
2176 1366 2279 1408 patet
2297 1359 2374 1396 hoc
2391 1371 2474 1397 esse

27 2321 248 2399 ξξέᾰῦξῗθῗς

21 2387 26 2396 .
55 2381 91 2406 ‚..

274 1421 350 1460 pus
377 1408 424 1447 sit
451 1408 620 1447 finitum.
651 1409 736 1448 Sint
754 1410 868 1459 igitur
886 1411 983 1448 haec
1010 1411 1092 1449 duo
1115 1419 1292 1461 tempora
1311 1412 1352 1449 in
1406 1413 1655 1463 impossibile.
1673 1436 1697 1439 —
1717 1414 1765 1450 Et
1783 1412 1955 1450 similiter
1972 1420 2097 1462 potest
2116 1411 2340 1461 responderi
2359 1411 2390 1449 si
2407 1412 2475 1450 fiat

275 1463 441 1513 decupla
459 1463 713 1513 proportione
733 1476 773 1501 se
794 1464 844 1501 ad
863 1463 1032 1502 invicem
1052 1464 1248 1502 habentia:
1270 1478 1351 1502 non
1406 1466 1572 1504 obiectio
1586 1467 1634 1504 de
1650 1474 1859 1515 augmento
1873 1465 2135 1514 potentiarum
2149 1464 2358 1502 finitarum.
2371 1465 2475 1512 Quia

274 1516 381 1555 enim
409 1524 604 1567 quantum
640 1517 691 1554 ad
723 1518 826 1555 hanc
857 1517 1049 1555 rationem
1080 1518 1207 1556 differt
1238 1518 1351 1556 istam
1407 1532 1487 1558 non
1501 1528 1558 1558 est
1577 1520 1750 1569 accipere
1770 1519 1810 1556 in
1829 1531 1960 1556 rerum
1980 1526 2116 1556 natura
2130 1518 2319 1567 potentias
2339 1530 2474 1556 secun-

274 1571 338 1608 vel
355 1569 472 1608 aliam
489 1570 787 1621 proportionem
805 1570 944 1609 dicere.
976 1571 1017 1609 Si
1035 1579 1168 1609 autem
1187 1572 1352 1610 addatur
1406 1574 1504 1611 dum
1523 1585 1685 1611 omnem
1713 1571 2007 1622 proportionem
2034 1583 2156 1621 quam
2184 1571 2301 1608 habet
2321 1579 2475 1621 tempus

274 1624 325 1662 ad
351 1623 567 1674 potentiam
594 1624 833 1674 praedictam
861 1623 1025 1670 finitam,
1045 1625 1211 1663 diminui
1235 1638 1351 1675 opor·
1367 1645 1389 1666 ις
1406 1627 1456 1664 ad
1474 1635 1630 1676 tempus
1649 1626 1941 1676 quodcumque.
1971 1626 2039 1662 Est
2058 1632 2189 1662 tamen
2208 1624 2475 1662 conditionalis

273 1676 367 1715 tebit
393 1677 443 1715 de
471 1684 648 1728 tempore
676 1678 896 1716 secundum
925 1678 1220 1728 proportionem
1243 1679 1350 1717 addi·
1406 1693 1510 1726 vera,
1540 1692 1619 1729 qua
1646 1680 1686 1717 in
1714 1678 1908 1729 praedicta
1935 1677 2164 1728 probatione
2192 1677 2394 1726 indigetur.

273 1730 388 1769 tionis
416 1731 466 1769 ad
494 1731 724 1781 potentiam:
755 1743 848 1769 cum
871 1732 998 1770 maior
1015 1732 1188 1782 potentia
1211 1732 1251 1770 in
1279 1733 1351 1770 mi·
1460 1733 1642 1772 Secunda
1660 1732 1825 1770 obiectio
1845 1740 1901 1770 est
1919 1732 2023 1781 quia,
2040 1731 2109 1768 etsi
2122 1743 2265 1781 corpus
2279 1731 2474 1779 dividitur,

273 1784 362 1823 nori
378 1791 556 1834 tempore
576 1793 745 1823 moveat.
767 1785 808 1824 Si
826 1797 918 1834 ergo
938 1786 1104 1824 addatur
1125 1786 1349 1836 decuplum,
1405 1787 1534 1837 aliqua
1561 1786 1683 1824 virtus
1710 1793 1835 1836 potest
1867 1797 1951 1822 esse
1983 1784 2144 1822 alicuius
2175 1784 2347 1834 corporis
2374 1797 2475 1834 quae

273 1837 337 1876 illa
353 1837 526 1888 potentia
544 1839 719 1877 movebit
732 1838 773 1876 in
787 1847 964 1889 tempore
983 1840 1092 1889 quod
1111 1839 1181 1877 erit
1199 1839 1348 1878 decima
1405 1853 1486 1878 non
1514 1839 1700 1878 dividitur
1727 1839 1851 1877 diviso
1880 1850 2062 1888 corpore:
2092 1837 2190 1875 sicut
2214 1838 2345 1876 anima
2362 1837 2474 1875 ratio-

273 1903 364 1942 pars
381 1891 568 1942 temporis
583 1892 623 1929 in
637 1904 719 1942 quo
739 1893 925 1930 movebat
942 1893 1069 1942 prima
1083 1905 1172 1943 pars
1193 1891 1350 1943 accepta
1366 1910 1392 1931 ιο
1405 1893 1500 1932 nalis
1528 1905 1610 1931 non
1637 1892 1821 1931 dividitur
1847 1891 1973 1929 diviso
2001 1903 2177 1940 corpore.

273 1944 446 1984 infinitae
481 1945 688 1995 potentiae,
717 1945 859 1983 scilicet
885 1947 921 1982 A
940 1947 983 1983 B.
1013 1947 1063 1984 Et
1090 1954 1220 1984 tamen
1253 1947 1350 1984 haec
1458 1948 1508 1985 Et
1530 1947 1580 1984 ad
1603 1948 1680 1984 hoc
1704 1954 1760 1983 est
1784 1945 1993 1983 dicendum
2015 1944 2123 1994 quod
2150 1957 2221 1994 per
2246 1956 2474 1994 processum

272 1998 457 2049 potentia,
485 2011 587 2049 quae
625 2006 682 2036 est
715 1999 928 2049 decuplum
964 1999 1059 2046 eius,
1088 2007 1144 2037 est
1179 2000 1350 2050 potentia
1404 2000 1646 2050 praedictum
1665 2012 1746 2036 non
1764 1998 1953 2048 probatur
1968 1998 2076 2047 quod
2096 2009 2178 2034 non
2191 1998 2238 2035 sit
2256 1999 2364 2035 Deus
2381 2009 2473 2035 con-

273 2052 398 2095 finita:
427 2064 521 2090 cum
549 2052 689 2090 habeat
725 2052 1022 2103 proportionem
1053 2053 1349 2091 determinatam
1404 2054 1558 2092 iunctus
1577 2052 1731 2103 corpori
1749 2052 1847 2089 sicut
1865 2051 1996 2089 anima
2015 2050 2208 2088 rationalis
2227 2050 2381 2101 corpori
2400 2052 2472 2088 hu-

273 2106 324 2144 ad
348 2105 564 2156 potentiam
589 2105 752 2144 finitam.
783 2106 1029 2156 Relinquitur
1050 2106 1163 2156 igitur
1181 2107 1290 2156 quod
1309 2106 1349 2144 in
1404 2119 1539 2145 mano:
1565 2106 1633 2144 sed
1657 2106 1765 2156 quod
1794 2118 1874 2143 non
1903 2113 1959 2142 est
1977 2104 2098 2142 virtus
2126 2104 2166 2141 in
2194 2116 2357 2154 corpore
2376 2104 2474 2141 sicut

273 2159 426 2209 aequali
453 2167 630 2209 tempore
654 2167 788 2197 movet
810 2159 982 2210 potentia
1002 2159 1112 2198 finita
1130 2168 1167 2197 et
1186 2159 1346 2198 infinita.
1365 2177 1388 2197 ³5
1404 2161 1525 2198 virtus
1558 2158 1778 2205 materialis,
1812 2171 1913 2208 quae
1946 2157 2130 2195 dividitur
2161 2158 2210 2195 ad
2242 2157 2473 2195 divisionem

274 2213 396 2260 Quod
415 2220 472 2250 est
490 2213 741 2263 impossibile.
767 2214 860 2250 Non
879 2213 992 2262 igitur
1010 2214 1182 2263 potentia
1200 2213 1350 2251 infinita
1403 2213 1588 2263 corporis.
1604 2212 1718 2251 Unde
1737 2212 1852 2249 etiam
1872 2211 2010 2248 dicitur
2027 2211 2076 2248 de
2090 2211 2282 2248 intellectu
2297 2212 2473 2248 humano

274 2266 550 2316 magnitudinis
577 2266 710 2304 finitae
742 2274 868 2317 potest
904 2279 1066 2304 movere
1099 2267 1138 2304 in
1172 2275 1349 2316 tempore
1404 2267 1512 2317 quod
1541 2278 1621 2304 non
1650 2274 1705 2303 est
1733 2277 1875 2314 corpus
1903 2277 2032 2314 neque
2060 2263 2181 2301 virtus
2204 2265 2244 2301 in
2263 2276 2426 2314 corpore
2440 2264 2471 2301 ³¹².
2501 2262 2714 2316 }.‘³J;.⁵,¹¹5{‡,'.¹²}1'n¹.¹’

274 2320 418 2370 aliquo.
447 2318 479 2373 †
1405 2321 1526 2368 Quod
1554 2327 1685 2357 autem
1714 2319 1832 2364 Deus,
1853 2330 1934 2355 non
1963 2317 2008 2354 sit
2036 2317 2167 2354 unitus
2195 2317 2349 2367 corpori
2377 2317 2474 2354 sicut

286 2397 289 2401 ·
329 2374 452 2422 Quod
480 2381 613 2412 autem
641 2373 813 2423 potentia
840 2373 957 2424 primi
985 2374 1147 2411 motoris
1180 2373 1226 2411 sit
1263 2373 1349 2411 infi-
1404 2373 1546 2420 anima,
1576 2372 1730 2410 alterius
1759 2371 1915 2409 rationis
1944 2379 1999 2408 est
2012 2370 2044 2408 ²¹⁸.

274 2427 364 2475 nita,
398 2427 452 2465 sic
488 2428 687 2477 probatur.
725 2428 843 2465 Nulla
874 2428 1047 2478 potentia
1083 2427 1192 2464 finita
1224 2435 1391 2477 potestw
1458 2426 1590 2464 Tertia
1621 2425 1787 2463 obiectio
1816 2433 1871 2462 est
1899 2424 2001 2474 quia,
2022 2424 2053 2461 si
2080 2423 2282 2462 cuiuslibet
2301 2423 2473 2473 corporis

273 2493 435 2520 movere
454 2489 631 2531 tempore
650 2480 815 2518 infinito.
843 2481 921 2519 Sed
939 2481 1112 2530 potentia
1129 2480 1245 2530 primi
1264 2493 1349 2519 mo·
1405 2489 1461 2518 est
1478 2479 1650 2530 potentia
1667 2479 1788 2525 finita,
1809 2486 1851 2516 ut
1869 2478 1909 2515 in
1928 2478 2124 2527 praedicto
2144 2489 2328 2526 processu
2347 2485 2473 2514 osten-

272 2535 366 2574 toris
394 2543 528 2573 movet
547 2535 783 2585 intempore
808 2534 977 2572 infinito:
1003 2534 1096 2584 quia
1122 2542 1254 2573 motus
1272 2534 1348 2584 pri·
1405 2534 1525 2580 ditur;
1554 2545 1625 2583 per
1652 2531 1866 2582 potentiam
1894 2539 2025 2569 autern
2052 2531 2203 2568 finitam
2236 2543 2317 2568 non
2349 2539 2481 2580 potest-

272 2601 362 2632 mus
390 2597 447 2627 est
474 2588 745 2639 sempiternus.
780 2589 884 2638 Ergo
917 2588 1088 2638 potentia
1120 2588 1236 2637 primi
1264 2600 1349 2625 mo·
1404 2587 1550 2637 aliquid
1577 2587 1718 2624 durare
1745 2593 1921 2634 tempore
1954 2584 2120 2621 infinito:
2155 2592 2338 2633 sequetur
2365 2585 2472 2634 quod

271 2642 365 2680 toris
383 2650 438 2680 est
462 2642 623 2680 infinita.
644 2665 669 2669 -
690 2642 821 2680 Prima
848 2642 902 2680 sic
929 2642 1128 2691 probatur.
1160 2641 1200 2679 Si
1220 2641 1349 2691 aliqua
1404 2642 1556 2678 nullum
1576 2652 1718 2689 corpus
1736 2638 1856 2688 possit
1875 2638 2014 2675 durare
2033 2645 2209 2686 tempore
2232 2637 2394 2674 infinito.
2425 2639 2473 2675 Et

271 2696 444 2746 potentia
476 2695 586 2734 finita
613 2695 776 2733 alicuius
809 2695 983 2745 corporis
1011 2702 1145 2733 movet
1171 2702 1348 2744 tempore
1362 2708 1387 2729 45
1404 2694 1457 2731 sic
1475 2705 1618 2742 corpus
1637 2693 1798 2729 caeleste
1818 2692 1866 2729 de
1886 2690 2107 2728 necessitate
2127 2698 2407 2740 corrumpetur.
2464 2715 2467 2718 ι

272 2749 436 2798 infinito,
466 2762 556 2800 pars
584 2749 683 2786 illius
711 2748 898 2798 corporis,
923 2749 1072 2786 habens
1100 2756 1250 2798 partem
1277 2760 1347 2797 po·
1457 2747 1518 2784 Ad
1537 2747 1614 2783 hoc
1641 2753 1772 2783 autem
1790 2757 1814 2782 a
1833 2744 2069 2794 quibusdam
2088 2744 2343 2793 respondetur
2364 2744 2471 2793 quod

270 2803 424 2850 tentiae,
445 2802 621 2841 movebit
638 2802 679 2839 in
697 2809 874 2852 tempore
894 2802 1053 2839 minori:
1083 2801 1175 2851 quia
1200 2808 1347 2850 quanto
1403 2812 1545 2850 corpus
1564 2800 1724 2837 caeleste
1745 2798 1963 2836 secundum
1981 2797 2194 2847 potentiam
2217 2810 2329 2834 suam
2347 2805 2472 2847 potest

271 2857 418 2907 aliquid
455 2864 512 2895 est
548 2855 706 2893 maioris
743 2855 954 2905 potentiae,
989 2863 1095 2892 tanto
1132 2854 1173 2892 in
1209 2854 1348 2891 maiori
1403 2853 1588 2898 deficere,
1626 2853 1695 2890 sed
1731 2851 2026 2902 perpetuitatem
2062 2850 2275 2888 durationis
2311 2850 2472 2900 acquirit

271 2918 448 2961 tempore
477 2917 632 2947 motum
660 2908 887 2946 continuare
922 2908 1079 2957 poterin
1110 2915 1146 2945 et
1178 2907 1231 2944 sic
1258 2919 1348 2957 pars
1403 2907 1453 2944 ab
1479 2906 1554 2944 alio
1580 2906 1688 2955 quod
1708 2913 1764 2943 est
1781 2904 1975 2955 potentiae
2003 2903 2186 2942 infinitae.
2216 2905 2264 2941 Et
2292 2904 2383 2941 huic
2410 2916 2470 2941 so-

272 2963 469 3013 praedicta
496 2962 670 3000 movebit
703 2970 880 3011 tempore
908 2961 1032 3008 finito,
1062 2961 1189 2998 maior
1215 2968 1348 2998 autem
1363 2959 1540 2997 solutioni
1562 2959 1717 2997 videtur
1737 2958 1900 2996 attestari
1929 2959 2049 3003 Plato,
2073 2957 2140 3007 qui
2168 2958 2217 2994 de
2244 2956 2472 3006 corporibus

272 3029 362 3067 pars
390 3016 431 3054 in
459 3015 599 3054 maiori
625 3023 803 3065 tempore
831 3027 992 3052 movere
1028 3014 1178 3064 poterit.
1218 3014 1266 3051 Et
1294 3014 1348 3051 sic
1403 3012 1630 3051 caelestibus
1649 3013 1780 3056 Deum
1799 3013 2025 3061 loquentem
2043 3010 2190 3048 inducit
2207 3010 2247 3048 in
2262 3011 2368 3047 hunc
2386 3023 2471 3048 1110-

273 3082 439 3120 semper,
469 3069 688 3106 secundum
721 3068 830 3118 quod
862 3068 1026 3105 addetur
1057 3068 1107 3104 ad
1134 3067 1349 3117 potentiam
1404 3067 1516 3104 dum:
1554 3067 1705 3104 Natura
1742 3071 1864 3103 vestra
1900 3067 1982 3102 estis
2018 3065 2254 3109 dissolubilia,
2287 3065 2472 3101 voluntate

273 3123 448 3170 motoris,
477 3123 642 3160 addetur
673 3122 723 3159 ad
750 3129 906 3170 tempus
934 3121 1153 3158 secundum
1181 3121 1348 3158 eandem
1404 3126 1527 3158 autem
1547 3132 1632 3157 mea
1651 3119 1933 3157 indissolubilia:
1954 3119 2040 3167 quia
2059 3118 2228 3155 voluntas
2246 3130 2336 3154 meav
2349 3119 2472 3154 maior

273 3177 581 3227 proportionem.
617 3176 695 3213 Sed
730 3174 875 3212 additio
903 3173 1106 3224 aliquoties
1134 3174 1230 3211 facta
1263 3186 1348 3223 per·
1404 3180 1455 3211 est
1483 3186 1583 3211 nexu
1611 3179 1732 3211 vestro
1750 3172 1781 3208 *.
2276 3181 2278 3183 ’
2499 3169 2711 3223 ἶεῖῗἨῗέἕῖᾗῗὲΐίῖ

274 3230 404 3268 veniet
431 3230 481 3268 ad
509 3229 763 3279 quantitatem
791 3228 918 3275 totius,
943 3229 1006 3265 vel
1034 3227 1149 3264 etiam
1179 3227 1348 3264 excedet.
1365 3243 1388 3263 ⁵5
1458 3227 1571 3264 Hanc
1598 3233 1729 3263 autem
1762 3225 1994 3262 solutionem
2032 3222 2226 3272 improbat
2261 3223 2471 3260 Commen-

275 3285 379 3333 Ergo
407 3291 445 3321 et
472 3282 616 3321 additio
645 3295 692 3320 ex
724 3290 831 3331 parte
859 3280 1046 3331 temporis
1073 3280 1272 3330 perveniet
1300 3281 1348 3318 ad
1404 3288 1514 3325 tator,
1544 3279 1583 3316 in
1612 3280 1663 3316 XI
1681 3280 1850 3328 Aletaph.
1875 3278 1895 3299 '¹‘
1922 3278 2027 3315 Nam
2055 3275 2290 3326 impossibile
2319 3283 2385 3323 est,
2399 3299 2401 3301 -
2415 3288 2472 3313 se·
2499 3275 2715 3329 ξοχῇξοξξζιξξξ-

2501 2370 2510 2379 ·
2525 2369 2561 2390 Cf.
2577 2374 2628 2397 cap.
2642 2375 2713 2390 xxvu.

223 3383 226 3385 ‚
249 3375 253 3380 ,
276 3337 530 3388 quantitatem
549 3335 735 3386 temporis
754 3347 794 3372 111
813 3347 894 3384 quo
914 3342 1047 3371 movet
1065 3341 1203 3371 totum.
1230 3334 1349 3371 Tem·
1405 3333 1582 3371 cundum
1609 3345 1713 3379 eum,
1735 3332 1842 3381 quod
1869 3331 1908 3368 id
1928 3330 2036 3380 quod
2063 3338 2119 3367 est
2146 3329 2194 3367 de
2223 3341 2263 3366 se
2291 3328 2472 3378 possibile

331 3479 348 3505 8
367 3478 470 3513 minori]
491 3479 585 3504 minori
602 3483 723 3511 ternpore
742 3477 823 3507 sYPc,
843 3484 907 3502 casu
926 3483 986 3501 cum
1006 3476 1056 3508 pA.
1166 3481 1199 3498 10
1218 3474 1290 3506 quod
1309 3474 1343 3498 sit
1360 3472 1475 3506 tempus]
1496 3480 1576 3506 quam
1594 3472 1628 3497 sit
1645 3477 1750 3504 tempus
1770 3471 1895 3501 DNWsZ‚
1911 3478 1991 3503 quam
2010 3469 2043 3494 sit
2061 3469 2090 3499 Z,
2109 3469 2223 3501 quodam
2242 3469 2276 3493 sit
2293 3474 2412 3502 tempore
2432 3470 2474 3496 Pe.

278 3514 312 3541 16
330 3515 426 3543 iterum
446 3516 467 3539 Α
487 3515 572 3545 solun
592 3521 644 3539 om.
753 3518 787 3537 sit
804 3520 840 3537 an
860 3512 882 3537 si
901 3512 927 3536 in
947 3511 1043 3536 habeat
1062 3511 1084 3534 Α
1104 3510 1179 3535 nobis
1198 3516 1249 3534 non
1270 3509 1360 3541 liquet.
1470 3515 1499 3534 21
1522 3507 1586 3541 Sint]
1607 3508 1673 3532 Sunt
1692 3507 1765 3532 aEY.
1875 3505 1905 3530 25
1926 3506 2083 3538 praedictam
2103 3507 2166 3536 post
2189 3503 2287 3529 finitam
2307 3504 2394 3536 aDPc,
2412 3509 2476 3541 ante

277 3551 421 3584 potentiam
440 3550 493 3575 NZ.
592 3542 630 3582 27v
643 3547 796 3582 potentiam]
817 3547 914 3572 finitam
933 3547 1041 3572 addunt
1059 3546 1132 3571 NPd.
1227 3544 1296 3578 cum]
1317 3553 1348 3569 ex
1367 3552 1420 3577 quo
1435 3545 1485 3577 pA.
1584 3543 1616 3568 28
1636 3541 1748 3576 moveat]
1769 3546 1858 3566 movet
1871 3542 1902 3571 Α;
1921 3548 1985 3566 casu
2003 3548 2054 3565 non
2076 3542 2218 3565 mutatum.
2310 3539 2341 3564 32
2362 3541 2476 3573 potentia

277 3587 325 3612 alt.
345 3586 412 3619 loco]
432 3594 480 3618 pro
499 3586 614 3619 potentia
633 3593 658 3615 α,
678 3584 813 3617 proportio
832 3584 876 3609 Pc.
987 3581 1017 3607 35
1038 3581 1139 3614 aequali
1158 3581 1180 3605 A
1199 3581 1284 3611 solus;
1305 3581 1408 3605 eodem.
1518 3578 1551 3604 38
1570 3579 1659 3611 aliquo
1678 3579 1755 3603 Finis
1765 3577 1920 3610 fragmenti
1934 3576 2028 3608 primi.
2170 3610 2176 3616 .
2422 3604 2425 3606 μ

331 3630 350 3654 4
367 3622 420 3647 Sed
438 3627 536 3647 contra.
556 3621 609 3646 Hic
628 3620 743 3645 GWch
761 3622 788 3644 et
806 3619 936 3644 editiones
960 3621 1098 3650 sequentes
1117 3623 1198 3648 usque
1216 3617 1254 3641 ad
1272 3624 1373 3641 annum
1389 3614 1459 3640 1521
1475 3615 1545 3640 εισι-Ι.
1561 3622 1658 3639 novum
1677 3614 1824 3646 capitulum
1844 3612 1983 3644 incipiunt.
2103 3618 2136 3644 ²9
2155 3616 2269 3643 sicut...
2287 3618 2396 3644 corpore
2414 3611 2478 3642 hom

278 3665 322 3683 om
341 3657 503 3682 GNWXYZ.
612 3664 647 3688 4⁰
667 3656 727 3688 quia
746 3655 768 3680 si
788 3655 831 3680 Ita
849 3654 967 3685 GNWZ;
986 3653 1047 3687 quia
1065 3653 1119 3683 ΒΧ,
1139 3652 1211 3685 quod
1230 3651 1306 3682 CFH,
1326 3651 1398 3684 quod
1418 3652 1440 3676 si
1458 3651 1591 3675 DEYch.
2396 3650 2399 3652 '
