2768 4134
23 1037 38 1049 ⁶
51 1036 110 1066 Cup.
121 1041 186 1059 xxix.

849 288 1037 325 SUMMA
1067 289 1289 329 CONTRA
1318 293 1592 343 GENTILES,
1624 296 1734 334 CAP.
1756 298 1891 335 XXXI.

669 418 1158 476 CAPITULUM
1197 423 1720 482 TRIGESIMUM
1756 429 2081 485 PRIMUM

1269 522 1342 562 A7

1379 532 1468 554 a2l.

345 591 521 654 QUOD
556 591 773 632 DIVINA
805 591 1148 633 PERFECTIO
1185 593 1264 633 ET
1297 594 1684 638 PLURALITAS
1718 598 2007 641 NOMINUM
2041 602 2388 645 DIVINORUM

738 662 996 704 DIVINAE
1029 662 1435 706 SIMPLICITATI
1469 666 1598 707 NON
1633 668 2008 711 REPUGNANT

408 804 413 812 ,
453 802 462 818 N
480 781 504 806 x
522 767 727 819 praedictis
746 767 863 805 etiam
882 767 1006 806 videri
1024 775 1151 818 potest
1165 768 1273 818 quod
1291 768 1346 806 di-

293 842 303 850 »
374 824 396 837 ‘³
415 820 466 872 ᾗ]
493 821 587 859 vina
606 821 788 872 perfectio
809 829 845 859 et
864 822 977 872 plura
995 820 1159 859 nomina
1178 821 1279 859 dicta
1298 822 1346 859 de

306 911 311 919 ,
350 880 379 919 ss
395 871 466 926 '³⁴⁹1'
495 875 580 913 Deo
609 875 731 926 ipsius
754 874 985 925 simplicitati
1008 887 1090 912 non
1116 884 1344 924 repugnant.

550 929 614 967 Sic
627 929 735 966 enim
749 941 888 966 omnes
906 928 1160 978 perfectiones
1175 928 1215 965 in
1230 929 1346 966 rebus

269 982 350 1020 aliis
377 981 554 1020 inventas
573 983 660 1020 Deo
687 982 842 1020 attribui
867 981 1038 1019 diximus
1064 981 1162 1019 sicut
1187 982 1347 1020 effectus
1369 998 1378 1017 ς

268 1035 309 1073 in
337 1035 417 1073 suis
439 1036 565 1074 causis
585 1035 809 1086 aequivocis
829 1034 1122 1073 inveniuntur*.
1153 1035 1233 1083 Qui
1262 1035 1346 1086 qui-

268 1089 359 1128 dem
390 1090 550 1128 effectus
570 1089 610 1127 in
630 1089 709 1127 suis
737 1088 863 1127 causis
891 1096 982 1126 sunt
1008 1088 1160 1136 virtute,
1181 1096 1224 1126 ut
1242 1091 1348 1127 calor

268 1143 309 1180 in
337 1144 430 1181 sole.
460 1142 591 1181 Virtus
619 1151 752 1181 autem
781 1141 1009 1180 huiusmodi
1037 1141 1110 1180 nisi
1134 1141 1348 1192 aliqualiter

268 1205 369 1235 esset
396 1196 446 1234 de
473 1208 614 1246 genere
642 1195 792 1242 caloris,
822 1197 880 1234 sol
907 1208 979 1246 per
1005 1208 1094 1234 eam
1123 1207 1240 1244 agens
1265 1209 1347 1234 non

268 1249 341 1288 sibi
369 1249 493 1287 simile
521 1257 732 1299 generaret.
768 1250 827 1287 Ex
862 1250 936 1287 hac
971 1249 1085 1298 igitur
1120 1249 1261 1287 virtute
1289 1251 1347 1287 sol

194 1357 198 1361 ⁸
250 1302 428 1353 “ca-lidus,
452 1302 604 1351 dicitur,
634 1315 716 1341 non
751 1304 881 1341 solum
915 1302 1007 1353 quia
1043 1304 1215 1341 calorem
1247 1303 1345 1351 facit,

267 1350 337 1395 s'ed
365 1356 458 1407 quia
485 1355 608 1395 virtus
635 1369 706 1407 per
733 1369 855 1407 quam
883 1357 961 1394 hoc
987 1356 1086 1404 facit,
1116 1364 1173 1394 est
1201 1356 1347 1407 aliquid

267 1410 470 1448 conforme
489 1410 618 1448 calori.
642 1411 718 1448 Per
736 1409 904 1448 eandem
923 1417 1055 1448 autem
1075 1409 1259 1448 virtutem
1277 1423 1347 1461 per

267 1476 390 1514 quam
418 1465 478 1502 sol
504 1463 591 1502 facit
610 1465 794 1510 calorem,
813 1463 901 1502 facit
919 1472 957 1501 et
975 1465 1121 1502 multos
1139 1463 1235 1502 alios
1255 1465 1346 1502 effe-

267 1525 352 1555 ctus
370 1517 411 1555 in
430 1516 675 1555 inferioribus
697 1516 941 1567 corporibus,
965 1525 1101 1568 utpote
1124 1517 1344 1556 siccitatem.

267 1571 318 1609 Et
336 1570 391 1609 sic
415 1571 523 1609 calor
547 1578 584 1608 et
611 1570 770 1617 siccitas,
792 1583 894 1621 quae
922 1570 963 1608 in
991 1571 1078 1621 igne
1107 1579 1198 1609 sunt
1225 1571 1347 1621 quali-

266 1631 362 1663 tates
389 1624 578 1673 diversae,
598 1624 670 1662 soli
689 1623 952 1662 attribuuntur
978 1637 1050 1675 per
1077 1637 1200 1663 unam
1228 1624 1346 1663 virtu-

266 1685 359 1716 tem.
388 1678 443 1716 Ita
461 1686 499 1716 et
517 1677 700 1716 omnium
718 1677 986 1728 perfectiones,
1007 1690 1109 1728 quae
1129 1678 1246 1716 rebus
1265 1677 1347 1717 aliis

267 1731 488 1770 secundum
516 1731 689 1770 diversas
715 1732 862 1770 formas
893 1731 1144 1779 conveniunt,
1174 1733 1260 1770 Deo
1288 1744 1346 1770 se-

266 1785 444 1823 cundum
462 1797 587 1823 unam
605 1785 690 1823 eius
712 1784 897 1823 virtutem
920 1785 1075 1823 attribui
1096 1793 1153 1823 est
1175 1797 1344 1824 necesse.

267 1839 381 1887 Quae
409 1838 503 1876 item
530 1838 652 1877 virtus
685 1851 766 1877 non
795 1846 852 1876 est
880 1838 986 1877 aliud
1014 1851 1037 1876 a
1065 1851 1137 1877 sua
1165 1839 1344 1877 essentia:

266 1902 360 1938 cum
385 1891 422 1930 ei
444 1891 540 1930 nihil
567 1891 741 1930 accidere
769 1891 902 1943 possit,
932 1900 976 1930 ut
1003 1892 1214 1943 probatum
1238 1900 1295 1930 est
1312 1893 1344 1930 *.

266 1944 331 1984 Sic
349 1945 464 1996 igitur
487 1947 636 1996 sapiens
659 1946 768 1983 Deus
794 1945 934 1984 dicitur
958 1958 1040 1983 non
1059 1947 1189 1983 solum
1208 1958 1346 1984 secun-

264 1999 364 2038 dum
385 1999 463 2037 hoc
481 1999 591 2049 quod
610 1998 840 2049 sapientiam
856 1999 984 2044 efficit,
1000 1999 1068 2036 sed
1088 1998 1192 2049 quia,
1208 2011 1345 2037 secun-

264 2051 364 2090 dum
391 2052 502 2103 quod
529 2051 722 2102 sapientes
755 2064 905 2098 sumuS,
934 2051 1118 2090 virtutem
1146 2052 1241 2100 eius,
1267 2065 1346 2102 qua

264 2105 457 2156 sapientes
484 2117 557 2144 nos
581 2106 679 2153 facit,
704 2105 948 2156 aliquatenus
976 2105 1185 2144 imitamur.
1206 2128 1232 2133 —
1251 2107 1345 2143 Non

264 2167 395 2198 autem
425 2159 567 2198 dicitur
593 2161 700 2210 lapis,
725 2159 907 2209 quamvis
927 2158 1074 2209 lapides
1092 2159 1233 2205 fecerit,
1254 2159 1346 2210 quia

263 2212 304 2251 in
323 2212 486 2251 nornine
505 2212 643 2263 lapidis
664 2212 884 2262 intelligitur
904 2213 1049 2251 modus
1069 2212 1346 2251 determinatus

315 2334 334 2361 9
352 2327 394 2352 sol
413 2334 461 2360 per
478 2334 538 2352 eam
556 2334 638 2359 agens
658 2327 791 2359 DZpNsY,
805 2334 848 2352 om
867 2327 979 2360 WpGY,
995 2327 1036 2352 sol
1055 2334 1103 2360 per
1120 2334 1182 2352 eum
1201 2334 1282 2359 agens
1299 2327 1391 2352 ceteri.

1089 2369 1119 2388 αι
1142 2363 1205 2388 item
1224 2362 1347 2392 BWst;

262 2362 454 2395 DENZstPc)
474 2362 562 2395 igitur.
636 2369 666 2388 ιι
690 2370 742 2388 non
761 2363 784 2388 Α
802 2363 887 2393 solun
907 2369 934 2388 et
952 2370 1014 2389 non.

265 2397 298 2424 28
317 2398 505 2424 determinatus
519 2401 585 2431 post
603 2398 708 2424 essendi
727 2398 813 2424 αΕΡε.

318 2441 351 2460 ιο
369 2433 432 2468 uno]
453 2434 534 2459 modo
552 2434 656 2460 EGYZ.
749 2441 781 2459 ιι
802 2433 889 2468 etiam]
910 2439 998 2459 autem
1017 2433 1101 2459 αΕΡσ.

261 2470 319 2495 illus
333 2469 366 2500 G,
385 2469 443 2503 ipsa
462 2470 522 2495 ch.

262 2506 320 2532 Deo
338 2506 416 2532 dandi
428 2507 452 2530 Α
463 2505 550 2537 solus;
569 2506 712 2532 necessitas
731 2506 845 2539 plurium
865 2505 1001 2531 nominum
1021 2506 1054 2531 de
1073 2505 1129 2530 Deo
1147 2505 1276 2531 dictorum
1295 2506 1450 2539 (necessitas
1464 2509 1530 2538 post
1547 2506 1685 2531 nominum
1703 2505 1767 2538 NZ).

614 2468 647 2495 16
666 2470 749 2495 immo
767 2470 852 2495 multo
864 2469 1004 2504 minorem}
1024 2469 1108 2495 mutto
1127 2469 1257 2495 minorem
1270 2469 1388 2501 b,immo
1407 2470 1490 2495 multo
1508 2470 1634 2495 maiorem
1644 2473 1708 2502 post
1720 2474 1918 2503 consequuntur
1938 2470 1966 2495 Ρ.

1401 770 1564 818 essendi,
1581 771 1799 809 secundum
1814 785 1934 822 quem
1948 774 2043 824 lapis
2057 787 2079 812 a
2089 776 2174 812 Deo
2186 776 2425 825 distinguitur
2433 779 2463 816 ²⁸.

1401 823 1574 861 Imitatur
1596 832 1724 862 autem
1749 825 1845 875 lapis
1864 827 1993 864 Deum
2014 835 2055 865 ut
2074 840 2232 866 causam
2251 831 2466 868 secundum

1401 888 1495 922 esse,
1509 878 1727 916 secundum
1741 878 1966 926 bonitatem,
1982 888 2018 917 et
2031 881 2104 918 alia
2118 881 2355 930 huiusmodi,
2371 884 2467 921 sicut

1401 937 1438 967 et
1466 930 1561 967 aliae
1589 940 1797 969 creaturae.

1454 983 1582 1021 Huius
1606 993 1737 1022 autern
1761 985 1882 1023 simile
1906 986 2070 1024 inveniri
2089 995 2213 1037 potest
2232 988 2271 1025 in
2290 989 2468 1038 potentiis

1401 1037 1668 1085 cognoscitivis
1688 1046 1724 1075 et
1743 1038 1782 1076 in
1806 1038 2011 1077 virtutibus
2039 1040 2245 1091 operativis
2273 1042 2465 1080 humanis.

1401 1091 1614 1128 Intellectus
1649 1091 1754 1129 enirn
1788 1092 1903 1130 unica
1935 1093 2074 1131 virtute
2109 1095 2304 1143 cognoscit
2336 1095 2468 1134 omnia

1400 1156 1502 1193 quae
1522 1157 1609 1194 pars
1629 1144 1808 1183 sensitiva
1827 1145 1986 1184 diversis
2005 1147 2183 1196 potentiis
2202 1149 2466 1198 apprehendit,

1401 1205 1438 1234 et
1475 1197 1591 1235 etiam
1629 1198 1701 1236 alia
1738 1200 1870 1236 multa.
1908 1201 2122 1238 Intellectus
2159 1201 2286 1247 etiam,
2321 1211 2466 1251 quanto

1363 1270 1388 1285 ιο
1400 1250 1513 1288 fuerit
1540 1251 1660 1299 altior,
1689 1259 1794 1289 tanto
1823 1252 1953 1302 aliquo
1981 1266 2062 1291 uno
2091 1255 2203 1304 plura
2236 1266 2466 1303 cognoscere

1401 1312 1536 1354 potest,
1565 1305 1615 1342 ad
1643 1317 1743 1355 quae
1771 1307 2040 1354 cognoscenda
2072 1307 2282 1345 intellectus
2314 1308 2468 1347 inferior

1401 1370 1483 1396 non
1501 1357 1677 1408 pertingit
1695 1358 1767 1396 nisi
1786 1371 1855 1409 per
1874 1361 2005 1397 multa.
2036 1361 2206 1398 Potestas
2225 1361 2340 1399 etiam
2366 1362 2466 1411 regia

1401 1411 1450 1449 ad
1479 1411 1612 1449 omnia
1644 1411 1706 1449 illa
1740 1411 1956 1450 extenditur
1982 1413 2032 1450 ad
2060 1426 2160 1463 quae
2192 1414 2365 1452 diversae
2393 1416 2466 1453 sub

1401 1464 1486 1515 ipso
1506 1473 1710 1515 potestates
1730 1465 1909 1503 ordinem
1928 1466 2082 1503 habent.
2104 1467 2166 1504 Sic
2180 1467 2292 1515 igitur
2309 1476 2346 1505 et
2360 1470 2466 1506 Deus

1362 1539 1385 1559 ις
1400 1530 1472 1568 per
1489 1531 1615 1556 unum
1644 1517 1807 1568 simplex
1835 1531 1953 1556 suum
1981 1531 2064 1556 esse
2092 1520 2362 1558 omnimodam
2381 1534 2466 1572 per-

1401 1571 1607 1609 fectionem
1630 1571 1811 1621 possidet,
1832 1584 1952 1622 quam
1973 1584 2032 1609 res
2058 1572 2164 1619 aliae,
2194 1572 2315 1611 immo
2344 1577 2466 1612 multo

1401 1625 1610 1672 minorem,
1630 1637 1701 1675 per
1719 1625 1914 1674 quaedam
1933 1625 2085 1664 diversa
2103 1635 2404 1676 consequuntur.

1456 1680 1515 1716 Ex
1543 1690 1624 1728 quo
1660 1686 1764 1728 patet
1800 1678 2004 1716 necessitas
2040 1680 2152 1728 plura
2187 1680 2348 1718 nomina
2382 1681 2466 1719 Deo

1401 1732 1532 1770 dandi.
1566 1731 1671 1779 Quia
1704 1731 1810 1769 enim
1841 1744 1935 1769 eum
1972 1744 2053 1769 non
2085 1744 2295 1782 possumus
2327 1745 2468 1782 cogno-

1361 1809 1388 1824 2⁰
1401 1798 1507 1823 scere
1536 1784 1759 1823 naturaliter
1783 1785 1856 1822 nisi
1875 1797 1922 1823 ex
1941 1785 2142 1823 effectibus
2162 1786 2406 1824 deveniendo
2429 1787 2468 1824 in

1401 1839 1532 1890 ipsum
1546 1838 1578 1886 *,
1608 1846 1759 1889 oportet
1787 1838 1896 1889 quod
1919 1838 2081 1876 nomina
2104 1838 2246 1889 quibus
2271 1839 2467 1890 perfectio-

1401 1905 1494 1931 nem
1513 1892 1634 1943 ipsius
1653 1891 1925 1942 significamus,
1941 1891 2094 1930 diversa
2112 1891 2197 1940 sint,
2214 1892 2310 1930 sicut
2329 1901 2365 1930 et
2383 1906 2468 1943 per-

1399 1946 1584 1984 fectiones
1599 1945 1638 1983 in
1653 1945 1770 1983 rebus
1784 1945 2036 1984 inveniuntur
2049 1945 2234 1984 diversae.
2246 1969 2272 1973 —
2283 1946 2324 1984 Si
2338 1954 2468 1984 autem

1401 1999 1526 2049 ipsam
1546 1999 1752 2037 essentiam
1770 2007 1888 2049 prout
1906 2007 1962 2036 est
1979 2011 2186 2049 possemus
2205 1999 2409 2049 intelligere
2432 2008 2468 2038 et

1361 2074 1385 2095 ,ς
1401 2052 1436 2091 ei
1455 2064 1602 2090 nomen
1616 2052 1821 2102 proprium
1836 2052 2029 2102 adaptare,
2045 2065 2127 2090 uno
2142 2053 2303 2091 nomine
2317 2061 2464 2091 tanturn

1400 2118 1489 2144 eam
1522 2105 1840 2156 exprimeremus.
1879 2106 2000 2154 Quod
2036 2106 2272 2157 promittitur
2312 2106 2371 2144 his
2401 2107 2467 2158 qui

1401 2172 1491 2198 eum
1513 2171 1584 2210 per
1608 2159 1814 2197 essentiam
1833 2159 2034 2208 videbunt,
2055 2161 2168 2198 Zach.
2190 2161 2256 2198 ult.
2272 2160 2309 2198 *ι
2339 2163 2385 2198 In
2410 2162 2469 2199 die

1400 2213 1464 2251 illa
1484 2215 1553 2250 erit
1571 2214 1757 2251 Dominus
1776 2226 1872 2250 unus
1890 2219 1924 2250 et
1943 2226 2079 2251 nomen
2100 2216 2178 2252 eius
2197 2227 2324 2252 unum.

1485 2333 1517 2352 ιο
1536 2327 1584 2352 sibi
1600 2330 1665 2359 post
1683 2326 1769 2352 simile
1789 2327 1831 2352 Pe.
1921 2326 1970 2351 hac
1989 2327 2066 2359 igitur
2083 2326 2179 2352 virtute
2196 2328 2219 2352 A
2237 2327 2322 2358 solus;
2341 2327 2389 2352 hac
2408 2326 2468 2360 (hoc

1366 2362 1436 2387 idem
1455 2362 1575 2396 CXpFG,
1589 2363 1696 2396 quidem
1716 2362 1868 2392 DEZsGPc,
1882 2369 1925 2387 om
1939 2362 1995 2388 NY.
2071 2362 2102 2388 25
2123 2363 2194 2396 quod
2213 2363 2301 2394 wa;
2321 2363 2371 2388 hoc
2389 2364 2467 2396 quod.

1194 2440 1228 2466 ¹4
1247 2434 1306 2468 ipso
1319 2432 1426 2468 (nempe
1444 2442 1518 2468 rege;
1531 2434 1565 2468 cs.
1584 2441 1644 2467 cap.
1656 2441 1717 2465 nn,
1733 2433 1846 2467 primum
1864 2434 1987 2459 ordinans
2001 2434 2054 2467 qui,
2069 2441 2170 2467 parag.
2190 2435 2309 2468 Amplius
2327 2434 2466 2467 omniurn„

2058 2469 2090 2494 18
2109 2469 2250 2495 necessitas
2269 2471 2344 2503 plura
2363 2470 2467 2495 nomina

1861 2513 1892 2538 ²7
1913 2504 1999 2539 Zach.]
2019 2506 2068 2531 Iac.
2087 2513 2111 2530 α.

1028 2575 1366 2609 Commentario
1397 2576 1709 2609 Fert-ariensis

338 2656 453 2678 snuso
494 2646 585 2688 quod
614 2647 748 2678 nomina
783 2647 891 2688 aliqua
922 2648 1051 2679 attribui
1082 2647 1153 2679 Deo
1192 2654 1339 2689 possunt,

265 2657 480 2723 Oostendit
502 2691 639 2723 Sanetus
654 2691 800 2723 Thomas
817 2692 908 2733 quod
932 2698 964 2723 et
985 2693 1061 2723 talia
1083 2694 1218 2724 nomina
1247 2693 1341 2734 plura

262 2738 326 2768 sint
341 2738 368 2768 ⁵.
393 2735 489 2767 Circa
511 2736 575 2767 hoc
599 2741 708 2767 autem
732 2736 799 2767 duo
824 2736 912 2768 facit:
944 2737 1051 2778 primo
1082 2738 1170 2768 enim
1201 2737 1341 2769 ostendit

263 2781 354 2823 quod
371 2782 475 2823 plura
492 2781 626 2811 nomina
650 2786 682 2811 et
697 2781 877 2822 pluralitas
893 2781 1080 2813 divinarum
1098 2782 1340 2825 perfectionum

261 2826 463 2868 simplicitati
485 2826 616 2856 divinae
631 2835 697 2856 non
714 2831 918 2868 repugnant,·
940 2826 1096 2863 secundo,
1114 2826 1244 2859 deducit
1265 2836 1341 2868 pro-

287 2872 409 2903 ositum
424 2872 452 2901 ³.

262 2882 284 2913 p
318 2916 342 2947 Ι.
365 2916 512 2946 Primum
527 2914 582 2945 tali
597 2915 721 2945 ratione
745 2914 953 2946 demonstrat.
979 2915 1102 2947 Omnes
1125 2915 1340 2957 perfectiones

263 2965 481 2991 creaturarum
505 2965 580 2990 sunt
603 2959 637 2990 in
660 2959 732 2990 Deo
757 2958 938 2990 secundum
961 2970 1062 2991 unam
1086 2961 1154 2991 eius
1177 2962 1339 2992 virtutem.

262 3005 350 3046 Ergo
373 3014 435 3035 nec
457 3004 547 3045 ipsae
570 3002 797 3045 perfectioneS‚
821 3013 882 3035 nec
904 3005 1040 3036 nomina
1062 3005 1156 3046 plura
1178 3005 1247 3036 illas
1267 3015 1340 3047 per-

262 3049 420 3080 fectiones
431 3049 649 3089 importantia,
663 3047 789 3080 divinae
805 3049 1002 3089 simplicitati
1013 3055 1204 3091 repugnant.
1216 3068 1239 3072 —
1250 3050 1341 3081 Patet

262 3093 506 3134 consequentia.
531 3093 618 3132 Quia
632 3093 732 3124 virtus
751 3093 813 3124 Dei
832 3099 880 3124 est
902 3094 971 3134 ipsa
995 3094 1063 3125 eius
1087 3095 1238 3126 essentia:
1263 3104 1340 3127 cum

261 3138 342 3170 nihil
365 3139 438 3169 Deo
463 3137 607 3169 accidere
631 3138 743 3178 possit.
779 3143 787 3150 ‘

317 3182 523 3214 Antecedens
539 3192 616 3213 vero
634 3192 652 3213 a
667 3182 764 3213 simili
780 3182 961 3214 ostenditur
983 3183 1149 3224 tripliciter
1163 3185 1191 3215 *.
1215 3185 1337 3221 Primo,

261 3228 296 3259 in
318 3228 414 3259 rebus
436 3227 645 3258 naturalibus.
671 3226 875 3268 Supponitur
898 3228 986 3259 enim
1009 3237 1124 3259 omnes
1143 3238 1252 3260 rerum
1267 3239 1339 3270 per-

261 3271 420 3303 fectiones
442 3273 477 3303 in
499 3273 572 3313 ipso
597 3281 666 3303 esse
691 3272 775 3303 sicut
798 3272 930 3303 effectus
954 3278 1030 3303 sunt
1052 3274 1086 3304 in
1110 3283 1206 3304 causa
1228 3275 1339 3315 aequi-

261 3326 354 3348 voca.
378 3317 475 3348 Tunc
498 3318 554 3347 sic.
586 3316 677 3348 Sicut
704 3326 738 3347 se
768 3317 865 3348 habet
888 3318 938 3348 sol
960 3317 1001 3348 ad
1027 3318 1169 3349 calorem
1193 3323 1226 3349 et
1247 3319 1339 3350 sicci-

261 3366 361 3392 tatem
377 3371 414 3392 ac
430 3361 510 3392 alios
527 3361 659 3392 effectus
679 3362 713 3392 in
734 3362 926 3403 corporibus
949 3361 1155 3394 inferioribus
1178 3363 1338 3400 inventos,

261 3406 306 3436 ita
332 3411 364 3436 et
390 3405 480 3436 Deus
506 3405 546 3436 ad
573 3416 687 3437 omnes
714 3406 943 3447 perfectiones:
976 3407 1150 3448 utrobique
1181 3409 1268 3438 enim
1293 3413 1340 3439 est

262 3450 462 3490 comparatio
487 3459 601 3481 causae
625 3451 823 3492 aequivocae
847 3451 958 3492 aliquo
981 3451 1084 3483 modo
1101 3451 1141 3483 ad
1163 3462 1240 3483 suos
1263 3452 1339 3483 effe-

262 3500 343 3525 ctus.
361 3494 425 3525 Sed
439 3495 474 3525 in
489 3495 558 3526 sole
575 3500 623 3526 est
638 3496 726 3526 calor
742 3501 774 3527 et
789 3497 913 3527 siccitas
928 3497 1059 3534 virtute;
1082 3502 1114 3527 et
1128 3506 1186 3537 per
1202 3496 1338 3527 eandem

261 3539 414 3570 virtutem
436 3539 497 3570 soli
521 3539 748 3577 attribuuntur,
766 3542 913 3582 quamvis
936 3542 970 3572 in
994 3542 1068 3582 igne
1091 3542 1154 3572 sint
1170 3542 1338 3581 qualitates

262 3582 415 3614 diversae.
439 3583 526 3624 Ergo
551 3589 582 3615 et
609 3594 724 3615 omnes
751 3595 859 3616 rerum
884 3585 1110 3626 perfectiones,
1136 3595 1219 3626 quae
1242 3587 1338 3617 rebus

262 3627 331 3658 aliis
346 3627 528 3659 secundum
546 3628 685 3660 diversas
701 3629 821 3660 formas
843 3631 1051 3666 conveniunt,
1069 3630 1140 3660 Deo
1157 3629 1337 3661 secundum

262 3681 362 3702 unam
384 3673 536 3704 virtutem
560 3674 787 3704 attribuuntur.

1451 2647 1515 2679 Sed
1531 2648 1607 2689 quia
1623 2658 1662 2680 ex
1678 2648 1742 2679 hoc
1761 2647 1851 2689 quod
1867 2648 1982 2678 virtute
2006 2647 2211 2678 continentur
2234 2646 2364 2678 effectus
2388 2647 2463 2677 solis

1394 2693 1428 2723 in
1451 2693 1520 2724 sole
1544 2698 1575 2723 et
1598 2702 1648 2724 res
1671 2702 1786 2724 omnes
1807 2693 1840 2723 in
1863 2692 1945 2728 Deo,
1962 2697 2071 2732 posset
2093 2691 2207 2732 aliquis
2231 2690 2357 2721 credere
2372 2691 2462 2731 quod

1394 2737 1443 2768 sol
1460 2737 1619 2768 diceretur
1633 2737 1714 2775 talis,
1730 2743 1809 2778 puta
1832 2736 1962 2773 calidus,
1980 2741 2011 2767 et
2026 2736 2114 2767 Deus
2129 2736 2209 2772 talis,
2225 2739 2302 2776 puta
2325 2736 2460 2776 sapiens,

1395 2792 1432 2813 ea
1447 2782 1555 2813 solum
1571 2783 1695 2814 ratione
1717 2783 1793 2823 quia
1807 2791 1856 2812 res
1872 2780 2057 2812 huiusmodi
2081 2785 2220 2816 causant,
2243 2785 2274 2810 et
2295 2789 2362 2810 non
2385 2789 2460 2819 pro-

1394 2832 1465 2867 pter
1492 2827 1635 2868 aliquam
1667 2826 1909 2858 similitudinem
1938 2827 2019 2856 inter
2049 2835 2086 2856 ea
2118 2825 2314 2860 existentem,
2345 2823 2460 2854 falsum

1394 2872 1482 2902 hunc
1505 2881 1637 2903 sensum
1660 2877 1815 2907 removet,
1831 2871 1981 2911 inquiens
2004 2869 2094 2911 quod
2116 2879 2184 2900 non
2199 2869 2305 2900 solum
2321 2869 2396 2908 quia
2411 2868 2459 2898 sol

1395 2921 1504 2947 causat
1527 2916 1669 2948 calorem
1694 2915 1809 2947 dicitur
1831 2915 1880 2946 sol
1907 2914 2037 2951 calidus,
2062 2919 2093 2945 et
2123 2914 2210 2944 Deus
2238 2913 2361 2954 sapiens
2385 2913 2459 2952 quia

1394 2961 1584 3002 sapientiam
1613 2966 1731 2998 causat,
1755 2966 1792 2992 ut
1821 2960 1920 3000 aliqui
1942 2959 2115 2990 voluerunt
2130 2959 2160 2988 ἐ
2185 2957 2240 2988 sed
2264 2957 2339 2998 quia
2361 2957 2459 2987 virtus

1393 3015 1452 3047 per
1475 3015 1574 3047 quam
1598 3006 1647 3036 sol
1671 3005 1824 3041 calefacit,
1849 3010 1896 3035 est
1923 3002 2044 3044 aliquid
2074 3002 2240 3034 conforme
2263 3002 2375 3038 calori;
2398 3001 2459 3031 nisi

1394 3051 1482 3082 enim
1499 3056 1581 3082 esset
1600 3050 1779 3091 aliqualiter
1794 3049 1834 3080 de
1849 3058 1965 3090 genere
1985 3048 2108 3084 caloris,
2125 3047 2174 3078 sol
2189 3056 2247 3087 per
2270 3055 2340 3077 eam
2363 3055 2458 3085 agens

1393 3105 1463 3126 non
1486 3096 1545 3126 sibi
1569 3095 1672 3126 simile
1690 3098 1863 3135 generaret.
1889 3092 2039 3124 Similiter
2054 3097 2086 3122 et
2100 3091 2188 3122 Deus
2204 3090 2318 3121 dicitur
2332 3090 2457 3130 sapiens

1394 3141 1480 3181 quia,
1505 3139 1686 3171 secundum
1708 3139 1771 3170 hoc
1795 3136 1885 3179 quod
1907 3147 1967 3168 nos
1991 3137 2148 3177 sapientes
2171 3144 2291 3171 sumus
2308 3134 2456 3164 virtutem

1394 3185 1473 3221 eius,
1491 3194 1556 3225 qua
1579 3194 1640 3215 nos
1663 3184 1820 3224 sapientes
1844 3181 1927 3218 facit,
1944 3181 2143 3222 aliquatenus
2166 3179 2340 3209 imitamur:
2365 3177 2455 3213 idest,

1393 3229 1574 3260 secundum
1597 3227 1687 3269 quod
1710 3228 1792 3258 inter
1814 3226 2001 3266 sapientiam
2024 3229 2165 3255 nostram
2185 3228 2216 3252 et
2230 3223 2380 3253 virtutem
2396 3222 2456 3252 Dei

1394 3279 1441 3304 est
1464 3274 1571 3314 aliqua
1594 3271 1769 3303 similitudo
1799 3276 1831 3301 et
1858 3269 2074 3301 conformitas.
2098 3287 2121 3290 -
2143 3267 2216 3298 Hoc
2240 3272 2347 3297 autem
2369 3271 2457 3306 patet

1394 3319 1480 3359 quia,
1508 3319 1534 3348 si
1560 3317 1667 3348 solum
1691 3316 1848 3347 diceretur
1870 3315 1995 3355 sapiens
2026 3313 2101 3353 quia
2130 3311 2317 3352 sapientiam
2349 3310 2455 3346 efficit,

1394 3362 1507 3393 eadem
1531 3362 1654 3392 ratione
1678 3360 1835 3391 diceretur
1858 3359 1940 3399 lapis
1956 3358 2030 3398 quia
2053 3355 2192 3396 lapidem
2215 3360 2332 3385 causat.
2356 3354 2456 3392 Quod

1392 3413 1501 3438 tamen
1524 3416 1593 3437 non
1613 3405 1758 3440 dicimus,
1775 3404 1851 3444 quia
1865 3403 1998 3433 nomine
2012 3400 2124 3441 lapidis
2139 3399 2324 3439 intelligitur
2338 3398 2456 3429 modus

1393 3451 1518 3482 essendi
1544 3450 1780 3484 determinatus,
1801 3446 1979 3478 secundum
2003 3454 2100 3485 quem
2122 3444 2201 3484 lapis
2225 3453 2293 3473 non
2315 3444 2457 3474 imitatur

1393 3496 1510 3531 Deum,
1535 3494 1591 3525 sed
1613 3494 1652 3524 ab
1675 3494 1747 3533 ipso
1771 3491 1987 3531 distinguitur3
2006 3488 2151 3530 quamvis
2170 3493 2201 3518 et
2220 3488 2254 3518 in
2270 3486 2375 3528 lapide
2394 3488 2456 3518 sint

1393 3540 1462 3575 alia,
1494 3548 1577 3580 quae
1606 3538 1702 3568 talem
1732 3535 1867 3567 modum
1896 3543 1963 3565 non
1994 3534 2177 3573 important,
2205 3532 2322 3572 quibus
2348 3531 2456 3562 Deum

1391 3584 1542 3619 imitatur,
1567 3588 1603 3613 ut
1626 3587 1700 3612 sunt
1722 3580 1857 3615 bonitas,
1883 3587 1950 3609 esse
1973 3582 2004 3607 et
2027 3575 2223 3607 huiusmodi.

1447 3627 1541 3658 Circa
1563 3627 1650 3657 illam
1672 3624 1939 3666 propositionem,
1962 3621 2068 3652 Virtus
2085 3620 2165 3651 solis
2185 3620 2248 3651 nisi
2270 3620 2457 3661 aliqualiter

1391 3677 1470 3703 esset
1487 3671 1526 3702 de
1540 3679 1661 3712 genere
1677 3669 1806 3703 caloris,
1823 3667 1874 3698 sol
1890 3675 1954 3706 per
1969 3675 2039 3696 eam
2056 3674 2159 3706 agens
2182 3674 2246 3695 non
2270 3665 2374 3696 simile
2396 3664 2457 3695 sibi

2492 778 2501 786 ·
2517 776 2552 798 Cf.
2565 783 2615 805 cap.
2628 783 2703 805 praec.

2495 1838 2504 1847 ·
2519 1836 2554 1859 Cf.
2571 1843 2620 1864 cap.
2632 1843 2663 1859 xl.

2494 2154 2502 2163 ·
2519 2152 2585 2175 Vers.
2600 2159 2623 2181 9.

2486 2950 2495 2959 ‘
2503 2949 2696 2975 Cf.s.Th.lSent.,

2486 2976 2507 2997 d.
2520 2982 2544 3002 n,
2555 2982 2575 2997 a.
2586 2982 2606 3004 3.
