2768 4134
29 999 42 1011 ⁶
67 997 138 1021 Num.
167 1004 193 1020 v·
217 988 245 1019 'et

28 1014 246 1075 marafim·

30 1352 86 1376 ’ῦὶ
93 1358 157 1376 num.
165 1359 182 1380 ι,
190 1353 244 1375 init.

25 1981 37 1992 ⁶
50 1980 90 2003 ΑΙ.
105 1979 147 2002 lib.
157 1979 198 2002 11.

0 2823 3 2837 Ι

0 2851 7 2892 l
23 2871 36 2882 ”
49 2869 108 2899 etp.
122 2875 204 2892 uvur.

0 2907 4 2937 i

0 2939 6 2996 ξ
25 2962 36 2972 “”
49 2961 122 2984 Caici.
133 2961 158 2983 in
167 2961 201 2983 Ill
211 2961 241 2982 de

0 3004 222 3080 ἕἯςΜ)

3 3075 16 3085 ”
27 3096 38 3106 ·
59 3095 99 3117 lu.
119 3094 188 3122 οισι.
210 3094 240 3122 x,

24 3121 85 3144 26.

742 289 930 327 SUMMA
959 291 1181 330 CONTRA
1210 292 1484 339 GENTILES,
1513 294 1608 331 LIB.
1629 295 1670 341 11,
1701 295 1812 332 CAP.
1833 297 2003 333 LXXIX.

271 396 274 398 ,
330 366 576 398 Advertendum
600 367 700 408 quod,
725 378 802 398 cum
826 370 933 400 omnis
957 369 1062 401 forma
1084 371 1124 401 sit
1150 372 1348 412 principium

273 413 409 444 formale
433 411 560 443 essendi
583 416 616 442 et
638 413 785 443 subiecto
807 419 838 444 et
862 416 1058 455 composito,
1079 421 1135 446 aut
1157 416 1348 447 substantia-

273 458 344 489 liter
367 463 423 488 aut
445 456 684 488 accidentaliter
706 457 887 489 secundum
910 459 1034 490 formae
1058 460 1296 497 conditionem3
1317 467 1348 491 et

272 512 332 543 per
354 511 560 542 consequens
583 502 652 541 ipsa
675 501 791 532 habeat
814 512 883 534 esse
906 504 940 534 in
963 514 1024 535 suo
1048 506 1251 545 susceptivo:
1278 514 1346 535 non

272 547 370 578 habet
391 552 428 578 ut
451 545 634 577 debilitetur
657 545 824 577 debilitato
845 557 982 588 corpore
999 549 1180 580 secundum
1204 559 1272 580 esse
1293 550 1348 580 ab—

273 592 389 628 solute,
413 591 475 622 nisi
501 591 547 621 sic
570 589 751 630 dependeat
780 601 798 622 a
826 602 962 632 corpore
986 593 1077 633 quod
1106 595 1186 634 ipso*
1207 594 1348 634 indigeat

273 636 314 667 ad
337 645 434 667 suum
458 645 538 666 esse.
562 635 657 671 Nam,
674 636 699 665 si
723 645 819 666 suurn
843 646 912 667 esse
935 647 1003 668 non
1027 637 1209 678 dependeat
1235 648 1253 668 a
1277 648 1348 669 cor-

272 690 364 721 pore,
388 689 449 711 nec
472 679 596 719 indiget
618 680 691 720 ipso
715 690 853 720 corpore
876 681 917 712 ad
940 682 1004 712 hoc
1034 689 1072 713 ut
1102 683 1151 719 sit,
1183 683 1271 713 nulla
1301 689 1348 713 est

272 726 354 756 ratio
371 733 481 765 quare,
505 723 672 754 debilitato
696 734 845 765 corpore,
870 727 939 756 eius
955 736 1024 757 esse
1047 727 1241 758 debilitetur.
1264 727 1348 758 Nam

272 771 300 800 si
311 769 478 800 debilitato
493 778 632 809 corpore
648 768 841 807 debilitetur,
859 777 982 811 quanto
999 781 1119 812 corpus
1135 772 1236 812 magis
1252 771 1348 802 fuerit

273 813 486 850 debilitatum,
506 819 597 844 tauto
621 818 654 844 et
675 814 745 854 ipsa
760 816 862 855 magis
878 815 1111 847 debilitabitur:
1137 821 1168 846 et
1183 817 1229 847 sic
1248 826 1347 857 opor-

272 859 353 890 tebit
369 858 470 899 quod,
487 867 626 898 corpore
641 858 782 889 totaliter
797 859 978 896 deficiente,
996 866 1028 890 et
1042 861 1112 901 ipsa
1128 859 1265 891 deficiat.
1283 860 1347 892 Sed

273 904 351 944 quia
366 903 527 943 contingit
542 902 682 933 formam
698 913 782 943 quae
797 913 865 934 non
881 903 1044 945 dependet
1063 915 1081 935 a
1097 906 1282 945 susceptivo
1298 915 1347 936 se-

273 947 420 979 cundum
436 957 506 978 esse
528 947 686 984 absolute,
703 947 888 989 dependere
903 950 944 979 ab
963 949 1037 989 ipso
1057 949 1240 980 secundum
1256 950 1346 990 quid,

272 993 395 1023 scilicet
418 997 579 1032 quantum
595 991 635 1022 ad
658 993 816 1023 unionem
839 1003 915 1024 cum
939 1003 1086 1034 corpore,
1111 999 1147 1024 ut
1170 995 1347 1035 superius*

273 1036 398 1068 dictum
414 1042 462 1067 est
477 1036 518 1067 de
533 1037 641 1067 anima
664 1037 821 1074 humanm
838 1037 913 1068 ideo
937 1044 1046 1078 potest
1069 1038 1237 1075 debilitari,
1258 1038 1347 1070 debi-

271 1082 363 1112 litato
380 1091 529 1122 corpore,
546 1086 706 1122 quantum
722 1081 762 1112 ad
786 1091 855 1113 esse
871 1083 999 1114 unitum
1016 1083 1156 1123 corpori.
1173 1083 1347 1124 Propterea

273 1131 314 1163 et,
339 1125 511 1157 deficiente
527 1135 675 1166 corpore,
691 1125 809 1157 desinit
831 1127 950 1158 habere
965 1137 1035 1158 esse
1051 1128 1180 1158 unitum
1205 1129 1345 1168 corpori,

271 1171 348 1202 licet
370 1180 440 1202 non
463 1170 588 1201 desinat
610 1170 800 1211 simpliciter
823 1180 903 1202 esse.

327 1215 491 1256 Loquitur
514 1224 592 1255 ergo
615 1215 668 1245 hic
691 1214 828 1246 Sanctus
852 1216 998 1246 Thomas
1021 1217 1053 1246 in
1078 1215 1289 1247 antecedente
1305 1216 1345 1247 de

271 1259 494 1291 debilitatione
516 1260 642 1290 virtutis
665 1260 792 1290 animae
807 1260 1011 1301 simpliciter:
1027 1270 1096 1291 non
1113 1266 1222 1291 autem
1238 1261 1346 1292 solum

271 1310 433 1346 quantum
456 1303 497 1335 ad
520 1305 680 1335 unionem
704 1306 773 1335 eius
797 1314 874 1335 cum
897 1306 1094 1345 susceptivo.

263 1348 591 1387 .-dvnnuanmm
613 1348 654 1379 ad
677 1348 858 1380 secundum
870 1350 897 1386 ⁴,
921 1355 958 1380 ut
980 1349 1127 1380 videatur
1145 1359 1214 1380 non
1237 1350 1345 1380 solum

270 1399 406 1434 propter
427 1394 568 1424 rationes
591 1393 746 1424 adductas
768 1394 852 1424 hanc
876 1394 1068 1434 opinionem
1094 1393 1345 1425 fundamentum

269 1438 399 1474 habere,
422 1437 479 1468 sed
503 1438 600 1468 etiam
624 1447 663 1468 ex
685 1438 834 1478 Principe
849 1438 1136 1479 Philosophorum,
1154 1439 1207 1469 cui
1230 1448 1346 1469 omnes

269 1483 423 1514 assentire
445 1481 606 1518 videntur,
622 1483 827 1522 processisse,
843 1482 927 1513 hanc
942 1482 1079 1513 eandem
1098 1483 1345 1514 conclusionem

269 1527 408 1558 Sanctus
429 1526 576 1557 Thomas
599 1535 638 1556 ex
661 1527 731 1557 eius
754 1527 860 1557 verbis
883 1527 1034 1557 ostendit.

325 1572 403 1602 Duo
419 1577 530 1601 autem
544 1571 628 1606 loca,
646 1571 793 1601 brevitati
808 1570 952 1607 studens,
968 1570 1100 1602 adducit
1115 1580 1154 1601 ex
1171 1571 1258 1601 libris
1273 1572 1346 1601 Ari-

268 1615 404 1652 stotelis,
427 1615 462 1645 in
486 1615 605 1655 quibus
635 1614 896 1645 manifestissime
926 1616 1014 1645 visus
1041 1620 1089 1645 est
1115 1616 1257 1646 animam
1285 1615 1346 1645 hu-

267 1669 400 1691 manam
423 1659 642 1689 immortalem
665 1668 800 1699 ponere.
831 1659 957 1690 Primus
986 1665 1034 1690 est
1059 1660 1093 1689 in
1117 1659 1129 1689 1
1153 1659 1194 1689 de
1216 1659 1344 1695 Anima,

266 1709 344 1736 text.
369 1703 423 1740 65,
447 1704 504 1734 ubi
527 1704 571 1734 ait
597 1703 690 1743 quod
718 1703 900 1734 intellectus
927 1703 1055 1734 videtur
1083 1704 1244 1744 quaedam
1271 1704 1345 1734 sub-

265 1748 391 1780 stantia
413 1757 492 1784 esse,
520 1753 552 1778 et
581 1757 648 1778 non
681 1748 859 1789 corrumpi.
890 1747 1002 1786 Quod,
1026 1754 1063 1779 ut
1092 1757 1132 1778 ex
1162 1749 1345 1789 praemissis

259 1798 367 1834 rpttet,
390 1802 460 1823 non
486 1798 596 1833 potest
617 1792 755 1833 intelligi
785 1792 825 1823 de
856 1793 965 1833 aliqua
994 1793 1172 1824 substantia
1201 1798 1345 1833 separata

267 1847 352 1880 quae
375 1837 416 1868 sit
439 1837 622 1868 intellectus
645 1846 743 1877 agens
759 1843 791 1868 et
806 1837 984 1878 possibilis:
1009 1843 1177 1868 ostensum
1193 1843 1241 1868 est
1256 1838 1344 1868 enim

266 1882 416 1924 superius
426 1891 535 1922 neque
547 1881 749 1912 intellectum
760 1882 950 1922 possibilem
962 1891 1071 1922 neque
1086 1887 1246 1923 agentem,
1257 1881 1344 1923 apud

266 1926 487 1962 Aristotelem,
511 1926 723 1957 substantiam
747 1931 927 1967 separatam
950 1936 1030 1957 esse.

323 1970 495 2003 Secundus
507 1975 556 2001 est
567 1970 626 2001 XII
638 1971 782 2011 Metaph.
795 1972 822 2007 *,
835 1971 902 2007 ubi,
914 1976 1090 2012 postquam
1102 1970 1190 2007 dixit,
1204 1976 1280 2001 text.
1294 1971 1343 2007 16,

267 2015 360 2057 quod
382 2024 500 2046 causae
522 2014 674 2045 formales
697 2015 795 2046 simul
824 2021 900 2046 sunt
929 2025 1006 2046 cum
1033 2015 1072 2045 iis
1100 2024 1242 2055 quorum
1269 2021 1344 2046 sunt

268 2069 396 2096 causae,
411 2069 481 2090 non
497 2065 607 2090 autem
630 2060 730 2099 prius,
755 2060 932 2100 subiungit,
956 2065 1033 2090 text.
1054 2067 1109 2099 ¹7:
1126 2059 1162 2090 Si
1184 2064 1293 2090 autem
1314 2065 1346 2090 et

261 2105 430 2147 posterius
453 2104 579 2145 aliquid
602 2109 720 2139 manet,
731 2104 1008 2144 perscrutandum
1032 2109 1088 2135 est.
1113 2105 1198 2135 Nam
1223 2104 1257 2134 in
1273 2104 1344 2145 qui-

266 2149 402 2182 busdam
427 2149 509 2180 nihil
526 2148 698 2189 prohibet:
715 2154 751 2179 ut
771 2150 800 2180 si
819 2154 868 2180 est
889 2149 1001 2179 anima
1025 2149 1110 2184 talis,
1135 2159 1202 2179 non
1226 2149 1342 2185 omnis,

265 2195 323 2227 sed
345 2194 538 2225 intellectus.
1142 2202 1146 2207 ·

323 2239 373 2270 Ex
388 2239 507 2279 quibus
522 2238 681 2268 habentur
698 2237 776 2268 duo.
800 2238 946 2268 Primum
961 2243 1018 2274 est,
1036 2237 1127 2278 quod
1149 2238 1343 2274 intellectus,

267 2284 327 2325 qui
356 2288 405 2314 est
431 2282 538 2313 forma
564 2282 718 2318 hominis,
749 2288 824 2323 post
855 2292 975 2322 corpus
1004 2287 1164 2313 remanet:
1194 2292 1271 2313 nam
1303 2282 1343 2313 de

267 2328 382 2360 formis
405 2328 542 2358 habetur
565 2336 682 2358 sermo.
701 2344 724 2348 —
748 2326 938 2358 Secundum
961 2332 1018 2363 est,
1039 2326 1131 2367 quod
1153 2328 1296 2358 animam
1325 2337 1344 2357 a

274 2372 482 2414 generalitate
511 2371 662 2403 omnium
691 2370 870 2402 formarum
899 2371 1051 2408 excludit,
1081 2372 1186 2412 ipsam
1216 2381 1344 2412 ponens

267 2423 343 2459 post
365 2426 486 2457 corpus
508 2425 686 2451 remanere,
710 2421 742 2445 et
771 2416 982 2447 substantiam
1009 2415 1174 2456 quandam
1198 2426 1284 2447 esse:
1312 2422 1344 2446 et

266 2472 336 2494 non
351 2462 447 2502 ponit
461 2462 566 2501 ipsam
581 2470 650 2491 non
665 2460 903 2497 subsistentem,
923 2466 955 2491 et
969 2470 1028 2501 per
1043 2470 1248 2501 consequens
1272 2470 1343 2491 cor-

266 2506 464 2547 ruptibilem,
488 2510 525 2536 ut
547 2506 578 2536 ei
601 2504 779 2544 Gregorius
801 2505 968 2546 Nyssenus
989 2506 1140 2546 imponit.

322 2550 474 2586 Adverte,
498 2554 536 2580 ut
558 2549 676 2580 dicitur
698 2549 739 2580 de
762 2549 873 2590 Spirit.
900 2550 1020 2586 Creat.,
1045 2555 1102 2580 art.
1128 2559 1158 2586 2,
1182 2549 1273 2590 quod
1295 2549 1344 2580 id-

267 2596 355 2626 circo
372 2594 550 2634 Gregorius
565 2594 743 2634 Nyssenus,
759 2595 793 2624 in
809 2604 870 2625 suo
886 2594 970 2625 libro
985 2594 1026 2625 de
1041 2594 1170 2630 Anima,
1187 2595 1344 2635 imposuit

266 2639 433 2670 Aristoteli
445 2638 537 2679 quod
551 2638 692 2669 voluerit
703 2639 845 2670 animam
860 2639 1090 2671 intellectivam
1101 2649 1170 2669 non
1183 2648 1252 2670 esse
1268 2639 1344 2669 sub-

267 2685 445 2720 sistentem,
465 2689 497 2714 et
519 2683 685 2723 corrumpi
701 2689 856 2724 corrupto
873 2693 1021 2724 corpore,
1038 2684 1115 2724 quia
1138 2684 1248 2723 posuit
1271 2693 1343 2714 eam

267 2728 488 2764 entelechiam,
513 2728 605 2768 quasi
631 2733 741 2758 actum
765 2733 798 2758 et
819 2727 1066 2768 perfectionem,
1090 2728 1240 2768 corporis
1256 2728 1343 2768 phr-

266 2773 344 2804 sici:
359 2777 472 2804 contra
493 2777 604 2803 autem
621 2772 782 2803 rationem
804 2773 1001 2803 substantiae
1023 2772 1195 2812 spiritualis
1218 2771 1344 2802 videtur

267 2827 338 2849 esse
352 2816 445 2858 quod
460 2817 500 2847 sit
512 2817 658 2856 corporis
673 2816 788 2847 forma.
805 2816 870 2847 Sed
884 2817 949 2847 hoc
963 2826 1077 2847 verum
1089 2826 1158 2847 non
1174 2821 1238 2847 est:
1256 2817 1342 2856 quia,

267 2867 305 2893 ut
330 2862 480 2902 superius
496 2862 512 2878 Ξ
537 2867 585 2891 est
612 2866 791 2897 ostensum,
817 2870 950 2892 necesse
978 2867 1026 2891 est
1051 2870 1174 2901 ponere
1201 2860 1343 2900 aliquam

267 2906 468 2948 spiritualem
490 2906 702 2937 substantiam
725 2904 865 2936 formam
892 2906 1027 2936 humani
1049 2905 1195 2945 corporis
1219 2915 1298 2936 esse.

323 2951 406 2983 V111.
431 2950 496 2981 Sed
519 2950 597 2991 quia
623 2950 775 2981 nonnulli
798 2949 1043 2981 Thomistarum
1059 2950 1086 2986 *‚
1111 2950 1258 2990 alioquin
1283 2950 1344 2979 viri

269 2995 457 3032 doctissimi,
470 3005 489 3026 a
500 2994 647 3026 doctrina
659 2994 767 3025 Sancti
777 2994 927 3025 Thomae
939 2994 1140 3025 discedentes
1151 2994 1223 3034 (qui
1233 2999 1265 3025 et
1275 2995 1342 3030 hic;

269 3045 302 3071 et
323 3040 382 3071 ΧΠ
406 3039 562 3080 ΜεταΡΙι.,
587 3038 783 3079 exponendo
806 3044 882 3069 text.
911 3047 948 3079 17
966 3040 1000 3075 “;
1024 3039 1103 3069 item
1129 3038 1282 3075 Quolibet
1302 3039 1343 3075 X,

269 3095 301 3126 q.
314 3095 359 3122 m,
372 3095 401 3116 a.
419 3094 437 3115 2
451 3086 483 3120 ἡ
499 3084 646 3114 similiter
658 3083 731 3114 V111
743 3083 854 3124 Phys„
870 3084 943 3114 lect.
961 3090 1011 3119 12,
1027 3089 1116 3114 tenet
1135 3083 1344 3114 Aristotelem

269 3131 411 3161 animam
433 3130 610 3160 humanam
642 3129 789 3168 posuisse
818 3127 1062 3168 immortalem),
1086 3128 1276 3168 oppositum
1303 3127 1344 3158 de

268 3180 380 3206 mente
402 3173 585 3205 Aristotelis
609 3181 679 3203 esse
709 3178 870 3203 conantur
898 3171 1084 3203 ostendere:
1108 3171 1196 3209 ideo,
1219 3173 1344 3203 verissi-

269 3228 359 3250 mam
381 3219 491 3250 Sancti
510 3218 659 3248 Thomae
675 3217 856 3248 doctrinam
879 3217 1044 3253 sectando,
1068 3226 1153 3257 quae
1178 3226 1287 3257 neque
1310 3218 1343 3247 in

269 3264 375 3296 Sacris
397 3263 526 3294 Litteris
549 3261 760 3303 exponendis,
785 3271 892 3302 neque
922 3262 955 3292 in
989 3261 1105 3292 divinis
1127 3261 1223 3292 rebus
1245 3262 1344 3292 inter-

270 3307 450 3349 pretandis,
479 3316 589 3347 neque
620 3307 654 3337 in
681 3306 861 3337 Aristotelis
889 3306 1229 3341 commentationibus,
1253 3306 1344 3346 quic-

271 3362 372 3393 quam
393 3358 450 3383 aut
472 3351 544 3383 falsi
567 3357 622 3382 aut
646 3351 798 3382 ineruditi
820 3351 983 3387 continet;
1008 3350 1115 3390 primo
1145 3350 1344 3381 adducemus

271 3397 313 3429 ad
335 3402 410 3428 ante
425 3396 526 3428 dictas
545 3397 752 3427 auctoritates
768 3404 884 3426 eorum
899 3395 1138 3435 responsiones,
1163 3404 1283 3435 easque
1298 3394 1344 3425 fa-

272 3442 391 3474 cillime
415 3440 675 3477 confutabimus;
701 3440 828 3476 deinde,
852 3441 885 3470 in
913 3440 1063 3480 sequenti
1091 3439 1205 3479 capite,
1229 3448 1345 3470 eorum

270 3486 450 3517 rationibus
478 3486 567 3516 iuxta
592 3485 831 3526 integerrimam
854 3485 962 3515 Sancti
985 3484 1135 3514 Thomae
1165 3482 1345 3515 doctrinam

270 3529 552 3571 respondebimus.

329 3585 358 3606 2.
383 3574 436 3605 Ad
458 3575 596 3615 primam
612 3574 723 3614 itaque
746 3573 926 3604 Aristotelis
948 3573 1172 3603 auctoritatem
1194 3572 1276 3602 nihil
1298 3571 1346 3602 di-

272 3625 367 3650 cunt:
383 3618 451 3656 sed,
464 3624 501 3650 ut
517 3629 555 3649 ex
571 3628 687 3650 eorum
698 3628 853 3659 processu
866 3618 983 3648 coniici
996 3622 1112 3657 potest,
1130 3626 1186 3647 eos
1203 3616 1345 3647 dicturos

272 3669 365 3704 puto,
389 3669 444 3694 aut
468 3663 559 3704 quod
582 3663 771 3694 Aristoteles
787 3663 830 3694 ibi
847 3661 1021 3693 dubitative
1044 3662 1173 3692 locutus
1198 3666 1254 3697 est,
1276 3670 1345 3691 non

2399 299 2469 334 501

1401 373 1561 409 assertive,
1590 373 1680 413 quod
1711 383 1864 414 apparere
1893 380 2001 415 potest
2031 385 2070 406 ex
2101 385 2141 406 eo
2171 376 2261 417 quod
2289 377 2389 407 utitur
2416 377 2472 408 illo

1400 417 1500 447 verbo
1525 417 1665 454 videtur,
1694 418 1786 458 quod
1814 418 1988 449 dubitantis
2019 425 2076 456 est,
2107 430 2174 451 non
2205 422 2389 452 asserentis:
2418 427 2474 452 aut

1401 461 1493 502 quod
1516 462 1707 502 opinionem
1731 463 1869 494 aliorum
1892 469 2022 494 secutus
2045 470 2103 495 est.

1457 505 1509 535 Ad
1532 506 1712 537 secundum
1736 508 1880 538 similiter
1902 508 2100 548 respondent
2115 509 2206 549 quod
2221 510 2255 540 in
2278 510 2338 541 hac
2361 516 2474 541 aucto-

1401 550 1491 580 ritate
1516 550 1598 580 nihil
1620 551 1664 580 ad
1682 552 1889 591 propositum
1909 552 2080 593 affirmare
2102 563 2137 584 se
2162 554 2310 585 ostendit.
2334 555 2389 585 Ex
2411 555 2473 585 hac

1401 594 1487 624 enim
1509 595 1616 624 solum
1640 595 1777 626 habetur
1800 597 1972 638 manifeste
1994 598 2082 637 quod
2100 599 2230 638 putavit
2254 599 2399 630 animam
2423 600 2472 630 in-

1401 639 1594 669 tellectivam
1619 649 1684 669 non
1709 649 1778 670 esse
1807 646 1884 671 ante
1906 650 2045 681 corpus:
2067 642 2123 672 sed
2152 643 2210 673 sub
2242 643 2339 674 dubio
2362 654 2406 674 an
2430 644 2473 674 sit

1396 688 1483 724 post,
1509 683 1642 724 reliquit
1652 685 1679 714 ἢ.

1458 728 1488 758 3.
1513 727 1576 758 Sed
1599 729 1847 768 responsionem
1865 728 1905 759 ad
1925 730 2077 769 primum,
2097 736 2256 771 quantum
2271 731 2312 762 ad
2334 733 2471 772 primam

1400 778 1535 812 partem,
1552 778 1677 802 constat
1700 773 1823 804 nullam
1839 783 1918 804 esse.
1943 774 1991 803 Ex
2010 783 2164 814 processu
2181 776 2268 806 enim
2292 777 2471 807 Aristotelis

1400 822 1533 857 apparet
1556 817 1647 856 quod
1669 817 1714 847 ibi
1736 827 1804 848 non
1820 817 1966 858 loquitur
1981 817 2166 849 dubitative.
2184 820 2253 850 Nec
2276 822 2363 860 cogit
2381 821 2472 861 quod

1400 862 1501 891 utitur
1515 862 1580 892 hoc
1596 862 1695 892 verbo
1712 862 1857 892 videtur:
1873 863 1949 903 quia
1967 863 2142 903 aliquando
2167 863 2294 894 videtur
2317 866 2472 905 accipitur

1400 911 1436 936 ut
1458 905 1546 936 idem
1570 911 1618 936 est
1640 906 1732 946 quod
1755 912 1900 947 apparet,
1917 907 1983 937 sive
2000 907 2209 949 manifestum
2228 913 2275 938 est
2282 915 2294 944 ;
2317 909 2472 949 quemad-

1399 950 1538 981 modum
1553 951 1598 980 ait
1609 950 1807 992 Porphyrius
1819 953 1846 988 *,
1864 952 1998 982 Videtur
2008 957 2116 983 autem
2133 962 2236 993 neque
2250 962 2356 994 genus
2371 963 2473 994 neque

1398 995 1520 1036 species
1541 995 1733 1035 simpliciter
1754 996 1836 1032 dici;
1851 997 1896 1026 ibi
1919 997 2017 1033 enim,
2041 1002 2078 1027 ut
2097 998 2294 1028 Ammonius
2317 998 2472 1038 interpre-

1399 1046 1484 1071 tatur
1495 1041 1522 1076 ξ
1547 1040 1675 1070 videtur
1696 1049 1757 1080 pro
1781 1046 1919 1081 apparet
1940 1042 2106 1081 accipitur.

1455 1084 1625 1122 Quantum
1641 1094 1718 1115 vero
1735 1084 1775 1115 ad
1790 1085 1966 1116 secundam
1978 1091 2113 1125 partem,
2130 1087 2244 1126 utique
2257 1095 2369 1117 verum
2384 1086 2471 1123 dicit,

1398 1129 1487 1159 iuxta
1508 1130 1808 1169 interpretationem
1831 1130 1939 1161 Sancti
1963 1130 2112 1161 Thomae
2128 1132 2155 1167 θ,
2183 1132 2359 1171 inquientis
2382 1131 2473 1172 quod

1399 1173 1590 1204 Aristoteles
1614 1174 1735 1214 probat
1760 1175 1966 1215 propositum
1994 1184 2089 1206 suum
2114 1186 2177 1216 per
2207 1175 2371 1216 quandam
2404 1176 2472 1216 opi-

1400 1218 1532 1248 nionem
1555 1218 1802 1249 Platonicorum
1818 1228 1902 1259 quae
1916 1229 1976 1249 suo
1994 1224 2138 1260 tempore
2157 1225 2230 1251 erat
2242 1221 2393 1262 famosa,
2410 1220 2471 1251 sci-

1400 1263 1474 1293 licet
1496 1262 1584 1303 quod
1600 1263 1706 1293 omnis
1729 1263 1840 1294 anima
1863 1269 1911 1294 est
1927 1264 2193 1304 incorruptibilis,
2211 1270 2243 1295 et
2257 1265 2345 1305 quod
2361 1274 2472 1295 omnes

1400 1308 1607 1348 operationes
1630 1308 1769 1342 animae,
1792 1308 1889 1338 etiam
1913 1309 2014 1348 ipsius
2037 1309 2227 1345 intellectus,
2243 1310 2399 1340 haberent
2418 1319 2471 1339 or-

1397 1361 1489 1393 gana
1505 1352 1731 1382 determinata.
1748 1352 1790 1382 Et
1805 1352 1880 1383 ideo
1897 1354 2031 1393 exponit
2046 1354 2079 1394 ly
2103 1353 2239 1389 videtur,
2265 1353 2356 1390 idest,
2373 1364 2472 1394 prae-

1398 1396 1494 1427 dictis
1510 1397 1715 1436 Philosophis
1730 1402 1875 1437 apparet.
1893 1397 1966 1434 Sed,
1986 1398 2062 1428 licet
2077 1398 2258 1429 secundum
2281 1399 2472 1438 opinionem

1399 1441 1537 1471 aliorum
1560 1441 1714 1481 loquatur
1739 1442 1938 1478 Aristoteles,
1962 1451 2030 1472 non
2059 1447 2168 1473 tamen
2198 1443 2238 1472 ab
2262 1452 2377 1474 eorum
2401 1443 2473 1483 opi-

1398 1485 1509 1521 nione,
1537 1490 1695 1525 quantum
1726 1485 1766 1516 ad
1796 1486 2071 1518 immortalitatem
2101 1488 2228 1517 animae
2258 1487 2472 1518 intellectivae

1399 1528 1544 1560 discedit.
1568 1529 1674 1565 Unde,
1698 1535 1735 1560 ut
1758 1529 1906 1560 ostendat
1929 1540 1963 1561 se
1987 1531 2119 1571 quidem
2144 1537 2303 1571 quantum
2326 1531 2367 1562 ad
2389 1532 2472 1562 hanc

1398 1573 1674 1604 immortalitatem
1698 1583 1809 1604 secum
1825 1575 2010 1610 convenire,
2027 1585 2095 1606 non
2120 1581 2228 1606 autem
2252 1582 2412 1616 quantum
2432 1576 2473 1607 ad

1398 1618 1463 1647 hoc
1486 1617 1577 1658 quod
1600 1619 1747 1658 operatio
1771 1618 1953 1649 intellectus
1976 1619 2092 1650 habeat
2113 1629 2272 1659 organum
2296 1626 2328 1650 et
2350 1630 2473 1651 marce-

1398 1667 1466 1691 scat
1496 1667 1629 1702 propter
1659 1662 1771 1702 organi
1802 1663 2057 1702 corruptionem,
2090 1673 2128 1694 ex
2155 1665 2294 1704 propriis
2321 1664 2471 1704 loquens,

1398 1710 1497 1745 atque
1520 1706 1554 1736 in
1578 1715 1677 1745 quam
1701 1706 1840 1737 declinet
1869 1707 2062 1747 opinionem
2092 1708 2276 1744 ostendens,
2308 1709 2473 1748 subiungit

1398 1749 1490 1791 quod
1514 1750 1695 1781 intellectus
1708 1751 1871 1791 fortassis
1900 1751 2045 1782 divinum
2069 1752 2195 1793 aliquid
2221 1758 2252 1783 et
2279 1752 2474 1793 impassibile

1397 1800 1454 1825 est.
1479 1795 1543 1826 Ubi
1566 1795 1668 1826 utitur
1690 1794 1866 1826 dubitantis
1884 1795 2047 1833 adverbio,
2070 1797 2148 1838 quia
2165 1797 2310 1828 nondum
2333 1797 2395 1828 hoc
2417 1797 2471 1828 de-

1398 1840 1650 1870 terminaverat:
1682 1840 1716 1870 id
1746 1840 1834 1880 quod
1860 1840 2069 1880 postmodum
2100 1842 2256 1872 assertive
2287 1842 2320 1871 in
2359 1843 2469 1872 Tertio

1392 1884 1498 1924 ponit,
1523 1889 1560 1914 ut
1582 1885 1749 1924 apparebit
1764 1885 1791 1914 ἦ

1452 1938 1484 1968 4.
1502 1929 1684 1968 Responsio
1701 1929 1798 1959 etiam
1814 1927 1854 1958 ad
1870 1929 2052 1960 secundum
2067 1929 2156 1960 nulla
2172 1935 2229 1960 est.
2246 1930 2330 1961 Nam
2346 1931 2470 1961 Aristo-

1396 1972 1486 2008 teles,
1513 1978 1689 2013 postquam
1719 1972 1943 2004 determinavit
1973 1973 2093 2004 formas
2122 1983 2191 2004 non
2218 1983 2287 2005 esse
2317 1980 2391 2005 ante
2420 1984 2470 2005 res

1397 2026 1536 2056 quarum
1566 2023 1642 2047 sunt
1673 2016 1806 2054 formae,
1837 2018 2016 2058 subiungit,
2042 2018 2317 2058 perscrutandum
2344 2028 2413 2050 esse
2440 2019 2470 2050 si

1396 2061 1509 2102 aliqua
1541 2066 1709 2092 remaneat
1732 2067 1810 2102 post
1833 2062 2075 2102 corruptionem
2105 2063 2285 2103 compositi,
2311 2069 2342 2094 et
2365 2063 2468 2095 deter-

1395 2106 1498 2136 minat
1510 2106 1601 2146 quod
1613 2106 1695 2137 nihil
1706 2106 1864 2146 prohibet,
1882 2107 1938 2137 ubi
1950 2112 2056 2138 textus
2073 2107 2349 2138 Commentatoris
2360 2108 2466 2144 habet,

1397 2160 1463 2181 non
1480 2156 1528 2181 est
1551 2151 1746 2191 impossibile
1757 2152 1784 2187 *‚
1802 2156 1833 2182 et
1853 2151 2018 2191 subiungit
2037 2152 2224 2192 exemplum
2239 2152 2280 2183 de
2296 2153 2403 2182 anima
2418 2153 2467 2183 in·
2496 2161 2504 2169 ·

1395 2195 1565 2226 tellectiva.
1579 2195 1656 2226 Non
1668 2196 1766 2231 enim,
1778 2200 1815 2226 ut
1827 2196 1878 2226 isti
1891 2196 2092 2232 arbitrantur,
2105 2196 2281 2227 dubitative
2293 2196 2468 2237 respondet

1397 2245 1429 2270 et
1451 2240 1511 2270 sub
1540 2239 1740 2271 conditione.
1767 2240 1861 2276 Nam,
1893 2241 1918 2270 si
1942 2241 2002 2271 sub
2031 2240 2219 2272 conditione
2247 2241 2467 2281 responderet,

1396 2293 1465 2314 non
1487 2285 1732 2324 interposuisset
1754 2284 1787 2325 ly
1804 2290 1848 2321 ut,
1865 2294 1950 2325 quae
1973 2290 2020 2315 est
2044 2285 2142 2316 dictio
2166 2285 2207 2316 ad
2230 2285 2469 2326 exemplifican-

1397 2328 1477 2359 dum
1500 2334 1674 2369 assumpta.
1699 2329 1838 2359 Dixisset
1861 2330 1958 2365 enim,
1987 2329 2027 2360 In
2058 2330 2248 2370 quibusdam
2278 2330 2364 2361 enim
2388 2330 2470 2360 nihil

1390 2373 1544 2414 prohibet
1557 2374 1586 2404 si
1600 2379 1647 2404 est
1661 2373 1774 2404 anima
1791 2374 1883 2404 talis:
1898 2383 1966 2404 non
1982 2380 2102 2411 autem,
2120 2374 2159 2405 In
2176 2374 2367 2415 quibusdam
2383 2374 2468 2405 enim

1397 2418 1479 2449 nihil
1491 2418 1653 2458 prohibet,
1671 2423 1706 2449 ut
1719 2418 1749 2449 si
1763 2423 1811 2449 est
1825 2419 1936 2449 anima
1953 2419 2038 2449 talis.
2056 2418 2193 2450 Constat
2209 2420 2296 2450 enim
2313 2429 2351 2450 ex
2367 2419 2468 2450 modo

1396 2462 1555 2503 loquendi
1578 2463 1685 2503 ipsum
1715 2463 1862 2494 absolute
1885 2462 1925 2494 ad
1952 2464 2135 2503 quaesitum
2158 2463 2365 2504 respondere,
2393 2473 2469 2494 cum

1396 2508 1512 2547 inquit,
1537 2507 1577 2537 In
1604 2507 1794 2548 quibusdam
1825 2507 1910 2537 enim
1942 2507 2024 2538 nihil
2045 2508 2206 2548 prohibet,
2231 2509 2308 2544 sive,
2333 2518 2398 2538 non
2423 2513 2471 2539 est

1397 2551 1601 2592 impossibile.
1619 2551 1720 2589 Quod
1743 2561 1819 2582 cum
1835 2551 1990 2582 verificari
2005 2561 2074 2582 non
2097 2553 2199 2592 possit
2221 2553 2283 2582 nisi
2306 2552 2346 2582 de
2362 2553 2469 2582 anima

1396 2596 1600 2632 intellectiva,
1624 2596 1790 2636 subiungit
1813 2596 1999 2636 exemplum
2016 2595 2057 2626 de
2072 2597 2151 2636 ipsa,
2175 2596 2296 2632 dicens,
2314 2601 2358 2632 ut,
2375 2595 2466 2632 idest,

1397 2640 1486 2671 verbi
1495 2640 1609 2681 gratia
1625 2640 1675 2680 (ut
1691 2640 1825 2680 exponit
1841 2639 2090 2671 Commentator
2101 2642 2127 2676 ³²,
2144 2644 2228 2671 et'ut
2242 2641 2339 2671 habet
2354 2641 2468 2671 veritas

1396 2694 1530 2724 graecae
1552 2684 1702 2715 dictionis
1729 2684 1775 2715 illi
1806 2683 2088 2724 correspondens),
2112 2685 2141 2715 si
2168 2690 2216 2715 est
2241 2685 2352 2715 anima
2381 2685 2466 2720 talis,

1396 2739 1462 2759 non
1488 2729 1602 2763 omnis,
1618 2728 1675 2759 sed
1693 2728 1883 2759 intellectus.
1901 2729 1942 2759 Et
1958 2734 2005 2760 est
2021 2738 2150 2759 sensus:
2167 2729 2311 2769 aliquam
2335 2739 2468 2759 manere

1391 2783 1489 2813 posse
1507 2778 1584 2813 post
1601 2773 1797 2804 solutionem
1813 2773 2002 2814 compositi:
2021 2773 2109 2804 verbi
2131 2774 2253 2815 gratia,
2270 2774 2299 2804 si
2321 2773 2468 2804 dicamus

1396 2818 1540 2848 animam
1551 2822 1630 2858 post
1643 2817 1889 2848 dissolutionem
1905 2818 2042 2848 animati
2061 2827 2239 2853 remanere,
2258 2828 2323 2848 non
2340 2818 2467 2858 quidem

1397 2872 1534 2898 omnem,
1550 2862 1607 2893 sed
1622 2862 1713 2893 illam
1732 2871 1816 2903 quae
1831 2867 1879 2893 est
1893 2862 2099 2893 intellectiva.
2115 2880 2138 2885 -
2151 2863 2295 2902 Apparet
2316 2863 2413 2893 etiarn
2429 2872 2467 2892 ex

1396 2907 1607 2947 sequentibus
1622 2906 1727 2937 verbis
1749 2906 1838 2937 idem
1856 2907 2007 2943 voluisse,
2025 2916 2101 2937 cum
2124 2907 2304 2947 subiungit:
2333 2906 2466 2937 Omnem

1397 2961 1537 2992 namque
1552 2951 1747 2991 impossibile
1752 2951 1890 2992 forsan.
1907 2951 2001 2987 Narn,
2022 2961 2098 2982 cum
2114 2951 2227 2982 dixerit
2250 2952 2283 2981 in
2307 2951 2468 2991 aliquibus

1396 2996 1477 3027 nihil
1488 2996 1660 3036 prohibere
1673 2995 1764 3036 quod
1779 3001 1975 3032 remaneant,
1989 3001 2020 3026 et
2033 2995 2298 3036 exemplificasset
2309 2995 2349 3025 de
2361 2996 2468 3025 anima

1396 3040 1608 3077 intellectiva;
1633 3050 1709 3071 cum
1733 3041 1899 3080 subiungit
1922 3040 1961 3070 de
1983 3041 2074 3070 omni
2097 3041 2204 3070 anima
2226 3040 2290 3070 hoc
2313 3039 2468 3070 verificari

1396 3094 1466 3115 non
1489 3094 1596 3125 posse,
1619 3084 1773 3125 relinquit
1795 3085 1859 3115 hoc
1883 3084 1923 3115 de
1953 3085 2060 3114 anima
2087 3084 2281 3115 intellectiva
2307 3094 2376 3114 non
2400 3093 2468 3114 esse

1396 3129 1607 3170 impossibile.
1623 3147 1647 3151 -
1663 3129 1750 3160 Cum
1766 3138 1843 3169 ergo
1867 3128 2092 3159 determinatio
2108 3129 2306 3168 quaestionis
2322 3128 2469 3159 absoluta

1397 3174 1447 3210 sit,
1471 3174 1594 3204 scilicet
1617 3173 1708 3214 quod
1723 3183 1792 3204 non
1815 3179 1863 3204 est
1878 3173 2078 3213 impossibile
2095 3173 2237 3213 aliquam
2261 3172 2399 3203 formam
2419 3182 2468 3203 re-

1396 3227 1529 3249 manere
1544 3223 1620 3258 post
1635 3218 1808 3258 compositi
1824 3218 2085 3257 corruptionem
2102 3222 2134 3247 et
2149 3218 2213 3248 hoc
2229 3217 2384 3248 verificari
2400 3226 2468 3247 non

1397 3263 1500 3302 possit
1517 3263 1579 3293 nisi
1602 3262 1642 3294 de
1658 3263 1764 3294 anima
1779 3262 1989 3293 intellectiva:
2006 3261 2198 3301 relinquitur
2221 3261 2312 3302 quod
2334 3262 2403 3302 ipse
2421 3266 2468 3292 te-

1397 3307 1504 3338 nuerit
1527 3307 1668 3338 animam
1695 3307 1923 3338 intellectivam
1954 3311 2028 3345 post
2058 3307 2301 3346 corruptionem
2327 3306 2468 3337 hominis

1397 3361 1574 3387 remanere,
1599 3357 1630 3382 et
1653 3355 1890 3391 consequenter
1913 3350 2130 3380 immortalem
2154 3360 2233 3380 esse.

1454 3395 1508 3426 IX.
1533 3395 1633 3434 Quod
1663 3401 1772 3426 autem
1802 3395 1881 3425 haec
1912 3394 2007 3424 fuerit
2037 3403 2129 3425 mens
2160 3395 2239 3431 eius,
2267 3400 2304 3425 ut
2332 3394 2469 3425 Sanctus

1398 3439 1544 3471 Thomas
1566 3440 1743 3476 arbitratur,
1768 3449 1805 3470 ex
1828 3439 1938 3469 multis
1961 3438 2029 3469 aliis
2053 3438 2134 3469 locis
2157 3438 2284 3469 ostendi
2306 3443 2423 3479 potest.

1455 3484 1575 3521 Primo,
1608 3485 1685 3524 quia
1709 3484 1721 3514 Ι
1745 3483 1784 3514 de
1807 3483 1935 3518 Anima,
1960 3488 2035 3513 text.
2057 3484 2094 3513 15
2113 3484 2139 3519 ³⁵,
2171 3483 2338 3514 concludit
2367 3483 2467 3524 quod,

1398 3538 1475 3559 cum
1498 3530 1562 3559 sint
1585 3528 1745 3568 quaedam
1772 3528 1977 3567 operationes
2000 3527 2125 3557 animae
2150 3536 2233 3567 quae
2257 3533 2332 3558 sunt
2355 3537 2469 3568 opera-

1397 3574 1504 3604 tiones
1527 3573 1703 3608 coniuncti,
1727 3577 1860 3612 propter
1882 3572 1946 3602 hoc
1963 3571 2096 3612 physici
2118 3576 2165 3602 est
2191 3571 2231 3602 de
2257 3572 2368 3603 anima
2392 3582 2469 3603 con-

1397 3617 1554 3653 siderare,
1572 3623 1630 3648 aut
1653 3617 1750 3651 omni,
1775 3621 1834 3647 aut
1847 3616 2042 3652 huiusmodi,
2060 3616 2181 3647 scilicet
2205 3625 2288 3656 quae
2312 3622 2360 3647 est
2378 3616 2470 3647 affixa

1398 3671 1532 3701 organo.
1558 3662 1605 3692 Ex
1628 3662 1666 3691 iis
1690 3661 1777 3691 enim
1800 3661 1904 3691 verbis
1920 3666 2052 3700 apparet
2074 3661 2182 3701 ipsum
2198 3661 2394 3692 existimasse
2413 3661 2469 3692 ali-

2499 696 2508 704 ·
2517 694 2650 717 Post.med.
2660 700 2712 722 etp.

2499 721 2547 749 cit,
2554 721 2620 743 Scito
2627 721 2713 749 igimr.

2500 965 2509 973 ·
2527 963 2642 995 Isagoge,
2660 970 2712 992 cap.

2501 996 2526 1017 ιι,
2541 994 2590 1012 mut.

2501 1054 2509 1062 ·
2515 1052 2541 1074 ln
2546 1052 2712 1080 Porpmsag„

2500 1079 2529 1100 ad
2543 1079 2588 1101 loc.

2500 1134 2509 1142 ·
2528 1132 2566 1154 Ad
2586 1133 2642 1159 loc„
2659 1132 2668 1153 1
2683 1132 2713 1154 de

2498 1159 2595 1186 Anima,
2608 1159 2623 1180 l.
2636 1165 2671 1181 ιο.

2499 1903 2507 1910 ·
2518 1900 2588 1927 Intra,
2603 1906 2626 1922 n.
2638 1906 2660 1922 xi
2676 1906 2712 1928 sq.

2534 2159 2588 2191 Yid.
2616 2160 2711 2191 alterurn

2496 2192 2625 2208 versionem
2687 2192 2710 2207 m

2496 2213 2556 2235 Ven.
2568 2213 2628 2241 «562.

2495 2650 2504 2659 ·
2520 2648 2574 2670 vid.
2593 2648 2633 2680 013.
2655 2648 2710 2670 ane-

2495 2681 2544 2697 l'am
2557 2680 2696 2697 'ermonem-

2495 3482 2615 3531 aem
2689 3487 2710 3503 ⁸·
