2716 4302
29 456 74 479 ²3¹*
89 450 243 478 bag-2:19-

1246 166 1510 205 APPENDIX

409 304 490 345 Cap.
516 304 673 335 Lxxvu.
699 306 795 344 Qcon
819 316 1002 338 vomroaun
1026 317 1206 338 »πειτα-[πω

486 365 614 388 DtVINAE
638 366 843 388 smemclTarr
867 368 931 388 NON
956 368 1129 392 REPUGNAT.

316 452 335 489 ξ
351 450 399 482 Ex
424 451 487 480 hoc
511 456 621 481 autem
638 450 784 490 sequitur
801 451 892 491 quod
912 456 1021 480 volunta
1038 452 1214 483 xolitorum
1239 453 1346 483 multi-

272 502 353 534 tudo
374 506 468 539 plural
490 513 542 533 non
565 506 669 531 inducat
690 506 804 538 aliquam
830 506 1021 532 multitudinem
1046 508 1071 532 in
1095 508 1180 532 divina
1203 508 1348 533 substantia

273 555 356 595 (non
380 559 538 595 repugnat
563 554 677 584 unitati
702 559 733 584 et
756 554 953 594 simplicitati
977 554 1103 586 divinae
1127 556 1346 596 substantiae.)

272 605 355 636 Nam
373 608 463 636 actus
480 604 661 636 secundum
675 605 803 635 obiecta
819 605 1070 646 distinguuntur.
1089 607 1121 637 Si
1139 609 1234 647 igitur
1252 608 1348 638 volita

272 658 365 699 plura
387 661 460 686 Deua
479 666 562 698 quae
583 656 672 687 Deus
689 656 757 687 vult
776 659 902 686 haberent
921 657 1137 699 (inducerent)
1155 660 1186 689 in
1204 660 1275 699 ipso
1292 659 1348 691 ali-

273 719 371 750 quam
395 708 650 744 multitudinem,
667 714 858 748 sequeretur
874 709 964 748 quod
981 719 1046 740 non
1065 716 1146 741 esset
1163 711 1194 740 in
1219 720 1259 740 eo
1284 720 1348 741 una

272 767 399 792 tantum
424 760 571 800 operatio
595 759 779 790 voluntatis.
799 759 900 797 Quod
924 766 971 790 est
996 767 1107 791 contra
1131 768 1348 802 praeostensa.

272 813 291 851 ξ
307 812 400 843 Item.
425 811 602 842 ostensum
620 816 668 841 est
692 811 782 850 quod
800 811 888 841 Deus
904 811 964 841 alia
982 812 1048 842 vult
1065 813 1259 852 inquantum
1282 813 1349 844 vult

273 864 454 894 bonitatem
478 871 581 893 suam.
613 862 687 892 Hoc
712 863 809 902 igitur
832 862 934 893 modo
963 870 1192 903 comparantur
1211 868 1258 893 alia
1279 865 1348 903 (ali-

273 913 350 955 qua)
370 913 409 944 ad
427 914 628 945 voluntatem
647 923 714 954 quo
732 914 1055 953 comprehenduntur
1071 925 1087 945 a
1107 916 1249 946 bonitate
1269 917 1347 946 eius.

273 965 338 997 Sed
361 966 472 996 omnia
495 966 528 996 in
554 965 698 996 bonitate
723 966 793 995 eius
818 975 920 995 unum
945 972 1035 997 sunt:
1068 973 1143 997 sunt
1173 968 1259 997 enim
1288 968 1349 998 alia

272 1018 306 1048 in
322 1018 395 1058 ipso
411 1016 594 1048 secundum
610 1016 748 1048 modum
767 1028 844 1046 suum
861 1018 940 1053 eius,
958 1018 1080 1049 scilicet
1096 1019 1270 1049 materialia
1289 1020 1348 1049 im-

272 1069 478 1100 materialiter
508 1074 539 1099 et
563 1069 665 1099 multa
690 1069 789 1106 unite,
816 1075 850 1099 ut
875 1079 912 1099 ex
937 1079 1032 1109 supra
1049 1070 1141 1100 dictis
1165 1076 1262 1111 patet.
1290 1072 1348 1101 Re-

273 1121 433 1162 linquitur
456 1122 552 1161 igitur
577 1120 667 1161 quod
688 1124 761 1150 Deus
780 1121 956 1152 multitudo
974 1122 1149 1153 volitorum
1173 1132 1240 1153 non
1266 1123 1349 1153 mul-

272 1172 396 1214 tiplicat
427 1172 570 1203 divinam
605 1172 828 1203 substantiam.
862 1174 880 1211 §
903 1173 1079 1204 Praeterea.
1109 1178 1185 1203 δίεπε
1213 1174 1349 1205 Divinus

272 1223 456 1256 intellectus
487 1229 519 1254 et
554 1223 704 1254 voluntas
735 1230 810 1254 sunt
840 1224 983 1264 aequalis
1012 1225 1240 1264 simplicitatis:
1274 1226 1349 1265 quia

273 1282 450 1316 utrumque
475 1282 521 1306 est
546 1275 654 1306 divina
678 1276 864 1311 substantia,
889 1283 924 1306 ut
953 1276 1125 1316 probatum
1157 1282 1214 1307 est.
1241 1276 1349 1307 Multi-

271 1326 353 1359 tudo
371 1350 379 1358 .
394 1351 400 1358 .
415 1351 423 1358 .
440 1328 474 1358 in
490 1327 559 1362 eius
576 1327 753 1358 voluntate.
777 1328 795 1366 §
812 1327 972 1367 Amplius.
991 1327 1064 1358 Hoc
1085 1328 1166 1358 inter
1190 1328 1350 1367 cognitio-

239 1385 410 1410 ronemet
440 1379 621 1419 appetitum
650 1379 790 1414 interest,
820 1378 910 1419 quod
934 1379 1078 1418 cognitio
1106 1378 1142 1408 fit
1168 1378 1349 1409 secundum

7 1698 135 1735 'r-‘ss'.¹·

26 2053 245 2084 ”vae-paam

271 1429 365 1471 quod
389 1429 558 1470 cognitum
591 1435 637 1460 est
668 1429 780 1470 aliquo
810 1428 912 1460 modo
941 1429 974 1460 in
999 1435 1232 1469 cognoscente,
1253 1433 1349 1458 bonum

270 1487 362 1511 mun
381 1484 528 1510 necandum
549 1481 712 1521 appetitus
738 1485 847 1510 autem
870 1484 1017 1509 secundum
1039 1489 1117 1514 non,
1143 1479 1198 1510 sed
1226 1490 1243 1510 e
1271 1489 1350 1510 con-

272 1541 377 1570 verso,
402 1531 582 1562 secundum
609 1530 699 1571 quod
724 1531 886 1571 appetitus
913 1529 1048 1560 refertur
1072 1530 1111 1560 ad
1135 1540 1203 1561 rem
1227 1531 1351 1570 appeti-

273 1584 373 1617 bilem
392 1592 463 1613 exn-n
479 1592 578 1624 quam
603 1588 759 1623 appetens
777 1583 902 1622 quaerit
922 1582 971 1612 vel
992 1583 1024 1612 in
1050 1591 1114 1621 qua
1139 1582 1286 1621 quiescit.
1312 1582 1352 1611 Et

277 1641 411 1676 propter
427 1635 490 1665 hoc
505 1657 512 1664 .
527 1657 534 1664 .
549 1657 556 1664 .
576 1644 606 1663 vr
630 1634 773 1673 metaph.
798 1632 899 1671 Quod
923 1638 1031 1663 autem
1049 1632 1171 1672 aliquid
1195 1632 1234 1662 ad
1251 1633 1352 1662 multa

275 1685 323 1728 (se
339 1686 468 1721 habeat)
493 1687 510 1702 ⁴*
527 1695 594 1716 non
612 1691 770 1724 repugnat
787 1684 983 1724 simplicitati
1003 1684 1082 1718 eiua
1104 1693 1179 1714 cum
1197 1690 1227 1714 et
1249 1685 1353 1714 unitas

273 1738 314 1769 sit
329 1737 511 1769 multorum
527 1745 740 1767 numerorum
758 1735 966 1775 principium.
985 1734 1162 1764 Multitudo
1179 1743 1255 1774 ergo
1274 1734 1354 1764 voli-

272 1794 383 1823 torum
407 1799 424 1819 a
450 1789 521 1819 Deo
548 1797 617 1818 non
642 1792 801 1827 repugnat
825 1787 894 1817 eius
918 1790 1054 1815 voluntati
1071 1786 1277 1826 simplicitati.

455 1899 537 1940 Cap.
562 1899 734 1930 LXXVIII.
755 1899 853 1937 Quot>
878 1909 985 1929 orvma
1009 1909 1172 1929 vomitus

511 1961 552 1982 Αῐ)
577 1961 763 1982 smovmam
789 1960 871 1981 noxa
897 1961 930 1981 sa
955 1961 1120 1981 axraxnrr.

319 2047 339 2086 5
354 2046 403 2077 Ex
420 2055 488 2086 quo
506 2046 604 2076 etiam
619 2050 752 2085 apparet
777 2044 868 2084 quod
892 2053 960 2074 non
990 2050 1121 2084 oportet
1152 2054 1212 2074 nos
1236 2043 1352 2077 dicere,

275 2097 316 2130 ad
339 2096 595 2129 conservandam
620 2096 861 2136 simplicitatem
891 2095 1045 2134 divinam,
1077 2095 1167 2136 quod
1195 2095 1270 2126 velit
1294 2095 1353 2126 alia

275 2149 363 2180 bona
384 2153 543 2184 inquantum
564 2147 597 2177 in
622 2146 763 2187 quadam
790 2146 1038 2182 universalitate,
1063 2147 1257 2186 inquantum
1286 2146 1354 2176 vult

275 2210 310 2232 se
326 2210 396 2232 esse
413 2199 610 2240 principium
635 2199 799 2228 bonorum
825 2207 909 2238 quae
934 2203 1071 2238 possunt
1087 2198 1127 2227 ab
1146 2198 1219 2238 ipso
1243 2197 1354 2236 fluere,

275 2261 344 2284 non
369 2257 479 2283 autem
498 2251 575 2282 velit
592 2260 629 2281 ea
652 2250 686 2280 in
702 2249 896 2290 particulari.
913 2249 997 2279 Nam
1016 2260 1070 2285 app
1090 2249 1171 2280 velle
1185 2253 1223 2285 fit
1242 2254 1290 2280 est
1306 2259 1354 2280 se-

277 2303 424 2335 cundum
442 2302 722 2342 comparationem
739 2300 877 2331 volentis
897 2299 936 2330 ad
956 2310 1024 2331 rem
1049 2300 1193 2331 volitam.
1214 2304 1289 2330 Nihil
1306 2312 1354 2330 au-

276 2362 330 2385 rem
349 2357 474 2390 prohibet
493 2356 534 2389 ips
565 2352 640 2383 Non
658 2358 766 2383 autern
783 2352 933 2392 prohibet
947 2351 1055 2382 divina
1071 2352 1258 2392 simplicitas
1275 2353 1353 2392 quin

268 2407 379 2448 .possit
396 2404 575 2444 comparari
593 2403 633 2434 ad
657 2403 759 2434 multa
777 2404 872 2433 etiam
898 2403 1114 2443 particularia:
1132 2402 1248 2433 dicitur
1267 2404 1353 2433 enim

276 2458 366 2489 Deus
383 2457 546 2497 optimum
574 2454 625 2485 vel
649 2455 792 2495 primurn
809 2453 945 2498 (etiam).
960 2460 1108 2494 respectu
1132 2454 1354 2494 singularium.

276 2509 364 2550 Ergo
380 2532 387 2539 .
403 2532 409 2538 .
425 2532 432 2538 .
450 2507 537 2538 velit.
561 2507 579 2545 §
596 2506 688 2536 Item.
716 2505 878 2536 Voluntas
901 2505 963 2536 Dei
987 2509 1132 2534 secundum
1158 2509 1208 2534 hoc
1227 2505 1267 2535 ad
1295 2506 1355 2536 alia

276 2565 483 2600 comparatur
499 2559 695 2598 inquantum
719 2557 898 2588 bonitatem
917 2558 1108 2598 participant
1128 2567 1166 2587 ex
1186 2557 1299 2587 ordine
1316 2557 1354 2587 ad

275 2612 456 2642 bonitatem
480 2610 632 2645 divinam,
657 2618 742 2649 quae
766 2614 813 2639 est
837 2610 918 2639 ratio
946 2608 1077 2639 volendi
1102 2609 1184 2639 Deo.
1205 2608 1268 2639 Sed
1289 2618 1354 2639 non

274 2663 385 2694 solum
399 2685 406 2692 .
422 2685 429 2692 .
444 2685 452 2691 .
469 2670 502 2692 se
519 2659 673 2691 extendit.
690 2661 708 2698 §
724 2660 885 2700 Amplius.
906 2659 1095 2690 Secundum
1120 2660 1355 2700 philosophum

276 2715 310 2746 in
326 2724 358 2744 xr
378 2713 521 2753 metaph.
539 2711 658 2752 duplex
676 2712 802 2742 bonum
819 2711 941 2742 ordinis
958 2712 1120 2742 invenitur
1135 2711 1168 2741 in
1186 2711 1355 2741 universo:

277 2775 382 2798 unum
406 2764 540 2806 quidem
557 2763 738 2794 secundum
756 2763 846 2803 quod
862 2769 969 2794 totum
985 2763 1172 2793 universum
1190 2762 1357 2793 ordinatur

277 2817 318 2849 ad
334 2817 367 2848 id
384 2816 476 2858 quod
500 2821 547 2847 est
571 2821 658 2846 extra
683 2816 881 2853 universum,
902 2816 984 2846 sicut
1009 2815 1167 2845 exercitus
1191 2814 1357 2845 ordinatur

276 2868 317 2900 ad
334 2867 470 2903 ducem;
488 2866 575 2897 aliud
588 2865 768 2896 secundum
783 2865 873 2906 quod
890 2871 994 2905 partes
1011 2866 1151 2896 universi
1168 2865 1357 2896 ordinantur

278 2920 319 2951 ad
334 2919 485 2955 invicem,
503 2919 586 2948 sicut
599 2923 631 2948 et
647 2923 752 2958 partes
770 2918 937 2948 exercitus.
954 2921 1061 2946 Prinrus
1082 2924 1172 2946 aurem
1186 2916 1356 2947 Secundus

276 2977 387 3002 autem
413 2970 495 3001 ordo
513 2975 560 3000 est
589 2975 722 3009 propter
738 2970 892 3009 primum.
910 2969 999 3000 Deus
1023 2975 1143 3005 autern,
1168 2981 1229 2998 cum
1248 2973 1309 2997 velit
1327 2980 1356 2997 se

277 3033 307 3054 ut
324 3027 383 3053 finis
402 3031 444 3052 est
468 3022 520 3062 (ex
543 3021 609 3051 hoc
633 3020 724 3061 quod
741 3021 809 3051 vult
825 3030 859 3050 se
879 3026 915 3051 ut
932 3019 1003 3050 finis
1020 3027 1078 3059 est,
1095 3021 1163 3051 vult
1180 3021 1249 3055 alia,
1273 3029 1356 3060 quae

275 3076 468 3108 ordinantur
491 3074 523 3104 in
549 3074 657 3113 ipsum
682 3078 717 3102 ut
733 3073 765 3102 in
784 3071 896 3112 finem)
915 3072 996 3103 sicut
1013 3072 1186 3112 probatum
1203 3078 1265 3102 est:
1289 3072 1356 3102 vult

277 3133 356 3158 etiam
376 3124 498 3168 (igitur)
517 3126 644 3156 bonum
661 3123 782 3154 ordinis
797 3124 896 3154 totius
917 3124 1057 3154 universi
1077 3124 1108 3153 in
1130 3124 1236 3164 ipsum
1253 3127 1284 3157 εἰ,
1300 3127 1356 3152 vult

276 3186 311 3211 et
323 3180 449 3210 bonum
463 3175 586 3207 ordinis
601 3175 738 3205 universi
755 3174 936 3205 secundum
950 3180 1054 3214 partes
1067 3183 1140 3205 suas
1153 3173 1192 3204 ad
1205 3174 1354 3204 invicem.

278 3235 386 3261 Frustra
409 3234 479 3258 enim
504 3232 553 3257 iste
574 3231 640 3256 ordo
666 3230 792 3256 accideret
811 3230 832 3255 si
851 3229 986 3255 voluntate
1005 3230 1090 3254 divina
1108 3230 1140 3254 ad
1159 3229 1224 3254 illud
1243 3237 1295 3253 non
1313 3236 1355 3253 or-

277 3286 419 3315 dinaretur,
447 3285 513 3309 sicut
532 3283 622 3308 accidit
648 3282 753 3315 quando
778 3279 838 3306 finis
857 3281 1018 3305 desideratus
1038 3280 1158 3313 provenit
1175 3287 1206 3304 ex
1228 3279 1268 3304 his
1287 3287 1356 3313 quae

278 3346 332 3363 non
351 3343 424 3363 erant
443 3337 521 3360 volita
541 3340 646 3368 propter
658 3333 737 3358 finem
750 3333 834 3358 illum.
854 3329 984 3358 Bonum
1010 3334 1118 3358 autem
1135 3327 1257 3358 ordInis
1281 3337 1356 3357 con-

277 3387 380 3426 surgit
404 3396 442 3416 ex
466 3384 601 3424 singulis
625 3383 728 3413 bonis.
755 3381 832 3412 Vult
862 3381 959 3420 igitur
984 3380 1080 3410 etiam
1105 3379 1230 3419 singula
1258 3380 1354 3413 bona,

277 3442 320 3466 vel
344 3449 407 3467 casu
426 3442 503 3466 etiam
516 3439 617 3465 accidit
634 3438 731 3463 accidet
750 3436 901 3461 huiusmodi
918 3436 1017 3460 ordinis
1037 3436 1145 3460 bonum.
1167 3432 1197 3470 (ξ
1214 3431 1355 3461 Praeter-

278 3500 327 3520 ea.
352 3489 387 3520 Si
409 3489 499 3520 Deus
515 3498 584 3519 non
605 3486 674 3517 vult
693 3485 817 3525 singula
834 3485 921 3514 bona
945 3493 983 3514 ex
1008 3483 1125 3524 quibus
1142 3488 1267 3513 constat
1285 3483 1355 3512 uni-

279 3551 420 3577 versum,
444 3541 591 3580 sequitur
615 3537 705 3579 quod
733 3537 764 3567 in
797 3536 948 3566 universo
979 3535 1019 3564 sit
1047 3544 1122 3564 casu
1152 3533 1273 3564 ordinis
1297 3534 1355 3563 bo·

281 3591 387 3633 num.)
411 3591 488 3622 Non
513 3596 561 3621 est
585 3590 673 3620 enim
696 3587 848 3629 possibile
873 3585 963 3627 quod
988 3586 1094 3625 aliqua
1119 3594 1191 3625 pars
1215 3585 1355 3615 universi

279 3645 393 3675 omnia
420 3641 624 3683 particularia
647 3641 734 3671 bona
763 3643 941 3679 componat
964 3638 996 3667 in
1025 3636 1173 3667 ordinem
1204 3637 1355 3674 universi,

280 3695 338 3727 sed
354 3695 424 3726 sola
439 3693 628 3725 universalis
645 3702 742 3724 causa
762 3692 861 3722 totius
885 3690 1025 3720 universi
1045 3692 1091 3725 qui
1111 3694 1239 3723 operetur
1259 3687 1356 3729 (quae

281 3748 372 3778 Deus
396 3752 453 3785 est,
479 3746 535 3787 qui
559 3755 617 3786 per
640 3753 732 3775 suam
756 3743 957 3774 voluntatem
983 3742 1056 3782 agit,
1080 3746 1116 3771 ut
1139 3739 1221 3770 infra
1248 3744 1356 3770 osten-

279 3797 400 3840 detur.)
424 3797 525 3836 Quod
549 3802 657 3828 autem
683 3795 765 3826 ordo
790 3794 931 3826 universi
956 3794 994 3824 sit
1010 3791 1144 3822 casualis
1169 3797 1215 3820 est
1235 3791 1357 3830 impos-

1371 467 1380 487 5

1365 724 1389 738 10

1365 982 1387 1000 ¹5

1364 1238 1390 1253 20

1370 1747 1395 1767 30

1371 2002 1392 2020 ³5

1371 2518 1393 2536 45

1372 2774 1398 2793 50

1374 3027 1394 3046 55

1370 3278 1397 3297 60

1372 3799 1399 3818 70

2403 165 2474 203 33*

1405 247 1505 283 sibile,
1531 248 1607 288 quia
1637 253 1826 288 sequeretur
1849 247 1939 288 quod
1962 248 2066 278 multo
2094 249 2194 288 magis
2218 248 2278 278 alia
2301 255 2390 276 essent
2414 257 2473 287 po-

1404 299 1536 328 steriora
1560 304 1666 329 essent
1689 308 1774 329 casu.
1799 299 2004 340 Relinquitur
2028 300 2123 340 igitur
2150 298 2239 339 quod
2264 299 2352 329 Deus
2377 298 2472 328 etiam

1405 350 1530 390 singula
1555 351 1719 381 bonorum
1737 355 1874 388 cognoscit
1893 351 1971 381 vult.
2002 353 2020 389 §
2037 350 2164 382 Adhuc.
2188 354 2290 379 Bonum
2311 354 2472 378 intellectum

1404 410 1444 429 est
1456 404 1588 430 obiectum
1602 405 1652 430 bon
1666 406 1814 435 voluntatis,
1827 411 1855 430 ut
1868 413 1914 437 per
1926 404 2110 438 philosophum
2124 409 2194 438 patet
2207 405 2233 430 in
2246 405 2320 430 tertio
2333 405 2366 428 de
2379 405 2473 429 anima.

1405 456 1532 480 Voluntas
1547 461 1634 481 autern
1647 456 1740 482 divina.
1753 464 1813 481 cum
1827 457 1860 482 sit
1879 456 1998 489 perfecta.
2018 457 2146 489 adaequat
2159 464 2235 481 suum
2249 456 2389 481 obiectum.
2404 456 2471 480 Cum

1403 508 1480 540 igitur
1502 508 1600 532 bonum
1624 508 1783 533 intellectum
1807 517 1821 533 a
1843 509 1900 533 Deo
1922 509 1954 533 sit
1973 516 2020 533 sua
2039 509 2152 534 essentia
2176 510 2330 541 inquantum
2351 513 2389 532 est
2408 508 2473 532 ratio

1403 559 1582 591 singularium.
1602 560 1722 584 voluntas
1745 560 1821 585 etiam
1847 561 1916 585 volet
1940 560 2080 585 bonitatem
2105 561 2214 585 eandem
2235 561 2377 585 secundum
2402 559 2473 591 quod

1403 614 1444 634 est
1468 610 1637 642 singularium
1661 610 1789 635 bonorum
1808 612 1882 636 ratio.
1902 612 1933 636 Et
1951 612 1988 636 sic
2008 612 2078 636 volet
2096 612 2172 636 etiarn
2192 612 2301 641 singula.
2327 607 2472 648 (Bonum

1402 657 1603 688 intellectum
1616 659 1808 698 inquantum
1822 659 2008 690 huiusmodi
2026 666 2072 690 est
2086 659 2231 690 volitum.
2247 659 2309 689 Sed
2322 660 2409 689 Deus
2426 660 2474 689 in·-

1402 709 1515 749 telligit
1531 710 1626 740 etiam
1641 710 1842 750 particularia
1857 711 1951 748 bona,
1964 717 1999 740 ut
2015 721 2111 750 supra
2129 712 2299 750 probatum
2324 718 2379 740 est.
2398 710 2474 740 Vult

1402 760 1499 799 igitur
1514 761 1610 790 etiam
1627 760 1828 800 particularia
1846 761 1941 791 bona.
1966 763 1984 799 ξ
2000 761 2074 791 Hoc
2091 767 2197 791 autem
2209 785 2216 790 .
2232 785 2237 791 .
2253 785 2260 790 .
2275 760 2364 791 valde
2378 762 2473 791 bona.

1404 863 1484 904 Cap.
1500 862 1640 895 LXXIX.
1658 865 1754 902 QVOD
1773 866 1858 896 Dans
1875 876 1953 895 vuar
1972 875 2065 895 ΕτιΑΜ
2083 876 2120 895 aa
2139 876 2221 895 acas
2239 875 2368 895 nonnum
2385 875 2472 895 SUNT.

1817 930 2064 971 Fragmentum.

1448 1025 1465 1061 ,ξ
1482 1023 1513 1053 Si
1540 1029 1647 1053 autem
1665 1023 1746 1054 velle
1763 1030 1809 1054 est
1826 1033 1883 1063 per
1907 1025 2185 1063 comparationem
2204 1023 2339 1053 volentis
2363 1023 2402 1053 ad
2418 1033 2475 1053 vo-

1404 1073 1507 1109 litum,
1525 1073 1607 1109 forte
1624 1075 1720 1105 alicui
1736 1086 1800 1111 poss
1820 1076 1926 1115 po‘test
1943 1075 2039 1105 videri
2057 1079 2129 1111 quod
2144 1079 2217 1104 Deus
2230 1086 2282 1104 non
2298 1070 2474 1111 (cognuscat)

1404 1129 1467 1154 velit
1488 1136 1553 1158 esse,
1571 1129 1663 1154 divina
1683 1130 1806 1155 voluntas
1830 1126 1919 1166 quod
1944 1127 2032 1157 Deus
2056 1136 2123 1156 non
2148 1126 2222 1156 velit
2247 1127 2307 1156 nisi
2332 1136 2368 1156 ea
2392 1135 2476 1165 quae

1404 1181 1488 1206 sunt.
1514 1176 1597 1206 Nam
1621 1176 1750 1207 relativa
1767 1201 1774 1207 .
1791 1201 1819 1207 ..
1838 1177 1943 1207 docet.
1969 1177 2000 1207 Si
2019 1178 2113 1217 igitur
2130 1177 2211 1207 velle
2236 1182 2282 1207 est
2307 1187 2363 1216 per
2386 1186 2477 1206 com-

1405 1228 1605 1267 parationem
1630 1228 1767 1258 volentis
1791 1228 1830 1258 ad
1855 1228 2002 1264 volitum,
2027 1228 2134 1258 nullus
2158 1233 2265 1268 potest
2281 1228 2362 1258 velle
2389 1228 2475 1269 (nisi)

1405 1289 1441 1309 ea
1458 1288 1542 1319 quae
1558 1285 1643 1310 sunt.
1668 1280 1686 1318 ἓ
1702 1280 1878 1311 Praeterea.
1899 1284 1976 1310 Sicut
2004 1280 2162 1310 Voluntas
2179 1279 2295 1310 dicitur
2311 1279 2349 1310 ad
2367 1280 2476 1318 volita,

1405 1330 1487 1360 sicut
1511 1336 1542 1360 et
1567 1340 1663 1360 causa
1683 1341 1734 1359 non
1754 1338 1786 1361 et
1803 1337 1936 1361 creator.
1953 1331 2027 1361 Non
2046 1336 2153 1360 autem
2179 1336 2285 1371 potest
2301 1330 2364 1360 dici
2381 1331 2477 1360 etiam

1407 1381 1495 1411 Deus
1512 1387 1636 1412 creator
1654 1382 1702 1412 vel
1721 1382 1873 1413 dominus
1890 1382 1938 1412 vel
1965 1387 2054 1421 pater
2069 1382 2129 1412 nisi
2153 1391 2266 1412 eorum
2292 1391 2374 1421 quae
2391 1387 2476 1411 sunt.

1406 1431 1492 1471 Ergo
1517 1442 1577 1462 nec
1602 1439 1708 1472 potest
1738 1432 1801 1463 dici
1831 1433 1912 1463 velle
1942 1434 2002 1463 nisi
2027 1443 2063 1462 ea
2087 1442 2170 1472 quae
2194 1439 2278 1462 sunt.
2302 1433 2320 1470 §
2344 1432 2390 1462 Ex
2414 1432 2478 1463 hoc

1381 1495 1388 1500 ·
1406 1489 1514 1514 autem
1532 1507 1539 1513 .
1555 1507 1561 1513 .
1579 1507 1586 1513 .
1602 1493 1668 1514 non
1685 1493 1812 1524 semper
1828 1485 1877 1514 sit.
1902 1485 1920 1522 ἓ
1936 1484 2056 1514 Dicunt
2074 1507 2080 1514 .
2095 1508 2101 1514 .
2118 1508 2124 1513 .
2142 1484 2174 1514 in
2197 1494 2237 1514 eo
2262 1490 2345 1514 sunt.
2370 1485 2388 1522 §
2404 1484 2478 1514 Hoc

1406 1540 1514 1564 autem
1540 1545 1606 1565 non
1631 1535 1756 1566 videtur
1781 1548 1972 1573 usquequaque
1990 1547 2080 1564 verum
2101 1534 2307 1577 (sufficienter
2331 1534 2478 1574 dictum.)

1408 1585 1490 1616 Nam
1515 1586 1697 1617 secundum
1721 1587 1785 1618 hoc
1810 1591 1903 1617 dicunt
1926 1587 2041 1618 dicitur
2064 1588 2198 1628 quilibet
2222 1587 2334 1617 volens
2358 1586 2480 1627 aliquid

1409 1637 1491 1667 velle
1517 1637 1607 1677 quod
1631 1638 1780 1669 voluntas
1804 1649 1861 1669 sua
1877 1639 2011 1670 refertur
2027 1638 2066 1669 ad
2084 1639 2232 1669 volitum.
2258 1638 2290 1668 Si
2313 1639 2410 1678 igitur
2433 1637 2479 1668 di-

1409 1690 1483 1718 vina
1500 1689 1650 1719 voluntas
1674 1700 1741 1720 non
1759 1690 1894 1720 refertur
1914 1690 1953 1720 ad
1978 1690 2114 1720 volitum
2132 1690 2222 1729 quod
2246 1699 2312 1720 non
2338 1695 2394 1725 est,
2420 1690 2479 1719 nisi

1409 1738 1590 1769 secundum
1608 1739 1698 1779 quod
1715 1746 1762 1770 est
1786 1741 1818 1770 in
1843 1741 1914 1780 ipso
1931 1740 1981 1770 vel
1998 1741 2030 1770 in
2051 1741 2119 1770 eius
2138 1740 2311 1775 intellectu,
2329 1745 2482 1779 sequetur

1410 1788 1500 1829 quod
1520 1793 1579 1818 Deo
1598 1789 1686 1820 Deus
1703 1800 1769 1820 non
1788 1790 1863 1820 velit
1879 1790 1958 1821 illud
1975 1791 2064 1821 aliter
2083 1802 2142 1818 esse
2165 1791 2225 1820 nisi
2246 1790 2320 1830 quia
2340 1790 2407 1819 vult
2432 1789 2482 1827 (il-

1410 1840 1479 1881 lud)
1505 1850 1573 1871 esse
1598 1845 1623 1869 in
1643 1845 1699 1869 Deo
1715 1842 1762 1881 (in
1779 1840 1826 1875 sel
1844 1842 1893 1872 vel
1911 1840 1970 1881 (in)
1995 1843 2063 1872 eius
2087 1842 2263 1872 intellectu.
2283 1841 2356 1871 Hoc
2374 1846 2481 1870 autem

1413 1900 1479 1921 non
1497 1891 1670 1922 intendunt
1687 1891 1868 1931 loquentes,
1885 1892 1941 1922 sed
1958 1892 2048 1932 quod
2065 1893 2153 1922 Deus
2177 1890 2363 1922 huiusmodi
2385 1890 2482 1931 (quae

1410 1942 1557 1973 nondum
1574 1942 1660 1983 sunt)
1678 1943 1755 1973 velit
1770 1953 1838 1973 esse
1855 1944 1951 1974 etiam
1968 1944 1999 1974 in
2017 1944 2138 1984 seipsis.
2159 1945 2176 1982 ἓ
2193 1944 2342 1974 Rursum.
2370 1943 2400 1972 Si
2426 1951 2482 1971 vo-

1410 1994 1515 2024 luntas
1541 2001 1747 2035 comparatur
1778 1995 1817 2025 ad
1848 2005 1914 2025 rem
1940 1995 2071 2026 volitam
2095 1999 2239 2024 secundum
2259 1998 2286 2022 in
2306 2004 2363 2034 per
2386 2003 2481 2023 suum

1410 2045 1586 2081 obiectum,
1620 2044 1709 2085 quod
1746 2051 1792 2076 est
1823 2046 1947 2076 bonum
1983 2045 2185 2076 intellectum
2211 2069 2217 2075 .
2238 2069 2245 2075 .
2264 2069 2270 2075 .
2296 2046 2327 2075 in
2363 2045 2480 2084 seipso.

1410 2096 1564 2127 Dicamus
1581 2097 1676 2137 igitur
1694 2096 1810 2137 (quod)
1832 2101 1961 2134 duplicem
1978 2109 2038 2126 esse
2051 2101 2213 2131 relationem,
2227 2108 2306 2125 unam
2321 2107 2335 2131 q
2354 2100 2400 2127 rei.
2415 2106 2482 2131 quae

1410 2158 1439 2175 ex
1460 2151 1631 2184 dependentia
1650 2159 1736 2177 rerum
1750 2152 1782 2177 ad
1795 2153 1904 2177 invicem
1924 2153 2064 2185 consurgit.
2077 2152 2152 2176 aliam
2168 2157 2255 2177 autem
2274 2151 2388 2179 rationis.
2402 2157 2481 2183 quam

1409 2203 1474 2227 ratio
1485 2203 1612 2228 adinvenit
1622 2204 1688 2228 inter
1701 2204 1786 2236 aliqua
1797 2204 1858 2229 duo.
1871 2204 1940 2228 Sicut
1955 2209 2042 2228 autem
2053 2204 2085 2228 ad
2095 2203 2245 2228 relationem
2258 2202 2367 2227 natural
2377 2206 2482 2226 naturae

1410 2254 1450 2278 vel
1471 2254 1568 2278 realem
1582 2254 1723 2286 requiritur
1736 2260 1877 2287 utrumque
1895 2260 2041 2279 extremum
2060 2262 2119 2279 esse
2139 2259 2196 2279 actu
2215 2254 2240 2278 in
2259 2253 2362 2286 propria
2381 2257 2482 2281 natura,

1409 2305 1444 2330 ita
1463 2306 1494 2330 ad
1513 2306 1666 2331 relationem
1686 2306 1790 2331 rationis
1814 2307 1951 2339 requiritur
1974 2312 2116 2338 utrumque
2142 2311 2286 2330 extremum
2307 2312 2366 2329 esse
2390 2303 2480 2335 <actu>

1410 2358 1447 2392 (a)
1460 2359 1558 2384 ratione
1571 2359 1799 2391 comprehensum.
1813 2360 1867 2384 sive
1881 2365 2022 2392 utrumque
2037 2359 2069 2384 sit
2088 2364 2146 2384 actu
2165 2359 2190 2383 in
2209 2365 2297 2383 rerum
2311 2362 2409 2386 natura,
2428 2357 2483 2381 sive

1410 2411 1528 2439 alterum,
1542 2411 1597 2435 sive
1610 2415 1740 2435 neutrum.
1761 2410 1834 2435 Ratio
1853 2416 1939 2435 autem
1959 2418 2010 2435 non
2022 2410 2036 2424 ⁸
2056 2409 2253 2442 comprehendit
2271 2416 2330 2433 esse
2343 2409 2368 2433 in
2380 2408 2483 2440 propria

1411 2466 1501 2486 natura
1520 2461 1601 2486 etiam
1622 2461 1695 2493 quod
1714 2461 1832 2486 nondum
1857 2461 1898 2485 vel
1924 2461 1948 2485 in
1974 2461 2112 2493 praeterito
2136 2460 2176 2484 vel
2201 2458 2287 2484 futuro
2312 2459 2388 2483 etiam
2411 2457 2482 2490 quod

1411 2521 1463 2537 non
1480 2518 1522 2537 est
1535 2518 1600 2541 actu.
1620 2517 1646 2537 et
1664 2520 1716 2536 non
1735 2512 1822 2536 solum
1839 2518 1896 2536 esse
1907 2511 2104 2544 comprehendit
2126 2510 2188 2535 illud
2208 2517 2267 2535 esse
2290 2510 2315 2534 in
2334 2510 2430 2542 seipso.
2450 2509 2483 2534 Et

1411 2563 1556 2588 secundum
1576 2563 1624 2587 hoc
1643 2563 1734 2587 relatio
1753 2562 1892 2587 relationis
1906 2563 2011 2586 rationis
2029 2565 2069 2586 est
2087 2561 2226 2586 attenditur
2244 2560 2276 2585 ad
2295 2560 2319 2584 id
2339 2559 2410 2592 quod
2430 2567 2483 2583 non

1411 2621 1451 2640 est
1465 2617 1556 2647 potest
1584 2620 1640 2638 esse
1665 2613 1793 2643 absolute,
1815 2621 1866 2637 non
1893 2613 2036 2637 secundum
2059 2612 2130 2645 quod
2153 2617 2193 2636 est
2220 2611 2245 2635 in
2271 2611 2387 2640 ratione;
2417 2610 2484 2634 sicut

1411 2672 1481 2699 patet
1500 2674 1558 2691 cum
1579 2666 1678 2694 dicitur,
1698 2665 1779 2690 Cesar
1803 2663 1851 2689 fuit
1874 2664 1945 2696 prior
1969 2665 2097 2696 Augusto,
2117 2662 2237 2695 prioritas
2257 2662 2324 2686 enim
2345 2661 2484 2685 attenditur

1411 2718 1556 2742 secundum
1574 2717 1700 2741 rationem
1721 2723 1772 2740 non
1793 2716 1858 2740 inter
1879 2714 2126 2747 comprehensiones
2151 2713 2264 2741 rationis,
2285 2712 2345 2744 quia
2364 2711 2483 2736 rationes

1412 2770 1476 2794 ratio
1495 2768 1693 2802 comprehendit
1712 2773 1852 2800 utrumque
1871 2767 1958 2795 simul¹
1978 2766 2024 2791 sed
2038 2765 2104 2790 inter
2121 2766 2190 2797 ipsas
2211 2772 2252 2788 res
2271 2762 2483 2795 comprehensas,

1412 2820 1532 2853 quamvis
1552 2824 1672 2844 neutrum
1693 2819 1725 2843 sit
1745 2824 1812 2844 actu.
1831 2818 1864 2842 Et
1887 2817 1971 2842 simile
1995 2822 2035 2841 est
2058 2816 2079 2840 si
2103 2815 2213 2840 alterum
2237 2819 2337 2838 tantum
2361 2814 2393 2838 sit
2417 2818 2482 2842 actu,

1412 2872 1478 2897 sicut
1496 2871 1517 2895 si
1546 2871 1638 2899 dicam,
1664 2870 1720 2903 Ego
1746 2877 1806 2894 sum
1829 2869 1899 2902 prior
1925 2867 2083 2893 antichristo.
2111 2867 2237 2892 Voluntas
2271 2866 2370 2890 Relatio
2396 2869 2483 2889 autem

1411 2922 1551 2948 voluntatis
1571 2932 1586 2945 ve
1606 2932 1622 2944 ι
1638 2922 1669 2946 ad
1682 2921 1761 2945 volita
1774 2926 1814 2945 est
1827 2920 1916 2945 relatio
1931 2919 2034 2943 rationis
2049 2926 2101 2942 non
2114 2918 2150 2942 rei
2159 2918 2175 2934 '⁸
2191 2922 2266 2943 cum
2278 2916 2346 2941 enim
2358 2912 2482 2941 bonum

1413 2970 1651 3010 apprehensum

1472 3168 1554 3207 Cap.
1579 3166 1736 3197 LXXXII.
1763 3166 1923 3195 Rarloxas
1949 3174 2104 3194 Dt‘CEN‘rEs
2130 3173 2170 3192 AD
2195 3172 2419 3192 rxcoxvaffless

1570 3229 1595 3248 si
1620 3218 1705 3248 Dat-s
1729 3227 1802 3253 ama
1826 3228 1846 3246 A
1870 3227 1902 3246 sa
1927 3225 1991 3246 xor<
2015 3223 2201 3244 NECESSARIO
2226 3223 2326 3243 vanlr.

1824 3281 2069 3321 Fragmentum.

1412 3383 1598 3415 ...potentiae
1623 3376 1772 3416 (virtutis)
1802 3375 1968 3410 redundat,
2001 3380 2032 3404 et
2064 3373 2244 3404 ostenditur
2275 3382 2343 3402 csse
2368 3377 2482 3412 poten-

1412 3431 1525 3461 tialitas
1550 3431 1582 3461 in
1607 3430 1685 3470 ipsa,
1718 3428 1801 3458 sicut
1832 3432 1918 3467 patet
1951 3427 1983 3456 in
2015 3425 2180 3456 intellectu
2210 3423 2393 3458 dubitantis,
2425 3423 2481 3462 qui

1412 3481 1561 3513 nondum
1588 3485 1779 3520 assequutus
1815 3484 1861 3509 est
1892 3478 2048 3518 principia
2059 3487 2111 3524 ‘ex
2142 3476 2259 3516 quibus
2284 3474 2324 3506 ad
2347 3474 2482 3505 alterum

1387 3541 1394 3546 ¹
1413 3532 1659 3567 determinetur3
1681 3540 1707 3559 et
1725 3534 1749 3558 in
1768 3533 1863 3558 virtute
1881 3532 2005 3565 gressum.
2024 3539 2091 3564 quae
2115 3538 2144 3555 se
2162 3530 2240 3555 habet
2262 3529 2438 3554 indifferenter
2455 3534 2484 3553 ut

1413 3588 1445 3612 ad
1464 3588 1580 3612 diversas
1600 3591 1688 3620 partes
1702 3590 1813 3614 moveat.
1827 3589 1965 3616 antequam
1985 3577 2216 3607 determineturad
2236 3587 2318 3605 unum
2336 3587 2383 3612 per
2401 3579 2483 3611 impe-

1413 3639 1480 3663 rium
1499 3637 1654 3667 voluntatis;
1674 3642 1699 3661 et
1718 3637 1743 3661 in
1763 3636 1818 3668 ipsa
1837 3635 1969 3659 voluntate
1988 3634 2028 3658 cui
2047 3633 2088 3658 vel
2108 3640 2159 3658 non
2180 3631 2221 3656 vel
2240 3632 2357 3656 nondum
2372 3636 2483 3657 statutus

1414 3696 1453 3715 est
1472 3689 1529 3714 finis
1549 3696 1596 3722 per
1614 3688 1751 3717 rationem,
1770 3687 1810 3711 vel
1831 3695 1883 3711 non
1901 3691 1961 3711 sunt
1975 3686 1997 3710 ei
2013 3684 2197 3709 determinatae
2215 3684 2271 3708 viae
2290 3683 2385 3716 quibus
2403 3681 2482 3707 finem

1413 3742 1541 3766 intentum
1566 3740 1691 3771 consequi
1712 3743 1810 3771 posset,
1835 3738 1904 3762 unde
1922 3737 2023 3762 vacillat
2042 3737 2107 3761 inter
2126 3735 2187 3761 duo.
2207 3731 2254 3762 Ex
2271 3736 2359 3771 parte
2376 3736 2482 3760 autem

1414 3789 1483 3819 eius
1508 3787 1547 3818 ad
1571 3786 1661 3827 quod
1687 3785 1812 3821 dicitur,
1838 3785 1998 3815 invenitur
2022 3783 2127 3823 aliqua
2158 3783 2257 3813 virtus
2288 3782 2327 3812 ad
2360 3787 2483 3812 utrum-

353 3925 370 3950 b
385 3923 417 3949 53
437 3923 544 3948 rationis
563 3930 617 3947 non
636 3921 682 3954 rei]
703 3921 775 3946 Haec
793 3925 855 3945 sunt
873 3919 963 3944 ultima
983 3918 1062 3943 verba
1081 3917 1133 3941 folii
1149 3915 1181 3940 23
1202 3921 1227 3940 et
1246 3914 1359 3939 fasciculi
1386 3913 1458 3938 cuius
1479 3918 1518 3937 est
1538 3919 1606 3944 pars,
1627 3911 1744 3935 Primum
1763 3909 1854 3934 folium
1877 3907 2012 3940 sequentis
2037 3906 2151 3931 fasciculi
2175 3905 2342 3934 desideratur,
2362 3903 2408 3928 sed
2427 3903 2483 3928 eius

281 3969 412 3995 inchoatio
430 3967 551 3994 scribitur
568 3971 693 3999 tanquam
712 3965 859 3990 exclamans
879 3965 905 3989 in
924 3968 1038 3989 extrema
1056 3969 1102 3986 ora
1127 3960 1187 3990 folii,
1210 3960 1275 3984 Cum
1300 3957 1381 3992 (enim
1402 3956 1464 3991 del.)
1490 3957 1586 3982 bonum
1612 3954 1815 3987 apprehensum.
1839 3960 1907 3986 quae
1932 3951 2012 3977 verba
2035 3950 2213 3982 coniungenda
2237 3954 2298 3973 sunt
2322 3955 2381 3972 cum
2406 3954 2484 3979 supra

281 4014 382 4048 positis,
395 4014 413 4039 l.
433 4013 475 4046 37.
496 4012 626 4037 Dicamus
645 4010 732 4044 igitur
749 4009 830 4042 quod.

280 4059 425 4084 rationibus
444 4057 560 4083 adductis
579 4055 761 4088 respondetur.

429 4113 523 4136 Summa
543 4109 653 4133 Con-rna
675 4109 810 4133 Garamas
830 4107 860 4131 Γ).
880 4106 996 4131 Tamna
1016 4105 1085 4129 Τοκ.
1107 4104 1123 4128 l.

904 4007 937 4033 62
957 4007 1087 4040 potentiae
1102 3998 1210 4037 virtutis]
1233 4003 1379 4028 Notandum
1399 4006 1439 4027 est
1457 4001 1529 4034 quod
1548 4000 1723 4033 fragmentum
1743 3998 1793 4023 hoc
1806 3998 1839 4022 ad
1857 3997 1928 4022 illam
1944 4001 2044 4030 partem
2058 3995 2133 4020 huius
2148 3993 2250 4026 capituli
2265 3992 2375 4025 pertinet
2394 3991 2419 4015 in
2433 3998 2484 4023 qua

2306 4090 2339 4114 80

2503 1031 2549 1052 ’.ην
2566 1025 2617 1051 δ4ς
2635 1030 2716 1051 pau-

2504 1058 2542 1072 :22
2558 1058 2569 1072 a
2587 1058 2617 1080 ¹3·

2512 2406 2518 2413 ·
2536 2410 2580 2424 nrm
2601 2410 2654 2424 casu
2676 2409 2714 2424 noi

2512 2431 2553 2452 tuit
2597 2430 2716 2463 prae-dele

2513 2462 2568 2478 tum.
2587 2457 2621 2478 (A.
2637 2457 2713 2478 statim

2512 2490 2557 2504 nrm
2574 2484 2656 2504 solum.

2512 2915 2520 2923 ·
2538 2919 2560 2941 :⁸3
2573 2920 2584 2934 v
2599 2913 2612 2934 b
2633 2914 2655 2935 in
2677 2914 2716 2934 im(

2512 2947 2557 2966 inu.

2511 3378 2577 3395 :ira
2592 3371 2714 3393 1-223226
