2768 4134
3 1083 7 1099 ἰ
53 1079 66 1092 ·
79 1079 116 1104 Cf.
131 1085 154 1102 n.
169 1085 220 1101 vm.

54 2015 65 2027 ·
79 2013 116 2038 Cf.
129 2019 154 2038 n.
169 2020 218 2043 neq.

11 2859 32 2874 '³
53 2859 66 2870 ⁹
79 2857 116 2882 Cf.
130 2864 153 2882 n.
165 2864 205 2881 vn.

55 3489 68 3500 ⁶
80 3488 113 3511 m
130 3489 159 3512 de
174 3490 268 3517 Anima,

12 3507 33 3550 ³⁴:
56 3521 88 3543 lv,
99 3521 135 3543 ης
150 3523 173 3544 v,
183 3523 203 3538 2.

870 284 1059 321 SUMMA
1088 285 1310 323 CONTRA
1339 286 1614 334 GENTILES,
1646 287 1756 324 CAP.
1777 289 1928 325 LXXII.

301 362 466 392 obiectum
498 368 555 399 est,
580 362 732 394 fundatur
760 372 857 403 super
888 364 1017 394 obiecto
1050 365 1230 396 intellectus
1259 371 1295 396 ut
1325 371 1372 396 est
1398 365 1401 374 ⁴

300 407 477 443 obiectum,
495 407 586 447 quod
602 408 700 438 etiam
720 407 874 438 fundetur
886 409 1035 439 voluntas
1051 419 1148 449 super
1159 410 1370 446 intellectum,

298 456 331 481 et
355 451 447 491 quod
462 452 576 483 volens
592 451 746 483 fundetur
761 462 859 493 super
874 453 1066 494 intelligens,
1082 455 1126 484 ita
1144 455 1266 485 scilicet
1281 455 1372 495 quod

299 505 404 526 unum
427 497 563 527 alterum
588 497 837 528 concomitatur.
854 497 896 528 Et
911 508 1007 538 super
1030 499 1094 529 hoc
1117 498 1270 530 fundatur
1293 509 1372 530 con—

299 541 468 581 sequentia
491 546 523 572 et
545 541 694 581 probatio
719 542 799 572 eius.
817 542 948 573 Bonum
972 544 1059 574 enim
1087 544 1298 581 intellectum,
1323 545 1372 574 in⁴

300 591 459 625 quantum
483 585 682 622 huiusmodi,
698 585 782 617 idest
796 587 990 627 inquantum
1006 588 1217 624 intellectum,
1235 595 1282 619 est
1298 588 1371 619 fun-

299 629 490 661 damentum
505 630 611 666 voliti;
628 636 661 661 et
676 637 752 661 sunt
766 632 971 663 materialiter
985 632 1089 670 idem;
1107 634 1255 674 ratioque
1274 634 1371 664 unius

297 675 459 706 rationem
483 675 612 705 alterius
636 677 891 713 concomitatur;
916 678 959 707 ita
988 677 1078 717 quod
1100 678 1181 709 nihil
1204 679 1301 709 habet
1323 688 1371 708 ra-

298 719 424 750 tionem
447 719 540 750 voliti
563 720 626 750 nisi
652 721 693 750 sit
720 721 845 751 bonum
875 722 1088 757 intellectum,
1113 729 1144 753 et
1175 722 1216 753 ad
1246 723 1371 753 bonum

298 763 511 799 intellectum,
535 764 730 804 inquantum
754 766 952 802 huiusmodi,
971 768 1181 807 consequitur
1205 768 1286 798 ratio
1313 777 1371 798 vo—

297 807 356 838 liti.
381 808 584 846 Intellectum
601 814 710 840 autem
727 809 804 840 dicit
821 810 969 842 ordinem
986 811 1026 841 ad
1041 811 1286 851 intelligentem,
1303 817 1372 842 tan-

298 862 398 892 quam
421 853 489 884 eius
505 853 627 884 scilicet
642 853 778 885 formale
794 856 960 886 obiectum
977 861 1013 886 ut
1029 856 1195 886 obiectum
1212 862 1271 886 est:
1288 857 1372 887 sicut

298 897 423 928 visibile
447 897 524 928 dicit
543 898 692 929 ordinem
715 899 756 929 ad
779 899 954 930 videntem.
979 900 1057 930 ldeo
1074 906 1203 940 oportet
1223 906 1260 931 ut
1278 901 1371 931 intel-

298 942 400 982 ligens
424 948 456 972 et
478 943 592 973 volens
615 944 678 974 sint
701 944 906 974 materialiter
927 944 1025 980 idem,
1043 950 1202 984 quantum
1224 945 1372 976 videlicet

298 986 339 1017 ad
350 987 572 1027 suppositum;
591 994 622 1018 et
634 998 704 1018 esse
719 988 953 1028 intelligentem
965 989 1005 1019 sit
1020 988 1269 1020 fundamentum
1284 990 1372 1020 unde

298 1031 421 1072 aliquid
445 1032 541 1062 habet
565 1038 601 1063 ut
623 1033 663 1063 sit
686 1032 810 1063 volens.

354 1076 391 1106 ΙΙ.
408 1076 557 1107 Secundo
568 1078 595 1107 *.
616 1076 736 1107 Omnia
757 1077 967 1116 intelligentia
983 1083 1015 1108 et
1031 1078 1199 1108 sentientia
1215 1084 1372 1118 appetunt

298 1126 330 1152 et
350 1121 475 1151 volunt.
491 1120 556 1152 Sed
572 1121 662 1151 Deus
678 1126 725 1151 est
741 1121 932 1161 intelligens.
953 1122 1039 1162 Ergo
1056 1128 1103 1152 est
1117 1122 1241 1153 volens.
1257 1141 1280 1144 —
1295 1123 1373 1153 Pro-

297 1166 391 1196 batur
406 1165 611 1196 antecedens.
632 1165 667 1195 In
684 1166 775 1195 omni
790 1165 989 1206 intelligente
1013 1173 1045 1197 et
1068 1167 1224 1197 sentiente
1249 1174 1296 1197 est
1318 1169 1373 1198 ha-

297 1209 412 1241 bitudo
434 1209 475 1240 ad
494 1219 563 1240 rem
583 1209 764 1240 secundum
781 1210 872 1250 quod
889 1216 936 1240 est
958 1216 1061 1241 extra:
1087 1221 1162 1241 cum
1181 1212 1215 1241 in
1237 1212 1315 1251 ipsis
1334 1213 1374 1242 sit

297 1254 402 1285 forma
425 1254 471 1284 rei
494 1254 675 1284 intellectae
703 1259 736 1284 et
763 1260 922 1291 sensatae;
947 1255 1068 1285 habens
1091 1262 1201 1286 autem
1231 1256 1373 1297 aliquam

296 1298 436 1330 formam
460 1298 624 1338 perillam
648 1299 745 1329 habet
768 1299 991 1330 habitudinem
1011 1300 1050 1330 ad
1074 1309 1111 1330 ea
1135 1310 1218 1340 quae
1242 1307 1317 1331 sunt
1339 1302 1372 1331 in

294 1348 553 1378 rerum‘naturm
570 1348 607 1373 ut
630 1348 717 1383 patet
741 1342 781 1373 de
804 1343 893 1383 ligno
918 1344 1003 1380 albo,
1020 1344 1111 1384 quod
1134 1354 1192 1384 per
1215 1355 1307 1376 suam
1329 1346 1372 1375 al-

296 1387 450 1419 bedinem
473 1387 635 1427 aliquibus
659 1393 707 1418 est
729 1388 833 1418 simile
849 1388 1011 1428 aliquibus
1027 1398 1104 1419 vero
1122 1389 1284 1420 dissimile.
1307 1390 1374 1420 Aut

297 1441 375 1472 ergo
398 1432 464 1462 hoc
487 1437 535 1462 est
550 1441 608 1472 per
628 1432 692 1462 hoc
709 1432 800 1472 quod
815 1433 999 1473 intelligunt
1015 1439 1047 1463 et
1066 1434 1223 1464 sentiunt:
1245 1440 1301 1464 aut
1316 1443 1373 1474 per

296 1476 420 1517 aliquid
442 1475 541 1512 aliud,
565 1476 688 1507 scilicet
711 1486 768 1516 per
797 1478 978 1517 appetitum
1006 1483 1038 1508 et
1061 1478 1272 1508 voluntatem.
1297 1478 1373 1509 Non

296 1522 456 1563 primum:
476 1521 552 1560 quia
575 1530 634 1561 per
657 1521 722 1551 hoc
737 1522 839 1561 magis
855 1521 1073 1552 attenderetur
1092 1522 1249 1553 habitudo
1266 1532 1372 1553 rerum

297 1565 338 1598 ad
359 1565 594 1606 intelligentem
618 1571 651 1596 et
673 1566 877 1602 sentientem,
901 1575 978 1596 cum
1000 1567 1178 1606 intelligere
1203 1573 1234 1597 et
1258 1569 1374 1598 sentire

297 1616 361 1642 unt
382 1610 566 1642 secundum
591 1609 681 1650 quod
704 1620 754 1641 res
778 1616 854 1641 sunt
877 1611 911 1640 in
934 1611 1134 1651 intelligente
1158 1617 1190 1642 et
1205 1612 1373 1642 sentiente.

297 1655 386 1696 Ergo
408 1654 601 1686 secundum.
626 1654 721 1695 Ergo·
738 1660 799 1686 etc.

353 1699 450 1732 Circa
472 1699 677 1736 antecedens,
701 1699 830 1730 adverte
854 1699 945 1740 quod
972 1700 1199 1740 accipiendum
1223 1706 1270 1731 est
1294 1701 1373 1731 divi-

297 1745 369 1782 sim,
392 1744 559 1776 reddendo
583 1744 706 1775 scilicet
735 1744 861 1785 singula
884 1745 1031 1785 singulis:
1056 1755 1124 1776 non
1149 1747 1236 1776 enim
1264 1747 1374 1776 omnia

297 1790 467 1821 sentientia
488 1789 614 1825 volunt,
633 1789 690 1820 sed
709 1790 820 1820 omnia
839 1789 1009 1820 sentientia
1027 1796 1195 1830 appetunt,
1213 1796 1245 1821 et
1263 1791 1374 1821 omnia

296 1834 507 1875 intelligentia
527 1834 653 1864 volunt.
678 1833 773 1865 Unde
795 1834 960 1864 subiunxit
981 1834 1117 1865 Sanctus
1139 1835 1295 1871 Thomas,
1318 1845 1374 1866 νο-

297 1879 408 1911 luntas
430 1884 538 1910 autem
557 1878 697 1919 proprie
720 1879 752 1909 in
778 1879 941 1909 intellectu
966 1884 1022 1915 est,
1039 1878 1120 1910 idest
1136 1880 1169 1910 in
1192 1885 1305 1910 natura
1326 1881 1374 1910 in-

296 1924 472 1965 telligente.

354 1968 406 1999 111.
419 1967 516 1999 Circa
530 1968 618 1998 hunc
634 1973 744 1998 autem
760 1976 949 2007 processum
967 1968 1188 2008 multipliciter
1200 1968 1372 1999 dubitatur.

296 2013 406 2044 Primo
417 2014 444 2049 ὓ,
461 2013 538 2052 quia
554 2011 680 2042 videtur
696 2011 833 2042 Sanctus
845 2011 992 2042 Thomas
1007 2012 1297 2043 contradictionem
1312 2014 1373 2043 im-

296 2058 426 2099 plicare.
451 2057 485 2088 Si
508 2058 596 2087 enim
620 2057 818 2096 cuicumque
840 2057 924 2086 inest
947 2057 1053 2096 aliqua
1081 2056 1269 2094 formarum,
1294 2058 1373 2088 illud

296 2103 394 2133 habet
416 2111 475 2143 per
497 2102 585 2132 illam
614 2100 837 2131 habitudinem
861 2100 901 2131 ad
924 2110 962 2131 ea
986 2111 1070 2141 quae
1100 2108 1175 2132 sunt
1202 2103 1235 2132 in
1265 2112 1372 2133 rerum

296 2153 424 2184 natura;
448 2147 483 2177 in
505 2146 673 2177 intellectu
697 2151 806 2176 autem
837 2151 869 2175 et
900 2155 1007 2180 sensu,
1032 2147 1227 2186 inquantum
1258 2147 1373 2177 intelli-

295 2201 375 2232 gens
391 2197 424 2222 et
443 2192 585 2222 sentiens
604 2196 661 2227 est,
676 2191 840 2220 invenitur
859 2189 963 2221 forma
983 2191 1029 2221 rei
1049 2191 1230 2222 intellectae
1251 2198 1282 2222 et
1301 2201 1373 2221 sen-

296 2242 396 2267 satae:
421 2236 568 2277 sequitur
583 2234 675 2276 quod
690 2234 872 2274 intelligens
893 2241 924 2265 et
947 2235 1098 2271 sentiens,
1122 2245 1180 2276 per
1202 2236 1266 2266 hoc
1283 2236 1373 2276 quod

296 2281 445 2321 intelligit
469 2286 501 2311 et
524 2280 629 2315 sentit,
654 2280 751 2310 habet
773 2279 996 2310 habitudinem
1025 2280 1065 2310 ad
1093 2290 1162 2310 rem
1192 2281 1372 2311 secundum

297 2325 389 2366 quod
412 2331 460 2356 est
484 2331 581 2355 extra.
598 2325 686 2365 Ergo
702 2324 886 2364 implicatur
903 2324 1115 2355 contradictio
1140 2335 1215 2356 cum
1240 2326 1373 2356 subiun-

296 2371 382 2411 gitur
397 2369 488 2410 quod
503 2370 566 2400 hoc
581 2379 647 2399 non
660 2374 709 2399 est
718 2378 781 2409 per
791 2369 852 2398 hoc
864 2369 952 2409 quod
966 2370 1110 2399 sentiunt
1126 2375 1157 2399 et
1173 2370 1371 2411 intelligunt.

352 2414 506 2446 Secundo
517 2415 543 2444 ⁸.
561 2414 746 2454 Intelligens
758 2413 906 2453 intelligit
918 2423 987 2444 rem
1001 2414 1181 2444 secundum
1197 2424 1266 2445 esse
1283 2415 1373 2454 quod

296 2461 330 2491 in
346 2460 451 2500 seipsa
466 2460 572 2495 habet,
589 2464 622 2489 et
637 2458 781 2489 similiter
801 2467 914 2488 sensus
937 2459 1042 2494 sentit,
1064 2464 1095 2489 et
1118 2459 1310 2489 assimilatur
1328 2461 1373 2490 rei

297 2504 445 2535 existenti
469 2510 555 2534 extra
578 2513 636 2544 per
659 2502 799 2533 formam
823 2512 921 2542 quarn
944 2503 1051 2534 habet.
1076 2503 1162 2543 Ergo
1186 2503 1302 2534 falsum
1327 2510 1374 2534 est

297 2548 389 2589 quod
400 2548 582 2588 intelligens
595 2553 627 2578 et
643 2548 794 2584 sentiens,
807 2557 864 2588 per
880 2548 944 2578 hoc
957 2548 1047 2588 quod
1060 2548 1208 2587 intelligit
1224 2554 1255 2578 et
1267 2549 1372 2584 sentit,

295 2603 365 2624 non
389 2593 486 2623 habet
508 2592 732 2623 habitudinem
747 2592 788 2622 ad
802 2601 871 2623 rem
888 2592 1068 2623 secundum
1089 2593 1182 2633 quod
1205 2599 1253 2623 est
1276 2599 1371 2623 extra.

354 2637 466 2668 Tertio
479 2638 506 2667 ¹⁶.
531 2637 622 2668 Sicut
644 2637 685 2668 ad
712 2637 777 2667 hoc
805 2636 896 2677 quod
926 2637 1108 2668 intellectus
1138 2638 1294 2678 intelligat
1315 2647 1372 2668 ne-

298 2692 387 2714 cesse
411 2688 459 2713 est
481 2687 518 2713 ut
540 2691 590 2712 res
613 2682 653 2712 sit
674 2682 850 2717 inanima,
874 2682 918 2711 ita
933 2681 974 2712 ad
997 2682 1061 2712 hoc
1086 2687 1121 2712 ut
1143 2682 1257 2712 volens
1282 2682 1371 2712 velit:

298 2728 375 2768 quia
390 2726 540 2757 voluntas
555 2735 624 2756 non
641 2725 741 2756 fertur
756 2726 789 2756 in
805 2727 932 2756 bonum
955 2726 1016 2756 nisi
1032 2733 1068 2756 ut
1089 2727 1268 2766 cognitum.
1286 2726 1371 2766 Ergo

296 2781 366 2803 non
389 2771 491 2812 magis
506 2771 620 2801 volens
643 2771 739 2801 habet
762 2770 985 2801 habitudinem
1006 2770 1045 2800 ad
1068 2780 1136 2801 rem
1161 2776 1197 2800 ut
1216 2776 1263 2801 est
1286 2777 1371 2800 extra

297 2826 397 2858 quam
421 2815 613 2846 intellectus.

352 2861 480 2899 Quarto
493 2861 520 2890 ³.
550 2860 584 2890 Si
613 2860 673 2890 iste
703 2868 874 2899 processus
901 2865 1035 2895 teneret,
1063 2864 1253 2899 sequeretur
1267 2858 1371 2899 -quod

296 2906 479 2946 intelligens
501 2904 599 2936 vellet
623 2903 779 2945 quicquid
802 2903 1004 2943 intelligeret.
1029 2903 1063 2934 Si
1087 2904 1174 2933 enirn
1197 2904 1231 2933 in
1255 2903 1371 2933 intelli-

296 2956 393 2991 gente
417 2955 465 2980 est
487 2948 644 2980 habitudo
669 2947 709 2978 ad
731 2958 800 2978 rem
824 2947 1004 2978 secundum
1029 2947 1120 2987 quod
1144 2953 1230 2977 extra
1254 2954 1317 2984 est:
1341 2954 1372 2978 et

296 2995 377 3025 haec
393 2993 550 3025 habitudo
574 3003 643 3024 non
659 2993 813 3023 convenit
829 2993 888 3022 sibi
904 2993 964 3022 nisi
981 3002 1039 3032 per
1054 2992 1272 3022 voluntatem:
1294 3002 1370 3032 ergo

297 3048 397 3070 omne
421 3038 512 3079 quod
535 3038 717 3069 intellectus
740 3037 899 3077 intellig-it,
915 3037 975 3067 sub
998 3037 1166 3067 voluntate
1182 3036 1276 3067 cadit.
1296 3037 1371 3067 Hoc

297 3090 406 3115 autern
430 3083 546 3114 falsum
571 3089 633 3113 est:
655 3083 731 3122 quia
755 3081 846 3122 quod
869 3081 1065 3121 speculative
1088 3081 1286 3121 intelligitur,
1302 3091 1370 3112 non

297 3128 382 3159 cadit
404 3129 464 3159 sub
488 3128 666 3163 voluntate,
690 3131 727 3157 ut
750 3127 805 3156 sic.
830 3126 917 3166 Ergo
942 3131 1002 3156 etc.

352 3173 406 3204 IV.
423 3172 475 3203 Ad
491 3171 686 3203 evidentiam
702 3171 798 3211 primi
812 3170 912 3206 dubii,
926 3170 1199 3201 considerandum
1215 3176 1262 3201 est
1280 3170 1370 3210 quod

297 3218 387 3249 aliter
411 3218 564 3248 convenit
586 3215 743 3247 habitudo
759 3215 937 3246 intellectui
953 3214 994 3245 ad
1017 3225 1085 3245 rem
1103 3215 1310 3251 intellectam,
1334 3220 1371 3245 ut

296 3263 460 3294 intellecta
476 3267 533 3298 est,
550 3271 609 3302 per
624 3261 764 3292 formam
780 3269 878 3300 quam
894 3260 928 3290 in
945 3269 978 3289 se
994 3260 1105 3290 habet:
1123 3265 1155 3290 et
1171 3259 1260 3290 aliter
1275 3260 1370 3290 rebus

296 3307 514 3338 materialibus
538 3306 578 3337 ad
594 3306 627 3336 id
652 3305 741 3346 quod
757 3305 853 3335 habet
869 3303 1006 3334 eandem
1029 3303 1170 3334 formam
1193 3309 1248 3334 aut
1264 3313 1370 3344 oppo-

297 3353 401 3383 sitam.
426 3351 612 3382 Intellectus
643 3351 730 3381 enim
759 3349 916 3380 habitudo
939 3349 980 3379 ad
1010 3358 1078 3379 rem
1102 3348 1308 3384 intellectam,
1334 3354 1370 3378 ut

297 3402 344 3427 est
366 3397 539 3432 intellecta,
564 3401 611 3426 est
634 3394 790 3426 habitudo
814 3393 946 3424 fundata
961 3403 1058 3433 super
1073 3394 1195 3423 unitate
1218 3393 1368 3433 quadam,

296 3441 478 3472 secundum
502 3440 593 3481 quod
617 3440 798 3470 intellectus
823 3439 855 3469 in
880 3443 954 3469 actu
979 3443 1026 3468 est
1048 3438 1151 3478 ipsum
1173 3438 1368 3467 intellectum

297 3487 330 3516 in
354 3491 430 3516 actu
445 3487 473 3516 ’ἦ
498 3486 539 3516 Et
562 3484 637 3515 ideo
662 3494 702 3515 eo
733 3484 835 3514 modo
868 3484 927 3513 sibi
951 3483 1103 3513 convenit
1133 3482 1288 3512 habitudo
1312 3491 1370 3522 per

296 3530 436 3561 formam
460 3539 559 3570 quam
582 3530 678 3560 habet
694 3529 734 3559 ad
748 3530 852 3569 ipsam
868 3537 935 3558 rem
958 3527 1164 3563 intellectam,
1181 3536 1248 3566 quo
1268 3526 1369 3557 modo

296 3575 357 3606 sibi
381 3575 534 3606 convenit
557 3580 593 3605 ut
616 3575 656 3604 sit
679 3575 786 3614 ipsum
809 3573 1009 3603 intellectum
1025 3572 1058 3602 in
1075 3577 1157 3601 actu.
1180 3571 1238 3601 Est
1261 3576 1369 3602 autem

296 3620 405 3660 ipsum
425 3619 626 3650 intellectum
642 3620 675 3649 in
692 3624 777 3654 actu,
794 3627 863 3648 non
879 3617 1059 3647 secundum
1075 3626 1143 3646 esse
1161 3615 1251 3655 quod
1273 3616 1370 3646 habet

297 3670 385 3695 extra
411 3661 622 3699 intellectum,
652 3663 728 3703 quia
757 3661 937 3693 secundum
961 3661 1040 3691 illud
1069 3670 1136 3691 esse
1167 3669 1235 3690 non
1259 3661 1370 3690 unitur

2422 304 2490 329 211

1426 367 1617 397 intellectui:
1635 368 1691 398 sed
1708 368 1888 399 secundum
1905 379 1973 400 esse
1997 371 2218 408 intentionale‚
2236 373 2327 413 quod
2349 373 2446 404 habet
2463 375 2498 404 in

1426 411 1602 442 intellectu.
1627 412 1674 442 Ex
1698 421 1766 452 quo
1790 414 1921 444 resultat
1944 420 1980 445 ut
2004 425 2061 455 per
2084 416 2219 447 eandem
2243 416 2382 448 formam
2405 418 2497 449 intel-

1426 455 1581 496 ligibilem
1604 457 1785 487 intellectus
1809 458 1849 488 sit
1872 464 1956 494 actu,
1974 465 2005 490 et
2027 460 2228 492 intellectum
2244 462 2283 492 sit
2307 467 2380 493 actu
2403 463 2496 493 intel—

1425 500 1557 536 lectum,
1582 506 1618 531 ut
1640 502 1788 541 superius
1804 503 1821 518 ⁸*
1844 508 1892 533 est
1915 504 2119 543 explicatum.
2145 505 2296 546 Sequitur
2312 516 2389 547 ergo
2406 507 2496 548 quod

1426 545 1617 585 intelligens,
1641 551 1678 575 ut
1705 546 1896 586 intelligens,
1920 557 1989 578 non
2012 548 2090 579 dicit
2113 549 2334 581 habitudinem
2361 551 2401 583 ad
2427 562 2495 582 rem

1426 590 1632 625 intellectam,
1657 595 1694 620 ut
1716 591 1878 621 intellecta
1906 597 1963 628 est,
1988 593 2167 624 secundum
2192 604 2260 625 esse
2288 595 2378 635 quod
2400 597 2496 627 habet

1427 640 1513 665 extra
1536 634 1750 671 intellectum,
1773 635 1830 666 sed
1859 636 2040 667 secundum
2065 638 2154 677 quod
2182 645 2229 669 est
2255 640 2289 670 in
2319 640 2494 671 intellectu.

1426 678 1468 709 Et
1482 678 1569 710 idem
1594 678 1668 709 dico
1685 679 1725 710 de
1741 680 1908 711 senu‘ente.
1925 681 2060 722 Propter
2074 683 2138 713 hoc
2155 682 2231 713 dicit
2254 683 2389 715 Sanctus
2405 685 2495 716 Tho-

1425 733 1495 753 mas
1519 723 1609 763 quod
1626 733 1690 764 per
1712 724 1775 754 hoc
1802 725 1909 766 magis
1936 726 2115 757 attenditur
2142 727 2295 758 habitudo
2320 739 2429 759 rerum
2453 730 2496 760 ad

1426 768 1659 809 intelligentem
1683 774 1715 799 et
1735 769 1943 800 sentientem:
1967 771 2043 810 quia
2072 771 2229 808 videlicet,
2255 782 2293 803 ex
2319 773 2382 803 hoc
2406 773 2496 814 quod

1426 822 1475 843 res
1498 813 1684 853 intelligitur
1712 819 1743 844 et
1766 814 1910 850 sentitur,
1927 824 2057 845 necesse
2081 821 2128 846 est
2149 821 2186 846 ut
2209 817 2351 847 elevetur
2374 817 2413 848 ad
2432 819 2495 858 spi-

1426 857 1539 887 rituale
1563 867 1641 894 esse,
1666 867 1723 898 per
1746 858 1838 898 quod
1860 859 1990 889 uniatur
2012 860 2202 900 intelligenti
2225 866 2257 891 et
2280 862 2438 898 sentienti,
2462 863 2495 892 in

1427 911 1494 941 quo
1518 901 1671 932 fundatur
1694 903 1850 933 habitudo
1866 904 2063 934 huiusmodi.
2081 904 2181 942 Quod
2200 906 2287 935 enim
2311 916 2328 936 a
2352 915 2411 936 suo
2428 916 2496 937 esse

1427 947 1563 976 naturali
1585 955 1716 977 necesse
1733 953 1780 977 est
1796 948 1933 978 abstrahi
1950 949 1975 978 si
1992 948 2032 979 ad
2055 949 2176 989 aliquid
2193 949 2288 980 debet
2310 951 2426 981 habere
2441 951 2496 981 ha-

1426 990 1617 1026 bitudinem,
1635 992 1664 1021 ei
1687 992 1797 1031 potius
1812 993 1994 1024 attribuitur
2013 994 2196 1024 assimilatio
2221 1000 2253 1024 et
2275 995 2441 1032 habitudo,
2460 1001 2497 1026 ut

1427 1035 1529 1075 possit
1553 1035 1615 1065 dici
1639 1035 1730 1076 quod
1752 1037 1821 1077 ipsa
1847 1046 1896 1067 res
1919 1038 1954 1068 in
1985 1047 2053 1068 esse
2076 1038 2212 1069 naturali
2242 1039 2378 1069 existens
2401 1040 2496 1070 habet

1427 1079 1648 1110 habitudinem
1679 1080 1719 1111 ad
1746 1081 1832 1111 aliud
1859 1091 1917 1121 per
1939 1091 2008 1112 esse
2032 1083 2224 1113 abstractum
2254 1083 2344 1124 quod
2366 1084 2400 1114 in
2424 1084 2495 1124 ipso

1426 1124 1532 1159 habet,
1557 1133 1665 1164 quam,
1691 1134 1708 1155 e
1732 1134 1899 1162 converso,
1924 1126 2011 1157 aliud
2037 1127 2151 1157 habeat
2175 1127 2215 1158 ad
2240 1128 2348 1168 ipsum
2370 1128 2496 1159 habitu-

1428 1168 1547 1205 dinem,
1572 1170 1796 1209 unionemque
1820 1176 1851 1200 et
1874 1170 2072 1202 identitatem
2097 1178 2361 1212 consequentem.

1483 1213 1535 1243 Ad
1558 1220 1785 1254 argumentum
1808 1224 1884 1254 ergo
1909 1214 2024 1246 dicitur
2047 1215 2137 1256 quod
2167 1217 2280 1256 utique
2303 1217 2494 1253 intellectus,

1428 1257 1619 1288 informatus
1645 1259 1690 1288 rei
1714 1259 1933 1295 similitudine,
1950 1260 2046 1290 habet
2061 1261 2202 1301 aliquam
2218 1261 2439 1291 habitudinem
2455 1261 2495 1291 ad

1427 1312 1495 1332 rem
1520 1309 1620 1333 extra:
1645 1303 1697 1333 illa
1720 1309 1827 1333 tamen
1851 1304 2006 1334 habitudo
2029 1314 2097 1335 non
2128 1311 2175 1335 est
2197 1305 2352 1336 habitudo
2378 1306 2495 1335 intelli-

1428 1347 1531 1386 gentis
1547 1347 1580 1377 in
1597 1353 1670 1377 actu
1686 1353 1722 1378 ut
1738 1348 1782 1378 sic
1795 1347 1834 1377 ad
1850 1348 2048 1379 intellectum
2061 1349 2094 1379 in
2107 1356 2180 1380 actu
2193 1355 2228 1379 ut
2244 1351 2298 1386 sic,
2315 1350 2494 1380 secundum

1428 1391 1519 1431 quod
1541 1391 1741 1422 intellectum
1762 1391 1937 1422 formaliter
1959 1393 2093 1423 refertur
2116 1394 2155 1424 ad
2178 1394 2409 1434 intelligentem
2425 1400 2457 1424 et
2477 1404 2494 1424 e

1428 1444 1596 1471 converso,
1614 1445 1697 1476 quae
1716 1436 1836 1467 scilicet
1848 1442 1895 1467 est
1906 1436 2060 1467 habitudo
2077 1437 2274 1468 identitatem
2291 1444 2322 1469 et
2337 1440 2494 1469 unionem

1429 1489 1503 1510 cum
1528 1480 1628 1510 altero
1652 1490 1870 1520 consequens;
1895 1491 1963 1510 non
1988 1482 2074 1511 enim
2097 1482 2295 1513 intellectum
2320 1482 2495 1513 formaliter

1429 1530 1475 1554 est
1508 1530 1581 1554 actu
1611 1524 1811 1555 intellectum
1835 1535 1891 1565 per
1915 1535 1982 1555 esse
2007 1525 2097 1565 quod
2119 1527 2215 1556 habet
2238 1533 2334 1562 extra,
2358 1527 2415 1558 sed
2437 1537 2495 1567 per

1429 1578 1497 1598 esse
1522 1568 1613 1608 quod
1635 1569 1731 1598 habet
1754 1570 1786 1599 in
1811 1569 1985 1599 intellectu.
2018 1569 2094 1600 Ideo
2118 1580 2185 1601 non
2208 1571 2292 1601 valet
2313 1572 2392 1602 haec
2417 1581 2494 1602 con-

1427 1613 1609 1653 sequentia:
1627 1613 1819 1654 Intelligens
1833 1614 1927 1643 habet
1941 1614 2158 1644 habitudinem
2175 1615 2218 1645 ad
2238 1625 2305 1645 rem
2320 1616 2494 1646 secundum

1428 1657 1516 1698 quod
1538 1663 1586 1687 est
1608 1662 1712 1693 extra,
1738 1658 1831 1698 Ergo
1857 1658 1948 1688 illam
1971 1659 2064 1688 habet
2076 1668 2140 1699 per
2154 1660 2215 1689 hoc
2233 1660 2320 1700 quod
2343 1661 2497 1701 intelligit

1419 1702 1626 1743 formaliter.
1644 1702 1750 1732 Habet
1766 1701 1909 1742 quidem,
1927 1702 1982 1733 sed
1997 1712 2064 1733 non
2082 1713 2139 1743 per
2154 1704 2218 1734 hoc
2231 1704 2321 1744 quod
2332 1704 2494 1745 intelligit:

1429 1747 1532 1777 immo
1556 1756 1614 1787 per
1636 1747 1700 1777 hoc
1724 1746 1815 1786 quod
1838 1747 1916 1777 vult.

1485 1791 1579 1822 Unde
1603 1791 1655 1821 illa
1679 1791 1871 1831 propositio,
1896 1791 2096 1834 Intelligens‚
2115 1803 2179 1833 per
2201 1793 2263 1823 hoc
2292 1793 2379 1833 quod
2405 1793 2497 1823 intel-

1428 1836 1512 1877 tigit,
1528 1836 1623 1866 habet
1644 1836 1861 1866 habitudinem
1886 1836 1929 1866 ad
1953 1846 2020 1866 rem
2044 1842 2148 1872 extra,
2170 1842 2276 1877 potest
2299 1838 2414 1868 habere
2437 1837 2496 1868 du-

1428 1881 1547 1920 plicem
1571 1890 1712 1911 sensum.
1736 1881 1829 1911 Unus
1853 1886 1900 1911 est
1923 1881 2013 1921 quod
2036 1881 2245 1921 intelligendo
2265 1882 2380 1912 habeat
2400 1882 2496 1912 talem

1428 1924 1651 1955 habitudinem
1675 1924 1859 1961 formaliter,
1885 1926 1976 1965 quasi
1999 1926 2153 1956 habitudo
2185 1926 2224 1956 ad
2253 1936 2321 1956 rem
2349 1932 2435 1956 extra
2458 1927 2497 1956 sit

1428 1969 1583 1999 habitudo
1607 1969 1812 2009 intelligentis
1829 1975 1865 1999 ut
1880 1970 2060 2010 intelligens
2081 1975 2128 2000 est
2148 1970 2188 2000 ad
2211 1980 2279 2000 rem
2302 1970 2495 2001 intellectam

1429 2019 1464 2044 ut
1480 2019 1526 2044 est
1550 2019 1624 2043 actu
1640 2014 1810 2044 intellecta.
1835 2013 1876 2043 Et
1891 2019 1969 2044 tunc
1985 2015 2164 2054 propositio
2189 2020 2236 2045 est
2259 2014 2350 2044 falsa:
2376 2022 2407 2044 et
2427 2015 2495 2044 eius

1428 2058 1618 2098 oppositum
1633 2063 1722 2088 tenet
1738 2058 1789 2088 hic
1815 2057 1950 2088 Sanctus
1966 2058 2120 2088 Thomas.
2146 2058 2221 2089 Non
2238 2059 2323 2089 enim
2339 2058 2495 2089 habitudo

1427 2103 1632 2142 intelligentis
1655 2108 1692 2132 ut
1713 2102 1894 2142 intelligens
1919 2108 1966 2132 est
1988 2103 2027 2133 ad
2050 2112 2118 2133 rem
2142 2108 2189 2133 est
2212 2109 2248 2133 ut
2271 2109 2367 2139 extra,
2384 2103 2439 2133 sed
2459 2109 2496 2133 ut

1429 2153 1475 2178 est
1490 2147 1524 2177 in
1540 2147 1715 2183 intellectu,
1734 2152 1769 2177 ut
1790 2146 1999 2177 ostendimus.
2016 2165 2038 2169 -
2053 2148 2145 2177 Alius
2169 2153 2216 2178 est
2234 2147 2324 2188 quod
2346 2147 2416 2177 talis
2439 2148 2495 2177 ha-

1428 2191 1541 2222 bitudo
1566 2192 1802 2221 concomitetur
1825 2191 2056 2231 intelligentem
2073 2197 2108 2222 ut
2129 2197 2175 2222 est
2197 2192 2387 2231 intelligens,
2404 2192 2495 2232 quasi

1428 2236 1605 2276 intelligere
1629 2237 1668 2266 sit
1692 2237 1784 2275 origo
1808 2236 1877 2265 talis
1901 2235 2106 2266 habitudinis.
2133 2236 2174 2266 Et
2197 2237 2241 2266 sic
2265 2237 2360 2266 habet
2382 2236 2495 2266 verita-

1427 2286 1508 2311 tem:
1533 2280 1689 2311 habitudo
1714 2281 1801 2310 enim
1825 2280 1971 2316 volentis,
1992 2286 2024 2310 et
2045 2280 2211 2311 inclinatio
2235 2281 2268 2310 in
2292 2290 2359 2310 rem
2383 2290 2495 2320 appre-

1427 2326 1561 2355 hensam
1586 2334 1643 2365 per
1666 2325 1875 2360 intellectum,
1904 2325 2113 2364 consequitur
2136 2325 2175 2355 ad
2207 2325 2495 2365 apprehensionem

1427 2370 1618 2400 intellectus

1483 2415 1521 2444 V.
1546 2414 1598 2444 Ad
1621 2414 1801 2444 secundum
1816 2415 1833 2430 ³*
1857 2413 1972 2443 dicitur
1995 2414 2085 2453 quod
2107 2414 2167 2444 ista
2189 2414 2381 2454 propositio,
2398 2413 2495 2443 Intel—

1428 2460 1528 2489 lectus
1552 2459 1707 2499 intelligit
1730 2468 1796 2489 rem
1820 2458 1995 2488 secundum
2017 2468 2084 2489 esse
2099 2458 2186 2499 quod
2208 2459 2302 2489 habet
2325 2458 2357 2487 in
2380 2458 2494 2498 seipsa,

1426 2505 1494 2535 sive
1515 2503 1690 2534 secundum
1708 2513 1775 2533 esse
1790 2502 1878 2543 quod
1891 2502 1986 2533 habet
2000 2508 2094 2533 extra
2112 2503 2316 2538 intellectum,
2333 2502 2494 2542 duplicem

1428 2557 1558 2578 sensum
1582 2548 1698 2577 habere
1722 2553 1838 2588 potest.
1867 2547 1959 2577 Unus
1983 2553 2031 2577 est
2054 2547 2143 2587 quod
2166 2548 2274 2587 ipsum
2297 2556 2365 2577 esse
2388 2547 2433 2576 rei
2457 2545 2495 2576 ad

1428 2598 1514 2623 extra
1538 2593 1578 2622 sit
1600 2591 1632 2622 id
1656 2591 1745 2631 quod
1768 2591 1963 2631 intelligitur.
1989 2591 2080 2621 Alius
2097 2597 2144 2621 est
2164 2591 2254 2631 quod
2270 2600 2338 2621 esse
2354 2590 2394 2620 ad
2410 2596 2495 2620 extra

1427 2638 1466 2667 sit
1482 2637 1527 2667 rei
1543 2637 1623 2666 ratio
1640 2635 1730 2675 quod
1746 2636 1786 2665 sit
1801 2640 1875 2665 actu
1898 2635 2068 2671 intellecta,
2089 2641 2120 2665 et
2144 2635 2390 2666 fundamentum
2406 2635 2495 2664 habi-

1427 2681 1547 2712 tudinis
1570 2681 1665 2710 illius.

1483 2725 1516 2756 Si
1539 2725 1645 2765 primo
1662 2724 1763 2754 modo
1779 2724 1982 2763 intelligatur,
2000 2723 2188 2754 conceditur
2208 2723 2298 2763 quod
2313 2733 2362 2753 res
2377 2723 2494 2753 intelli-

1425 2771 1510 2810 gitur
1534 2769 1715 2799 secundum
1738 2778 1806 2798 esse
1830 2767 1921 2808 quod
1949 2768 2045 2798 habet
2070 2767 2109 2798 ad
2132 2773 2228 2798 extra.
2253 2768 2293 2797 Et
2316 2767 2360 2797 sic
2386 2772 2494 2807 potest

1427 2813 1563 2845 concedi
1587 2813 1677 2853 quod
1700 2813 1892 2853 intelligens,
1908 2813 2102 2852 inquantum
2122 2812 2310 2852 intelligens,
2327 2811 2423 2841 habet
2438 2811 2493 2841 ha-

1425 2858 1606 2889 bitudinem
1622 2857 1662 2888 ad
1682 2867 1751 2888 rem
1775 2857 1815 2888 ad
1838 2863 1934 2888 extra.
1959 2856 2022 2887 Sed
2036 2857 2080 2887 sic
2096 2866 2164 2886 non
2180 2857 2323 2896 loquitur
2338 2856 2401 2886 hoc
2416 2855 2492 2885 loco

1426 2903 1561 2934 Sanctus
1577 2902 1736 2933 Thomas:
1763 2911 1837 2932 cum
1861 2902 1940 2932 haec
1964 2901 2003 2931 sit
2026 2901 2195 2931 materialis
2219 2899 2431 2931 consideratio
2447 2899 2492 2929 rei

1425 2947 1616 2978 intellectae.

1481 2992 1514 3022 Si
1533 2990 1678 3022 secundo
1694 2990 1795 3021 modo
1812 2990 2008 3030 intelligitur,
2025 2991 2069 3020 sic
2085 2995 2218 3029 negatur
2234 2989 2286 3019 illa
2301 2988 2491 3029 propositio.

1425 3036 1502 3067 Non
1526 3037 1613 3066 enim
1637 3045 1706 3066 esse
1730 3035 1770 3065 ad
1794 3040 1881 3065 extra
1904 3040 1951 3065 est
1973 3035 2019 3064 rei
2041 3035 2122 3064 ratio
2144 3043 2241 3074 quare
2257 3033 2296 3063 sit
2312 3038 2384 3063 actu
2399 3032 2492 3062 intel-

1425 3081 1507 3111 lecta
1533 3081 1572 3110 ab
1600 3080 1710 3120 aliquo
1734 3079 1913 3110 intellectu:
1943 3079 1998 3109 sed
2024 3088 2092 3109 esse
2118 3079 2151 3108 in
2178 3078 2352 3108 intellectu.
2379 3077 2421 3106 Et
2446 3076 2492 3106 sic

1424 3125 1616 3165 intelligens,
1642 3130 1678 3155 ut
1700 3124 1892 3164 intelligens,
1917 3124 1982 3154 sive
2007 3129 2043 3153 ut
2071 3123 2179 3153 dicens
2208 3121 2429 3152 habitudinem
2452 3119 2491 3150 ad

1424 3170 1624 3200 intellectum
1654 3170 1688 3199 in
1718 3168 1893 3204 intellectu,
1918 3178 1986 3198 non
2014 3167 2090 3198 dicit
2118 3166 2338 3196 habitudinem
2361 3164 2401 3195 ad
2423 3173 2491 3194 rem

1425 3214 1604 3245 secundum
1622 3213 1712 3253 quod
1736 3218 1783 3243 est
1807 3212 1846 3243 ad
1866 3218 1962 3248 extra,
1979 3211 2034 3242 sed
2050 3210 2228 3242 secundum
2245 3209 2334 3250 quod
2349 3210 2383 3239 in
2398 3208 2491 3239 intel—

1424 3259 1521 3289 lectu.
1546 3259 1587 3288 Et
1611 3258 1687 3298 quia
1709 3257 1844 3288 Sanctus
1868 3257 2012 3287 Thomas
2041 3256 2185 3296 loquitur
2207 3254 2392 3289 formaliter,
2415 3252 2490 3283 ideo

1425 3303 1571 3333 absolute
1587 3308 1722 3343 negatur
1745 3302 1987 3341 intelligentem,
2003 3310 2060 3341 per
2075 3301 2138 3330 hoc
2158 3299 2247 3339 quod
2262 3298 2419 3338 intelligit,
2435 3297 2491 3327 ha—

1424 3349 1500 3378 bere
1523 3347 1745 3378 habitudinem
1769 3346 1808 3377 ad
1823 3356 1891 3376 rem
1909 3351 1994 3375 extra
2008 3350 2045 3375 ut
2061 3350 2108 3375 est
2131 3350 2225 3374 extra.
2250 3343 2291 3373 Et
2313 3342 2398 3378 ideo,
2416 3350 2491 3372 cum

1425 3398 1573 3432 oporteat
1596 3398 1632 3422 ut
1654 3392 1775 3422 habens
1799 3391 1939 3431 aliquam
1962 3389 2100 3419 formam
2126 3389 2241 3418 habeat
2270 3386 2490 3417 habitudinem

1425 3437 1464 3467 ad
1489 3447 1526 3467 ea
1549 3446 1632 3477 quae
1664 3442 1738 3466 sunt
1764 3436 1796 3465 in
1825 3445 1931 3465 rerum
1957 3440 2069 3464 natura
2096 3432 2272 3463 formaliter
2301 3437 2337 3462 ut
2359 3436 2434 3461 sunt
2457 3430 2490 3460 in

1424 3491 1532 3511 rerum
1547 3486 1670 3516 natura,
1687 3485 1816 3520 oportet
1836 3479 1922 3509 aliud
1946 3487 2098 3518 quaerere
2121 3476 2207 3507 unde
2231 3475 2412 3515 intelligens
2435 3475 2490 3504 ha-

1424 3526 1605 3556 bitudinem
1628 3526 1743 3555 habeat
1766 3524 1805 3554 ad
1828 3533 1895 3554 rem
1920 3529 2005 3553 extra
2027 3522 2226 3552 intellectum
2242 3520 2427 3555 formaliter,
2447 3519 2491 3549 ita

1424 3570 1515 3610 quod
1531 3580 1599 3600 esse
1616 3569 1656 3600 ad
1675 3575 1761 3599 extra
1777 3569 1816 3598 sit
1831 3569 1910 3598 ratio
1934 3565 2125 3597 terminandi
2147 3565 2235 3595 illam
2258 3563 2489 3595 habitudinem.

1479 3615 1543 3645 Ubi
1567 3613 1797 3644 advenendum
1821 3611 1921 3652 quod,
1946 3620 2022 3641 cum
2045 3610 2167 3651 species
2190 3608 2397 3649 intelligibilis
2422 3617 2490 3638 non

1423 3660 1538 3689 habeat
1554 3668 1622 3689 esse
1639 3658 1838 3697 completum
1854 3657 1915 3686 nisi
1932 3655 2009 3686 dum
2033 3655 2213 3685 intellectus
2237 3660 2310 3684 actu
2333 3653 2490 3692 intelligit,

2524 502 2596 530 Ἔαρ.
2603 508 2662 529 ιιι-ιν,
2669 502 2738 524 Com-

2524 533 2594 551 ment.
2607 535 2628 551 n.
2639 535 2689 551 xm.

2523 2408 2533 2416 ·
2554 2406 2623 2429 Num.
2641 2412 2675 2433 ιιι,
2695 2405 2735 2427 Se-

2523 2433 2606 2455 cundo.
