2768 4134
0 3942 10 4134 w-v-w-v--ww
0 3771 8 3932 w—w--w-s—
0 3728 5 3765 a.-
0 3708 8 3720 2-
0 3586 14 3700 wrm—Ju-
0 3469 7 3579 ς-*Ἲ-ννψ
0 3443 7 3455 Ἴ

23 2793 34 2803 ’
49 2791 107 2820 cap.
121 2797 176 2813 xxx.

23 2961 37 2972 ’
50 2959 110 2987 cap.
125 2965 190 2980 xxxi.

637 282 826 319 SUMMA
855 281 1078 319 CONTRA
1107 281 1381 329 GENTILES,
1410 286 1504 322 LIB.
1526 287 1566 331 ΙΙ,
1597 287 1708 324 CAP.
1729 289 1884 335 XXXV,
1904 291 2076 328 XXXVI.
2376 293 2447 331 351

258 365 375 396 dicitur
397 362 549 394 retardari
570 362 641 393 talis
665 361 808 398 effectus,
833 362 909 403 quia
931 371 1001 393 non
1031 361 1226 402 protrahitur
1250 363 1332 392 ultra

258 418 373 441 causae
397 407 662 448 dispositionem
687 407 794 438 evenit
818 407 905 437 enim
920 407 956 437 in
970 406 1024 437 illa
1046 415 1199 436 mensura
1218 406 1252 436 in
1269 416 1333 447 qua

258 463 355 495 agens
379 452 483 483 voluit
506 453 615 493 ipsum
638 451 777 482 evenire.

312 498 353 528 V.
378 496 428 528 Ad
450 497 608 538 quintum,
634 495 750 526 dicitur
772 495 890 536 primo,
912 494 1003 535 quod
1026 500 1100 525 ante
1123 495 1222 525 totius
1246 503 1332 525 crea-

257 548 348 573 turae
371 541 617 572 inchoationem
632 550 701 570 non
717 546 765 570 est
788 539 931 580 aliquam
954 539 1170 571 diversitatem
1192 539 1332 579 partium

258 587 394 618 alicuius
417 585 595 616 durationis
618 585 774 624 accipere,
791 590 828 614 ut
846 585 926 614 ratio
946 584 1113 625 supponit,
1129 589 1166 614 ut
1184 588 1333 624 oporteat

257 632 419 662 rationem
441 639 511 661 esse
533 628 622 669 apud
644 634 794 668 agentern
818 638 918 669 quare
946 630 980 659 in
1011 629 1075 659 hoc
1099 629 1224 669 signato
1247 628 1333 659 illius

258 675 435 708 durationis
459 679 638 716 creaturam
667 674 702 704 in
734 683 802 704 esse
831 673 1029 714 produxerit,
1054 678 1086 704 et
1107 682 1176 704 non
1207 673 1241 703 in
1269 672 1332 703 alio

258 719 465 761 praecedenti
487 718 540 748 vel
563 718 722 758 sequenti.

314 764 441 794 Dicitur
463 762 620 799 secundo,
645 762 736 803 quod
759 762 849 793 Deus
872 762 970 792 simul
991 762 1026 792 in
1050 771 1118 792 esse
1134 761 1287 802 produxit
1303 765 1334 791 et

259 813 437 840 creaturam
457 813 490 838 et
509 813 650 848 tempus.
670 807 711 837 Et
729 806 804 837 ideo
825 816 895 837 non
915 811 963 837 est
979 807 1061 836 ratio
1079 815 1178 846 quare
1193 814 1282 836 nunc
1302 810 1334 835 et

258 862 327 884 non
338 853 427 893 prius
439 852 473 883 in
485 852 549 882 hoc
561 851 806 887 consideranda,
814 850 871 881 sed
882 850 990 881 solum
1003 860 1102 891 quare
1113 859 1183 880 non
1195 858 1333 890 semper.

313 896 559 928 Advertendum
575 896 667 937 quod
682 896 818 927 Sanctus
831 895 976 926 Thomas
993 904 1031 925 ex
1045 896 1106 925 ista
1121 894 1335 934 responsione

258 942 328 973 vult
345 951 463 982 negare
478 941 567 972 illam
582 940 864 982 consequentiam:
888 939 1045 970 Voluntas
1067 939 1132 969 Dei
1154 938 1336 980 aequaliter

257 996 292 1018 se
315 987 410 1018 habet
432 986 476 1017 ad
492 985 741 1026 producendam
771 989 957 1015 creaturam
981 993 1046 1024 per
1069 988 1170 1013 totam
1194 983 1335 1013 aeterni-

258 1036 356 1062 tatem
381 1031 552 1072 (quantum
572 1035 620 1060 est
634 1039 676 1061 ex
692 1030 761 1070 ipsa
785 1028 1002 1069 aeternitate).
1027 1027 1139 1069 Igitur
1154 1033 1213 1058 aut
1230 1032 1278 1058 est
1296 1027 1335 1058 de

258 1076 320 1107 hoc
342 1075 430 1117 quod
454 1084 620 1115 nunquam
644 1079 799 1104 creatura
821 1073 880 1104 sub
903 1072 1097 1103 aeternitate
1120 1073 1190 1103 eius
1216 1072 1335 1107 consti,-

260 1125 390 1151 tuatur:
413 1125 472 1150 aut
493 1119 582 1160 quod
603 1128 738 1159 semper.
763 1118 875 1148 Potest
897 1118 985 1148 enim
1010 1127 1078 1148 esse
1102 1117 1142 1148 de
1166 1118 1230 1148 hoc
1245 1116 1336 1158 quod

259 1166 474 1196 constituatur
488 1164 549 1195 sub
565 1163 761 1199 aeternitate,
778 1167 933 1203 tanquam
951 1162 1010 1193 sub
1029 1171 1183 1193 mensura
1203 1161 1336 1193 inadae-

259 1215 369 1251 quara,
388 1219 458 1240 non
481 1217 618 1249 semper,
638 1207 695 1238 sed
720 1208 752 1238 in
774 1207 936 1248 principio
961 1207 1118 1247 temporis
1140 1207 1237 1238 simul
1259 1216 1336 1237 cum

260 1259 405 1286 creatura
419 1252 581 1294 producti.
598 1252 641 1283 Et
653 1262 692 1283 ex
704 1252 826 1292 aliquo,
839 1251 921 1282 idest
937 1261 976 1282 ex
992 1261 1049 1282 sua
1061 1252 1216 1288 bonitate,
1229 1256 1337 1292 potest

259 1299 346 1330 sumi
360 1298 442 1329 ratio
459 1307 559 1339 quare
581 1306 650 1328 non
673 1306 802 1337 semper
826 1302 1004 1327 creaturam
1023 1296 1128 1326 voluit
1152 1306 1237 1327 esse:
1262 1296 1337 1327 licet

258 1352 299 1374 ex
320 1342 596 1384 ipsa‘diversitate
619 1342 814 1372 aeternitatis
837 1341 923 1371 sumi
945 1350 1014 1371 non
1038 1342 1150 1381 possit.

317 1397 348 1418 2.
372 1386 437 1428 Sed
460 1388 544 1418 circa
566 1388 660 1418 istam
683 1386 933 1427 responsionem
957 1385 1094 1416 dubium
1114 1386 1265 1416 occurrit.
1281 1385 1338 1415 Vi-

260 1432 355 1464 detur
369 1433 458 1463 enim
481 1432 572 1473 quod
595 1436 753 1471 oporteat,
770 1431 796 1461 si
812 1430 935 1471 aliquid
950 1430 1148 1470 productum
1164 1431 1204 1461 sit
1219 1440 1238 1460 a
1254 1430 1336 1467 Deo,

260 1477 352 1518 quod
375 1486 503 1517 semper
526 1478 566 1507 sit
589 1477 649 1507 sub
673 1477 870 1507 aeternitate.
893 1475 988 1512 Nam,
1013 1475 1039 1505 si
1062 1485 1130 1506 non
1147 1481 1195 1505 est
1210 1484 1338 1515 semper

260 1523 321 1553 sub
344 1522 540 1558 aeternitate,
565 1530 642 1561 ergo
667 1526 715 1551 est
738 1526 812 1561 post
838 1521 1069 1551 aeternitatem.
1099 1520 1185 1560 Ergo
1210 1519 1337 1550 duratio

260 1575 318 1597 sua
340 1565 486 1597 succedit
508 1565 696 1596 aeternitati.
718 1565 793 1595 Hoc
817 1570 927 1595 autem
950 1570 998 1595 est
1020 1564 1234 1605 impossibile:
1260 1565 1337 1605 quia

259 1615 449 1651 sequeretur
475 1610 696 1641 aeternitatem
721 1618 789 1640 esse
813 1608 1018 1640 durationem
1045 1607 1186 1646 finitam;
1211 1608 1337 1639 duratio

259 1656 348 1686 enim
371 1656 425 1686 cui
448 1655 509 1685 alia
532 1654 686 1690 succedit,
711 1660 759 1684 est
781 1654 961 1690 terminata,
982 1663 1020 1684 ex
1038 1653 1092 1684 illa
1115 1653 1228 1684 saltem
1247 1659 1337 1694 parte

260 1709 326 1741 qua
347 1700 408 1730 sibi
431 1698 625 1730 succeditur.
650 1699 738 1739 Ergo
763 1703 824 1729 etc.

315 1743 554 1785 Respondetur‚
579 1749 611 1774 et
634 1743 751 1774 dicitur
766 1743 884 1784 primo,
902 1742 992 1784 quod
1012 1743 1045 1773 in
1068 1743 1129 1773 hac
1153 1743 1338 1773 obiectione

260 1788 376 1820 accidit
398 1788 560 1829 deceptio,
586 1789 662 1829 quia
682 1789 897 1828 imaginamur
912 1787 1133 1818 aeternitatem
1150 1793 1205 1818 aut
1221 1788 1338 1818 habere

258 1833 294 1864 in
317 1843 351 1864 se
375 1835 626 1869 successionem,
646 1838 702 1864 aut
725 1833 820 1863 aliam
845 1832 1050 1863 durationem
1074 1832 1114 1862 ad
1137 1833 1241 1872 ipsam
1265 1842 1337 1863 suc-

260 1877 385 1915 cedere,
402 1879 485 1909 sicut
508 1878 576 1909 dies
599 1877 743 1908 succedit
767 1877 829 1908 diei
854 1883 886 1907 et
909 1877 988 1908 hora
1011 1877 1120 1907 horae.
1145 1876 1239 1914 Quae
1257 1878 1338 1907 ima-

259 1923 382 1964 ginatio
413 1922 491 1954 falsa
523 1928 583 1954 est:
609 1932 686 1953 cum
716 1923 895 1958 aeternitas,
920 1921 1120 1952 indivisibilis
1145 1922 1282 1952 existens
1307 1927 1338 1952 et

259 1968 474 2004 interminata,
500 1977 634 1998 omnem
658 1967 753 1998 aliam
777 1966 982 1997 durationem
1007 1966 1252 2006 complectatur.

317 2011 442 2043 Dicitur
466 2011 621 2049 secundo,
646 2011 737 2052 quod
761 2011 966 2042 durationem
997 2011 1139 2050 aliquam
1171 2020 1239 2041 esse
1263 2015 1339 2051 post

1387 365 1605 396 aeternitatem
1635 372 1667 396 et
1696 367 1742 398 illi
1771 368 1952 406 succedere,
1976 370 2146 411 dupliciter
2173 377 2281 412 potest
2308 374 2452 416 intelligi.

1386 407 1462 457 Uno
1478 409 1591 445 modo,
1607 411 1759 450 positive:
1785 414 1876 452 quasi
1898 415 1961 444 sint
1977 415 2058 446 duae
2075 415 2259 448 durationes
2274 418 2358 449 inter
2373 429 2453 460 quas

1387 456 1427 481 sit
1449 454 1621 490 successio,
1646 459 1677 484 et
1699 464 1764 485 una
1788 457 1827 486 sit
1848 458 1937 497 prius
1959 464 2094 496 tantum,
2112 466 2143 491 et
2163 462 2259 492 altera
2282 464 2451 503 posterius

1386 494 1428 525 Et
1451 495 1491 526 ad
1513 496 1602 526 hunc
1625 507 1756 529 sensum
1778 500 1867 531 nulla
1890 501 2014 533 duratio
2038 505 2084 534 rei
2108 505 2285 545 productae
2309 513 2356 538 est
2378 515 2453 548 post

1387 540 1617 571 aeternitatem.
1639 559 1662 563 —
1686 542 1761 572 Alio
1785 544 1895 580 modo,
1919 548 2078 586 negative:
2104 550 2179 589 quia
2206 551 2355 582 videlicet
2384 563 2452 584 non
2485 548 2501 551 '¹
2543 549 2545 552 ⁴
2586 547 2589 550 ⁴

1387 582 1449 613 fuit
1471 593 1547 634 cum
1571 586 1755 617 aeternitate
1783 588 1850 618 sine
1879 591 2049 631 principio,
2073 593 2128 623 sed
2156 596 2205 624 sui
2228 604 2295 626 esse
2324 597 2452 628 initium

1386 628 1509 658 habu1t.
1534 629 1575 658 Et
1599 628 1639 660 ad
1661 630 1748 660 hunc
1778 641 1908 663 sensum
1937 635 2124 666 conceditur
2147 638 2236 677 quod
2259 639 2383 671 duratio
2406 643 2452 672 rei

1387 682 1406 702 a
1428 672 1500 723 Deo
1524 673 1703 713 productae
1727 680 1774 705 est
1796 682 1871 716 post
1894 680 2120 711 aeternitatem.
2151 682 2191 712 Et
2213 684 2316 722 prima
2339 694 2452 717 conse-

1387 722 1520 767 quentla
1543 716 1729 749 admittitur.
1754 719 1818 750 Sed
1840 727 1974 761 negatur
1997 724 2146 761 secunda,
2166 727 2227 756 nisi
2251 737 2452 769 consequens

1387 760 1513 791 illatum
1531 762 1675 793 similiter
1695 765 1843 804 negative
1865 766 2047 806 accipiatur.
2072 768 2266 809 Improbatio
2290 778 2398 804 autem
2416 775 2453 804 il-

1387 805 1450 855 lius
1474 808 1702 847 consequentis
1734 809 1850 849 probat
1873 811 1963 849 quod
1987 811 2111 842 duratio
2134 814 2222 844 nulla
2244 817 2390 854 positive,
2414 818 2454 848 ad

1387 859 1531 901 prunum
1554 861 1694 889 sensum,
1719 854 1897 885 aeternitati
1919 856 2072 887 succedit.
2097 856 2160 887 Sed
2183 867 2221 888 ex
2243 860 2307 890 hoc
2322 870 2389 891 non
2405 871 2453 892 se-

1389 900 1499 934 quitur
1514 895 1605 935 quod
1620 906 1670 927 res
1685 907 1812 938 semper
1828 898 1938 930 fuerit:
1956 910 2024 931 non
2041 902 2128 931 enim
2144 902 2254 933 habuit
2270 913 2338 934 esse
2354 914 2455 945 quan-

1389 939 1577 980 documque
1601 943 1769 973 aeternitas
1792 943 1862 974 fuit.

1444 984 1498 1014 VI.
1515 985 1566 1015 Ad
1580 991 1716 1022 sextum,
1734 987 1850 1018 dicitur
1870 987 1961 1028 quod
1979 989 2013 1019 in
2034 989 2246 1029 producendo
2261 1001 2310 1021 res
2325 998 2456 1032 propter

1388 1027 1489 1059 finem
1513 1030 1551 1059 ab
1576 1031 1652 1070 ipsis
1675 1032 1943 1072 participandum,
1960 1034 2130 1065 uniformis
2154 1035 2308 1066 habitudo
2325 1036 2396 1067 finis
2417 1037 2456 1067 ad

1389 1079 1538 1113 agentem
1562 1084 1630 1105 non
1654 1081 1701 1106 est
1725 1076 1956 1108 consideranda
1972 1084 2008 1108 ut
2028 1080 2108 1110 ratio
2125 1081 2232 1120 operis
2255 1082 2455 1121 sempiterni:

1389 1118 1445 1149 sed
1468 1119 1570 1158 magis
1594 1125 1641 1150 est
1664 1120 1856 1152 attendenda
1885 1123 2039 1154 habitudo
2066 1123 2139 1154 finis
2163 1124 2203 1155 ad
2226 1124 2376 1156 effectum
2400 1127 2458 1166 qui

1389 1162 1426 1193 fit
1448 1168 1581 1213 propter
1603 1163 1713 1201 finem,
1737 1171 1773 1196 ut
1800 1166 1903 1198 taliter
1934 1167 2132 1208 producatur
2162 1168 2293 1200 effectus
2321 1170 2457 1210 qualiter

1390 1214 1622 1238 convenienter
1645 1209 1810 1241 ordinetur
1840 1211 1879 1242 ad
1909 1211 2019 1243 finem.
2050 1213 2126 1244 Ideo
2155 1213 2356 1245 uniformitas
2384 1214 2456 1246 finis

1390 1252 1431 1283 ad
1454 1260 1603 1292 agentem
1627 1263 1695 1284 non
1718 1254 1814 1286 infert
1837 1255 1987 1287 effectum
2011 1267 2079 1288 esse
2103 1256 2343 1299 sempiternum.

1445 1297 1689 1329 Attendendum
1713 1300 1813 1339 quod,
1837 1301 1912 1331 licet
1935 1301 2041 1332 divina
2064 1303 2190 1333 bonitas
2213 1303 2247 1333 in
2271 1313 2304 1333 se
2330 1313 2457 1344 semper

1390 1342 1430 1372 sit
1453 1341 1635 1379 uniformis,
1660 1348 1691 1373 et
1715 1345 1810 1374 etiam
1840 1345 1873 1375 in
1905 1348 2144 1387 comparatione
2173 1347 2212 1378 ad
2235 1347 2376 1378 divinam
2398 1357 2456 1378 vo-

1390 1386 1558 1422 luntatem,
1582 1396 1632 1417 res
1655 1394 1763 1419 tamen
1788 1389 1963 1429 productae
1994 1391 2033 1421 ad
2063 1391 2319 1432 participandum
2342 1393 2455 1432 ipsam,

1389 1440 1458 1462 non
1482 1431 1686 1463 uniformiter
1717 1433 1756 1463 ad
1786 1435 1888 1473 ipsam
1913 1442 2149 1475 comparantur.
2181 1437 2248 1467 Nec
2272 1436 2385 1467 eadem
2408 1446 2457 1468 res

1390 1476 1424 1506 in
1441 1485 1649 1516 quacumque
1666 1477 1877 1518 dispositione
1902 1479 2018 1510 eodem
2034 1481 2135 1511 modo
2152 1491 2184 1511 se
2200 1481 2296 1511 habet
2311 1481 2351 1512 ad
2367 1491 2455 1512 eam:

1390 1519 1446 1550 sed
1470 1530 1538 1551 uno
1562 1521 1663 1552 modo
1688 1532 1720 1552 se
1744 1523 1864 1553 habens
1888 1526 2132 1555 convenientius
2157 1535 2254 1565 quam
2273 1526 2336 1556 alio
2352 1535 2386 1557 se
2401 1526 2457 1556 ha-

1390 1565 1470 1595 bens
1493 1565 1594 1596 modo
1615 1566 1654 1596 ad
1677 1567 1765 1597 illam
1789 1567 1963 1599 ordinatur.
1988 1569 2092 1605 Unde,
2115 1570 2190 1609 quia
2215 1571 2458 1601 convenientius

1391 1609 1613 1641 manifestatur
1636 1610 1742 1641 divina
1765 1611 1891 1642 bonitas
1915 1613 1940 1642 si
1964 1618 2107 1644 creatura
2130 1623 2205 1644 cum
2225 1614 2330 1654 aliqua
2348 1615 2458 1644 incoe-

1391 1655 1504 1695 ptione
1527 1655 1630 1695 ipsam
1654 1656 1823 1696 participet
1846 1666 1944 1696 quam
1968 1658 1993 1687 si
2017 1658 2055 1687 ab
2079 1663 2220 1693 aeterno,
2240 1658 2314 1688 ideo
2335 1668 2371 1689 ex
2395 1659 2459 1688 hoc

1390 1704 1498 1739 potest
1510 1700 1595 1730 sumi
1612 1700 1692 1730 ratio
1706 1701 1876 1731 creationis
1892 1711 1999 1732 rerum
2015 1702 2048 1732 in
2064 1707 2221 1742 tempore,
2234 1711 2302 1732 non
2314 1703 2459 1733 obstante

1391 1743 1518 1774 divinae
1542 1745 1694 1774 bonitatis
1717 1744 1935 1787 uniformitate
1959 1746 1992 1776 in
2016 1756 2049 1776 se
2066 1751 2097 1776 et
2112 1747 2145 1776 in
2162 1746 2274 1776 ordine
2290 1746 2330 1776 ad
2345 1746 2460 1777 volun-

1390 1794 1491 1819 tatem
1507 1787 1660 1825 divinam,
1677 1798 1760 1829 quae
1776 1789 1986 1820 immutabilis
2008 1796 2070 1820 est:
2097 1796 2133 1821 ut
2155 1795 2242 1830 patet
2261 1800 2298 1820 ex
2314 1792 2460 1830 sequenti

1391 1833 1616 1873 responsione.

1448 1877 1499 1907 Ad
1520 1878 1702 1918 septimam,
1728 1884 1863 1918 negatur
1893 1879 2134 1918 consequentia.
2167 1879 2252 1917 Quia
2280 1888 2461 1919 repraesen-

1391 1923 1470 1952 tatio
1495 1921 1621 1953 divinae
1645 1923 1798 1953 bonitatis
1821 1933 1878 1963 per
1902 1929 2080 1954 creaturam
2104 1933 2172 1954 non
2196 1929 2303 1964 potest
2322 1933 2389 1953 esse
2406 1933 2462 1963 per

1391 1966 1529 1997 modum
1549 1967 1758 2007 aequalitatis,
1776 1973 1813 1998 ut
1829 1973 1977 2008 oporteat
2001 1969 2040 1998 ab
2064 1967 2188 1998 infinita
2204 1968 2346 1998 bonitate
2363 1973 2463 1998 aeter-

1391 2020 1453 2041 nos
1478 2010 1610 2041 effectus
1634 2011 1782 2051 produci.

1095 2108 1631 2150 —ffllffl—

647 2267 1137 2323 CAPITULUM
1174 2266 1694 2322 TRIGESIMUM
1732 2265 2080 2320 SEXTUM

263 2398 530 2441 SOLUTIO
566 2397 895 2438 RATIONUM
931 2397 1103 2449 QUAE
1138 2394 1482 2437 SUMUNTUR
1517 2395 1597 2435 Ex
1630 2395 1834 2435 PARTE
1868 2394 2083 2435 RERUM
2123 2392 2463 2434 FACTARUM

362 2542 385 2550 A>
408 2538 450 2554 3«

320 2544 328 2547 ,
347 2550 448 2607 (2³
462 2531 620 2557 [MILITER
645 2518 761 2556 etiam
781 2530 854 2556 nec
874 2530 920 2555 ex
939 2525 1046 2568 parte
1066 2525 1263 2554 creaturae
1284 2524 1339 2553 est

270 2587 276 2600 v
302 2594 307 2599 .
354 2571 398 2601 Τ
411 2580 444 2607 «ζ’

289 2608 298 2621 a
319 2603 329 2608 “
398 2605 452 2629 ’,μ’

474 2572 620 2621 aliquid
648 2572 758 2622 quod
786 2584 859 2609 nos
888 2571 937 2609 ad
958 2571 1050 2608 eius
1074 2570 1339 2608 aeternitatem

272 2630 379 2677 μσς»
414 2630 450 2671 ’ς’-ι
474 2626 702 2676 ponendam
731 2625 779 2662 de
808 2624 1031 2663 necessitate
1060 2623 1218 2661 inducat
1236 2623 1267 2659 ²¹².

412 2678 443 2712 :J
529 2679 748 2717 Necessitas
767 2678 873 2716 enim
893 2677 1045 2715 essendi
1060 2689 1162 2726 quae
1182 2677 1221 2713 in
1236 2688 1339 2713 crea·

265 2733 359 2771 turis
388 2733 594 2779 invenitur,
616 2745 662 2770 ex
682 2745 763 2782 quo
783 2731 910 2781 prima
936 2731 1031 2769 ratio
1052 2730 1100 2767 ad
1121 2731 1197 2767 hoc
1221 2729 1339 2766 sumi-

266 2794 340 2833 tur,
360 2794 416 2823 est
435 2787 641 2823 necessitas
670 2785 827 2830 ordinis,
848 2793 889 2821 ut
918 2784 957 2821 in
986 2782 1307 2834 praecedentibus
1320 2781 1341 2804 ‘⁵

268 2847 324 2877 est
343 2848 556 2877 ostensum.
586 2838 804 2876 Necessitas
823 2845 956 2875 autem
976 2836 1122 2874 ordinis
1141 2848 1222 2873 non
1241 2835 1342 2884 cogit

269 2893 399 2942 ipsum
418 2892 482 2929 cui
500 2892 584 2929 talis
607 2891 705 2928 inest
733 2890 949 2936 necessitas,
970 2901 1125 2939 semper
1152 2889 1279 2935 fuisse,
1299 2897 1342 2925 ut

270 2957 388 2996 supra
401 2945 422 2966 '¹‘
441 2952 643 2982 ostensum
662 2952 728 2981 est.
753 2944 861 2980 Licet
880 2943 985 2980 enim
1005 2942 1216 2979 substantia
1236 2942 1341 2987 caeli,

270 3010 340 3048 per
365 2999 442 3035 hoc
461 2998 569 3047 quod
598 3005 700 3034 caret
728 2996 899 3046 potentia
919 2996 968 3032 ad
987 3008 1068 3033 non
1088 3007 1182 3041 esse,
1203 2995 1343 3032 habeat

270 3051 537 3089 necessitatem
556 3050 605 3087 ad
620 3063 715 3097 esse,
730 3051 827 3087 haec
846 3057 978 3086 tamen
997 3049 1202 3086 necessitas
1217 3048 1343 3097 sequi-

270 3113 334 3142 tur
361 3104 444 3142 eius
472 3103 736 3141 substantiam.
767 3103 892 3146 Unde,
923 3102 1134 3139 substantia
1161 3101 1244 3138 eius
1265 3101 1344 3138 iam

272 3158 312 3195 in
340 3170 423 3195 esse
452 3157 632 3202 instituta,
651 3156 735 3193 talis
764 3155 969 3192 necessitas
997 3155 1344 3204 impossibilitatem

273 3223 354 3249 non
388 3210 539 3247 essendi
572 3209 736 3246 inducit:
767 3221 846 3246 non
881 3216 1011 3245 autem
1044 3208 1129 3245 facit
1157 3220 1240 3245 esse
1273 3208 1344 3244 im-

273 3264 455 3314 possibile
477 3265 629 3301 caelum
651 3275 731 3299 non
760 3274 853 3308 esse,
876 3262 915 3298 in
938 3261 1245 3298 consideratione
1267 3273 1345 3310 qua

273 3318 397 3366 agitur
424 3317 473 3354 de
501 3316 758 3366 productione
788 3315 1022 3352 substantiae
1050 3314 1181 3363 ipsius.

19 2629 34 2641 ¹'
47 2627 236 2656 Cfimpaxxui.
269 2636 294 2662 *a*
313 2623 315 2625 ’

329 3370 510 3408 Similiter
537 3369 653 3407 etiam
680 3369 802 3406 virtus
830 3367 982 3405 essendi
1011 3379 1176 3416 semper,
1196 3379 1243 3404 ex
1267 3380 1346 3416 qua

273 3424 508 3473 procedebat
536 3423 707 3461 secunda
735 3422 842 3467 ratio,
863 3420 1141 3470 praesupponit
1170 3420 1344 3457 substan-

274 3477 347 3514 tiae
376 3477 687 3526 productionem.
725 3476 848 3520 Unde,
879 3487 969 3511 cum
1004 3474 1053 3510 de
1088 3473 1344 3522 productione

329 3597 359 3615 ιι
380 3589 445 3616 haec
462 3589 578 3623 legimus
595 3596 655 3614 cum
675 3588 714 3613 De
733 3588 846 3619 Rubeis;
866 3595 918 3612 non
937 3594 1036 3618 omnes,
1055 3586 1103 3611 sed
1117 3586 1177 3610 sDE
1190 3589 1366 3620 expungunt5
1384 3586 1527 3611 necessitas
1541 3592 1582 3609 om
1598 3585 1628 3609 D.

275 3626 319 3651 Ita
336 3625 472 3655 DEGWb3
492 3624 744 3658 impotentialitatem
763 3623 854 3649 ceteri.

327 3660 344 3685 8
363 3665 390 3686 et
408 3660 516 3693 moveril
537 3660 637 3685 moveri
657 3660 689 3685 D.
780 3659 881 3684 novitas
900 3665 943 3683 om
963 3658 1049 3683 aDPc.

1142 3663 1172 3681 ια
1193 3655 1401 3690 perpetuitatem]
1422 3655 1598 3681 aeternitatem
1617 3654 1659 3684 W,
1678 3651 1859 3685 proprietatem
1880 3649 1907 3673 P.

1394 2515 1628 2553 substantiae
1662 2516 1756 2553 caeli
1793 2515 1930 2563 agitur,
1960 2514 2041 2551 talis
2069 2514 2188 2550 virtus
2224 2513 2461 2562 sempiterni-

1393 2569 1479 2607 tatis
1507 2577 1782 2617 argumentum
1810 2567 2005 2605 sufficiens
2033 2579 2115 2604 esse
2144 2578 2224 2603 non
2252 2573 2388 2615 potest.

1447 2623 1582 2660 Motus
1617 2622 1732 2659 etiam
1768 2620 2107 2670 sempiternitatem
2141 2631 2221 2655 non
2257 2619 2355 2666 cogit
2388 2630 2460 2654 nos

1394 2687 1541 2725 ponere
1579 2675 1675 2712 ratio
1713 2681 1993 2723 consequenter
2033 2672 2198 2709 inducta.
2239 2673 2318 2708 Iam
2355 2670 2459 2707 enim

1395 2736 1498 2779 patet
1516 2729 1537 2751 ²*
1564 2729 1672 2778 quod
1701 2728 1847 2777 absque
1876 2725 2088 2764 mutatione
2115 2725 2186 2762 Dei
2214 2723 2356 2772 agentis
2375 2730 2458 2772 pot-

1396 2789 1452 2819 est
1471 2794 1554 2819 esse
1574 2782 1682 2832 quod
1710 2793 1860 2819 novum
1889 2787 1972 2828 agat
2000 2791 2081 2816 non
2109 2777 2396 2826 sempiternum.
2419 2775 2459 2813 Si

1397 2843 1529 2873 autem
1557 2834 1738 2885 possibile
1767 2842 1822 2871 est
1850 2832 1993 2882 aliquid
2021 2831 2070 2868 ab
2098 2843 2145 2868 eo
2174 2829 2232 2879 agi
2260 2830 2307 2866 de
2341 2841 2457 2874 novo,

1396 2896 1500 2938 patet
1519 2889 1627 2938 quod
1647 2896 1683 2925 et
1702 2887 1869 2925 moveri:
1901 2898 1992 2923 nam
2011 2885 2160 2922 novitas
2179 2890 2307 2920 motus
2331 2882 2458 2930 dispo-

1398 2941 1578 2979 sitionem
1612 2941 1819 2979 voluntatis
1854 2947 2029 2976 aeternae
2065 2936 2236 2986 sequitur
2267 2936 2314 2972 de
2349 2942 2458 2971 motu

1359 3013 1384 3027 ιο
1398 3007 1479 3032 non
1508 3007 1663 3044 semper
1691 2993 1865 3031 essendo.

1453 3048 1635 3086 Similiter
1662 3048 1777 3084 etiam
1806 3045 1964 3083 intentio
1999 3042 2229 3080 naturalium
2265 3039 2458 3088 agentium

1399 3101 1448 3138 ad
1477 3101 1695 3151 specierum
1723 3098 2027 3150 perpetuitatem,
2048 3108 2094 3132 ex
2113 3107 2191 3143 quo
2211 3101 2345 3143 quarta
2363 3092 2458 3151 ratio

1399 3155 1645 3203 procedebat,
1674 3151 1950 3203 praesupponit
1985 3148 2168 3186 naturalia
2202 3145 2349 3194 agentia
2381 3157 2459 3203 iam

1399 3209 1599 3256 producta.
1630 3207 1742 3244 Unde
1771 3208 1900 3242 locum
1929 3215 2009 3239 non
2028 3201 2142 3237 habet
2161 3201 2255 3236 haec
2274 3198 2367 3235 ratio
2387 3197 2460 3234 nisi

1374 3260 1439 3297 sin
1468 3261 1584 3298 rebus
1612 3259 1848 3297 naturalibus
1876 3257 1952 3293 iam
1981 3255 2019 3291 in
2048 3265 2129 3290 esse
2153 3251 2357 3301 productis,
2378 3262 2459 3287 non

1399 3321 1531 3350 autem
1547 3326 1639 3350 cum
1654 3313 1702 3349 de
1722 3323 1851 3348 rerum
1865 3306 2117 3358 productione
2132 3305 2264 3352 agitur.
2280 3326 2306 3330 -
2322 3304 2459 3341 Utrum

1399 3374 1531 3405 autem
1551 3377 1707 3403 necesse
1727 3364 1935 3413 sitpponere
1957 3358 2242 3408 generationem
2270 3363 2458 3406 perpetuo

1400 3420 1636 3464 duraturam,
1666 3418 1705 3454 in
1733 3414 1980 3464 sequentibus
2009 3411 2229 3448 ostendetur
2246 3409 2276 3446 ³³².

1454 3473 1566 3510 Ratio
1587 3471 1701 3508 etiam
1726 3469 1867 3518 quinta,
1888 3479 1934 3503 ex
1952 3473 2125 3512 tempore
2154 3463 2319 3506 inducta,
2343 3469 2461 3498 aeter-

1714 3581 1745 3606 13
1765 3578 1888 3611 instituta]
1909 3577 2046 3602 constituta
2059 3575 2142 3600 DWb.
2227 3573 2463 3607 impossibilitatem

2000 3647 2030 3671 13
2051 3646 2102 3671 iam
2120 3653 2162 3671 om
2184 3645 2232 3671 aD.

2487 2732 2496 2741 ·
2512 2731 2568 2759 Cap.
2584 2735 2658 2757 praec.

2488 3417 2497 3425 '¹
2508 3415 2545 3437 Cf.
2552 3415 2593 3436 lib.
2602 3413 2642 3437 lv.
2650 3419 2702 3441 cap.

2488 3442 2530 3463 ult.
