2768 4134
37 1099 48 1109 ”
57 1097 111 1120 Lib.
119 1097 137 1125 1,
148 1102 199 1125 cap.
206 1102 254 1124 xm,

37 1130 86 1148 zu.

728 282 917 320 SUMMA
947 284 1168 324 CONTRA
1197 288 1469 336 GENTILES,
1499 292 1592 329 LIB.
1613 294 1653 338 11,
1684 293 1794 331 CAP.
1816 295 1908 341 XIII,
1929 297 2026 333 XIV.
2072 305 2074 307 ’
2400 298 2472 346 293

661 440 1191 499 CAPITULUM
1239 447 1647 507 DECIMUM
1698 452 2105 512 TERTIUM

857 520 977 577 ET
1024 523 1432 582 DECIMUM
1479 531 1904 606 QUARTUM
2053 562 2056 565 ¹

1270 653 1298 683 A
1335 654 1407 684 3ov
1442 656 1500 686 a8.

482 749 795 803 QUOMODO
831 750 1227 792 PRAEDICTAE
1261 753 1647 798 RELATIONES
1683 759 1764 799 DE
1798 760 1924 800 DEO
1960 761 2275 803 DICANTUR

302 903 307 910 ι
355 893 357 897 ⁴
389 905 401 915 ⁷-
426 932 431 935 ῃ
488 894 537 919 ou
574 890 707 919 autem
741 888 867 931 potest
902 879 976 918 dici
1011 880 1120 929 quod
1156 881 1357 919 relationes
1413 883 1510 921 illius
1538 886 1586 922 ad
1615 886 1759 935 ipsum:
1789 889 1969 937 quamvis
1997 891 2211 928 secundum
2242 903 2323 929 rem
2351 905 2472 941 quan-

434 944 440 950 *
473 982 477 992 1
501 935 719 985 praedictae
743 934 818 972 sint
836 933 1041 971 existentes
1060 934 1226 972 exterius
1247 935 1357 984 quasi
1413 937 1543 986 doque
1572 951 1652 976 non
1681 941 1873 979 referatur.

743 1041 750 1048 .
973 1040 980 1047 ·
1066 1041 1073 1047 ·
1467 992 1514 1027 Et
1542 991 1594 1029 sic
1623 993 1736 1030 etiam
1765 1003 1866 1044 patet
1894 996 2000 1044 quod
2034 996 2107 1034 alio
2142 997 2263 1034 modo
2295 998 2475 1036 dicuntur

557 1043 661 1080 Cum
690 1054 795 1079 enim
825 1042 932 1078 Deus
952 1048 998 1078 Slt
1016 1053 1190 1090 primum
1210 1041 1359 1079 entium
1414 1043 1461 1079 de
1482 1045 1566 1081 Deo
1586 1047 1799 1094 praedictae
1819 1048 2031 1094 relationes,
2051 1057 2087 1087 et
2106 1049 2178 1087 alia
2197 1063 2297 1100 quae
2316 1051 2364 1088 de
2388 1052 2472 1089 Deo

283 1104 320 1135 et
347 1108 552 1134 summum
581 1096 779 1133 bonorum
798 1094 829 1140 *,
859 1101 1055 1144 oporteret
1073 1094 1122 1132 ad
1143 1094 1224 1132 illas
1243 1095 1358 1132 etiam
1382 1110 1391 1130 ς
1414 1098 1692 1145 praedicantur.
1723 1101 1826 1138 Nam
1855 1102 1985 1140 omnia
2013 1102 2095 1148 alia,
2116 1112 2158 1140 ut
2186 1104 2379 1153 sapientia,
2405 1118 2472 1142 vo-

283 1150 497 1196 relationes,
523 1161 624 1199 quae
653 1156 743 1186 sunt
771 1147 923 1198 aliquae
953 1159 1024 1194 reS,
1054 1148 1127 1185 Dei
1156 1148 1359 1186 relationes
1416 1150 1551 1196 luntas,
1572 1151 1654 1188 eius
1673 1154 1877 1191 essentiam
1896 1155 2130 1204 praedicant:
2161 1157 2361 1195 relationes
2380 1171 2473 1196 vero

282 1204 375 1242 alias
397 1203 653 1242 considerare.
684 1203 733 1239 Et
761 1201 791 1238 si
821 1201 905 1239 illae
934 1201 1075 1239 iterum
1104 1201 1178 1239 sint
1207 1215 1267 1240 res
1295 1202 1358 1240 ali·
1415 1204 1630 1252 praedictae
1650 1206 1820 1252 minime,
1841 1209 1908 1245 sed
1931 1210 2148 1246 secundum
2176 1211 2340 1248 modum
2367 1211 2474 1249 intel-

282 1269 395 1308 quae,
424 1256 618 1306 oportebit
645 1255 786 1293 iterum
814 1254 942 1293 tertias
970 1255 1174 1293 relationes
1202 1255 1358 1293 adinve-
1416 1257 1555 1306 ligendi
1582 1266 1743 1296 tantum.
1773 1261 1856 1297 Nec
1884 1269 2013 1299 tamen
2042 1262 2251 1300 intellectus
2270 1272 2325 1301 est
2347 1265 2472 1302 falsus.

281 1310 377 1362 nire.
404 1311 455 1348 Et
483 1309 537 1348 sic
564 1308 604 1347 in
637 1308 846 1347 infinitum.
883 1309 976 1346 Non
1012 1308 1126 1358 igitur
1157 1309 1360 1347 relationes
1416 1311 1474 1347 Ex
1503 1311 1578 1348 hoc
1605 1311 1710 1349 enim
1738 1313 1821 1362 ipso
1850 1316 1956 1363 quod
1986 1315 2193 1354 intellectus
2214 1325 2342 1355 noster
2369 1318 2474 1356 intel·

281 1364 427 1415 quibus
441 1364 550 1402 Deus
569 1363 618 1402 ad
639 1375 700 1401 res
718 1362 811 1400 alias
831 1363 1003 1409 refertur,
1019 1371 1109 1400 sunt
1129 1375 1189 1400 res
1209 1363 1360 1413 aliquae
1377 1382 1402 1396 m
1417 1363 1492 1412 ligit
1512 1365 1712 1402 relationes
1731 1366 1954 1404 divinorum
1982 1369 2190 1407 effectuum
2218 1370 2413 1408 terminari
2436 1371 2475 1409 in

281 1425 388 1456 extra
415 1417 547 1456 Deum
575 1416 791 1455 existentes
1416 1417 1544 1467 ipsum
1574 1418 1714 1464 Deum,
1743 1419 1870 1469 aliqua
1898 1421 2089 1470 praedicat
2118 1423 2270 1460 relative
2297 1424 2345 1461 de
2373 1424 2474 1474 ipso:

334 1472 443 1512 Item.
474 1472 628 1522 Duplex
656 1478 713 1508 est
741 1470 886 1508 modus
905 1482 986 1520 quo
1010 1469 1156 1520 aliquid
1184 1470 1361 1508 denomi-
1417 1470 1513 1508 sicut
1532 1479 1568 1508 et
1587 1471 1714 1509 scibile
1735 1473 1887 1510 relative
1907 1474 2149 1523 intelligimus
2168 1484 2204 1512 et
2218 1476 2476 1524 significamus

282 1525 410 1563 native
428 1524 684 1575 praedicatur.
714 1524 1003 1562 Denominatur
1021 1523 1127 1562 enim
1146 1523 1291 1573 aliquid
1312 1525 1361 1561 ab
1418 1536 1464 1561 ex
1484 1525 1559 1562 hoc
1579 1525 1685 1574 quod
1705 1526 1859 1564 scientia
1879 1527 2037 1564 refertur
2055 1529 2103 1565 ad
2123 1528 2262 1578 ipsum.

282 1591 332 1617 eo
350 1578 459 1629 quod
488 1586 594 1617 extra
622 1578 754 1629 ipsum
782 1585 848 1624 est,
869 1577 967 1615 sicut
986 1590 1009 1615 a
1028 1579 1116 1615 loco
1136 1577 1276 1615 dicitur
1296 1578 1362 1615 ali-

1470 1577 1490 1599 *
1510 1578 1616 1615 Patet
1643 1578 1758 1616 etiam
1783 1592 1829 1616 ex
1855 1579 1913 1616 his
1937 1581 2044 1629 quod
2071 1581 2224 1620 divinae
2252 1582 2477 1632 simplicitati
2504 1586 2512 1595 ‘

281 1631 370 1683 quis
389 1644 473 1670 esse
492 1633 641 1678 alicubi,
662 1640 700 1670 et
718 1644 741 1670 a
764 1639 942 1682 tempore
966 1631 1189 1681 aliquando.-
1215 1631 1361 1681 aliquid
1379 1646 1400 1666 ις
1418 1643 1499 1668 non
1527 1631 1684 1680 derogat
1712 1631 1742 1669 si
1771 1634 1912 1670 multae
1937 1633 2137 1671 relationes
2160 1635 2208 1672 de
2232 1635 2317 1684 ipso
2345 1636 2477 1673 dicun-

281 1697 378 1724 vero
405 1685 685 1724 denominatur
711 1685 761 1723 ab
790 1698 838 1724 eo
867 1685 976 1735 quod
995 1684 1103 1731 inest,
1125 1684 1222 1722 sicut
1241 1685 1290 1722 ab
1310 1686 1361 1723 al-

282 1738 424 1778 bedine
443 1740 560 1778 albus.
591 1741 625 1776 A
646 1739 829 1777 relatione
850 1751 945 1776 vero
971 1751 1053 1777 non
1082 1738 1278 1776 invenitur
1296 1738 1362 1776 ali—

282 1793 378 1844 quid
406 1793 652 1831 denominari
672 1793 784 1843 quasi
806 1792 973 1830 exterius
1001 1792 1197 1838 existente,
1217 1793 1287 1830 sed
1306 1792 1362 1830 in-

1417 1692 1490 1730 tur,
1510 1684 1690 1734 quamvis
1710 1685 1792 1723 eius
1811 1686 2015 1724 essentiam
2034 1699 2113 1724 non
2139 1687 2363 1736 significent:
2389 1689 2479 1738 quia

1418 1746 1636 1788 sequuntur
1663 1738 1905 1788 intelligendi>
1923 1740 2100 1777 modum.
2130 1740 2237 1778 Nihil
2263 1741 2368 1779 enim
2393 1754 2480 1791 pro-

1418 1791 1525 1829 hibet
1557 1791 1790 1829 intellectum
1828 1800 2004 1830 nostrum
2042 1793 2245 1842 intelligere
2279 1796 2412 1841 multa,
2446 1802 2482 1832 et

234 1853 238 1857 ’
282 1848 482 1886 haerente:
513 1859 595 1885 non
629 1846 735 1885 enim
770 1847 1048 1884 denominatur
1082 1846 1220 1897 aliquis
1254 1854 1364 1896 pater
1419 1845 1678 1895 multipliciter
1701 1845 1829 1883 referri
1852 1847 1901 1884 ad
1925 1846 1965 1883 id
1984 1847 2091 1896 quod
2111 1855 2167 1884 est
2191 1847 2231 1884 in
2250 1860 2290 1885 se
2309 1848 2479 1898 simplex,

38 2065 49 2076 ‘
64 2063 123 2093 Cup.
138 2069 215 2092 praec.

38 2118 49 2130 ⁶
64 2117 123 2146 Cap.
138 2123 172 2140 xi.

47 2922 56 2931 ·
72 2919 109 2942 Cf.
126 2919 260 2943 Commeat.

47 2952 101 2976 etp.
110 2952 195 2975 praec„
209 2945 259 2968 init.

48 3099 58 3108 ¹
72 3097 144 3120 Num.
159 3103 192 3121 111.

48 3143 58 3153 ·
71 3142 143 3165 Num.
159 3148 190 3165 tv.

282 1900 356 1939 nisi
375 1913 398 1939 a
416 1900 643 1952 paternitate
662 1913 764 1951 quae
783 1900 819 1938 ei
837 1900 946 1938 inest.
976 1901 1070 1938 Non
1099 1900 1214 1949 igitur
1237 1907 1364 1951 potest
1379 1917 1405 1932 κο
1419 1907 1462 1937 ut
1481 1899 1534 1937 sic
1552 1898 1683 1949 ipsum
1702 1899 1864 1949 simplex
1883 1899 1956 1937 sub
1975 1899 2173 1950 multiplici
2193 1898 2479 1939 relatione'con-

283 1966 367 1993 esse
396 1954 506 2005 quod
541 1954 744 1992 relationes
773 1954 917 2005 quibus
945 1955 1053 1992 Deus
1085 1954 1135 1993 ad
1170 1961 1363 1992 creaturas
1419 1952 1572 1990 sideret.
1593 1954 1642 1990 Et
1656 1961 1802 2003 quanto
1822 1953 1966 2003 aliquid
1980 1962 2036 1990 est
2049 1953 2170 2003 magis
2189 1954 2361 2004 simplex,
2376 1962 2480 1992 tanto

283 2008 455 2055 refertur,
485 2008 560 2046 sint
588 2020 649 2046 res
677 2007 829 2058 aliquae
858 2016 965 2046 extra
992 2007 1135 2058 ipsum.
1420 2014 1476 2044 est
1495 2006 1651 2044 maioris
1670 2006 1818 2044 virtutis
1838 2014 1874 2044 et
1898 2007 2068 2056 plurium
2087 2007 2330 2057 principium,
2350 2020 2395 2045 ac
2412 2020 2482 2058 per

340 2062 445 2100 Cum
472 2062 588 2111 igitur
615 2070 817 2100 ostensum
852 2061 898 2099 sit
916 2061 937 2084 ²¹⁸
964 2062 1074 2111 quod
1106 2073 1189 2099 non
1221 2061 1296 2099 sint
1324 2061 1363 2099 in
1420 2061 1497 2098 hoc
1524 2060 1771 2110 multiplicius
1799 2061 1961 2098 relatum
1989 2060 2218 2109 intelligitur:
2253 2061 2349 2099 sicut
2382 2073 2480 2111 pun-

285 2115 371 2167 ipso
399 2116 560 2162 realiter,
589 2123 626 2153 et
653 2123 785 2154 tamen
821 2115 1005 2153 dicuntur
1039 2115 1088 2153 de
1117 2127 1166 2152 eo
1184 2115 1221 2161 ²⁸⁶,
1252 2115 1363 2153 relin-
1420 2122 1527 2152 ctum
1545 2114 1716 2164 plurium
1735 2122 1791 2151 est
1810 2113 2042 2164 principium
2062 2127 2181 2164 quam
2200 2114 2308 2160 linea,
2327 2122 2364 2151 et
2381 2114 2481 2152 linea

285 2169 418 2220 quitur
443 2170 552 2220 quod
571 2169 607 2207 ei
626 2169 883 2207 attribuantur
910 2170 1040 2207 solum
1068 2169 1288 2207 secundum
1308 2168 1364 2206 in·
1379 2186 1403 2205 as
1420 2180 1541 2218 quam
1569 2167 1803 2217 superficies.
1832 2168 1919 2205 Hoc
1946 2167 2058 2216 igitur
2084 2167 2213 2218 ipsum
2231 2168 2337 2217 quod
2362 2169 2481 2205 multa

284 2222 511 2273 telligentiae
546 2223 726 2269 modum,
756 2235 803 2261 ex
831 2235 879 2261 eo
908 2223 1017 2273 quod
1046 2222 1119 2261 alia
1147 2223 1366 2261 referuntur
1421 2221 1575 2259 relative
1603 2221 1652 2259 de
1680 2222 1764 2259 Deo
1794 2220 1982 2266 dicuntur,
2012 2221 2094 2258 eius
2129 2233 2304 2259 summae
2339 2220 2480 2271 simpli-

285 2277 336 2315 ad
369 2277 512 2328 ipsum.
549 2277 765 2315 Intellectus
800 2276 906 2314 enim
942 2285 1084 2322 noster,
1118 2276 1363 2325 intelligendo

285 2330 431 2381 aliquid
460 2330 590 2368 referri
609 2331 659 2368 acl
679 2332 855 2376 alterum,
875 2329 1111 2379 co-intelligit
1137 2330 1363 2368 relationem

342 2445 356 2472 3
376 2446 479 2481 aliquae
492 2446 598 2476 NWPc:
618 2446 704 2480 aliqua
716 2446 800 2472 ceteri
811 2449 838 2472 et
849 2446 973 2481 sortasse
984 2447 1016 2472 Α.

284 2482 374 2508 venire
394 2481 498 2513 DEYZ;
518 2482 648 2507 advenire.

286 2523 371 2544 stante
385 2519 432 2543 sed
446 2525 499 2543 non
515 2518 543 2543 Z.
631 2525 665 2550 ²4
679 2518 712 2543 de
726 2525 759 2543 eo
773 2518 858 2549 DNY;
872 2518 904 2543 de
917 2518 982 2544 Deo.

287 2562 348 2580 cum
366 2554 486 2587 intelligit
503 2554 558 2586 GZ,
577 2561 609 2579 eo
627 2554 700 2588 quod
718 2553 838 2587 intelligit
856 2554 888 2579 Y.

734 2482 766 2507 13
786 2482 885 2516 aliquid
903 2490 947 2508 om
966 2482 1059 2514 GWX,
1074 2485 1140 2514 post
1158 2482 1190 2509 ab
1209 2490 1242 2508 eo
1261 2490 1288 2507 α.

1099 2454 1115 2479 7
1134 2446 1198 2472 alias
1211 2446 1385 2480 considerare]
1407 2440 1572 2472 considerare
1585 2445 1616 2476 G,
1631 2445 1720 2470 referri
1734 2445 1762 2476 P,
1777 2444 1838 2469 alias
1851 2444 2006 2469 considerari
2021 2444 2042 2469 N
2050 2452 2057 2474 ;
2077 2444 2099 2468 Ι)
2115 2444 2174 2468 uide
2186 2443 2233 2468 sub
2248 2444 2295 2476 ρΑ.

1375 2489 1408 2514 14
1426 2480 1528 2515 aliquia]
1550 2482 1608 2514 quis
1629 2481 1743 2511 EGWY,
1763 2480 1834 2505 enim
1849 2480 1908 2513 quis
1924 2480 1955 2504 D.

1069 2517 1102 2543 25
1121 2518 1208 2543 solum
1222 2518 1265 2544 hic
1279 2518 1350 2549 Dw;
1366 2521 1431 2551 post
1443 2517 1598 2543 secundum.

1420 2275 1520 2313 citati
1548 2283 1752 2313 attestatur.

2041 2479 2073 2504 18
2091 2479 2202 2504 exterius
2215 2479 2338 2504 existente
2357 2443 2483 2511 segdlagiii:

1684 2516 1716 2541 ²8
1731 2515 1894 2548 cointelligit
1907 2515 2017 2546 DWsG;
2031 2523 2063 2540 eo
2078 2515 2193 2547 intelligit
2205 2515 2329 2545 aEXch,
2342 2521 2439 2547 anceps
2451 2515 2481 2545 N,

340 2597 359 2622 4
377 2589 426 2615 alia
444 2589 532 2621 sYPc;
552 2589 603 2615 alio
621 2589 701 2615 modo
719 2589 772 2621 ΝΖ,
791 2589 842 2615 alio
860 2589 956 2618 ceteri,·
974 2591 997 2615 A
1015 2596 1114 2622 anceps
1132 2592 1162 2614 ut
1180 2596 1266 2622 saepe,
1285 2589 1333 2615 sed
1352 2589 1403 2615 alio
1420 2589 1539 2622 aliquam
1559 2587 1807 2613 determinationem
1833 2586 1969 2619 requirere
1987 2586 2094 2611 vitietur
2111 2585 2148 2610 ad
2172 2585 2356 2618 praedicantur,
2376 2592 2421 2610 ex.
2439 2593 2482 2618 gr.

287 2633 341 2651 non
358 2625 474 2651 relative.

287 2697 393 2730 gentem
413 2697 445 2728 Ρ;
464 2697 500 2731 ιγ’.
518 2705 576 2723 var.
595 2704 649 2730 seq.

289 2740 321 2758 22
341 2732 464 2767 plurium]
485 2733 630 2766 plurimum
649 2732 703 2764 EY,
719 2737 783 2765 post
801 2733 955 2767 principium
976 2733 1038 2759 aPc.

566 2624 580 2650 5
600 2625 721 2651 voluntas
740 2625 806 2659 eius]
826 2630 853 2651 et
869 2626 993 2651 voluntas
1011 2627 1068 2651 eius
1088 2625 1119 2657 D,
1138 2625 1196 2650 eius
1215 2630 1241 2650 et
1259 2625 1380 2650 voluntas
1397 2625 1426 2650 Z.

287 2662 387 2687 multae
405 2661 543 2687 relationes
563 2662 646 2687 dictae
665 2662 698 2687 de
716 2661 774 2687 Deo
793 2662 991 2694 nonderogant
1011 2662 1068 2687 eius
1089 2661 1254 2694 simplicitati,
1273 2661 1321 2686 sed
1340 2661 1365 2685 in
1385 2662 1407 2685 Α
1428 2667 1474 2685 nec
1492 2658 1587 2685 titulus
1606 2665 1652 2684 nec
1670 2658 1775 2692 signum
1795 2657 1907 2690 capituli
1925 2657 2068 2681 invenitur.

735 2702 761 2722 et
779 2697 962 2731 multipliciter]
988 2697 1014 2722 in
1038 2705 1126 2723 rerum
1152 2703 1243 2722 namra
1267 2697 1295 2727 Z,
1320 2696 1494 2729 multipliciter
1519 2694 1609 2720 ceteri.

1132 2732 1163 2758 25
1184 2733 1271 2766 ipsum
1292 2733 1326 2763 D;
1345 2739 1398 2757 om.

1519 2630 1551 2655 14
1571 2624 1650 2648 Patet.
1674 2622 1796 2647 Traditio
1821 2629 1917 2646 novum
1936 2621 2081 2653 capitulum
2109 2621 2209 2653 incipit,
2229 2621 2276 2646 sub
2295 2620 2387 2645 titulo:
2405 2620 2481 2650 Quod

2167 2655 2199 2680 18
2218 2655 2368 2688 intelliget-ej
2388 2655 2480 2680 intelli-

1709 2700 1737 2718 21
1762 2694 1793 2718 Et
1811 2692 1917 2726 quanto]
1937 2697 2035 2725 quanto
2061 2692 2089 2723 Z,
2116 2696 2212 2724 quanto
2231 2691 2299 2715 enim
2318 2691 2353 2721 D;
2377 2692 2412 2724 cs.
2431 2692 2479 2723 pA.

1489 2729 1522 2755 26
1542 2737 1661 2755 summae
1680 2729 1834 2762 simplicitati
1853 2727 1994 2759 attestatur]
2015 2732 2076 2752 sunt
2094 2727 2246 2760 simplicitati
2265 2726 2434 2751 accrescentis.
2452 2726 2480 2751 Z.

1053 2822 1392 2856 Commenta-aria
1422 2819 1730 2852 Fax-ramensis

291 2923 456 2987 Stemma
481 2913 649 2944 conclusio
671 2919 718 2944 est
734 2914 765 2943 *t
790 2913 982 2944 praedictae
1003 2913 1179 2944 relationes
1203 2922 1268 2942 non
1291 2917 1368 2942 sunt

332 2958 505 2989 existentes
521 2958 665 2989 exterius
680 2959 774 3000 quasi
791 2968 842 2989 res
866 2959 996 2999 aliquae
1019 2963 1114 2989 extra
1131 2958 1246 2988 Deum.
1273 2956 1367 2986 Circa

290 3003 374 3033 hanc
390 3008 499 3034 autem
515 3004 574 3034 tria
590 3002 666 3034 facit
681 3003 819 3043 Sanctus
834 3003 995 3034 Thomas:
1021 3003 1127 3044 primo
1145 3002 1231 3032 enim
1252 3001 1368 3042 probat

291 3047 553 3084 conclusionem;
578 3047 735 3084 secundo,
751 3047 848 3078 infert
871 3047 938 3078 duo
963 3047 1141 3082 corollaria,
1159 3052 1224 3077 tam
1244 3055 1282 3076 ex
1298 3046 1367 3085 ipsa

291 3101 391 3133 quam
415 3102 454 3123 ex
477 3092 683 3133 praecedenti
706 3092 918 3123 conclusione
935 3094 966 3128 ἦ
991 3093 1096 3127 tertio,
1118 3090 1284 3131 quoddam
1309 3090 1367 3120 du-

291 3138 383 3168 bium
407 3142 555 3168 removet
570 3138 596 3168 ⁴².

349 3182 371 3212 Ι.
396 3182 560 3212 Probatur
583 3191 664 3223 ergo
683 3182 804 3222 primo.
829 3182 916 3220 Quia
938 3182 1029 3212 aliter
1052 3185 1215 3221 oporteret
1239 3180 1272 3209 in
1296 3177 1367 3209 infi-

291 3227 397 3257 nitum
419 3226 570 3258 advenire
594 3227 666 3257 Deo
690 3226 861 3257 relationes
884 3226 985 3257 reales
1008 3225 1047 3256 ad
1072 3224 1194 3266 aliquid
1217 3223 1367 3254 extrinse-

292 3281 379 3303 cum.
395 3289 416 3294 —
432 3271 591 3302 Probatur
614 3272 857 3311 consequentia.
883 3271 969 3309 Quia
986 3271 1073 3301 Deus
1090 3275 1137 3300 est
1152 3269 1294 3309 primum
1311 3277 1367 3297 ens

292 3321 325 3346 et
347 3325 513 3347 summurn
537 3317 663 3347 bonum
686 3322 835 3356 respectu
860 3317 966 3346 omnis
991 3315 1130 3345 entitatis
1160 3314 1366 3343 extrinsecae.

292 3359 326 3391 Si
349 3369 427 3400 ergo
450 3361 623 3392 relationes
647 3361 766 3401 quibus
790 3361 830 3391 ad
854 3370 904 3391 res
927 3360 1003 3390 alias
1026 3365 1062 3388 ut
1089 3358 1231 3398 primum
1255 3366 1311 3386 ens
1335 3361 1367 3386 et

292 3414 459 3435 summum
482 3406 608 3437 bonum
631 3405 777 3442 refertur,
795 3411 870 3436 sunt
885 3414 935 3435 res
951 3409 1037 3434 extra
1053 3403 1160 3433 Deum
1184 3401 1365 3435 existentes,

293 3454 424 3490 oportet
439 3455 476 3480 ut
490 3459 548 3490 per
564 3450 640 3481 alias
655 3450 828 3481 relationes
844 3449 884 3479 ad
900 3449 968 3479 illas
989 3448 1179 3478 extrinsecas
1195 3445 1366 3475 relationes

293 3493 462 3525 referatur:
488 3499 519 3525 et
542 3495 588 3525 sic
611 3495 645 3525 in
667 3494 843 3525 infinitum.

348 3538 400 3570 Ad
415 3539 499 3570 hanc
515 3539 675 3570 rationem
690 3544 800 3580 posset
816 3538 931 3578 aliquis
947 3536 1052 3567 dicere
1069 3533 1168 3574 quod,
1186 3533 1260 3563 licet
1276 3532 1365 3562 Deus

293 3583 400 3624 aliqua
423 3583 579 3614 relatione
602 3583 757 3615 referatur
779 3583 819 3614 ad
842 3592 901 3618 res,
926 3580 966 3611 ad
989 3581 1090 3620 ipsam
1115 3584 1222 3608 tamen
1239 3576 1365 3606 relatio-

293 3637 370 3659 nem
393 3638 461 3659 non
485 3627 620 3659 refertur
643 3628 704 3659 alia
727 3628 892 3658 relatione.

349 3672 412 3704 Sed
436 3673 499 3703 hoc
522 3673 602 3704 nihil
627 3678 674 3703 est
702 3672 801 3703 dictu.
833 3671 928 3708 Quia,
953 3670 978 3698 si
1002 3672 1165 3708 ponantur
1195 3665 1364 3695 relationes

1420 2910 1518 2941 reales
1535 2914 1620 2939 extra
1638 2908 1743 2938 Deum
1767 2906 1918 2937 habentes
1937 2914 2014 2940 esse,
2031 2910 2183 2943 tanquam
2199 2903 2259 2933 sint
2276 2902 2359 2932 entia
2375 2911 2391 2931 a
2408 2901 2477 2931 Deo

1421 2954 1577 2990 distincta,
1594 2957 1742 2993 respectu
1759 2951 1883 2981 illarum
1907 2950 1949 2980 ita
1973 2954 2019 2979 est
2042 2949 2181 2988 primurn
2198 2956 2253 2977 ens
2270 2952 2300 2976 et
2316 2955 2478 2976 summum

1420 3000 1545 3032 bonum
1569 2998 1651 3028 sicut
1674 3001 1822 3036 respectu
1851 2994 1996 3024 aliorum.
2029 2992 2104 3023 Ideo
2129 2996 2256 3031 oportet
2285 2996 2319 3020 ut
2349 2989 2387 3019 ad
2411 2989 2478 3019 illas

1421 3044 1489 3074 aliis
1514 3041 1721 3073 relationibus
1748 3039 1884 3070 realibus
1908 3038 2090 3068 extrinsecis
2114 3035 2273 3070 referatur,
2297 3035 2322 3064 si
2345 3033 2384 3063 ad
2408 3033 2477 3069 alia,

1421 3094 1456 3118 ut
1473 3088 1614 3128 primum
1630 3095 1686 3116 ens
1703 3090 1734 3115 et
1750 3092 1914 3114 summum
1931 3083 2055 3112 bonum
2071 3086 2126 3116 est,
2144 3079 2256 3110 talibus
2273 3078 2478 3108 relationibus

1421 3131 1564 3163 refertur.
1589 3128 1730 3168 Quando
1748 3129 1833 3159 enim
1850 3127 1960 3157 relatio
1977 3135 2039 3166 qua
2056 3123 2176 3164 aliquid
2191 3123 2230 3153 ad
2246 3121 2330 3152 aliud
2346 3121 2479 3152 refertur
2526 3157 2531 3162 ⁵

1421 3182 1468 3207 est
1491 3176 1535 3206 illi
1560 3175 1738 3209 intrinseca,
1758 3182 1825 3203 non
1849 3171 1982 3202 refertur
1997 3169 2075 3199 illud
2092 3168 2130 3198 ad
2146 3167 2332 3198 relationem
2356 3166 2415 3196 alia
2431 3175 2478 3196 re-

1420 3221 1556 3252 latione:
1585 3218 1641 3249 sed
1671 3219 1752 3248 bene
1784 3215 1917 3247 refertur
1947 3215 1972 3244 si
2002 3218 2140 3253 ponatur
2166 3212 2349 3246 extrinseca,
2377 3210 2478 3240 modo

1421 3265 1522 3300 dicto:
1546 3273 1586 3294 eo
1603 3262 1693 3303 quod
1712 3261 1751 3292 ad
1771 3261 1877 3291 Deum
1893 3258 2028 3289 similem
2050 3257 2160 3287 relatio
2177 3255 2350 3286 extrinseca
2365 3255 2480 3284 habeat

1421 3309 1696 3349 comparationem
1714 3315 1788 3336 cum
1805 3304 1872 3334 aliis
1893 3303 2032 3336 entibus:
2057 3299 2254 3340 comparatio
2274 3299 2361 3328 enim
2384 3299 2479 3339 primi

1420 3354 1502 3384 entis
1518 3358 1550 3383 et
1566 3352 1684 3382 summi
1700 3350 1777 3380 boni
1794 3354 1840 3378 est
1864 3347 1975 3378 eadem
1991 3345 2030 3375 ad
2047 3345 2155 3375 omnia
2171 3343 2346 3373 extrinseca
2362 3352 2379 3372 a
2395 3343 2478 3373 Deo.

1478 3397 1513 3427 11.
1538 3395 1696 3426 Secundo.
1720 3395 1750 3424 A
1773 3393 1925 3423 relatione
1952 3399 2019 3420 non
2047 3388 2207 3418 invenitur
2235 3386 2356 3427 aliquid
2378 3386 2479 3417 deno-

1419 3441 1596 3472 minatione
1628 3439 1801 3470 extrinseca
1831 3434 2040 3469 denominari,
2071 3431 2127 3462 sed
2155 3432 2325 3462 intrinseca
2354 3436 2479 3462 tantum

1420 3485 1697 3516 denominatione:
1723 3491 1789 3512 non
1814 3481 1899 3510 enim
1923 3483 1970 3508 est
1992 3477 2105 3516 aliquis
2129 3482 2218 3516 pater
2240 3476 2428 3515 paternitate
2446 3476 2479 3505 in

1419 3530 1482 3560 alio
1507 3529 1674 3562 existente;
1699 3532 1729 3556 et
1753 3526 1796 3555 sic
1820 3524 1859 3554 de
1882 3523 1959 3553 aliis.
1983 3521 2069 3561 Ergo
2094 3526 2153 3550 etc.

1474 3571 1715 3603 Advertendum
1731 3568 1820 3609 quod
1841 3565 2030 3597 antecedens
2045 3565 2140 3595 huius
2156 3564 2287 3594 rationis
2310 3563 2481 3604 dupliciter

1418 3623 1524 3658 potest
1548 3616 1689 3655 intelligi.
1713 3614 1831 3648 Primo,
1856 3611 1894 3641 de
1918 3610 2071 3640 relatione
2095 3610 2264 3649 importata
2287 3617 2344 3648 per
2359 3617 2480 3638 nomen

1418 3672 1435 3692 a
1452 3671 1518 3702 quo
1535 3659 1655 3699 aliquid
1679 3658 1806 3688 relative
1830 3655 2065 3686 denominatur.
2090 3653 2141 3684 Sic
2165 3653 2251 3683 enim
2275 3651 2481 3683 manifestum
