2768 4134
11 2851 180 2875 'Aban-vi.

716 272 905 310 SUMMA
934 273 1157 312 CONTRA
1185 273 1461 323 GENTILES,
1490 275 1585 312 LlB.
1606 275 1647 321 11,
1678 274 1789 312 CAP.
1809 275 2013 313 LXXXIII.

265 349 344 380 toris
357 355 488 390 oportet
499 359 560 380 suo
576 351 692 381 mobili
705 360 774 382 esse
785 352 1077 393 proportionatam.
1096 353 1137 384 Et
1152 354 1196 384 sic
1213 360 1343 394 oportet

266 393 447 424 secundum
464 393 681 426 diversitatem
697 405 875 437 corporum
890 397 1064 428 mobilium
1080 398 1120 428 ab
1137 399 1254 435 anima,
1273 408 1343 430 esse

266 437 483 470 diversitatem
507 440 700 471 animarum.

321 483 411 514 Tum
434 485 511 524 quia
533 485 652 515 rediret
673 485 860 517 naturaliter
883 486 971 517 idem
1002 496 1140 517 numero
1164 496 1222 528 per
1244 497 1343 527 gene-

265 527 442 559 rationem:
473 529 540 559 sive
570 536 723 570 ponatur,
750 531 933 562 secundum
963 531 1144 568 Platonem,
1171 532 1342 563 hominem

266 581 335 603 esse
359 574 504 604 animam
520 583 660 615 corpore
683 575 839 611 indutam,
864 575 931 606 sive
950 581 1092 616 ponatur
1115 576 1256 607 animam
1273 586 1342 608 esse

266 615 406 648 formam
431 618 586 656 hominis,
613 629 683 650 non
710 625 820 651 autem
849 621 1034 657 hominem;
1065 620 1118 651 illa
1148 621 1237 652 enim
1267 627 1342 652 sunt

265 671 370 692 unum
392 671 532 693 numero
549 672 691 703 quorum
714 664 820 695 forma
840 670 888 695 est
911 674 986 702 una,
1011 674 1087 696 cum
1106 665 1212 696 unitas
1231 666 1277 696 rei
1293 675 1342 696 se-

266 712 384 746 quatur
406 706 557 744 formam,
574 709 658 739 sicut
682 714 713 739 et
729 719 809 740 esse.
825 709 901 740 Hoc
920 715 1030 741 autem
1053 715 1101 740 est
1123 710 1340 751 impossibile:

265 751 341 791 quia
364 751 399 781 in
421 752 461 782 iis
485 761 570 792 quae
592 760 788 793 generantur
803 760 836 785 et
859 760 1124 795 corrumpuntur,
1148 763 1216 785 non
1232 760 1343 786 manet

265 795 380 826 eadem
393 796 580 834 substantia,
597 799 681 829 sicut
696 804 808 829 manet
822 799 856 829 in
872 799 911 829 iis
930 809 1015 840 quae
1031 798 1212 830 secundum
1230 800 1341 831 locum

264 845 450 871 moventur.

320 884 576 923 Advertendum‚
605 887 690 918 circa
716 888 780 918 hoc
809 887 962 919 ultimum
986 887 1120 924 dictum,
1144 888 1236 928 quod
1262 887 1340 919 San-

265 933 338 959 ctus
361 929 508 961 Thomas
531 931 602 961 vult
625 932 786 972 assignare
815 932 976 963 rationem
1007 941 1107 972 quare
1137 942 1206 963 non
1232 938 1341 973 potest

264 973 368 1005 redire
392 974 479 1005 idem
503 985 644 1007 numero
667 986 725 1017 per
747 977 1002 1017 generationem,
1022 986 1061 1007 ex
1092 977 1247 1017 opposito
1271 977 1341 1007 eius

265 1018 357 1058 quod
378 1019 412 1050 in
435 1026 531 1050 motu
553 1020 648 1051 locali
675 1021 848 1051 invenitur.
871 1020 959 1059 Quia
982 1021 1079 1057 enim,
1103 1020 1183 1052 dum
1206 1021 1340 1062 aliquod

264 1063 388 1094 mobile
415 1065 542 1095 moveri
570 1070 683 1102 cessat,
714 1071 823 1096 manet
853 1066 1030 1096 substantia
1064 1065 1204 1102 mobilis,
1233 1071 1340 1107 potest

264 1116 371 1139 unum
393 1117 532 1140 movens
555 1109 643 1140 idem
665 1110 788 1140 mobile
818 1110 986 1141 multoties
1013 1119 1158 1141 movere.
1183 1110 1219 1141 In
1241 1120 1340 1151 gene-

264 1152 389 1183 ratione
412 1158 523 1184 autem
538 1159 571 1185 et
586 1155 796 1195 corruptione
812 1164 879 1185 non
895 1160 1006 1185 manet
1021 1154 1134 1186 eadem
1151 1155 1338 1192 substantia,

264 1201 302 1227 ut
324 1196 439 1228 eadem
462 1198 640 1230 substantia
666 1199 756 1239 prius
787 1205 1023 1240 corrumpatur,
1047 1198 1261 1240 postmodum
1283 1209 1338 1240 ge-

263 1247 405 1279 neretur,
419 1243 503 1273 sicut
516 1252 622 1274 unum
637 1243 761 1274 mobile
775 1253 865 1275 nunc
880 1253 949 1274 uno
966 1249 1060 1274 motu
1075 1249 1236 1281 movetur,
1249 1253 1338 1275 nunc

264 1285 346 1317 alio:
363 1286 422 1317 sed
436 1296 495 1328 per
514 1288 760 1328 corruptionem
775 1287 894 1319 desinit
909 1297 978 1319 esse
993 1289 1040 1319 rei
1055 1289 1242 1319 substantia.
1260 1288 1338 1320 Ideo

263 1329 514 1362 idemmumero
531 1332 623 1372 quod
638 1333 729 1373 prius
752 1330 944 1374 corruptum
963 1338 1021 1369 est,
1036 1342 1105 1363 non
1129 1338 1237 1373 potest
1252 1343 1339 1364 nova

262 1376 473 1415 generatione
488 1376 638 1416 produci.
655 1377 729 1408 Non
746 1382 856 1418 potest
871 1386 949 1418 ergo
965 1377 1054 1408 idem
1078 1377 1169 1417 quod
1193 1387 1251 1418 per
1267 1387 1338 1409 cor-

261 1421 451 1461 ruptionem
474 1419 567 1452 desiit
590 1431 670 1459 esse,
693 1423 812 1453 iterum
834 1431 893 1462 per
915 1422 1159 1462 generationem
1188 1421 1337 1462 produci,

262 1469 420 1506 tanquam
442 1464 530 1496 idem
553 1466 735 1497 secundum
757 1466 969 1497 substantiam
990 1466 1050 1497 sub
1074 1472 1210 1507 utraque
1232 1472 1338 1497 muta-

262 1508 354 1540 tione
376 1515 516 1540 maneat.

317 1553 403 1584 XIV.
427 1553 492 1584 Sed
515 1554 599 1585 circa
621 1554 705 1585 hanc
729 1555 890 1585 rationem
916 1554 1139 1594 multipliciter
1162 1554 1336 1586 dubitatur.

261 1596 383 1635 Primo,
407 1598 492 1628 circa
515 1597 550 1629 id
572 1597 664 1639 quod
687 1597 814 1635 dicitur,
831 1599 989 1639 quoniam
1005 1604 1173 1639 oporteret
1195 1598 1337 1629 infinitas

261 1642 386 1673 animas
420 1651 505 1679 esse,
541 1642 568 1673 si
602 1651 673 1673 non
703 1649 846 1682 ponatur
877 1644 1059 1674 animarum
1088 1644 1336 1683 transmigratio,

261 1686 359 1718 etiam
382 1696 451 1718 non
481 1687 588 1727 posita
617 1687 829 1727 generatione
859 1693 989 1718 aeterna
1012 1697 1030 1718 a
1053 1693 1143 1728 parte
1171 1693 1256 1727 ante,
1280 1687 1337 1718 sed

259 1735 388 1762 mutum
403 1741 422 1762 a
437 1736 528 1772 parte
543 1737 629 1772 post.
646 1731 723 1762 Hoc
743 1732 832 1763 enim
854 1741 923 1763 non
947 1731 1074 1763 videtur
1092 1741 1217 1763 verum.
1241 1732 1336 1769 Nam,

259 1776 367 1816 posita
389 1775 506 1807 mundi
528 1777 717 1807 aeternitate
739 1786 759 1807 a
782 1781 872 1817 parte
895 1781 981 1812 ante,
998 1782 1241 1817 praecessemnt
1264 1776 1337 1808 infi-

259 1820 347 1852 nitae
369 1821 595 1861 generationes
625 1826 658 1852 et
685 1820 803 1852 infiniti
834 1822 999 1852 homines:
1028 1820 1104 1852 ideo
1134 1831 1267 1852 necesse
1289 1827 1337 1852 est

260 1866 472 1906 praecessisse
495 1864 637 1896 infinitas
660 1866 798 1902 animas,
826 1872 858 1897 et
881 1866 927 1896 sic
951 1871 1082 1907 oportet
1105 1865 1172 1896 dari
1196 1865 1337 1897 infinitas

259 1910 384 1941 animas
405 1911 445 1941 in
468 1915 554 1941 actu.
585 1909 650 1941 Sed
676 1910 783 1950 posita
812 1910 1022 1950 generatione
1045 1916 1175 1941 aeterna
1206 1920 1224 1941 a
1246 1916 1337 1951 parte

253 1960 342 1996 post,
366 1953 458 1986 finita
481 1959 591 1985 autem
619 1964 638 1985 a
661 1959 751 1994 parte
774 1959 860 1990 ante,
883 1964 952 1986 non
980 1955 1127 1995 sequitur
1150 1955 1224 1985 hoc.
1249 1954 1336 1993 Quia

261 2008 377 2031 omnes
399 1999 624 2039 generationes
648 2008 666 2029 a
689 1999 793 2039 prima
812 2008 918 2039 usque
941 1999 982 2030 ad
1003 1999 1087 2030 hanc
1111 2009 1195 2039 quae
1219 1999 1335 2030 ultimo

259 2043 420 2084 producta
436 2049 483 2075 est
500 2043 646 2084 (oportet
662 2044 750 2074 enim
766 2052 895 2084 semper
910 2053 980 2075 esse
998 2043 1141 2084 aliquam
1155 2044 1336 2084 generatio-

259 2097 337 2120 nem
360 2089 534 2128 ultimam),
551 2093 627 2118 sunt
649 2087 770 2118 finitae.
791 2088 833 2118 Et
855 2097 914 2128 per
936 2097 1142 2128 consequens
1166 2098 1336 2129 nunquam

260 2138 336 2164 sunt
351 2134 479 2171 animae
495 2138 570 2164 actu
593 2131 749 2169 infinitae,
765 2132 840 2163 licet
863 2133 966 2173 possit
988 2142 1144 2164 numerus
1167 2142 1279 2164 earum
1301 2134 1335 2164 in

260 2177 427 2209 infinitum
442 2178 568 2218 augeri:
586 2177 669 2207 sicut
684 2177 843 2217 incipiens
858 2187 1030 2208 numerare
1047 2178 1086 2208 ab
1103 2177 1236 2214 unitate,
1261 2178 1336 2209 licet

259 2222 294 2253 in
309 2221 475 2254 infinitum
498 2221 675 2263 procedere
691 2222 793 2262 possit
808 2221 1022 2262 numerando,
1038 2231 1210 2264 nunquam
1226 2228 1335 2253 tamen

259 2273 349 2298 totus
372 2276 528 2298 numerus
552 2267 591 2297 ab
614 2266 688 2306 ipso
712 2272 864 2307 acceptus
888 2267 947 2298 erit
969 2265 1126 2298 infinitus.

317 2311 470 2343 Secundo
495 2311 659 2342 dubitatur
681 2312 766 2341 circa
785 2311 945 2342 rationem
961 2320 1036 2351 qua,
1061 2321 1099 2342 ex
1122 2310 1335 2351 proportione

260 2357 397 2388 motoris
413 2355 454 2387 ad
468 2356 601 2392 mobile,
622 2356 777 2395 probatur
793 2365 860 2386 non
870 2365 971 2396 posse
986 2365 1086 2387 unam
1105 2356 1249 2386 animam
1258 2356 1336 2396 plu-

261 2402 351 2433 ribus
373 2401 567 2441 corporibus
583 2400 682 2430 uniri.
702 2400 855 2431 Dicerent
871 2401 959 2431 enim
981 2399 1141 2431 Platonici
1157 2399 1248 2441 quod
1267 2410 1335 2431 non

259 2446 450 2477 inconvenit
477 2454 581 2476 unum
611 2450 776 2476 motorem
799 2444 932 2476 diversis
957 2445 1133 2476 mobilibus
1156 2445 1336 2476 successive

259 2491 362 2522 uniri:
386 2490 469 2521 sicut
493 2499 578 2520 unus
600 2489 703 2520 homo
719 2489 842 2521 diversa
861 2495 971 2530 potest
989 2490 1169 2521 successive
1192 2498 1334 2520 movere.

316 2535 439 2571 Tertio,
457 2535 540 2565 circa
564 2534 712 2565 ultimam
727 2534 887 2566 rationem
903 2533 943 2565 ad
958 2534 1046 2566 idern
1065 2533 1239 2571 dubitatur,
1259 2544 1335 2565 cum

260 2579 377 2611 dicitur
400 2578 492 2619 quod
515 2579 575 2609 illa
597 2583 675 2609 sunt
698 2588 799 2609 unum
822 2588 959 2610 numero
982 2588 1122 2620 quorum
1150 2584 1198 2610 est
1215 2579 1335 2620 forma

260 2633 328 2655 una
351 2632 499 2654 numero.
527 2622 603 2654 Hoc
633 2624 722 2654 enim
751 2633 821 2654 non
843 2623 972 2655 videtur
1000 2623 1157 2654 sufficere.
1185 2623 1272 2661 Quia
1295 2622 1335 2653 ad

258 2669 418 2700 unitatem
433 2668 636 2699 numeralem
658 2673 791 2699 naturae
813 2668 986 2699 materialis
1001 2677 1070 2699 non
1093 2666 1211 2698 sufficit
1229 2668 1335 2698 unitas

259 2712 394 2752 formae,
417 2712 475 2744 sed
496 2713 670 2753 requiritur
691 2713 789 2744 etiam
804 2713 911 2744 unitas
925 2713 1093 2744 materiae:
1117 2721 1194 2743 cum
1209 2711 1250 2742 ad
1266 2721 1335 2743 esse

258 2758 360 2799 ipsius
383 2767 452 2788 non
475 2756 614 2788 sufficiat
636 2756 752 2794 forma,
773 2756 830 2788 sed
845 2757 942 2788 eu‘am
960 2757 1095 2787 materia
1109 2756 1299 2796 requiratur.
1311 2774 1335 2778 —

259 2802 482 2834 Confirmatur
509 2802 622 2832 etiam:
648 2803 725 2842 quia
751 2801 889 2833 Sanctus
916 2801 1072 2838 Thomas,
1102 2799 1254 2837 Quolibet
1279 2800 1333 2837 XI,

259 2857 291 2888 q.
306 2857 339 2877 vr
350 2847 378 2884 *,
402 2852 435 2878 et
451 2846 495 2877 IV
510 2845 610 2882 Sem„
628 2845 659 2876 d.
675 2855 757 2883 xmv,
775 2855 806 2886 q.
824 2856 845 2883 1,
863 2856 891 2876 a.
912 2854 939 2883 1,
956 2846 1017 2886 qu·
1037 2854 1063 2882 1,
1083 2850 1172 2876 tenet
1188 2843 1278 2885 quod
1294 2844 1334 2875 ad

256 2892 416 2922 unitatem
439 2890 642 2922 numeralem
666 2890 841 2930 compositi
864 2890 1036 2931 requiritur
1057 2889 1163 2920 unitas
1182 2889 1334 2920 materiae

258 2941 291 2967 et
305 2936 440 2967 formae.
456 2935 581 2966 -Idem
595 2934 724 2966 videtur
738 2935 822 2966 velle
837 2935 985 2975 superius
1000 2935 1033 2965 in
1049 2934 1110 2964 hac
1125 2934 1260 2970 ratione,
1277 2934 1333 2964 ubi

257 2981 336 3012 dixit
351 2980 572 3022 differentiam
586 2980 764 3011 secundum
781 2989 952 3011 numerum
968 2988 1037 3010 esse
1050 2978 1227 3009 secundum
1236 2978 1333 3018 prin-

257 3026 344 3067 cipia
367 3025 564 3056 materialia.
589 3024 676 3065 Ergo
701 3030 762 3055 etc.

312 3071 383 3101 XV.
399 3069 453 3100 Ad
472 3070 615 3110 primum
631 3069 769 3100 dubium
785 3067 900 3099 dicitur
916 3067 1017 3108 quod,
1033 3065 1190 3108 ponendo
1209 3067 1333 3098 animas

256 3115 438 3146 successive
461 3114 571 3150 creari,
595 3118 632 3144 ut
654 3122 716 3144 nos
738 3113 904 3153 ponimus,
926 3112 1032 3152 posita
1054 3111 1262 3152 generatione
1283 3111 1333 3142 in-

255 3158 346 3190 finita
368 3164 496 3189 tantum
520 3168 537 3188 a
560 3163 650 3198 parte
667 3162 754 3198 post,
770 3166 940 3197 nunquam
956 3156 1102 3196 sequitur
1117 3164 1187 3186 esse
1209 3156 1332 3186 animas

256 3210 331 3235 actu
353 3203 505 3240 infinitas,
521 3207 558 3234 ut
582 3203 782 3243 arguebatur.
807 3201 871 3232 Sed
893 3201 1002 3242 posito
1018 3199 1110 3241 quod
1132 3209 1247 3230 omnes
1263 3201 1331 3230 ani-

199 3242 202 3245 *
254 3258 329 3280 mae
345 3248 443 3279 simul
458 3247 579 3278 fuerint
594 3253 729 3284 creatae,
746 3251 782 3277 ut
798 3246 902 3277 voluit
917 3245 1085 3285 Origenes,
1102 3250 1215 3275 contra
1230 3254 1331 3284 quem

256 3294 361 3334 arguit
376 3293 514 3325 Sanctus
531 3292 686 3328 Thomas,
709 3300 842 3322 necesse
867 3296 914 3321 est
936 3289 1044 3321 dicere
1058 3290 1144 3329 ipsas
1167 3298 1236 3319 esse
1255 3295 1330 3320 actu

254 3337 407 3369 infinitas.
424 3337 512 3376 Quia
527 3342 657 3378 oportet
675 3342 712 3367 ut
735 3335 832 3366 simul
855 3336 919 3365 sint
941 3339 1016 3365 actu
1038 3339 1088 3364 tot
1105 3333 1232 3364 animae
1255 3339 1330 3365 ante

256 3391 395 3423 corpora
417 3381 607 3422 productae,
624 3386 706 3421 quot
725 3385 800 3411 sunt
822 3379 1045 3420 generationes
1068 3378 1238 3419 possibiles
1253 3387 1330 3418 pro-

256 3426 342 3457 duci.
366 3425 561 3457 Naturaliter
584 3431 694 3456 autem
717 3424 937 3465 producibiles
962 3427 1037 3454 sunt
1059 3421 1205 3453 infinitae
1230 3431 1329 3462 gene-

254 3472 397 3502 rationes
412 3471 622 3507 successivae,
635 3470 740 3511 posita
752 3469 960 3510 generatione
975 3466 1100 3499 infinita
1115 3476 1133 3497 a
1145 3472 1234 3506 parte
1240 3472 1327 3507 post.

255 3516 332 3547 Ideo
349 3524 482 3546 necesse
498 3521 547 3546 est
570 3520 606 3546 ut
625 3515 838 3555 praeexistant
862 3514 988 3543 animae
1011 3517 1086 3542 actu
1108 3510 1263 3542 infinitae.
1288 3511 1329 3542 Et

255 3561 299 3591 sic
323 3559 472 3600 procedit
494 3560 575 3590 ratio
600 3559 710 3590 Sancti
735 3559 895 3589 Thomae.

312 3614 342 3635 2.
366 3604 419 3635 Ad
441 3603 624 3635 secundum
651 3604 768 3635 dicitur
792 3602 883 3643 quod
909 3601 1054 3642 loquitur
1076 3599 1213 3631 Sanctus
1237 3599 1327 3630 Tho-

254 3658 323 3679 mas
339 3649 378 3680 de
394 3654 524 3679 motore
547 3655 695 3689 respectu
719 3648 768 3678 sui
790 3647 920 3678 mobilis
939 3645 1070 3687 proprii
1089 3649 1120 3675 et
1142 3643 1325 3684 adaequati.

397 3712 490 3736 Souna
510 3711 620 3736 Com-aa
639 3710 773 3735 Gaui-rurs
792 3711 822 3735 D.
843 3710 958 3734 Tamus
977 3708 1047 3732 ΤοΜ.
1066 3707 1085 3732 Ῑ.

2391 279 2465 326 529

1397 353 1449 385 Sic
1473 355 1561 385 enim
1589 354 1731 384 animam
1761 353 1861 385 Sortis
1892 354 2029 385 dicimus
2058 364 2190 386 movere
2218 365 2337 396 corpus
2366 355 2467 387 Sorn's

1396 404 1551 439 tanquam
1566 398 1689 429 mobile
1702 399 1872 439 proprium
1888 404 1920 429 et
1932 398 2159 440 adaequatum,
2176 400 2252 440 quia
2263 409 2332 431 non
2347 405 2466 442 potest,

1396 442 1473 473 dum
1497 452 1616 482 corpus
1640 442 1746 473 Sortis
1769 448 1816 474 est
1839 443 1952 474 induta
1973 443 2022 483 (ut
2045 453 2137 475 more
2160 444 2328 475 Platonico
2351 445 2466 486 loquaw

1396 487 1494 526 mur),
1519 486 1606 517 aliud
1637 496 1756 527 corpus
1786 487 1972 518 immediate
2001 497 2144 525 movere,
2168 488 2224 520 sed
2251 494 2298 520 est
2324 489 2364 520 ad
2386 489 2467 521 illud

1396 531 1598 562 movendum
1627 531 1847 562 determinata.
1878 532 2063 572 Loquendo
2087 542 2165 573 ergo
2195 532 2235 564 de
2264 534 2380 564 mobili
2402 534 2466 565 hoc

1396 575 1509 612 modo,
1532 584 1664 606 necesse
1688 581 1736 606 est
1758 576 1910 607 virtutem
1931 578 2068 607 motoris
2084 587 2153 608 esse
2169 587 2230 608 suo
2253 578 2368 609 mobili
2390 588 2466 619 pro-

1395 620 1625 660 portionatam,
1650 625 1686 650 ut
1713 620 1835 651 scilicet
1864 620 1951 651 aliud
1974 622 2095 652 mobile
2126 621 2311 653 immediate
2334 632 2466 654 movere

1395 674 1465 695 non
1488 665 1607 704 possit:
1633 673 1708 694 nam
1731 664 1758 694 si
1788 664 1876 695 aliud
1907 675 2025 706 corpus
2050 672 2160 706 posset
2183 666 2368 698 immediate
2393 677 2466 698 mo-

1396 718 1480 745 vere,
1505 709 1570 739 iam
1586 717 1705 749 corpus
1729 708 1820 748 quod
1861 715 1982 746 movet,
2012 719 2081 740 non
2105 716 2188 741 esset
2217 711 2338 742 mobile
2369 721 2466 743 suum

1395 753 1564 793 proprium
1582 758 1614 783 et
1637 752 1864 793 adaequatum.
1884 753 2020 794 Propter
2036 754 2127 794 quod
2145 754 2257 785 dicunt
2279 755 2465 797 philosophi

1396 797 1487 838 quod
1510 807 1576 828 una
1598 797 1810 837 intelligentia
1832 798 1991 838 applicata
2018 799 2075 828 uni
2098 799 2169 829 orbi
2191 799 2231 829 ad
2254 800 2465 838 movendum,

1395 852 1464 873 non
1487 847 1595 882 potest
1618 842 1718 872 alium
1742 842 1856 873 orbem
1880 851 2023 873 movere.
2039 861 2063 865 -
2085 842 2186 881 Quod
2208 850 2316 874 autem
2339 845 2465 882 dicitur,

1396 886 1553 927 quoniam
1568 896 1629 929 nos
1645 885 1771 917 diversa
1785 896 1961 927 possumus
1979 888 2159 918 successive
2177 897 2319 926 movere,
2335 899 2403 920 non
2420 895 2467 920 est

1395 931 1436 962 ad
1458 931 1682 972 propositum:
1708 931 1785 971 quia
1807 931 1935 962 nullum
1956 931 2086 962 illorum
2110 932 2282 963 mobilium
2306 939 2353 963 est
2371 934 2466 964 nobis

1394 976 1564 1016 proprium
1588 981 1620 1006 et
1643 975 1860 1016 adaequatum
1883 976 2016 1006 mobile.

1452 1020 1481 1051 3.
1498 1019 1551 1051 Ad
1566 1020 1697 1050 tertium
1712 1020 1884 1060 dupliciter
1898 1020 2088 1061 responderi
2103 1026 2221 1061 potest.
2238 1021 2348 1052 Primo
2364 1022 2464 1062 quod,

1394 1064 1469 1095 licet
1491 1064 1533 1095 ad
1555 1065 1713 1095 unitatem
1731 1065 1933 1096 numeralem
1948 1065 1982 1096 in
1998 1066 2094 1096 rebus
2117 1065 2335 1097 materialibus
2357 1068 2465 1107 requi-

1393 1114 1480 1139 ratur
1503 1109 1609 1140 unitas
1632 1110 1795 1146 materiae,
1819 1115 1928 1140 tamen
1952 1109 2075 1140 formae
2102 1110 2207 1141 unitas
2234 1116 2282 1141 est
2303 1112 2466 1152 principa-

1394 1153 1456 1183 lius
1480 1153 1570 1194 quod
1593 1154 1782 1194 requiritur:
1807 1155 1884 1194 quia
1914 1154 2018 1185 forma
2049 1160 2097 1185 est
2120 1155 2173 1185 illa
2197 1164 2281 1195 quae
2308 1155 2362 1186 dat
2385 1166 2464 1187 esse.

1394 1197 1530 1238 Propter
1552 1198 1616 1229 hoc
1645 1207 1723 1238 ergo
1754 1198 1832 1229 dixit
1860 1198 1996 1230 Sanctus
2021 1199 2166 1230 Thomas
2191 1199 2249 1230 illa
2273 1209 2340 1231 esse
2364 1210 2464 1232 unum

1394 1252 1530 1273 numero
1546 1252 1686 1283 quorum
1693 1244 1813 1284 forma
1826 1248 1874 1274 est
1889 1252 1956 1274 una
1972 1253 2118 1274 numero.
2137 1243 2233 1282 Quia,
2249 1244 2325 1275 licet
2340 1254 2378 1275 ex
2395 1245 2464 1276 sola

1392 1287 1516 1318 unitate
1539 1286 1664 1318 formae
1679 1296 1748 1318 non
1765 1287 1889 1319 dicatur
1904 1288 2027 1328 aliquid
2046 1288 2234 1328 simpliciter
2257 1294 2289 1319 et
2311 1290 2464 1320 omnibus

1392 1331 1500 1362 modis
1523 1341 1627 1362 unum
1650 1341 1799 1368 numero,
1824 1342 1891 1373 quo
1917 1332 2020 1363 modo
2043 1333 2189 1373 loquitur
2212 1332 2349 1364 Sanctus
2372 1334 2462 1365 Tho-

1392 1386 1461 1406 mas
1485 1377 1519 1406 in
1541 1376 1623 1407 locis
1639 1376 1799 1417 allegatis;
1816 1376 1933 1408 dicitur
1952 1383 2061 1407 tamen
2083 1377 2171 1408 idem
2193 1386 2332 1408 numero
2348 1387 2463 1409 secun-

1392 1420 1472 1451 dum
1496 1420 1585 1461 quid,
1610 1426 1642 1451 et
1666 1427 1824 1461 quantum
1845 1421 1885 1452 ad
1908 1420 1941 1452 id
1965 1421 2056 1463 quod
2079 1427 2127 1452 est
2149 1422 2328 1463 principale
2351 1422 2385 1453 in
2408 1422 2463 1453 tali

1392 1465 1525 1496 unitate.
1550 1464 1592 1495 Et
1615 1466 1660 1495 sic
1684 1466 1840 1506 sequitur,
1864 1466 1891 1496 si
1919 1465 2033 1496 eadem
2057 1467 2164 1496 anima
2191 1465 2322 1497 diversis
2346 1476 2463 1508 corpo-

1391 1509 1479 1540 ribus
1495 1510 1635 1546 uniatur,
1649 1510 1741 1549 quod
1755 1510 1871 1540 redibit
1887 1509 1974 1540 idem
1989 1519 2127 1541 numero
2144 1516 2302 1552 quantum
2320 1511 2361 1542 ad
2375 1512 2462 1552 prin—

1392 1553 1530 1593 cipalem
1555 1563 1684 1584 causam
1701 1554 1771 1584 talis
1795 1555 1935 1584 unitatis.
1956 1554 2056 1593 Quod
2080 1560 2127 1585 est
2149 1555 2350 1595 impossibile
2372 1557 2407 1587 in
2424 1556 2463 1587 iis

1392 1606 1476 1637 quae
1499 1604 1693 1638 generantur
1717 1604 1749 1628 et
1772 1604 2042 1638 corrumpuntur:
2068 1600 2151 1630 sicut
2174 1600 2261 1630 enim
2285 1609 2343 1640 per
2365 1610 2463 1641 gene-

1390 1643 1551 1673 rationem
1574 1652 1642 1672 non
1666 1648 1774 1682 potest
1797 1643 1899 1673 redire
1922 1642 2008 1673 idem
2029 1643 2138 1674 Sortes
2161 1645 2309 1680 omnino,
2333 1645 2377 1675 ita
2394 1655 2463 1676 non

1391 1692 1500 1726 potest
1523 1685 1626 1716 redire
1650 1692 1809 1726 quantum
1833 1686 1873 1717 ad
1898 1687 2034 1717 eandem
2057 1697 2196 1718 numero
2220 1687 2369 1719 formam.

1448 1729 1600 1761 Secundo
1632 1730 1846 1771 respondetur
1879 1731 1969 1771 quod
1999 1741 2057 1772 per
2086 1732 2174 1762 illam
2205 1733 2464 1772 propositionem

1391 1784 1460 1805 non
1476 1775 1658 1806 excluditur
1673 1776 1805 1806 materia
1821 1776 1861 1806 ab
1878 1776 2000 1806 unitate
2015 1776 2184 1813 numerali,
2201 1776 2257 1807 sed
2272 1776 2462 1808 includitur:

1392 1829 1468 1850 cum
1491 1819 1597 1850 forma
1619 1829 1688 1850 non
1712 1820 1827 1850 habeat
1851 1821 2009 1851 unitatem
2037 1821 2237 1851 numeralem
2264 1822 2325 1851 nisi
2350 1831 2388 1852 ex
2412 1831 2464 1852 or-

1391 1863 1466 1895 dine
1491 1864 1531 1895 ad
1553 1865 1732 1895 materiam.
1763 1864 1815 1895 Sic
1848 1865 1945 1901 enim,
1974 1865 2000 1895 si
2029 1874 2087 1905 per
2117 1866 2360 1905 generationem
2382 1865 2465 1897 redit

1391 1908 1505 1940 eadem
1527 1917 1666 1939 numero
1691 1908 1806 1946 forma,
1830 1914 1866 1939 ut
1890 1909 2004 1940 volunt
2026 1909 2196 1946 Platonici,
2221 1915 2350 1950 oportet
2373 1910 2464 1951 quod

1390 1953 1430 1984 ad
1446 1952 1584 1984 eandem
1599 1954 1766 1984 materiam
1781 1954 1917 1984 retineat
1936 1953 2085 1984 ordinem
2105 1955 2188 1985 sicut
2202 1953 2243 1985 ad
2265 1955 2462 1996 principium

1391 2007 1468 2029 suae
1491 1996 1767 2028 individuationis.
1790 1997 1832 2028 Et
1855 1998 1900 2028 sic
1923 1997 2039 2028 redibit
2068 1997 2155 2029 idem
2178 2008 2317 2030 numero
2340 1999 2463 2039 simpli-

1391 2043 1478 2073 citer.
1504 2042 1552 2073 Ex
1576 2041 1637 2072 alia
1661 2047 1750 2082 parte
1781 2042 1927 2082 sequitur
1951 2041 2041 2082 quod
2067 2052 2135 2073 non
2158 2042 2268 2073 redeat
2290 2043 2377 2074 idem
2400 2054 2461 2075 nu-

1389 2096 1497 2118 mero:
1523 2087 1599 2127 quia
1614 2087 1748 2127 ponitur
1764 2086 1903 2117 formam
1925 2087 1965 2117 ad
1987 2086 2123 2117 eandem
2139 2088 2305 2118 materiam
2329 2098 2397 2118 non
2413 2098 2462 2119 re-

1389 2132 1491 2162 tinere
1507 2131 1666 2170 ordinem,
1683 2131 1739 2162 sed
1755 2131 1935 2162 successive
1952 2131 2090 2162 diversas
2108 2132 2256 2162 materias
2277 2131 2461 2163 informare.

1390 2176 1485 2207 Unde
1509 2186 1548 2206 ex
1571 2176 1631 2206 hac
1654 2176 1818 2216 positione
1849 2181 2029 2216 sequuntur
2052 2175 2316 2207 contradictoria:
2341 2177 2462 2207 scilicet

1390 2226 1422 2252 et
1445 2220 1536 2261 quod
1559 2220 1641 2251 redit
1663 2219 1751 2250 idem
1774 2229 1912 2250 numero
1932 2220 2128 2260 simpliciter,
2153 2221 2243 2261 quod
2268 2227 2315 2251 est
2338 2221 2461 2262 impos-

1389 2265 1498 2301 sibile;
1516 2271 1548 2296 et
1563 2264 1654 2306 quod
1669 2267 1738 2296 non
1753 2264 1835 2295 redit
1850 2264 1938 2295 idem
1953 2274 2092 2296 numero
2109 2265 2306 2305 simpliciter.
2330 2265 2371 2296 Et
2386 2265 2460 2296 ideo

1390 2311 1459 2350 ipsa
1483 2315 1531 2340 est
1554 2310 1692 2340 omnino
1715 2309 1934 2349 impossibilis.
2425 2348 2427 2350 ι

1444 2354 1529 2385 XVI.
1566 2354 1688 2384 Ultimo
1724 2354 1940 2395 confirmatur
1970 2354 2136 2384 conclusio
2155 2354 2360 2394 principalis,
2386 2355 2461 2394 quia

1389 2399 1466 2430 huic
1482 2399 1606 2429 veritati
1622 2398 1801 2429 concordat
1823 2398 1981 2429 sententia
1997 2397 2073 2429 fidei
2097 2397 2298 2429 Catholicae:
2324 2404 2359 2429 ut
2374 2404 2462 2438 patet

1390 2454 1428 2474 ex
1448 2443 1578 2474 Psalmo
1595 2442 1733 2479 dicente,
1757 2443 1822 2480 Qui
1826 2443 1934 2484 finxit
1948 2442 2142 2484 singillatim
2162 2443 2263 2473 corda
2282 2452 2395 2473 eorum
2401 2450 2414 2480 ;
2430 2449 2460 2473 et

1390 2489 1488 2519 etiam
1504 2498 1542 2518 ex
1567 2487 1666 2518 Libro
1682 2487 1722 2518 de
1736 2487 1976 2518 Ecclesiasticis
1991 2487 2229 2529 Dogmatibus:
2251 2487 2388 2518 Animas
2402 2488 2460 2518 ho-

1389 2533 1512 2563 minum
1536 2532 1674 2563 dicimus
1698 2538 1758 2563 etc.

1444 2577 1508 2608 Sed
1531 2577 1614 2607 circa
1637 2577 1701 2607 hoc
1726 2575 1815 2616 quod
1841 2576 1956 2606 ultimo
1981 2575 2106 2612 dicitur,
2130 2575 2251 2606 scilicet
2278 2576 2459 2606 conclusio-

1389 2631 1460 2651 nem
1485 2621 1517 2651 in
1541 2621 1603 2651 hoc
1626 2621 1731 2661 capite
1747 2620 1923 2660 probatam
1947 2628 2015 2650 esse
2040 2620 2218 2651 sententiae
2228 2619 2316 2660 fidei
2340 2620 2459 2650 Catho-

1389 2666 1472 2696 licae
1498 2665 1704 2701 concordem,
1732 2664 1870 2696 dubium
1895 2665 2045 2695 occurrit.
2074 2664 2172 2703 Quia,
2199 2673 2276 2694 cum
2303 2663 2459 2704 Origenes

1387 2710 1534 2750 posuerit
1557 2719 1672 2740 omnes
1699 2710 1822 2740 animas
1854 2709 2012 2739 humanas
2036 2714 2067 2739 et
2097 2709 2230 2749 angelos
2263 2717 2333 2739 esse
2362 2709 2458 2740 unius

1388 2755 1518 2795 speciei,
1543 2760 1575 2785 et
1598 2754 1695 2785 simul
1718 2763 1795 2784 cum
1818 2753 1939 2793 angelis
1963 2758 2083 2783 creatas
2107 2763 2186 2789 esse,
2211 2758 2247 2783 ut
2270 2753 2363 2793 ponit
2379 2752 2458 2784 San-

1388 2805 1459 2830 ctus
1486 2798 1631 2829 Thomas
1654 2798 1770 2835 Prima,
1795 2807 1827 2838 q.
1845 2807 1937 2834 Lxxv,
1961 2807 1988 2828 a.
2010 2807 2041 2837 7,
2066 2802 2098 2828 et
2119 2798 2153 2828 in
2177 2797 2241 2835 Qu.
2266 2797 2305 2827 de
2328 2798 2456 2833 Anima,

1387 2849 1445 2874 art.
1458 2852 1494 2883 73
1511 2842 1629 2879 eodem
1645 2842 1747 2873 modo
1763 2842 1903 2883 pertinet
1918 2841 1958 2872 ad
1973 2841 2072 2872 fidem
2088 2851 2203 2872 omnes
2219 2842 2342 2872 animas
2360 2842 2456 2872 simul

1387 2893 1508 2919 creatas
1524 2897 1594 2918 esse
1609 2893 1684 2918 ante
1700 2896 1848 2927 corpora,
1865 2891 1898 2917 et
1911 2887 2045 2927 angelos
2061 2893 2135 2917 ante
2151 2886 2354 2926 corporalem
2370 2895 2457 2917 creas

1387 2938 1494 2963 turam
1523 2941 1593 2963 esse
1621 2937 1756 2963 creatos.
1789 2931 1854 2963 Sed
1875 2931 1983 2971 inquit
2010 2930 2145 2962 Sanctus
2168 2931 2312 2961 Thomas
2339 2930 2454 2968 Prima,

1387 2986 1419 3017 q.
1436 2987 1498 3014 m,
1514 2987 1542 3008 a.
1561 2976 1592 3013 3,
1608 2976 1649 3007 de
1664 2976 1796 3017 angelis,
1813 2975 1904 3016 quod
1919 2975 2001 3006 illud
2017 2985 2082 3006 non
2103 2981 2150 3006 est
2173 2975 2388 3015 reputandum
2404 2985 2454 3005 er-

1388 3031 1534 3057 roneum,
1553 3022 1732 3062 praecipue
1753 3026 1889 3061 propter
1914 3020 2106 3051 sententiam
2132 3019 2289 3061 Gregorii
2311 3019 2455 3060 Nazian-

1385 3066 1457 3107 zem'
1468 3063 1495 3096 *2
1520 3066 1607 3106 Ergo
1630 3075 1692 3097 nec
1709 3074 1843 3096 erronea
1862 3070 1910 3095 est
1926 3065 2006 3095 haec
2021 3065 2141 3105 positio
2158 3063 2306 3104 Origenis
2323 3063 2363 3094 de
2386 3064 2454 3094 ani·
2481 3071 2490 3080 ·

1385 3110 1511 3140 mabus.
1535 3110 1623 3151 Ergo
1639 3111 1830 3151 oppositum
1845 3119 1914 3140 non
1931 3114 1978 3140 est
2001 3108 2171 3140 conforme
2187 3108 2363 3139 sententiae
2378 3107 2453 3138 fidei

1386 3154 1586 3191 Catholicae,
1609 3160 1647 3185 ut
1668 3155 1721 3186 hic
1737 3155 1863 3193 dicitur,
1882 3160 2038 3194 tanquam
2060 3153 2210 3184 videlicet
2233 3158 2382 3193 oporteat
2404 3162 2453 3183 se-

1386 3198 1532 3230 cundum
1554 3198 1654 3230 fidem
1677 3201 1722 3230 ita
1744 3205 1865 3230 tenere.

1442 3253 1471 3274 2.
1495 3243 1738 3284 Respondetur:
1764 3249 1795 3274 et
1818 3243 1935 3274 dicitur
1958 3242 2076 3283 primo,
2095 3241 2185 3282 quod
2208 3241 2332 3281 utique,
2349 3246 2385 3271 ut
2400 3241 2453 3272 hic

1384 3287 1511 3325 dicitur,
1536 3294 1568 3319 et
1590 3289 1713 3319 animas
1743 3294 1774 3319 et
1804 3287 1880 3318 alias
1911 3286 2137 3317 immateriales
2167 3286 2358 3316 substantias
2384 3295 2452 3316 non

1384 3331 1482 3363 fuisse
1506 3338 1580 3363 ante
1604 3342 1741 3373 corpora
1763 3331 1949 3372 productas,
1966 3336 2014 3361 est
2036 3331 2212 3361 sententiae
2236 3329 2311 3360 fidei
2331 3328 2452 3360 Catho-

1383 3376 1464 3408 licae
1494 3376 1674 3413 conforme,
1700 3383 1731 3407 et
1761 3381 1809 3407 est
1834 3385 1892 3416 per
1919 3375 2099 3406 Ecclesiam
2129 3374 2392 3405 determinatum:
2416 3379 2452 3404 ut

1383 3426 1472 3462 patet
1486 3422 1521 3452 in
1537 3431 1608 3462 cap.
1625 3421 1780 3452 Firmiter
1794 3420 1966 3454 credimus,
1983 3419 2090 3455 Extra,
2106 3419 2146 3449 de
2161 3419 2294 3449 Summa
2314 3418 2404 3448 Trin.
2422 3423 2453 3449 et

1383 3466 1464 3496 Fide
1486 3466 1614 3497 Cathol.
1628 3467 1654 3496 *.
1671 3466 1740 3496 Nec
1756 3466 1839 3495 hanc
1855 3464 2158 3495 determinationem
2178 3463 2340 3494 Ecclesiae
2359 3463 2451 3502 igno-

1382 3511 1463 3541 ravit
1479 3510 1615 3542 Sanctus
1631 3510 1790 3540 Thomas:
1808 3518 1884 3539 cum
1900 3508 1987 3539 illam
2004 3508 2197 3539 decretalem
2212 3508 2282 3547 ipse
2298 3507 2338 3537 sit
2353 3507 2450 3537 inter-

1383 3560 1524 3595 pretatus
1537 3556 1563 3591 *,
1581 3556 1607 3585 si
1627 3555 1695 3585 eius
1712 3553 1879 3594 Opuscula
1891 3563 1975 3593 quae
1991 3551 2261 3583 circumferuntur
2277 3561 2350 3582 vera
2366 3557 2449 3582 sunt.

1438 3599 1563 3630 Dicitur
1595 3598 1755 3635 secundo,
1787 3607 1825 3628 ex
1856 3597 2002 3628 doctrina
2031 3596 2140 3628 Sancti
2167 3596 2316 3627 Thomae
2345 3596 2450 3626 Prima

1381 3643 1484 3680 Parte,
1510 3653 1541 3684 q.
1566 3653 1660 3679 xxxn,
1684 3653 1711 3674 a.
1735 3652 1767 3682 4,
1792 3647 1823 3673 et
1847 3642 1874 3673 11
1898 3641 1995 3678 Sem„
2018 3641 2048 3672 d.
2073 3651 2126 3678 xn,
2152 3650 2183 3681 q.
2207 3651 2228 3678 1,
2252 3650 2280 3671 a.
2307 3649 2336 3677 2,
2361 3641 2451 3681 quod

2272 3701 2305 3735 67

2529 3069 2590 3091 Vide
2631 3069 2696 3091 om.

2481 3102 2580 3122 xxxvm,
2587 3096 2612 3117 r'n
2623 3096 2699 3118 Theo-

2477 3123 2579 3150 phania,
2594 3129 2617 3151 9,
2629 3129 2663 3145 ιο.

2479 3468 2509 3516 :il
2526 3468 2694 3516 Pet-remitam,

2479 3558 2487 3567 ·
2499 3557 2587 3585 Opusc.
2607 3556 2695 3583 xxm,

2479 3583 2539 3611 Etp-
2549 3584 2644 3605 Primae
2650 3583 2695 3604 De-

2479 3612 2534 3633 cret.
2543 3610 2692 3638 (Rom.¹57o).
