2768 4134
38 536 48 546 ¹
63 534 101 556 Cf.
120 533 255 556 commem.

40 567 90 589 cap.
101 567 118 588 ι,
134 560 185 582 init.

11 1384 13 1386 Ι
32 1393 188 1422 ''Abda-⁹·
197 1398 248 1415 811¹.
269 1376 299 1378 m

0 1666 3 1682 l
31 1661 115 1685 ‘Ibid-

23 2411 35 2423 ·
55 2411 92 2435 ef.
113 2410 146 2434 m
158 2410 239 2461 Ὗι,

24 2443 89 2466 nm:
103 2437 179 2462 &Th-
197 2446 238 2466 .4.

0 2496 34 2531 y.
46 2517 106 2548 Cup.
119 2524 168 2541 xvi.

8 3159 30 3194 ›·
42 3181 81 3206 cf.
98 3181 232 3206 Genuam.

17 3213 70 3238 οφ.
85 3214 162 3238 praec.

771 283 958 320 SUMMA
988 285 1209 324 CONTRA
1238 262 1511 337 GENTILES,
1540 293 1634 329 LIB.
1656 294 1696 340 ll,
1727 294 1837 331 CAP.
1859 295 1903 340 V,
1924 296 1984 333 VI.

2402 301 2470 337 281

1046 393 1380 428 Commentario.
1409 397 1716 432 Fen-ariensis

286 492 394 557 Cim
418 492 495 523 ergo
520 483 560 514 sit
583 483 622 514 de
647 486 799 515 creaturis
823 487 856 516 in
880 487 943 517 hoc
968 489 1111 520 secundo
1143 491 1224 522 libro
1252 492 1355 523 deter-

350 527 553 565 minandum,
577 528 692 569 triplex
716 530 775 560 erit
797 530 837 560 de
861 531 939 571 ipsis
963 532 1186 566 determinatio
1199 537 1225 566 *.
1251 537 1355 568 Prima
1408 539 1451 569 ad

283 572 342 602 erit
366 572 406 603 de
428 572 647 613 productione
663 583 771 604 rerum
795 575 827 604 in
846 584 929 612 esse;
955 578 1105 615 secunda,
1122 579 1161 610 de
1181 590 1291 611 earum
1308 582 1355 612 di-

282 618 465 654 stinctione,
490 627 560 658 cap.
578 628 686 654 xxxix3
711 619 813 655 tertia,
830 619 869 649 de
892 621 1033 660 ipsarum
1058 629 1179 660 natura,
1197 632 1354 665 quantum

281 662 421 701 pertinet
443 661 484 692 ad
507 661 583 693 fidei
608 663 785 700 veritatem,
810 673 879 703 cap.
906 675 986 696 wa.

1463 495 1548 526 Nota
1572 497 1662 536 quod
1685 498 1805 529 addidit
1829 499 1964 531 Sanctus
1989 502 2142 539 Thomas,
2162 509 2317 544 quantum
2334 507 2478 546 pertinet

1463 540 1549 581 fidei
1572 542 1760 573 veritatem:
1789 544 1874 584 quia,
1905 551 1941 575 ut
1969 547 2115 586 superius
2133 549 2150 564 ἢ*
2174 548 2296 579 dictum
2327 556 2383 587 est,
2407 560 2475 582 non

1407 583 1630 616 intendit‘hoc
1654 586 1729 618 loco
1760 593 1893 619 tractare
1917 589 1956 619 de
1981 592 2132 622 creaturis
2161 593 2341 624 secundum
2365 604 2474 626 earum

1408 630 1554 668 proprias
1577 636 1715 668 naturas,
1740 632 1795 662 sed
1819 640 1854 663 ut
1878 633 2025 665 ordinem
2050 635 2088 665 ad
2113 636 2219 667 Deum
2243 638 2369 669 habent.

1331 775 1345 799 Ξ
1355 768 1415 810 ,452
1426 777 1431 800 Ξ

948 920 1430 980 CAPITULUM
1467 927 1815 986 SEXTUM

479 1047 654 1100 QUOD
689 1049 817 1089 DEo
853 1048 1163 1091 COMPET1T
1199 1052 1280 1093 UT
1316 1054 1409 1094 SIT
1444 1056 1598 1098 ALIIS
1632 1059 1978 1103 PRINCIPIUM
2012 1062 2270 1104 ESSENDI

294 1196 296 1199 -
333 1196 343 1207 ff
372 1185 712 1223 QUPPONENTES
740 1173 854 1223 igitur
881 1187 982 1224 quae
1016 1175 1055 1213 in
1090 1177 1355 1226 superioribus

284 1214 459 1281 1,',Q·{—’
492 1234 648 1264 ostensa
683 1235 787 1274 sunt,
817 1229 1072 1266 ostendamus
1107 1243 1213 1269 nunc
1246 1234 1354 1282 quod

427 1287 462 1333 f
491 1280 677 1331 competit
706 1281 791 1318 Deo
820 1290 862 1319 ut
891 1282 937 1320 sit
965 1283 1047 1320 aliis
1076 1285 1228 1322 essendi
1252 1286 1353 1335 prin-

380 1342 388 1348 *
491 1333 638 1383 cipium
669 1342 704 1371 et
733 1347 861 1374 causa.

275 1439 424 1479 tionem
451 1440 676 1488 Aristotelis,
697 1454 780 1480 esse
808 1442 980 1493 aliquam
1003 1444 1173 1494 primam
1193 1459 1351 1484 causam

266 1493 519 1541 efficientem,
535 1507 656 1544 quam
674 1496 805 1534 Deum
821 1496 1000 1534 dicimus.
1017 1498 1201 1536 Efficiens
1221 1509 1351 1538 autern

275 1560 393 1587 causa
411 1560 504 1587 suos
524 1549 686 1586 effectus
705 1550 754 1587 ad
775 1563 858 1587 esse
883 1551 1077 1590 conducit.
1108 1553 1216 1590 Deus
1240 1555 1352 1603 igitur

274 1601 357 1640 aliis
385 1602 539 1640 essendi
567 1615 685 1641 causa
713 1603 848 1641 existit.

328 1655 435 1693 Item.
466 1656 681 1694 Ostensum
710 1665 767 1694 est
794 1657 834 1695 in
863 1658 991 1708 primo
1018 1659 1115 1697 libro
1135 1660 1165 1707 ⁵¹³,
1195 1674 1265 1711 per
1294 1674 1351 1699 ra·
1367 1678 1391 1692 ιο

272 1707 421 1760 tionem
450 1709 639 1757 eiusdem,
669 1723 752 1748 esse
781 1711 941 1762 aliquod
975 1713 1150 1764 primum
1185 1727 1351 1754 movens

272 1761 486 1810 immobile,
506 1764 616 1814 quod
640 1765 771 1802 Deum
801 1765 980 1804 dicimus.
1011 1767 1189 1806 Primum
1218 1778 1350 1807 autem

271 1827 439 1854 movens
475 1817 515 1854 in
550 1818 725 1867 quolibet
757 1819 894 1857 ordine
928 1828 1111 1858 motuum
1145 1830 1202 1859 est
1233 1836 1350 1861 causa

271 1870 454 1908 omnium
482 1879 665 1909 motuum
694 1872 763 1922 qui
798 1882 888 1910 sunt
920 1874 1020 1912 illius
1055 1875 1212 1913 ordinis
1245 1877 1348 1914 Cum

270 1923 385 1973 igitur
403 1926 526 1962 multa
546 1937 593 1962 ex
607 1925 780 1963 motibus
800 1927 895 1965 caeli
909 1929 1179 1978 producantur
1193 1930 1231 1966 in
1252 1942 1346 1976 esse,

270 1977 310 2014 in
339 1989 512 2027 quorum
541 1978 678 2017 ordine
707 1980 838 2018 Deum
867 1993 950 2019 esse
979 1982 1152 2031 primum
1182 1995 1346 2021 movens

270 2038 472 2068 ostensum
492 2040 557 2078 est,
579 2041 731 2082 oportet
750 2034 859 2083 quod
880 2035 988 2073 Deus
1011 2036 1057 2073 sit
1081 2037 1210 2074 multis
1230 2037 1345 2074 rebus

270 2096 389 2123 causa
415 2085 581 2123 essendi.

323 2138 515 2188 Amplius
546 2140 667 2186 Quod
694 2153 764 2190 per
782 2153 822 2178 se
843 2141 956 2180 alicui
975 2143 1168 2189 convenit,
1189 2143 1344 2181 univer-

269 2191 397 2229 saliter
423 2192 458 2229 ei
487 2192 612 2230 inesse
642 2205 798 2231 necesse
827 2203 898 2232 est:
930 2196 1026 2233 sicut
1055 2197 1205 2234 homini
1232 2197 1385 2234 ratio-20

268 2245 367 2291 nale,
396 2253 434 2282 et
462 2245 539 2294 igni
572 2259 729 2284 sursum
764 2249 927 2286 moveri.
965 2251 1088 2299 Agere
1117 2258 1249 2288 autem
1278 2251 1343 2288 ali-

267 2309 389 2348 quem
409 2298 593 2337 effectum
614 2312 684 2350 per
702 2314 742 2338 se
762 2302 944 2340 convenit
964 2303 1041 2340 enti
1061 2303 1100 2341 in
1120 2311 1224 2342 actu:
1250 2316 1343 2341 nam

267 2354 560 2404 unumquodque
587 2365 706 2404 agens
733 2357 937 2394 secundum
965 2358 1037 2394 hoc
1064 2360 1144 2407 agit
1172 2359 1273 2408 quod
1305 2360 1342 2395 in

267 2411 352 2449 actu
379 2413 431 2444 est
448 2406 479 2445 ²⁸.
510 2407 642 2445 Omne
671 2408 784 2457 igitur
803 2421 872 2446 ens
891 2418 979 2447 actu
999 2418 1135 2448 natum
1155 2419 1212 2448 est
1231 2423 1343 2460 agere

266 2458 413 2510 aliquid
441 2468 530 2498 actu
558 2460 734 2499 existens.
767 2464 843 2500 Sed
874 2464 980 2501 Deus
1009 2471 1066 2500 est
1093 2476 1162 2501 ens
1182 2472 1280 2510 actu,
1301 2473 1344 2502 ut
1359 2482 1381 2501 ες

266 2512 307 2550 in
334 2514 464 2564 primo
493 2514 591 2552 libro
610 2515 631 2537 *
659 2524 861 2554 ostensum
890 2525 956 2554 est.
993 2517 1109 2566 Igitur
1137 2518 1208 2555 sibi
1236 2531 1343 2556 com-

265 2567 359 2616 petit
378 2580 490 2617 agere
510 2568 657 2618 aliquid
677 2581 746 2607 ens
766 2578 865 2616 actu,
886 2570 948 2608 cui
969 2571 1015 2608 sit
1034 2583 1151 2609 causa
1176 2572 1340 2609 essendi.

318 2621 473 2659 Adhuc.
504 2621 670 2671 Signum
697 2624 943 2673 perfectionis
973 2624 1010 2662 in
1042 2625 1157 2662 rebus
1190 2625 1341 2663 inferio-

265 2673 372 2712 ribus
391 2683 449 2713 est
463 2676 572 2725 quod
592 2685 757 2727 possunt
771 2677 843 2716 sibi
863 2678 1002 2716 similia
1015 2679 1156 2716 facere:
1178 2688 1220 2716 ut
1238 2688 1342 2729 patet

316 2789 334 2814 6
353 2790 502 2816 Aristotelis
521 2798 564 2817 om
584 2792 613 2817 Z.
699 2792 716 2817 8
736 2793 768 2818 ad
787 2801 847 2818 esse
863 2797 926 2826 post
945 2794 1066 2819 conducit
1085 2795 1170 2819 «XPc.

261 2826 398 2852 vernum-
413 2827 455 2852 Ita
469 2827 623 2858 EGNXYZ;
639 2835 682 2853 om
697 2828 773 2860 BFH,
788 2829 890 2854 videtur
903 2829 932 2860 C,
948 2829 1097 2855 naturaliter
1111 2829 1234 2854 DWde.

263 2861 360 2895 aliquid
379 2870 426 2895 pet
443 2871 474 2888 se
492 2863 607 2897 aliquem
627 2864 747 2889 effectum
767 2865 809 2890 αΧ
828 2868 855 2890 et
874 2865 932 2891 sine
951 2866 1047 2899 aliquid
1068 2866 1109 2891 Ρε.

318 2904 332 2922 2
352 2898 419 2924 libro
438 2899 482 2924 Ita
500 2899 537 2930 D3
556 2906 599 2924 om
619 2900 710 2926 ceteri.

1025 2989 1359 3022 Commentario.

311 3095 446 3116 xmmro
486 3087 674 3127 prooemio,
706 3089 876 3129 positaque
912 3089 983 3119 libri
1015 3088 1186 3124 divisione,
1225 3088 1338 3127 incipit

265 3095 449 3162 ESanctus
465 3131 621 3169 Thomas,
646 3132 826 3164 secundum
851 3133 1017 3164 divisionis
1041 3133 1198 3169 ordinem,
1223 3132 1262 3162 de
1289 3141 1336 3162 re-

259 3184 333 3206 rum
356 3175 573 3216 productione
597 3182 731 3208 tractare
747 3179 774 3208 ’ἃ

317 3219 412 3251 Circa
435 3221 500 3252 hoc
524 3227 633 3252 autem
657 3221 726 3253 duo.
749 3222 840 3253 facit:
866 3223 971 3263 primo
996 3222 1083 3252 enim
1106 3222 1170 3262 agit
1200 3221 1239 3251 de
1267 3221 1336 3261 ipsa

259 3264 478 3305 productione
490 3276 598 3297 rerum
611 3273 771 3308 quantum
785 3267 824 3297 ad
837 3267 979 3307 speciem
991 3273 1022 3297 et
1038 3267 1247 3297 substantiam
1259 3275 1335 3306 pro-

260 3309 423 3340 ductionis
430 3321 438 3347 ;
456 3310 612 3348 secundo,
638 3318 797 3352 quantum
814 3311 854 3342 ad
870 3312 939 3341 eius
956 3311 1152 3351 qualitatem,
1171 3320 1240 3351 cap.
1260 3320 1333 3340 xxn.

315 3353 485 3392 Quantum
509 3355 548 3386 ad
572 3357 725 3397 primum,
751 3357 826 3397 quia
850 3355 1023 3396 productio
1041 3355 1147 3385 omnis
1171 3355 1210 3384 ab
1224 3355 1333 3394 aliquo

259 3399 422 3440 principio
445 3400 594 3440 procedit
625 3407 657 3431 et
687 3401 728 3432 ad
752 3400 873 3440 aliquid
904 3401 1102 3436 terminatur,
1131 3400 1237 3439 primo
1270 3399 1334 3439 agit

259 3443 299 3474 de
323 3445 484 3485 principio
508 3445 747 3485 productionis;
773 3445 928 3481 secundo,
953 3444 992 3475 de
1015 3445 1164 3480 termino,
1190 3453 1259 3483 cap.
1277 3453 1331 3479 xv;

258 3489 364 3525 tertio,
389 3489 430 3519 de
453 3490 523 3530 ipsa
546 3490 774 3530 productione,
799 3500 868 3530 cap.
894 3500 955 3519 xvr.

314 3533 410 3564 Circa
433 3535 586 3574 primum,
612 3535 688 3575 quia
712 3535 908 3575 principium
938 3534 1014 3564 dicit
1046 3532 1267 3563 habitudinem
1292 3532 1331 3562 ad

258 3576 291 3607 id
315 3578 406 3618 quod
430 3585 477 3609 est
500 3589 518 3609 a
542 3580 714 3620 principio,
740 3579 806 3610 duo
840 3580 935 3609 etiam
966 3578 1055 3608 facit:
1086 3577 1202 3616 primo,
1228 3576 1330 3607 deter-

257 3622 359 3652 minat
383 3622 424 3653 de
447 3624 519 3663 ipso
543 3624 721 3663 principio;
747 3623 902 3658 secundo,
920 3623 959 3653 de
983 3621 1189 3652 relationibus
1214 3621 1273 3651 Dei
1291 3621 1329 3651 ad

258 3672 427 3703 creaturas,
453 3677 523 3708 cap.
549 3678 589 3697 xr.

399 3729 494 3754 Suum
514 3729 623 3754 Com-rm
644 3729 776 3754 Gau-nnns
796 3730 827 3753 D.
847 3729 961 3753 ΤΗοΜΑη
981 3728 1048 3752 Tou.
1069 3728 1086 3753 1.

331 1387 545 1424 Ostensum
581 1396 638 1425 est
673 1388 779 1426 enim
813 1401 930 1439 supra
949 1390 979 1435 ³⁸,
1010 1403 1079 1440 per
1111 1392 1383 1431 demonstra-s

1256 2802 1272 2827 9
1292 2794 1348 2819 aliis
1367 2794 1471 2835 essendi
1490 2794 1577 2836 causaJ
1597 2802 1675 2819 causa
1695 2795 1797 2820 essendi
1812 2795 1867 2837 aliis
1880 2795 1981 2837 D,.aliis
1997 2803 2074 2820 causa
2087 2797 2189 2821 essendi
2205 2797 2266 2822 aPc.

1202 2873 1234 2897 27
1254 2837 1360 2898 aasz
1373 2829 1723 2898 255¹3333101N‘85'22’33'2.²⁸⁵⁶
1735 2830 1763 2860 ‘⁷⁴'
1779 2836 1921 2856 ‘²¹¹⁰⁶¹¹²⁸‘¹
1940 2831 1963 2856 ⁶·

803 2900 816 2925 3
837 2901 887 2933 Ipsi
907 2900 992 2935 igitur]
1014 2901 1092 2935 Igitur
1111 2901 1159 2926 sibi
1179 2902 1215 2931 X;
1235 2909 1301 2926 mox
1320 2901 1367 2926 sibi
1387 2909 1429 2926 om
1450 2901 1563 2926 oeDGXc.

1409 1193 1478 1230 per
1506 1182 1801 1233 Philosophum,
1823 1186 1861 1223 in
1882 1188 1929 1223 1V
1949 1190 2208 1226 Meteororum
2228 1190 2258 1227 ’ἦ
2279 1191 2385 1228 Deus
2404 1205 2471 1230 au·
2499 1199 2506 1207 ·

1408 1242 1487 1271 tem
1517 1244 1572 1272 est
1600 1237 1768 1275 maxime
1804 1241 2003 1288 perfectus,
2034 1250 2075 1278 ut
2108 1242 2146 1279 in
2179 1243 2306 1292 primo
2335 1245 2431 1283 libro
2451 1246 2471 1268 '¹‘
2498 1248 2507 1256 '

1409 1296 1608 1326 ostensum
1638 1298 1703 1327 est.
1734 1292 1806 1341 Ipsi
1836 1293 1948 1341 igitur
1975 1296 2159 1344 competit
2185 1297 2307 1335 facere
2326 1299 2470 1348 aliquid

1409 1341 1479 1378 sibi
1499 1341 1622 1380 simile
1642 1356 1710 1381 ens
1731 1345 1769 1382 in
1789 1354 1886 1392 actu,
1908 1355 1949 1384 ut
1968 1348 2021 1385 sic
2041 1348 2086 1385 sit
2105 1361 2220 1387 causa
2239 1352 2400 1389 essendi.

1461 1396 1566 1433 Item.
1589 1397 1801 1436 Ostensum
1822 1408 1877 1437 est
1896 1400 1934 1437 in
1950 1401 2077 1450 primo
2098 1402 2223 1440 libro*
2238 1405 2345 1453 quod
2363 1406 2470 1443 Deus
2497 1412 2505 1419 '

1407 1450 1488 1485 vult
1503 1462 1619 1486 suum
1640 1463 1722 1488 esse
1742 1452 1823 1489 aliis
1843 1455 2131 1492 communicare
2151 1468 2221 1505 per
2238 1459 2402 1495 modum
2422 1459 2468 1496 si-

1406 1501 1642 1540 militudinis.
1673 1505 1730 1542 De
1755 1506 1989 1555 perfectione
2018 1517 2148 1546 autem
2177 1512 2382 1548 voluntatis
2415 1520 2470 1549 est

1406 1557 1513 1605 quod
1543 1556 1589 1593 sit
1617 1557 1777 1595 aetionis
1805 1567 1841 1596 et
1870 1569 1998 1598 motus
2025 1562 2275 1612 principium:
2305 1572 2346 1601 ut
2368 1573 2469 1614 patet

1406 1609 1444 1646 in
1465 1611 1510 1646 111
1530 1611 1575 1647 de
1593 1612 1733 1649 Anima
1748 1612 1778 1649 ²¹².
1810 1613 1912 1650 Cum
1941 1614 2053 1662 igitur
2080 1615 2209 1653 divina
2229 1619 2404 1655 voluntas
2424 1619 2469 1655 sit

1405 1663 1570 1712 perfecta
1579 1663 1610 1709 *,
1626 1676 1706 1701 non
1726 1665 1846 1703 deerit
1865 1667 1899 1703 ei
1915 1667 2035 1704 virtus
2054 1670 2368 1708 communicandi
2387 1684 2468 1708 esse

1406 1729 1523 1753 suum
1543 1717 1656 1754 alicui
1676 1730 1746 1767 per
1764 1719 1929 1757 modum
1959 1721 2227 1760 similitudinis.
2258 1724 2305 1760 Et
2330 1724 2383 1761 sic
2402 1725 2470 1762 erit

1405 1770 1439 1807 ei
1469 1783 1586 1808 causa
1614 1772 1777 1809 essendi.

1458 1824 1609 1861 Adhuc.
1627 1826 1785 1872 Quanto
1806 1826 1966 1864 alicuius
1986 1828 2144 1865 actionis
2163 1829 2396 1879 principium
2416 1840 2470 1868 est

2502 553 2511 562 ·
2526 552 2582 580 cap.
2599 559 2630 574 iv.

2496 1622 2503 1629 ·
2520 1620 2574 1647 Cap.
2591 1627 2617 1645 x:
2633 1628 2650 1642 s,
2662 1621 2706 1642 Th.

2496 1647 2582 1695 {AR-ib-
2608 1674 2626 1696 1.
2656 1681 2706 1702 cap.

2497 1706 2577 1722 Lxxni.

1402 1877 1616 1926 perfectius,
1644 1887 1749 1916 tanto
1778 1880 1970 1918 actionem
2000 1894 2111 1919 suam
2140 1891 2265 1931 potest
2292 1883 2330 1920 in
2358 1886 2470 1933 plura
2501 1932 2503 1934 Ι

1364 1946 1385 1964 1³
1403 1931 1608 1968 extendere
1629 1940 1665 1969 et
1684 1932 1805 1981 magis
1834 1942 1998 1971 remota:
2029 1935 2124 1984 ignis
2153 1936 2268 1982 enirn,
2289 1937 2319 1973 si
2339 1937 2385 1974 sit
2404 1938 2468 1974 de-

1402 1982 1496 2030 bilis,
1513 1985 1640 2021 solum
1656 1986 1877 2036 propinqua
1893 1988 2075 2035 calefacit;
2097 1989 2126 2026 si
2141 1997 2271 2027 autem
2286 1990 2333 2026 sit
2350 1991 2465 2038 fortis,

1401 2036 1515 2074 etiam
1537 2046 1695 2076 remota.
1718 2041 1836 2077 Actus
1856 2049 1986 2078 autem
2005 2054 2138 2091 purus,
2154 2043 2220 2091 qui
2241 2043 2347 2080 Deus
2366 2052 2422 2080 est
2434 2044 2464 2090 ²¹³,

1400 2091 1601 2139 perfectior
1635 2101 1691 2129 est
1718 2106 1838 2142 quam
1874 2103 1981 2132 actus
2015 2096 2207 2144 potentiae
2242 2097 2463 2145 permixtus,

1400 2143 1496 2181 sicut
1524 2144 1562 2181 in
1592 2146 1704 2183 nobis
1733 2155 1798 2184 est.
1830 2149 1948 2185 Actus
1977 2157 2106 2186 autem
2135 2150 2293 2187 actionis
2326 2149 2465 2199 princi-

1399 2196 1510 2247 pium
1539 2207 1604 2236 est.
1636 2200 1738 2237 Cum
1767 2200 1879 2249 igitur
1898 2214 1968 2251 per
1986 2210 2112 2239 actum
2133 2203 2199 2252 qui
2220 2203 2258 2245 in
2278 2203 2390 2240 nobis
2410 2212 2465 2241 est

1399 2262 1609 2299 possumus
1639 2265 1719 2290 non
1749 2256 1875 2291 solum
1905 2255 1942 2292 in
1972 2255 2140 2292 actiones
2169 2256 2207 2292 in
2244 2257 2355 2294 nobis
2384 2270 2464 2295 ma-

1399 2312 1544 2350 nenteS,
1573 2305 1670 2343 sicut
1698 2315 1788 2344 sunt
1815 2307 2020 2357 intelligere
2049 2316 2085 2345 et
2112 2310 2220 2355 velle,
2249 2310 2318 2347 sed
2350 2310 2464 2347 etiam

1399 2357 1437 2394 in
1467 2359 1637 2397 actiones
1665 2372 1766 2409 quae
1795 2361 1834 2397 in
1862 2362 2050 2399 exteriora
2078 2363 2252 2408 tendunt,
2271 2375 2342 2412 per
2368 2376 2464 2413 quas

1398 2410 1527 2461 aliqua
1546 2413 1642 2450 facta
1662 2414 1938 2462 producimus;
1967 2417 2090 2452 multo
2116 2416 2236 2464 magis
2256 2417 2362 2454 Deus
2381 2425 2464 2467 pot-

1399 2473 1464 2510 est,
1485 2478 1555 2515 per
1579 2467 1654 2504 hoc
1677 2467 1784 2516 quod
1808 2476 1894 2505 actu
1920 2477 1985 2514 est,
2007 2481 2084 2506 non
2110 2471 2236 2507 solum
2260 2470 2463 2519 intelligere

1398 2526 1435 2555 et
1463 2520 1570 2564 velle,
1601 2521 1667 2557 sed
1697 2521 1812 2558 etiam
1847 2523 2063 2571 producere
2085 2523 2290 2565 effectum.
2329 2524 2376 2560 Et
2411 2524 2463 2561 sic

1398 2580 1523 2621 potest
1550 2573 1631 2611 aliis
1660 2586 1742 2611 esse
1771 2586 1887 2612 causa
1915 2576 2077 2613 essendi.

1450 2626 1551 2663 Hinc
1571 2635 1627 2664 est
1646 2628 1754 2676 quod
1773 2627 1912 2665 dicitur
1929 2631 1999 2666 Iob
2018 2634 2080 2666 v9:
2107 2631 2183 2672 Qui
2196 2630 2296 2677 facit
2318 2642 2461 2680 magna

1397 2686 1430 2716 et
1458 2682 1646 2718 mirabilia
1674 2687 1708 2718 et
1735 2682 1989 2719 inscrutabilia
2016 2684 2153 2732 absque
2181 2695 2347 2719 numero.

2050 2838 2078 2856 21
2102 2832 2214 2864 aliquem
2228 2832 2344 2857 effectum
2351 2804 2458 2866 ¹p9eru22}

1752 2874 1784 2899 29
1803 2866 1923 2900 possunt]
1943 2867 2043 2899 possint
2063 2867 2116 2898 EY',
2135 2868 2217 2900 possit
2235 2868 2293 2893 Wb.

1391 2990 1698 3022 Ferit-ariensis

1447 3088 1533 3126 Quia
1556 3097 1632 3118 vero
1652 3089 1796 3128 potentia
1812 3089 1964 3119 convenit
1979 3094 2103 3119 tanturn
2119 3089 2156 3119 iis
2172 3098 2255 3128 quae
2279 3095 2351 3120 sunt
2366 3091 2453 3130 prin·

1391 3132 1475 3172 cipia
1498 3132 1634 3169 essendi,
1658 3132 1742 3168 ideo,
1768 3138 1940 3173 antequam
1964 3133 2003 3164 de
2026 3133 2094 3173 ipsa
2116 3134 2269 3173 potentia,
2293 3143 2376 3173 quae
2406 3140 2452 3165 est

1391 3176 1526 3207 formale
1549 3177 1745 3217 principium
1778 3177 2011 3218 productionis,
2035 3177 2232 3214 determinet,
2257 3178 2396 3208 ostendit
2418 3179 2451 3209 in

1390 3221 1454 3252 hoc
1477 3222 1581 3262 capite
1598 3222 1704 3252 Deum
1721 3231 1789 3252 esse
1805 3222 1873 3252 aliis
1891 3222 2087 3262 principium
2103 3222 2239 3258 essendi3
2256 3223 2288 3252 in
2305 3224 2451 3262 sequenti

1390 3275 1466 3296 vero
1491 3266 1603 3307 incipit
1627 3266 1666 3296 de
1690 3266 1759 3306 ipsa
1781 3267 1924 3306 potentia
1948 3266 2167 3296 determinare.

1442 3310 1464 3340 Ι.
1482 3310 1650 3348 Quantum
1675 3320 1751 3350 ergo
1768 3310 1807 3341 ad
1822 3320 1971 3351 praesens
1995 3316 2100 3350 caput,
2125 3311 2256 3350 ponitur
2270 3311 2348 3341 haec
2372 3321 2449 3342 con-

1389 3355 1506 3385 clusio:
1536 3355 1607 3385 Deo
1638 3355 1788 3385 convenit
1817 3360 1852 3385 ut
1880 3355 1922 3385 sit
1951 3355 2025 3385 aliis
2043 3355 2238 3395 principium
2269 3355 2393 3385 essendi
2420 3361 2451 3386 et

1387 3409 1497 3429 causa.

1442 3443 1582 3473 Adverte
1606 3450 1713 3474 autem
1738 3443 1827 3483 quod
1851 3443 1975 3473 additur
1990 3448 2021 3472 et
2035 3452 2143 3478 causa,
2161 3449 2196 3473 ut
2216 3450 2355 3483 exponat
2371 3444 2449 3474 San-

1387 3494 1456 3518 ctus
1473 3488 1616 3518 Thomas
1633 3488 1721 3528 quod
1738 3488 1856 3518 dixerat
1866 3487 2062 3527 principium
2079 3487 2211 3518 essendi.
2229 3487 2346 3518 Forma
2362 3489 2448 3519 enim

1386 3539 1433 3563 est
1456 3533 1651 3573 principium
1676 3532 1813 3563 essendi:
1838 3541 1904 3561 non
1929 3538 2035 3561 tamen
2064 3537 2110 3561 est
2140 3541 2234 3562 causa
2257 3532 2448 3572 productiva

1386 3578 1454 3607 eius
1479 3577 1570 3607 cuius
1595 3583 1642 3607 est
1666 3577 1777 3612 forma,
1801 3575 1856 3606 sed
1887 3582 1932 3605 est
1963 3576 2157 3616 principium
2191 3576 2334 3607 formale.
2359 3577 2448 3608 Deus

1385 3627 1492 3651 autem
1518 3627 1564 3651 est
1587 3622 1782 3661 principium
1799 3619 1923 3650 essendi
1946 3629 2003 3659 per
2026 3620 2161 3650 modum
2178 3630 2292 3651 causae
2316 3622 2446 3661 agentis.

1356 3686 1358 3696 ι
1385 3666 1425 3696 Et
1449 3665 1488 3696 de
1513 3665 1566 3695 tali
1591 3666 1749 3705 principio
1774 3665 1824 3694 hic
1849 3670 1895 3694 est
1918 3674 2033 3694 sermo.

2273 3728 2304 3752 36

2494 2046 2503 2056 ‘
2514 2046 2564 2067 Lib.
2574 2046 2589 2072 1,
2598 2052 2647 2074 cap.
2657 2053 2701 2068 xvi.
