2664 4120
218 347 268 378 15.
287 345 368 386 (339.
396 354 448 382 20,
465 355 495 376 v.
521 346 611 377 nulla
642 347 742 378 virtus
771 348 899 380 infinita
922 357 971 382 est
999 353 1032 383 in
1063 356 1298 395 magnitudine,

270 391 348 431 quia
370 399 440 420 non
464 395 573 431 potest
597 400 667 422 esse
682 401 744 424 nec
769 393 802 423 in
826 393 953 426 infinita
1032 407 1094 429 nec
1117 400 1151 430 in
1174 400 1275 433 finita.

327 436 357 466 A
381 445 441 476 pro
473 445 553 472 esse,
582 437 701 476 siglum
732 437 851 469 falsum
875 439 925 470 σῖι.
956 458 979 463 -
1007 440 1204 476 CLPNS...
1221 447 1299 486 quia

381 490 451 511 non
474 486 585 521 potest
607 491 680 513 eam
702 492 765 514 nec
788 484 821 514 in
846 484 972 515 infinita
996 492 1056 519 etc.

217 527 267 558 16.
284 525 366 566 (339.
393 535 446 561 20,
468 535 522 556 xii.
551 526 728 567 respondet
759 529 867 568 primo
899 529 931 561 S.
961 530 1118 568 Thomas,
1149 534 1296 566 secundo

267 576 416 602 removet
438 570 607 610 quoddam
632 571 781 603 dubium.
806 573 869 604 AS.

325 614 440 647 CLPN
455 638 462 645 .
475 638 500 646 ..
517 616 665 647 secundo
689 623 798 649 movet
820 618 988 659 quoddam
1013 619 1161 652 dubium.

216 669 265 701 17.
283 660 365 701 Cap.
392 659 444 695 23,
469 670 511 691 111.
542 661 780 694 Saracenorum
811 673 899 694 error
918 688 925 695 .
938 687 945 695 .
958 687 965 694 .
979 667 1176 704 ponentium
1200 677 1296 708 quas-

268 705 342 738 dam
366 706 566 737 intentiones
590 706 719 739 divinae
747 709 904 740 essentiae
928 710 1160 749 superadditas.

322 749 687 783 ACLPNS...divinae
712 754 870 785 essentiae
893 754 1096 795 quidditatis.
1121 755 1195 787 Vid.
1220 763 1296 797 post

376 795 526 836 quinque
549 796 652 828 lineas
675 803 708 828 01
730 804 808 829 text.
833 798 865 830 S.
890 799 1052 831 Thomae.

213 839 264 872 18.
278 839 360 881 Cap.
379 849 432 879 24,
449 850 482 877 n,
502 846 578 872 ante
593 842 679 874 med.
697 841 877 875 differentia
892 849 971 875 tunc
987 844 1210 876 consideratur
1225 852 1296 878 tan-

265 894 365 926 quam
389 886 528 917 omnino
553 892 640 919 extra
664 889 837 920 essentiam
861 890 999 930 generis.
1024 889 1056 921 S.

320 930 351 962 A
372 939 434 972 pro
458 931 604 968 omnino,
628 931 746 964 falsum
770 933 1006 975 compendium
1030 934 1120 966 diuo.
1140 935 1233 967 -CL

375 980 533 1016 tanquam
556 977 669 1008 divino
685 983 774 1009 extra
789 980 960 1010 essentiam
985 981 1122 1020 generis.
1138 998 1162 1005 -·
1177 981 1232 1011 ΡΝ
1247 1007 1254 1013 .
1266 1005 1274 1013 .
1286 1007 1294 1015 .

375 1026 531 1062 tanquam
570 1022 694 1063 aliquid
728 1022 869 1055 divisum
905 1030 992 1055 extra
1027 1026 1199 1057 essentiam
1237 1036 1293 1067 ge-

375 1075 472 1099 nens.

211 1118 261 1151 19.
277 1109 360 1151 (339.
386 1111 440 1148 28,
456 1121 478 1147 1,
496 1120 514 1142 2
532 1110 619 1143 med.
636 1111 765 1143 Albedo
780 1113 814 1143 in
834 1113 994 1144 abstracto
1011 1114 1189 1155 significata
1207 1117 1292 1148 acci-

261 1155 349 1198 pitur
370 1161 408 1186 ut
423 1155 583 1188 illimitata
595 1181 604 1189 .
614 1180 622 1187 .
633 1180 641 1187 .
654 1162 686 1188 et
701 1157 748 1188 sic
764 1163 801 1188 ut
817 1157 993 1199 perfectior
1012 1160 1117 1200 seipsa
1141 1167 1178 1192 ut
1193 1167 1241 1192 est
1257 1163 1290 1193 in

261 1199 374 1241 aliquo
397 1201 546 1232 subiecto
570 1201 717 1233 limitata.
742 1202 806 1234 AS.

317 1243 434 1276 CLPN
451 1270 458 1277 .
470 1268 498 1277 ..
515 1247 675 1287 accipitur
699 1252 736 1278 ut
760 1248 902 1279 limitata
915 1271 923 1278 .
937 1272 943 1279 .
957 1272 964 1279 .
978 1254 1015 1279 ut
1042 1255 1090 1280 est
1114 1251 1147 1281 in
1176 1251 1289 1292 aliquo

371 1290 522 1331 subiect-o
546 1291 724 1325 illimitata.

203 1332 456 1377 W3s
463 1345 476 1367 1
490 1334 548 1369 fin.
572 1335 707 1368 effectus
723 1337 780 1378 qui
804 1347 872 1369 non
897 1339 1012 1379 recipit
1035 1338 1176 1371 formam
1199 1341 1289 1372 simi-

185 1376 195 1379 ⁷
258 1378 324 1410 lem
348 1379 532 1412 secundum
555 1382 701 1422 speciem
731 1383 762 1413 ei
791 1392 851 1423 per
877 1391 978 1423 quam
1003 1392 1102 1424 agens
1130 1386 1195 1426 agit
1218 1395 1288 1418 non

257 1429 367 1466 potest
389 1433 514 1457 nomen
586 1427 729 1458 univoca
753 1427 996 1468 praedicatione
1019 1429 1174 1470 recipere.

314 1469 486 1502 ACLPNS
502 1494 511 1502 .
525 1493 534 1503 .
552 1493 560 1502 .
577 1471 717 1503 similem
752 1472 936 1504 secundum
971 1474 1115 1514 speciem
1146 1475 1196 1506 rei
1228 1485 1287 1516 per

369 1523 472 1556 quam
489 1524 590 1557 agens
605 1517 703 1558 agit..
715 1539 723 1548 .
736 1517 811 1548 Vid.
828 1527 861 1550 n.
878 1527 914 1548 m
931 1518 1013 1555 init„
1030 1524 1062 1550 et
1077 1524 1154 1550 text.
1172 1519 1205 1552 S.
1221 1520 1286 1554 Th.

201 1565 256 1602 21.
272 1557 356 1600 Cap.
381 1569 437 1600 42,
461 1570 506 1592 111.
523 1560 589 1593 Sed
603 1571 714 1593 rerum
730 1562 813 1594 ordo
829 1563 946 1594 melius
968 1569 1016 1594 est
1033 1569 1195 1605 quantum
1209 1575 1286 1606 pos-

206 1615 209 1620 ’
246 1603 297 1635 ‘sit
319 1613 401 1636 cese.

311 1649 342 1680 A
357 1658 419 1691 pro
430 1656 600 1692 quantum,
611 1652 731 1694 sigium
747 1652 967 1693 aequivocum
980 1652 1028 1695 ξς.
1045 1671 1068 1676 -
1085 1654 1224 1686 CLPNS
1237 1679 1245 1687 .
1257 1679 1265 1686 .
1276 1680 1283 1688 .

368 1694 488 1727 melius
511 1702 561 1728 est
582 1707 682 1739 quam
705 1697 809 1739 possit
833 1706 913 1730 esse.

200 1746 254 1770 22.
271 1737 355 1780 Cap.
378 1740 434 1780 43,
458 1750 524 1779 xm,
547 1751 566 1773 2
581 1741 640 1774 fin.
671 1752 741 1774 non
771 1742 870 1774 habet
895 1740 1012 1784 (Deus)
1039 1743 1285 1777 diuturnitatem

253 1783 294 1815 ab
318 1784 394 1822 alio,
418 1785 475 1816 sed
498 1787 569 1828 ipse
593 1793 642 1819 est
665 1797 724 1819 sua
746 1786 873 1819 infinita
897 1787 1036 1819 duratio.
1061 1788 1125 1822 AS.

310 1828 440 1861 CLPN:
458 1854 466 1862 .
482 1854 490 1861 .
505 1855 512 1862 .
530 1831 588 1863 sed
611 1833 642 1864 si
663 1833 734 1874 ipse
759 1838 807 1864 est
830 1842 888 1863 sua
912 1831 1039 1864 infinita
1063 1833 1201 1866 duratio.

197 1871 253 1904 23.
270 1872 353 1916 Cap.
373 1884 428 1916 44,
453 1885 498 1908 vu
520 1877 606 1910 circa
628 1877 716 1911 med.
740 1877 929 1918 intelligitur
952 1878 1131 1919 improprie
1158 1879 1283 1911 dictum

253 1917 535 1952 Commentatoris
559 1928 592 1954 et
615 1927 750 1954 extenso
774 1922 949 1954 vocabulo.
974 1922 1038 1954 AS.

309 1964 340 1995 A
362 1974 424 2006 pro
444 1965 733 2004 commentatoris,
750 1967 906 1999 usitatum
922 1967 1173 2008 compendium:
1191 1969 1242 1999 ῖό.
1258 1986 1282 1993 -

365 2009 494 2041 CLPN:
527 2011 716 2053 intelligitur
747 2012 927 2053 improprie
963 2011 1087 2044 dictum
1115 2014 1282 2044 communi

365 2059 397 2085 et
424 2060 559 2087 extenso
583 2057 758 2089 vocabulo.

196 2107 249 2138 24.
267 2096 349 2139 Cap.
377 2099 429 2135 50,
457 2109 502 2131 vn
526 2100 582 2135 fin.
612 2107 726 2133 contra
755 2100 900 2132 dicentes
924 2101 1032 2132 Deum
1057 2111 1124 2133 non
1155 2112 1278 2144 cogno-

249 2152 339 2175 scere
362 2143 464 2176 litem.
489 2145 529 2177 A.

306 2186 507 2220 CLPNS...
533 2189 642 2221 Deum
666 2199 735 2222 non
761 2199 963 2230 cognoscere
987 2191 1102 2222 lucem.

194 2233 246 2265 25.
263 2231 346 2275 Cap.
372 2233 426 2270 56,
450 2243 474 2264 11
494 2234 579 2265 circa
601 2234 688 2266 med.
713 2234 840 2276 species
867 2234 1085 2276 intelligibiles
1109 2245 1177 2268 non
1202 2246 1278 2268 cau-

249 2282 360 2310 santur
383 2287 442 2320 per
465 2287 550 2320 opus
574 2279 759 2311 intellectus
785 2279 959 2320 possibilis.
987 2279 1051 2311 AS.

198 2325 200 2327 '
305 2320 420 2354 CLPN
494 2333 552 2365 per
574 2334 661 2365 opus
684 2324 868 2356 intellectus
886 2325 1090 2365 potentialis.

193 2369 246 2401 26.
263 2367 347 2409 Cap.
373 2369 426 2410 59,
447 2378 489 2399 tv.
506 2369 763 2410 incomplexum,
788 2374 949 2410 quantum
972 2375 1021 2401 est
1036 2379 1075 2401 ex
1087 2380 1131 2408 se,
1148 2380 1217 2402 non
1231 2377 1279 2402 est

246 2413 294 2445 rei
303 2419 482 2455 aequatum
493 2423 555 2445 nec
566 2413 739 2455 inaequale
749 2437 758 2445 .
769 2437 777 2445 .
789 2437 797 2445 .
807 2413 865 2445 sed
876 2414 962 2445 bene
973 2415 1195 2456 complexum.
1212 2415 1276 2449 AS.

303 2457 419 2490 CLPN
506 2457 563 2490 sed
587 2460 672 2490 bene
696 2459 950 2500 incomplexam.

191 2513 244 2545 27.
261 2501 345 2544 Cap.
371 2503 424 2544 59,
447 2513 490 2540 rx,
509 2513 543 2544 p.
564 2512 637 2544 171.
662 2513 740 2535 011111
756 2503 905 2535 definitio
921 2503 993 2534 talis
1009 2505 1055 2535 rei
1081 2515 1118 2536 ex
1143 2505 1276 2537 diversis

246 2554 403 2586 sumatur,
419 2558 490 2579 non
505 2554 553 2580 est
569 2549 771 2590 quandoque
787 2554 867 2580 nota
882 2557 921 2579 ex
937 2549 1046 2590 specie
1063 2550 1171 2592 aliqua
1187 2552 1276 2591 prius

246 2599 279 2625 et
301 2593 490 2625 immediate
513 2603 532 2624 a
554 2595 781 2636 phantasmate
806 2599 947 2626 causata.
970 2594 1011 2625 A.

303 2637 443 2670 CLPNS
512 2648 583 2670 11011
607 2645 656 2671 051
679 2638 884 2680 quandoque
908 2643 995 2670 tota.
1010 2663 1018 2671 .
1030 2662 1039 2670 .

190 2683 243 2715 28.
263 2682 346 2724 Cap.
371 2683 426 2720 62,
451 2693 472 2714 1.
498 2693 539 2715 eo
567 2683 660 2725 quod
684 2694 742 2716 ens
769 2689 802 2715 et
832 2693 947 2715 verum
970 2693 1006 2715 se
1029 2685 1171 2716 invicem
1195 2695 1276 2716 con-

245 2734 436 2770 sequantur.

301 2772 490 2804 ACLNPS:
517 2782 558 2804 eo
582 2773 674 2814 quod
698 2783 755 2804 ens
780 2779 811 2804 et
836 2783 990 2804 unum...
1016 2773 1089 2805 Vid.
1116 2783 1200 2814 quae
1224 2784 1274 2806 se-

358 2823 506 2858 quuntur
528 2818 563 2848 in
587 2817 732 2855 Comm.‚
758 2823 791 2849 et
813 2823 939 2849 textum
964 2818 996 2851 S.
1021 2818 1182 2850 Thomae.

190 2871 240 2904 29.
261 2861 342 2903 Cap.
368 2862 422 2900 63,
449 2862 590 2899 Quarto.
622 2863 734 2894 Motus
764 2863 940 2894 voluntatis
969 2873 987 2894 a
1010 2864 1104 2894 nullo
1134 2870 1275 2905 possunt

243 2917 302 2950 per
326 2906 556 2939 certitudinem
580 2908 737 2948 cognosci
759 2908 820 2938 nisi
847 2918 864 2939 a
889 2908 1031 2940 volente.

300 2951 472 2984 ACLNPS
488 2974 497 2983 .
511 2975 519 2983 .
534 2976 542 2983 .
557 2953 620 2983 nisi
651 2962 670 2983 a
697 2952 876 2984 voluntate.
905 2953 980 2984 Vid.
1009 2959 1096 2990 text„
1130 2960 1162 2985 et
1189 2954 1273 2985 infra

357 3006 429 3038 cap.
454 3006 561 3034 mmu,
587 2996 733 3036 Comm.,
761 2996 818 3028 fin.

188 3043 241 3074 30.
259 3041 342 3083 Cap.
367 3042 421 3082 69,
444 3051 499 3072 vn.
531 3042 640 3072 omnis
668 3043 768 3073 virtus
801 3048 926 3083 quanto
955 3048 1004 3074 est
1033 3042 1156 3080 fortior,
1181 3050 1272 3075 tanto

244 3093 292 3118 est
315 3087 418 3127 magis
442 3087 544 3118 unita.
569 3086 627 3118 PS.

299 3132 330 3162 A
357 3141 418 3172 pro
447 3131 552 3168 unita,
580 3131 818 3172 compendium
846 3130 965 3163 falsum
978 3131 1050 3165 ifia.
1073 3151 1098 3156 —
1121 3132 1231 3164 CLN.
1245 3157 1271 3165 ..

355 3181 446 3207 tanto
472 3182 520 3207 est
542 3177 646 3217 magis
670 3176 812 3218 infinita.

187 3222 240 3253 31.
258 3221 340 3262 (339.
365 3221 419 3262 69,
437 3232 502 3252 vm.
527 3221 675 3262 alioquin
693 3221 878 3252 intellectus
893 3227 1005 3252 noster
1021 3228 1104 3253 esset
1127 3223 1272 3263 plurium

242 3267 486 3307 cognoscitivus
511 3276 611 3307 quam
634 3267 820 3297 intellectus
844 3266 983 3298 divinus.
1008 3266 1135 3298 ACNS.

298 3311 352 3342 LP
365 3335 373 3342 .
383 3334 408 3342 ..
423 3322 490 3343 non
515 3317 600 3342 esset
622 3311 767 3351 plurium
792 3312 1036 3352 cognoscitivus
1049 3335 1056 3342 .
1070 3335 1077 3342 .
1092 3335 1100 3342 .

187 3355 239 3386 32.
258 3355 340 3397 Cap.
366 3366 420 3397 70,
437 3367 470 3388 11.
495 3356 528 3388 Si
557 3355 672 3398 (Deus)
703 3366 772 3387 non
804 3362 1019 3397 cognosceret
1048 3357 1124 3387 vilia
1138 3380 1145 3386 .
1159 3380 1167 3387 .
1180 3382 1188 3389 .
1201 3366 1271 3388 non

241 3396 434 3442 intelligeret
456 3401 518 3432 alia
543 3411 561 3432 a
585 3411 629 3432 se.
655 3401 688 3434 S.

298 3455 365 3477 non
390 3451 466 3477 ante
490 3446 692 3488 intelligeret
715 3456 782 3478 om.
807 3446 966 3477 ACLPN.

186 3489 239 3520 33.
257 3489 339 3532 Cap.
364 3500 418 3531 71,
442 3501 464 3521 v
478 3490 565 3522 med.
590 3491 777 3523 Intellectus
793 3497 904 3522 autem
929 3491 1058 3522 divinus
1082 3500 1151 3522 non
1174 3491 1270 3522 intel-

240 3534 310 3576 ligit
333 3545 392 3576 per
414 3537 559 3576 speciem
584 3546 669 3577 quae
692 3546 761 3568 non
786 3537 828 3567 sit
850 3537 930 3577 ipse.

295 3580 488 3612 ACLPNS.
502 3604 528 3612 ..
545 3590 604 3622 per
627 3582 772 3623 speciem
796 3591 881 3622 quae
909 3581 954 3612 sit
979 3581 1059 3621 ipse.
1090 3579 1165 3611 Vid.
1190 3585 1268 3613 text.

185 3622 237 3663 34.
255 3623 337 3665 Cap.
362 3625 405 3665 78
422 3626 491 3656 init.
509 3625 664 3658 Secundo
688 3626 765 3658 1000
790 3626 984 3658 determinat
1008 3625 1039 3657 S.
1061 3625 1208 3656 Thomas
1228 3625 1268 3656 de

239 3669 342 3701 modo
367 3680 406 3701 ex
429 3676 520 3711 parte
543 3671 638 3702 voliti
661 3681 695 3702 se
719 3677 861 3703 tenente.

327 3733 421 3757 Somni
441 3733 553 3758 Cos-riui
572 3732 707 3758 Gai-*mss
725 3733 758 3758 D.
776 3733 893 3758 Tamna
912 3733 981 3758 Το11.
1004 3733 1020 3757 1.

2355 311 2430 338 XLV

1467 362 1651 396 ACLPNS:
1671 389 1678 396 .
1694 389 1700 396 .
1716 390 1723 397 .
1744 377 1783 398 ex
1806 375 1896 408 parte
1920 372 2098 405 voluntatis
2121 385 2154 406 se
2178 381 2318 410 tenente.
2344 378 2415 409 Vid.

1523 407 1654 440 Comm.
1681 420 1750 451 cap.
1775 422 1878 450 mxxvi,
1903 415 1972 447 init.

1355 447 1407 478 35.
1429 448 1511 490 Cap.
1536 461 1589 490 92,
1614 463 1657 483 111.
1683 454 1818 487 Ponitur
1842 467 1918 498 ergo
1943 461 2022 492 haec
2046 464 2226 496 conclusio.
2251 466 2344 498 ANS.

1466 494 1564 526 CLP:
1589 497 1726 529 Ponitur
1749 509 1826 541 ergo
1849 503 1929 534 haec
1953 511 2080 539 contra.

1817 597 1919 622 LIBER
1939 599 1967 623 ll.

1353 661 1405 692 36.
1424 661 1506 702 Cap.
1537 671 1562 699 1,
1579 673 1644 694 viu.
1669 665 1782 696 eadem
1807 666 1920 705 forma,
1945 679 2021 702 cum
2049 673 2144 704 habet
2177 685 2246 707 esse
2276 681 2421 720 comple—

1406 711 1487 743 tum,
1502 707 1618 739 dicitur
1642 707 1746 750 forma
1763 709 1855 743 facta.
1874 712 1961 750 Ideo,
1982 717 2064 747 510111
2081 717 2184 749 forma
2208 719 2291 753 facta
2314 730 2373 756 etc.
2388 726 2419 757 S.

1463 752 1526 782 Pro
1557 752 1641 789 ideo,
1659 755 1689 784 A
1708 763 1784 786 casu
1801 756 1883 788 Deo.
1899 775 1922 781 -
1939 758 1995 790 CL
2009 784 2015 790 .
2027 784 2034 792 .
2046 784 2053 791 .
2072 761 2188 794 dicitur
2212 764 2315 798 forma
2338 769 2420 800 facta

1519 796 1593 834 deo,
1618 798 1701 830 sicut
1718 805 1778 830 etc.
1796 818 1818 821 —
1833 801 1858 831 P
1871 825 1878 831 .
1890 826 1896 832 .
1910 826 1917 832 .
1935 803 2051 835 dicitur
2074 806 2179 838 forma
2200 809 2284 842 facta
2307 814 2347 844 ab
2370 824 2419 850 eo,

1518 842 1602 874 sicut
1617 848 1703 877 etc.-
1726 844 1755 874 N
1769 867 1777 875 .
1792 845 1947 878 ..dicitur
1971 848 2075 881 forma
2104 851 2187 884 facta
2210 864 2230 885 a
2254 856 2335 893 Deo,
2359 859 2420 890 sic-

1523 893 1558 917 ut
1582 893 1643 918 etc.

1351 930 1404 970 37.
1421 929 1502 971 Cap.
1532 933 1581 968 15,
1598 942 1619 969 1,
1638 933 1655 963 3
1674 932 1729 964 fin.
1755 933 1894 975 Oportet
1917 938 2008 978 quod
2035 940 2095 970 alia
2125 941 2262 977 habeant
2285 946 2324 976 ab
2348 947 2419 987 ipso

1404 976 1475 1006 Deo
1500 985 1569 1007 esse
1593 987 1690 1009 suum
1715 979 1812 1010 etiam
1836 979 1992 1013 effective.

1459 1019 1879 1063 A(casu)C1.PNS...esse
1901 1028 2008 1058 solum
2033 1030 2129 1061 etiam
2153 1030 2308 1066 effective.

1348 1064 1402 1097 38.
1419 1065 1500 1106 Cap.
1531 1067 1580 1104 16,
1596 1078 1638 1105 vr,
1658 1078 1680 1108 4
1698 1068 1785 1100 med.
1810 1069 1887 1101 Ideo
1911 1072 1956 1103 nil
1981 1074 2109 1105 mirum.
2135 1076 2173 1106 A.

1460 1111 1610 1143 CLPNS:
1637 1113 1714 1144 Ideo
1739 1114 1905 1147 nimirum.

1347 1155 1400 1196 39.
1418 1155 1579 1233 Capkzo,
1604 1168 1635 1188 v1
1658 1159 1744 1192 med.
1773 1159 1878 1192 forma
1905 1162 1974 1192 sine
2005 1165 2148 1201 materia,
2179 1175 2262 1206 quae
2290 1177 2323 1200 se
2350 1176 2417 1202 tota

1401 1207 1476 1242 agit.
1557 1225 1564 1232 .

1458 1245 1588 1277 CLPN:
1614 1246 1719 1279 forma
1741 1249 1810 1279 sive
1832 1252 2020 1282 materia...

1343 1300 1398 1331 40.
1416 1290 1497 1332 Cap.
1513 1291 1735 1328 31,Secund0.
1749 1293 1838 1325 Deus
1850 1295 2015 1327 voluntate
2028 1298 2180 1338 producit
2191 1307 2359 1334 creaturas.
2376 1305 2416 1336 A.

1456 1335 1608 1368 CLPNS:
1634 1337 1723 1368 Deus
1747 1339 1927 1371 voluntarie
1955 1341 2107 1383 producit
2130 1351 2299 1378 creaturas.

1342 1389 1397 1420 41.
1416 1380 1497 1422 Cap.
1524 1381 1577 1418 36,
1602 1392 1622 1412 1.
1646 1383 1818 1414 necessitas
1835 1385 1961 1416 essendi
1981 1396 2065 1427 quae
2082 1394 2130 1419 est
2152 1390 2186 1420 in
2210 1394 2415 1425 creaturis...

1398 1426 1691 1466 impossibilitatem
1707 1437 1775 1460 non
1792 1429 1919 1460 essendi
1934 1431 2069 1468 inducit,
2086 1434 2232 1466 subiecto
2249 1436 2313 1468 iam
2337 1448 2416 1471 con-

1399 1471 1512 1502 stituto
1537 1472 1571 1502 in
1595 1481 1675 1502 esse.

1454 1515 1624 1547 ACLPNS
1637 1539 1644 1547 .
1657 1539 1664 1547 .
1676 1541 1683 1547 .
1697 1526 1764 1547 om.
1789 1527 1867 1549 non.
1892 1519 1965 1550 Vid.
1990 1525 2066 1551 text.

1339 1569 1395 1600 42.
1413 1559 1494 1601 Cap.
1521 1561 1574 1598 52,
1598 1571 1639 1598 iv,
1665 1561 1696 1594 3.
1719 1564 1941 1602 praetermissa
1963 1567 2175 1606 responsione
2199 1577 2283 1609 quae
2306 1571 2416 1604 haberi

1396 1610 1505 1645 potest
1528 1615 1567 1638 ex
1591 1605 1755 1647 Capreolo
1780 1607 1813 1638 in
1837 1608 1957 1640 Primo.
1982 1610 2061 1641 APS
2087 1609 2144 1653 (Ax
2169 1622 2208 1643 ex
2231 1614 2328 1656 cap.).

1453 1649 1541 1681 CLN
1617 1660 1700 1691 quae
1724 1651 1835 1682 haberi
1859 1658 1966 1692 potest
1990 1664 2028 1684 ex
2053 1657 2158 1696 capite
2175 1658 2297 1697 primo.

1338 1693 1394 1734 43.
1411 1694 1493 1736 Cap.
1519 1695 1572 1735 53,
1597 1697 1680 1726 circa
1697 1695 1782 1727 med.
1801 1697 1934 1728 Materia
1950 1705 2059 1730 autem
2083 1710 2149 1732 non
2173 1702 2302 1734 advenit
2324 1715 2414 1736 com-

1394 1740 1514 1780 posito,
1539 1741 1642 1772 immo
1666 1741 1711 1772 illi
1736 1744 2020 1783 praesupponitur.
2046 1745 2108 1778 AS.

1451 1783 1564 1816 CLPN
1638 1795 1705 1816 non
1730 1788 1882 1818 convenit
1905 1790 2149 1829 composito...

1336 1837 1391 1868 44.
1409 1828 1491 1870 Cap.
1518 1830 1570 1870 54,
1595 1841 1629 1861 111
1652 1829 1707 1862 fin.
1733 1841 1789 1862 ens
1813 1833 1880 1863 sive
1904 1834 2052 1864 existens.
2077 1835 2139 1866 AS.

1451 1873 1565 1906 CLPN
1603 1885 1693 1906 -ens
1716 1877 1840 1908 scilicet
1863 1878 2009 1909 existens.

1335 1918 1390 1958 45.
1408 1918 1490 1959 Cap.
1516 1919 1570 1959 73,
1586 1929 1628 1956 xi,
1647 1929 1676 1951 2.
1698 1921 1746 1951 Ex
1767 1922 1925 1953 similibus
1942 1928 2051 1954 autem
2065 1925 2190 1955 actibus
2203 1948 2211 1956 .
2224 1949 2230 1956 .
2244 1948 2252 1956 .
2266 1926 2348 1958 fiunt
2371 1929 2412 1959 si-

1391 1964 1485 1995 miles
1508 1964 1646 2002 habitus,
1672 1971 1703 1996 et
1726 1966 1847 1998 similes
1871 1968 1968 1998 etiam
1991 1974 2082 2000 actus
2106 1969 2254 2001 reddunt.

1446 2008 1476 2039 A
1514 2018 1574 2049 pro
1611 2009 1760 2046 reddunt,
1794 2010 1911 2042 falsum
1942 2013 2194 2053 compendium:
2231 2015 2354 2048 redefft.
2389 2036 2411 2040 -

1505 2053 1643 2086 CLPNS
1655 2078 1662 2084 .
1676 2079 1683 2085 .
1696 2077 1702 2085 .
1717 2056 1862 2087 redeunt.
1890 2056 1962 2087 Vid.
1988 2064 2063 2088 text.

1333 2097 1388 2136 46.
1406 2096 1488 2138 Cap.
1513 2107 1567 2139 77,
1584 2109 1628 2136 111,
1646 2099 1663 2130 3
1683 2109 1763 2131 vers.
1788 2100 1875 2131 med.
1901 2111 2106 2142 consequens
2136 2109 2183 2134 est
2209 2110 2246 2134 ut
2276 2105 2408 2138 virtutes

1388 2142 1558 2174 sensitivae
1575 2144 1607 2174 in
1632 2144 1776 2181 homine,
1803 2147 1989 2185 praesertim
2014 2148 2192 2185 interiores,
2216 2149 2408 2189 perfectiora

1389 2196 1488 2228 opera
1513 2186 1631 2219 faciant
1656 2198 1754 2229 quarn
1779 2191 1912 2221 virtutes
1936 2192 2106 2223 sensitivae
2129 2193 2310 2227 brutorum.

1445 2231 1615 2263 ACLPNS
1629 2256 1653 2265 ..
1668 2257 1674 2264 .
1690 2236 1876 2274 praesertim
1901 2235 2079 2276 inferiores
2093 2261 2117 2267 ..
2130 2260 2137 2267 .

1331 2285 1387 2316 47.
1405 2276 1487 2317 Cap.
1513 2287 1555 2318 79
1579 2278 1648 2308 init.
1674 2278 1852 2319 Postquam
1880 2278 2104 2311 determinavit
2130 2281 2161 2312 S.
2195 2282 2340 2314 Thomas
2367 2284 2407 2316 de

1389 2322 1512 2352 unione
1536 2323 1663 2354 animae
1697 2324 1912 2355 intellectivae
1940 2325 1980 2355 ad
2012 2335 2141 2366 corpus,
2173 2337 2260 2358 nunc
2284 2328 2324 2359 de
2348 2329 2407 2360 du-

1387 2367 1513 2397 ratione
1537 2367 1639 2408 ipsius
1662 2369 1790 2399 animae
1813 2369 2015 2402 determinat.

1443 2411 1496 2443 AS
1569 2412 1609 2443 de
1632 2412 1803 2444 duratione
1826 2415 1928 2454 ipsius
1951 2415 2084 2446 unionis
2107 2415 2307 2448 determinat.
2333 2418 2405 2451 Vid.

1499 2466 1570 2498 cap.
1592 2467 1653 2494 un,
1679 2457 1822 2494 Comm.,
1846 2459 1916 2490 init.
1940 2476 1962 2482 —
1987 2459 2156 2491 CLPN...
2171 2460 2211 2492 de
2235 2462 2404 2495 duratione

1499 2502 1600 2542 ipsius
1624 2503 1766 2534 hominis
1789 2503 1990 2535 determinat.

1328 2544 1382 2584 48.
1401 2545 1492 2583 1bid.‚
1516 2557 1536 2578 1.
1562 2549 1670 2578 omnis
1693 2549 1870 2580 substantia
1892 2549 2117 2580 intellectualis
2141 2555 2188 2581 051
2211 2551 2404 2594 111001111911-

1387 2591 1468 2622 bilis.

1440 2636 1624 2668 ACLPNS:
1650 2638 1758 2668 omnis
1789 2639 1966 2669 substantia
1996 2638 2192 2670 immortalis
2219 2645 2267 2670 est
2296 2642 2402 2673 incor-

1498 2682 1668 2722 ruptibilis.

1326 2734 1381 2765 49.
1398 2725 1480 2766 Cap.
1506 2726 1628 2762 80-81,
1643 2736 1666 2758 v
1681 2727 1749 2757 init.
1776 2726 1897 2757 Infiniti
1921 2728 2070 2758 homines
2095 2737 2348 2767 praecesserunt.

1441 2770 1611 2802 ACLPNS
1624 2794 1631 2802 .
1642 2795 1648 2802 .
1659 2794 1667 2801 .
1675 2776 1920 2812 processerunt.

1330 2815 1381 2846 50.
1399 2815 1480 2856 Cap.
1506 2816 1559 2853 82,
1576 2826 1618 2847 vr.
1637 2816 1782 2847 Ponebat
1797 2817 1891 2847 tertio
1913 2817 2055 2846 animam
2078 2817 2263 2847 sensitivam
2287 2818 2404 2851 habere

1384 2861 1550 2901 propriam
1575 2862 1811 2902 operationem.

1439 2906 1609 2937 ACLPNS
1622 2929 1629 2936 .
1640 2930 1648 2936 .
1659 2929 1666 2936 .
1680 2906 1798 2937 habere
1816 2906 1959 2946 primam
1977 2906 2212 2945 operationem.
2237 2906 2309 2937 Vid.
2326 2914 2402 2939 text.

1329 2996 1381 3026 51.
1400 2995 1481 3036 Cap.
1501 2996 1553 3033 83,
1570 3006 1602 3026 rv
1619 2996 1648 3026 3.
1663 2996 1798 3026 Dicetur
1810 2995 1951 3026 fortassis
1965 2994 2055 3034 quod
2067 3004 2174 3034 neque
2187 3004 2244 3034 per
2256 3002 2402 3028 naturam

1383 3050 1492 3081 neque
1517 3051 1574 3081 per
1598 3041 1786 3071 violentiam
1811 3040 2001 3080 corporibus
2029 3038 2179 3080 (animae)
2207 3041 2372 3083 uniuntur.

1438 3086 1467 3116 A
1484 3095 1544 3126 pro
1562 3091 1726 3121 naturam,
1743 3084 1824 3115 falso
1841 3084 2054 3125 compendio:
2074 3085 2159 3113 mc’zm
2175 3102 2197 3106 -
2208 3083 2361 3117 CLPNS.
2374 3110 2399 3117 ..

1494 3140 1603 3171 neque
1627 3140 1685 3171 per
1708 3130 1881 3160 materiam
1904 3139 2067 3169 neque...

1326 3175 1379 3206 52.
1397 3175 1478 3216 Cap.
1505 3185 1557 3216 91,
1581 3185 1614 3206 vr
1637 3174 1692 3205 fin.
1721 3175 1803 3205 nihil
1832 3175 1983 3214 prohibet
2013 3182 2082 3204 rem
2112 3173 2247 3203 inveniri
2278 3175 2399 3215 absque

1383 3230 1423 3251 eo
1448 3220 1539 3261 quod
1563 3230 1630 3250 non
1655 3226 1703 3250 est
1727 3219 1767 3250 de
1791 3220 1914 3249 ratione
1939 3219 2017 3248 eius.
2042 3216 2131 3247 PNS.

1437 3265 1525 3296 ACL
1549 3283 1572 3288 —
1596 3274 1662 3295 om.
1688 3275 1765 3294 non.

1327 3310 1379 3341 53.
1397 3310 1478 3350 Cap.
1504 3310 1557 3350 96,
1575 3320 1619 3346 111,
1638 3310 1668 3340 3.
1686 3309 1725 3340 de
1743 3318 1812 3339 esse
1829 3318 1905 3338 vero
1924 3305 2116 3345 intelligibili
2132 3306 2302 3347 participat
2316 3306 2398 3348 (esse

1380 3354 1599 3395 imaginabile)
1626 3354 1690 3385 hoc
1715 3353 1805 3394 quod
1830 3359 1877 3383 est
1901 3362 1968 3382 esse
1992 3351 2060 3380 sine
2085 3351 2226 3381 materia.

1436 3402 1466 3430 A
1490 3409 1549 3440 pro
1574 3409 1662 3434 vero,
1689 3398 1806 3429 falsum
1830 3395 2079 3436 compendium:
2106 3394 2160 3424 rw.
2185 3412 2206 3417 -
2226 3394 2331 3426 CLN:
2357 3395 2396 3427 de

1497 3454 1566 3475 esse
1591 3453 1657 3474 non
1674 3443 1867 3482 intelligibili
1883 3441 2050 3481 participat
2074 3439 2137 3469 hoc
2158 3439 2249 3479 quod
2265 3446 2312 3470 est
2328 3450 2397 3471 esse

1492 3490 1560 3519 sine
1585 3489 1727 3519 materia.
1743 3505 1765 3510 -
1781 3487 1842 3518 PS:
1868 3486 1907 3516 de
1932 3493 2000 3515 esse
2025 3493 2090 3513 non
2115 3484 2308 3524 intelligibili
2325 3495 2397 3525 par-

1491 3534 1603 3574 ticipat
1619 3534 1682 3563 hoc
1707 3531 1798 3572 quod
1822 3536 1868 3561 est
1892 3539 1961 3560 esse
1980 3528 2131 3558 materia.

1323 3579 1375 3619 54.
1394 3578 1475 3618 Cap.
1502 3579 1554 3618 96,
1572 3588 1624 3614 vrr,
1644 3587 1661 3607 2
1686 3587 1768 3607 vers.
1786 3575 1840 3606 fin.
1862 3574 1979 3605 modus
1996 3573 2194 3603 conveniens
2214 3574 2396 3613 operationi

1375 3624 1526 3664 propriae
1551 3623 1687 3652 alicuius
1711 3627 1759 3651 est
1782 3619 1899 3650 modus
1923 3619 1973 3648 sui
1990 3617 2110 3648 obiecti
2133 3617 2329 3657 inquantum
2349 3623 2397 3648 est

1378 3669 1447 3698 eius
1471 3668 1650 3698 obiectum.
1675 3666 1714 3695 A.

2235 3726 2256 3759 f
