2664 4120
196 231 252 256 Vlll

197 298 279 334 libri,
305 303 336 328 et
359 301 483 337 partem
500 294 634 335 capituli
651 293 800 334 vigesimi
823 291 963 332 septimi,
987 298 1092 329 usque
1110 287 1149 319 ad
1165 286 1271 322 verba,
1297 283 1300 353 1
1327 330 1424 360 habet
1447 329 1606 368 scripmm
1620 328 1655 358 in
1674 327 1862 358 summitate
1878 326 2117 357 Charaeteribus
2133 325 2334 367 elegantibus
2349 336 2411 357 an

1299 355 1301 372 Ι

197 342 291 384 quasi
315 341 427 382 aliqua
441 340 562 382 forma
585 339 665 369 eius.

254 387 486 427 Fragmentum
510 383 749 424 autographum
773 382 887 421 incipit
911 379 991 410 folio
1017 379 1035 408 6
1058 387 1133 408 cum
1157 375 1273 411 verbis,
1299 375 1301 434 Ἰ

197 431 288 462 Huic
310 435 417 461 autem
441 428 572 460 veritati
586 428 770 469 scripturae
785 424 966 457 concordat
980 421 1172 457 auctoritas,
1190 428 1274 461 quae

1327 285 1416 325 pales
1444 284 1627 314 fasciculos.
1656 282 1827 324 Siquidem
1853 282 2008 312 ultimum
2038 281 2142 322 ipsius
2169 280 2288 312 folium
2314 291 2409 313 verso

1327 374 1445 409 maria,
1470 373 1563 413 quasi
1587 373 1717 412 signum
1736 371 1845 412 operis
1869 370 2043 411 completi;
2067 375 2100 401 et
2122 371 2285 411 posterior
2302 380 2410 402 anno-

1327 419 1407 450 tatio
1432 426 1573 458 sequens
1595 417 1743 457 apposita
1767 415 1842 447 fuit:
1864 428 1878 442 «
1895 416 2053 456 Ligentur
2075 423 2194 446 omnes
2215 415 2302 447 sicut
2322 420 2413 447 stant

197 477 280 506 circa
303 474 403 506 finem
427 473 560 514 capituli
589 481 629 513 27
655 481 751 503 suum
778 472 890 502 locum
914 469 1042 499 habent.
1071 467 1106 497 In
1130 466 1274 504 margine
1300 491 1302 497 .
1329 465 1362 494 in
1392 463 1454 493 ista
1478 466 1573 492 carta
1597 467 1630 492 et
1652 466 1847 502 procuretur
1871 460 1897 490 si
1919 465 2031 500 posset
2047 460 2193 491 'inveniri
2213 460 2330 502 aliquis
2352 461 2411 502 qui

198 520 357 561 superiori
379 519 496 559 legitur
523 519 602 548 haec
633 517 819 547 annotatio:
845 515 933 545 Nota
957 512 1045 553 quod
1068 512 1120 541 hic
1143 509 1277 550 explicit
1300 502 1302 542 l,
1327 509 1422 539 sciret
1438 508 1545 547 legere
1565 507 1660 537 istam
1675 505 1815 536 litteram
1835 505 1914 545 quia
1937 510 1986 535 est
2008 505 2049 536 de
2071 505 2178 536 littera
2199 504 2305 536 fratris
2320 505 2412 537 Tho-

194 566 324 606 primus
338 564 534 605 quinternus
548 563 605 604 qui
627 561 771 592 continet
789 559 832 591 28
845 559 953 599 capita
970 557 1075 598 primi
1099 555 1183 585 libri.
1209 553 1276 584 Hic
1301 561 1303 592 l
1327 562 1401 584 mae
1421 566 1448 582 ›.
1473 552 1568 582 Hanc
1592 550 1743 581 notulam
1766 551 1921 590 scriptam
1943 549 2044 581 fuisse
2066 549 2147 582 dum
2170 551 2412 592 autographum

199 618 276 640 vero
292 608 454 640 secundus
469 608 662 649 quinternus
678 607 782 646 ipsum
805 603 849 635 28
866 603 1043 644 capitulum
1061 599 1277 641 prosequitur
1301 602 1303 607 “
1329 598 1435 628 adhuc
1459 595 1599 636 Neapoli
1622 601 1699 632 erat,
1724 595 1828 636 liquet
1851 604 1891 625 ex
1913 595 2011 626 simili
2034 595 2249 627 annotatione
2271 595 2357 627 iacta
2377 596 2412 627 in

200 654 357 695 incipiens
372 662 393 684 a
407 652 433 693 §
448 652 540 683 Huic
561 656 669 682 autem
694 649 825 681 veritati
845 646 1026 678 concordat
1040 645 1215 685 scriptura.
1233 642 1277 673 Ut
1302 661 1303 678 1
1328 643 1474 682 margine
1498 641 1659 681 superiori
1683 639 1754 670 folii
1770 639 1814 679 84
1829 644 1938 670 recto:
1957 651 1974 668 ι
1991 639 2188 672 Conventus
2203 640 2413 682 Neapolitani

199 703 342 740 apparet,
358 703 531 728 annotator
545 706 613 727 non
629 696 749 736 legerat
772 694 909 734 primam
933 691 1051 722 lineam
1076 690 1171 719 huius
1195 687 1275 723 folii,
1302 704 1303 722 ;

199 753 260 774 nec
284 743 455 774 verisimile
476 747 523 772 est
545 742 652 782 ipsum
673 739 713 770 ad
737 739 835 769 alium
853 737 1000 767 codicem
1017 734 1275 772 manuscriptum

1329 692 1406 718 sunt
1428 687 1488 717 hae
1513 685 1664 726 postillae
1687 693 1772 726 quae
1793 684 1906 716 statim
1929 684 2079 726 ligentur
2095 698 2125 716 ».

1385 731 1458 762 Suis
1482 731 1564 761 locis
1587 735 1744 761 notantur
1766 729 1914 770 singulae
1937 729 2076 761 lacunae
2090 739 2177 772 quae
2200 739 2240 761 ex
2263 729 2413 771 deperdi-

199 788 379 819 recurrisse.
401 786 494 817 Unde
512 785 738 816 concludimus
760 784 868 823 ipsum
892 789 989 812 usum
1013 778 1110 809 fuisse
1133 777 1276 808 editione
1302 785 1304 817 ξ
1328 777 1419 806 tione
1443 775 1601 806 foliorum
1624 775 1790 806 resultant.
1814 774 1901 805 lnfn
1923 780 2035 806 autem
2057 784 2131 816 pag.
2147 784 2267 807 xxxvm
2287 774 2414 816 praefa-

201 834 308 874 aliqua
331 832 480 871 antiqua:
506 840 581 861 nam
598 830 722 860 varians
737 827 917 858 concordat
931 825 1106 864 scriptura,
1124 828 1156 852 et
1178 821 1275 852 simul
1302 819 1303 844 l
1329 821 1438 857 tionis,
1451 821 1596 851 tabulam
1609 821 1801 852 subiicimus
1816 828 1857 851 ex
1872 829 1938 861 qua
1950 820 2036 851 clare
2050 825 2160 861 pateat
2175 819 2255 861 qnid
2270 821 2414 861 praecise

200 885 338 909 numero
366 875 412 907 28
431 884 491 916 pro
518 885 565 915 27,
591 874 698 905 solum
730 872 939 903 inveniuntur
969 870 1001 899 in
1032 878 1050 898 c
1077 873 1108 898 et
1136 875 1276 906 sequen·
1302 889 1303 895 ,

200 923 286 953 tibus
309 921 449 961 antiquis
472 919 677 950 editionibus.
710 918 806 948 Forte
833 914 1000 946 annotatio
1036 913 1184 952 apposita
1216 910 1276 941 fuit

201 972 276 1008 post
299 970 509 1006 praeceptum
538 964 680 1004 Magistri
704 961 834 992 Ordinis
858 960 898 990 de
925 968 993 998 quo
1017 966 1124 998 supra,
1149 966 1191 986 ne
1215 965 1275 996 pu-

201 1016 321 1042 taretur
345 1011 486 1050 primum
510 1008 702 1039 fasciculum
725 1007 866 1036 ablatum
891 1004 989 1034 fuisse
1007 1003 1039 1033 in
1063 1001 1276 1032 violationem
1302 1014 1303 1018 =

202 1057 286 1087 illius
310 1054 546 1095 prohibitionis.
1039 1092 1046 1098 ¹
1229 1091 1235 1096 .

255 1100 346 1130 Folia
371 1098 457 1129 6-23
483 1098 685 1128 constituunt
709 1101 902 1135 quaternum
931 1098 963 1123 et
992 1097 1203 1133 quintemum
1227 1100 1276 1120 in-

203 1151 319 1185 tegrm,
337 1150 368 1174 et
383 1142 566 1184 perducunt
581 1142 698 1171 librum
720 1140 862 1180 primurn
881 1147 986 1178 usque
1003 1137 1043 1168 ad
1066 1136 1276 1167 medietatem

203 1189 335 1230 capituli
359 1198 412 1228 79.

1329 866 1363 896 in
1383 866 1587 906 autographo
1610 866 1777 903 habeatur,
1800 865 1880 906 quid
1905 864 2114 900 desideretur.

1386 910 1569 941 Didicimus
1593 919 1631 941 ex
1655 910 1766 942 Fratre
1789 910 1929 942 Nicolao
1953 915 1986 941 et
2011 909 2123 941 Fratre
2145 909 2294 941 Antonio
2317 919 2415 952 supra

1330 965 1369 986 ex
1392 955 1552 986 Processu
1576 954 1846 987 Canonizationis
1869 956 1984 992 citatis,
2000 955 2094 996 quod
2115 954 2256 987 Sanctoe
2277 954 2414 992 Ductor,

1334 1013 1348 1027 ι
1369 1009 1444 1031 curn
1462 1001 1615 1031 scriberet
1631 1006 1663 1031 et
1677 1006 1897 1042 componeret
1910 1001 2030 1032 librum
2047 1006 2161 1032 contra
2172 999 2331 1038 Gentiles,
2344 1009 2416 1032 non

1302 1047 1304 1094 Ἀ
1329 1046 1470 1076 habebat
1492 1051 1606 1082 cartas,
1630 1045 1687 1077 sed
1711 1045 1745 1077 in
1761 1045 1926 1078 schedulis
1948 1046 2110 1078 scribebat
2130 1046 2242 1087 ipsum
2259 1057 2289 1076 ›.
2313 1044 2416 1084 Quod

1330 1089 1418 1121 idem
1443 1091 1608 1122 Antonius
1632 1091 1666 1122 in
1690 1091 1755 1122 alio
1778 1091 1856 1122 loco
1881 1100 1960 1122 suae
1982 1091 2209 1132 depositionis,
2228 1089 2330 1132 paulo
2345 1098 2416 1122 am-

1303 1134 1305 1181 }
1331 1135 1416 1176 plius
1441 1136 1613 1177 expressit:
1637 1145 1672 1167 se
1694 1136 1857 1168 audivisse
1880 1146 1899 1167 a
1922 1136 2012 1168 dicto
2034 1135 2176 1168 Nicolso
2200 1135 2294 1178 quod
2319 1148 2335 1164 α
2354 1135 2417 1167 fuit

1304 1205 1305 1208 ,
1331 1181 1528 1222 praecipuus
1551 1181 1752 1222 paupertatis
1774 1186 1911 1219 amator,
1935 1181 2020 1213 adeo
2043 1181 2136 1223 quod
2159 1181 2241 1213 dum
2263 1181 2418 1213 scriberet

252 1234 439 1273 Sequuntur
451 1236 636 1271 quaternus,
650 1229 810 1259 sexternio
826 1233 859 1258 et
874 1228 956 1258 alius
969 1232 1146 1267 quaternus
1162 1235 1278 1256 omnes
1303 1233 1305 1250 1

1304 1273 1305 1276 ’
1331 1272 1366 1302 in
1383 1271 1503 1313 quibus
1526 1271 1616 1302 illam
1638 1272 1803 1310 scriberet,
1827 1273 1871 1303 its
1890 1271 1983 1313 quod
2006 1272 2096 1304 illam
2119 1272 2248 1313 scripsit
2269 1271 2304 1302 in
2325 1271 2418 1303 sebe·

202 1278 406 1317 incompleti:
424 1285 442 1306 a
466 1276 572 1316 primo
589 1279 748 1315 quaterno
765 1274 960 1304 abstractum
985 1271 1046 1302 fuit
1069 1271 1213 1312 primum
1230 1269 1279 1301 di-

201 1322 321 1363 ploma,
346 1331 363 1351 a
387 1320 590 1351 sexternione
615 1319 756 1360 primum
782 1324 813 1348 et
836 1318 978 1353 tertium,
1003 1317 1043 1347 ab
1072 1316 1174 1347 altero
1199 1325 1278 1357 qua-

201 1375 293 1398 terno
316 1365 384 1396 duo
413 1365 518 1396 media
545 1364 732 1405 diplomata.
758 1363 805 1393 Ex
828 1363 942 1403 viginti
971 1367 1048 1392 octo
1070 1360 1157 1392 foliis
1180 1361 1279 1402 igitur

201 1421 284 1453 quae
300 1412 331 1441 in
350 1411 511 1451 principio
528 1415 628 1446 erant,
650 1409 758 1439 solum
772 1407 999 1448 duodeviginti
1019 1412 1154 1438 manent
1168 1406 1203 1437 in
1219 1415 1279 1437 vo-

201 1457 323 1487 lumine
338 1456 506 1486 Vaticano.
520 1454 669 1485 Tertium
686 1459 794 1484 tamen
812 1452 959 1494 diploma
975 1451 1110 1482 secundi
1128 1451 1279 1492 quaterni

200 1498 389 1541 incompleti
412 1505 622 1530 conservatur
645 1497 824 1530 Mediolani
847 1499 880 1528 in
905 1497 1109 1528 Bibliotheca
1138 1497 1279 1527 Ambro-

201 1547 297 1577 siana.
323 1545 509 1575 Extractum
526 1543 587 1575 fuit
602 1553 690 1574 anno
712 1543 797 1583 1604
821 1549 853 1574 et
877 1542 968 1573 dono
983 1542 1096 1573 datum
1113 1541 1279 1573 Cardinali

200 1591 354 1621 Federico
368 1590 559 1625 Borrome0,
576 1589 836 1630 Archiepiscopo
850 1587 1098 1623 Mediolanensi,
1113 1597 1181 1628 quo
1198 1593 1280 1618 tem-

200 1645 278 1676 pore
296 1635 453 1665 formabat
469 1634 587 1665 dictam
604 1634 853 1664 Bibliothecarn.
870 1633 906 1664 ln
923 1632 1037 1664 codice
1053 1638 1167 1663 nostro
1183 1633 1280 1673 copia

199 1682 272 1711 satis
296 1679 468 1710 mediocris
494 1679 591 1709 huius
615 1678 802 1720 diplomatis
834 1679 1042 1719 incorporata
1067 1683 1126 1714 est,
1150 1677 1280 1718 ipsique

200 1725 349 1765 assignati
367 1723 497 1756 fuerunt
513 1724 642 1755 numeri
656 1733 700 1762 4ο
717 1729 749 1754 et
764 1733 818 1763 4¹·
835 1722 917 1754 Tres
934 1721 1079 1754 fasciculi
1095 1722 1136 1754 de
1159 1722 1280 1763 quibus

200 1771 251 1801 hic
275 1770 378 1810 agitur
402 1779 436 1800 se
460 1768 639 1800 extendunt
662 1779 680 1799 a
706 1768 786 1800 folio
812 1778 855 1808 24
879 1777 984 1809 usque
1012 1767 1053 1798 ad
1081 1767 1200 1799 folium
1222 1767 1278 1808 43.

200 1815 324 1855 Copiae
358 1813 546 1854 diplomatis
574 1814 783 1844 Ambrosiani
813 1813 1000 1854 adiungitur
1029 1812 1184 1843 schedula
1215 1812 1279 1843 ori-

199 1859 313 1900 ginalis
336 1867 523 1889 memorans
554 1859 804 1890 extractionem:
835 1858 892 1889 Ex
914 1859 978 1889 hoc
999 1857 1177 1899 quintet-no
1204 1856 1276 1899 (sic)

200 1908 382 1936 extractum
393 1903 469 1946 suit
478 1903 607 1946 solium
632 1902 918 1934 transmittendum
935 1903 979 1934 ad
993 1902 1062 1933 111¹·
1076 1907 1108 1933 et
1128 1901 1221 1933 Rev-¹
1234 1902 1277 1933 D.

199 1950 240 1980 D.
267 1946 479 1980 CardinaIem
502 1953 535 1979 et
563 1948 851 1989 Archiepiscopum
876 1947 1062 1979 Mediolani
1085 1947 1138 1978 die
1165 1956 1200 1987 17
1223 1946 1279 1978 Ia·

200 1993 311 2025 notarii
335 1992 419 2030 1604
441 1992 538 2034 idque
552 1993 686 2035 sactum
700 1993 777 2035 fuit
798 1993 840 2023 de
861 1993 1002 2024 consilio
1024 1992 1095 2023 RR.
1118 1991 1182 2022 PP.

254 2038 331 2068 Post
347 2037 463 2068 folium
480 2039 522 2077 43
540 2038 678 2068 duernio
694 2038 783 2069 venit
798 2038 855 2079 qui
879 2043 928 2068 est
950 2037 1086 2068 ultimus
1105 2035 1279 2068 fasciculus

200 2088 407 2114 conservatus
423 2082 558 2113 secundi
574 2083 656 2113 libri.
669 2083 879 2114 Terminatur
890 2083 952 2113 illis
961 2083 1066 2113 verbis
1078 2081 1212 2123 capituli
1224 2081 1278 2118 60,

199 2133 247 2158 est
268 2132 360 2158 actus
383 2127 524 2158 alicuius
539 2128 699 2168 corporis,
718 2127 774 2158 fol.
790 2138 833 2168 47
858 2137 951 2158 verso
966 2128 999 2158 in
1017 2127 1228 2158 exclamante.

255 2173 333 2203 Post
356 2172 473 2203 folium
493 2182 536 2212 47
561 2172 633 2203 silet
655 2174 895 2214 autographum
924 2182 1028 2213 usque
1056 2171 1097 2203 ad
1123 2172 1221 2203 verba
1244 2171 1278 2202 in

201 2217 293 2248 nobis
307 2217 416 2259 facta,
441 2218 526 2248 circa
548 2216 694 2248 medium
719 2218 851 2259 capituli
874 2217 917 2258 43
943 2217 1027 2248 tertii
1050 2217 1134 2248 libri.
1162 2216 1280 2258 Incipit

201 2263 288 2292 enirn
304 2261 421 2292 folium
437 2262 480 2302 48
497 2272 573 2293 cum
589 2263 694 2293 verbis
710 2263 785 2294 dicti
810 2263 923 2303 capitis
940 2263 973 2293 in
990 2267 1066 2294 actu
1090 2267 1168 2294 tunc
1184 2262 1278 2293 intel-

199 2307 302 2338 ἔρεικε
317 2315 431 2349 agens.
448 2306 660 2348 Prosequitur
675 2317 734 2349 per
748 2317 804 2339 sex
819 2307 994 2338 fasciculos
1010 2308 1155 2348 integros
1171 2315 1278 2348 usque

200 2351 240 2382 ad
255 2351 373 2383 folium
389 2351 446 2392 89:
464 2352 521 2383 sed
537 2351 654 2383 folium
671 2352 712 2384 58
729 2353 935 2384 dimidiatum
951 2359 1008 2383 ωε.
1029 2352 1278 2384 Fasciculorum

199 2397 337 2428 istorum
359 2397 494 2437 primus,
518 2397 630 2428 tertius
654 2403 686 2428 et
709 2404 843 2439 quartus
866 2398 1031 2429 terniones
1048 2402 1137 2434 sunt,
1161 2406 1279 2429 secun-

200 2440 260 2472 dus
276 2441 424 2478 duernio,
438 2442 571 2482 quintus
584 2448 771 2483 quaternus,
784 2443 918 2474 ultimus
934 2443 1106 2474 sexternio.
1123 2442 1221 2474 Folio
1234 2441 1278 2484 89

199 2491 292 2518 verso
308 2486 448 2517 totaliter
464 2493 576 2524 cessat,
593 2496 670 2518 cum
685 2489 791 2518 verbis
807 2488 948 2530 exig-unt
962 2497 983 2518 a
998 2489 1069 2519 sais
1082 2488 1277 2525 cultoribus,

196 2538 282 2572 quae
305 2532 468 2572 pertinent
490 2531 530 2562 ad
553 2532 734 2573 capitulum
764 2542 824 2564 120
849 2532 996 2564 eiusdem
1023 2533 1109 2564 tertii
1131 2532 1215 2564 iibri.
1240 2532 1276 2565 ln

197 2574 283 2607 foliis
298 2582 408 2607 tamen
431 2576 699 2617 praecedentibus
723 2577 815 2618 plura
840 2578 982 2619 capitula
1002 2578 1163 2610 habentur
1177 2587 1274 2619 quae,

196 2621 286 2661 prius
301 2622 346 2652 ibi
362 2622 473 2652 locum
489 2622 651 2659 habentia,
668 2623 708 2653 ab
724 2623 797 2663 ipso
815 2623 961 2654 Auctore
975 2623 1172 2664 transposita
1187 2629 1273 2655 sunt:

195 2665 236 2696 de
253 2666 371 2707 quibus
386 2665 525 2697 videnda
539 2667 649 2698 tabula
665 2666 746 2698 infra
763 2677 795 2708 p.
813 2677 906 2699 xxxix
923 2668 1073 2700 exhibita.
1091 2667 1142 2700 De
1156 2673 1275 2710 quarto

195 2710 277 2741 libro
294 2711 374 2742 nihil
391 2711 537 2742 habetur.

249 2755 436 2786 Fasciculus
452 2757 509 2796 qui
532 2756 566 2787 in
582 2756 751 2788 volumine
768 2757 927 2789 Vaticano
944 2758 1079 2798 ponitur
1101 2758 1226 2799 primus
1243 2764 1275 2790 et

195 2806 301 2840 portat
313 2810 467 2831 numeros
482 2811 511 2837 2,
528 2801 556 2837 3,
569 2810 600 2840 4,
616 2802 645 2838 5,
658 2811 726 2832 non
740 2801 903 2834 debuisset
918 2802 971 2834 hic
983 2804 1074 2844 poni.
1085 2803 1274 2834 Fasciculus

195 2844 378 2876 auxiliarius
402 2850 459 2882 est,
484 2856 502 2876 a
528 2845 560 2876 S.
585 2845 715 2877 Thoma
738 2846 902 2879 adhibitus
924 2853 962 2879 ut
983 2848 1118 2879 baberet
1131 2848 1199 2885 ubi,
1224 2858 1272 2880 re-

194 2889 346 2927 videndo,
370 2890 522 2921 scriberet
545 2900 582 2921 ea
605 2900 666 2931 pro
682 2892 801 2932 quibus
825 2892 918 2924 locus
938 2901 1008 2924 non
1024 2899 1109 2924 esset
1128 2893 1166 2923 in
1188 2902 1273 2924 mar-

194 2934 322 2974 ginibus
350 2934 488 2966 aliorum
518 2934 685 2967 foliorum.
715 2937 766 2967 Ab
795 2938 878 2977 ipso,
906 2937 941 2968 in
968 2935 1205 2969 directionibm
1232 2938 1272 2970 ed

193 2980 467 3020 transcriptorem,
483 2986 618 3011 vocatur
633 2992 648 3008 ι
667 2987 844 3022 quaternus
858 2991 979 3023 parvus
996 2994 1027 3020 ν,
1041 2988 1077 3014 et
1090 2983 1162 3014 eius
1176 2982 1272 3015 locus

192 3022 354 3055 indicatur
368 3030 444 3065 post
459 3024 519 3055 alia
534 3025 628 3056 folia:
655 3025 788 3063 Quaere
804 3027 837 3057 in
855 3027 923 3058 aiio
942 3033 1104 3069 quaterno
1130 3027 1168 3070 (ί,
1186 3027 1270 3071 ux);

194 3067 327 3104 Quaere
354 3069 387 3099 in
410 3078 518 3110 parvo
549 3069 586 3111 (1,
613 3069 706 3112 xm);
730 3071 866 3108 Quaere
892 3077 982 3103 retro
1009 3071 1046 3115 (Ι,
1066 3071 1198 3115 xxxvii).
1221 3073 1271 3105 Re

193 3113 326 3153 quidem
349 3122 423 3144 vera
448 3122 566 3155 parvus
593 3121 640 3145 est
667 3122 873 3157 comparatus
897 3117 937 3148 sd
961 3117 1052 3154 alios,
1077 3123 1110 3149 et
1135 3117 1270 3150 forsitan

193 3164 325 3199 propter
340 3158 428 3189 hunc
443 3158 636 3190 fasciculum
651 3159 769 3192 dicitur
784 3162 817 3192 in
836 3171 991 3203 processu
1012 3163 1271 3194 canonizationis

195 3201 271 3244 (vid.
282 3202 355 3243 inf.)
369 3203 460 3244 quod
470 3204 597 3245 scripsit
613 3205 695 3236 hanc
709 3205 877 3237 Summam
895 3207 928 3238 in
944 3208 1108 3239 schedulis
1124 3208 1270 3240 minutis.

193 3245 293 3277 Prout
308 3257 396 3279 nunc
412 3254 469 3285 est,
489 3255 615 3280 constat
631 3255 772 3290 quatuor
787 3251 884 3288 foliis,
901 3261 1043 3292 quorum
1060 3258 1170 3284 tamen
1187 3253 1269 3285 ordo

193 3292 338 3322 turbatus
355 3299 402 3323 est
418 3294 450 3323 in
474 3296 703 3334 compactione
721 3301 751 3326 et
767 3297 812 3327 sic
829 3296 925 3327 debet
941 3298 1072 3338 corrigi:
1090 3307 1122 3338 4,
1141 3299 1171 3336 5,
1190 3307 1219 3336 2,
1238 3298 1268 3330 3.

194 3333 313 3366 Omnia
337 3346 420 3377 quae
445 3339 477 3368 in
501 3339 578 3379 ipsis
601 3340 719 3380 scripta
735 3341 866 3372 suntad
889 3342 1033 3382 primum
1053 3342 1172 3374 librum
1195 3352 1269 3384 per-

194 3380 306 3411 tinent.
332 3381 466 3412 Certum
484 3389 531 3413 est
554 3389 663 3415 autem
681 3385 771 3425 quod
795 3386 828 3416 in
846 3387 970 3426 origine
994 3387 1087 3428 plura
1111 3386 1189 3419 folia
1213 3389 1269 3420 ha-

195 3425 298 3461 bebat,
323 3432 354 3456 et
378 3427 536 3466 quaedam
560 3429 644 3459 tertii
667 3429 739 3460 libri
763 3432 960 3468 continebat,
979 3441 1055 3463 cum
1075 3433 1109 3464 in
1128 3442 1200 3475 cap.
1215 3443 1267 3464 ctx

194 3470 402 3509 transcriptor
425 3471 463 3501 ad
496 3472 587 3503 illum
616 3475 807 3505 remittatur.
842 3475 1002 3507 Ultimum
1035 3477 1153 3509 folium
1175 3485 1267 3510 recto

197 3513 299 3554 (quod
323 3515 355 3544 in
384 3515 550 3546 volumine
578 3517 736 3549 Vaticano
763 3520 859 3550 tertio
887 3520 963 3551 loco
992 3522 1137 3564 ponitur)
1170 3523 1268 3554 habet

192 3555 301 3589 sotum
332 3558 368 3588 ι8
391 3559 506 3596 lineas3
531 3561 618 3592 idem
646 3572 738 3593 verso
766 3565 908 3596 totaliter
935 3566 1044 3597 album
1069 3573 1126 3598 est.
1152 3567 1266 3599 Conii-

194 3602 298 3633 dmus
322 3603 409 3634 hunc
427 3603 616 3636 fasciculum
638 3607 808 3639 inservisse
833 3609 871 3640 ad
892 3611 1130 3643 continendum
1148 3613 1267 3653 princi-

1331 1225 1503 1257 Summam
1527 1231 1641 1258 contra
1664 1225 1822 1264 Gentiles,
1845 1236 1915 1258 non
1938 1227 2078 1258 habebat
2100 1232 2203 1258 cartas
2225 1225 2267 1258 de
2289 1234 2416 1268 papyro

1332 1317 1419 1348 aulis
1442 1317 1623 1348 minutis».
1648 1317 1710 1348 Per
1723 1317 1897 1349 schedulas
1911 1323 1945 1348 et
1958 1317 2132 1349 schedulas
2155 1317 2300 1348 minutas
2321 1316 2419 1348 intel-

1332 1362 1447 1393 lexisse
1471 1361 1624 1393 videntur
1645 1361 1724 1394 folia
1747 1363 1998 1394 membranacea
2020 1363 2146 1400 viliora,
2169 1362 2223 1394 vel
2246 1367 2418 1404 segmenta

1332 1407 1447 1438 talium
1471 1407 1639 1438 foliorum.
1664 1407 1706 1439 Et
1729 1413 1816 1439 certe
1831 1408 1898 1439 hoc
1921 1408 2006 1440 bene
2022 1408 2160 1450 quadrat
2181 1408 2216 1439 in
2239 1407 2344 1439 multa
2362 1406 2418 1440 fo-

1332 1453 1454 1483 liorum
1469 1453 1590 1494 quibus
1605 1452 1638 1484 S.
1655 1452 1804 1484 Thomas
1818 1462 1899 1484 usus
1913 1459 1973 1486 est.
1997 1454 2029 1484 Α
2050 1452 2134 1485 folio
2152 1453 2243 1486 enim
2267 1462 2287 1484 2
2309 1461 2418 1495 usque

1333 1497 1374 1528 ad
1404 1497 1444 1529 23
1470 1499 1523 1529 vix
1546 1507 1652 1529 unum
1674 1498 1838 1530 invenires
1860 1498 1955 1540 quod
1975 1507 2046 1530 non
2062 1499 2105 1530 eit
2126 1498 2179 1530 vel
2201 1498 2247 1530 ita
2263 1504 2419 1531 tenuent

1334 1543 1385 1574 vix
1408 1542 1582 1574 tolerando
1598 1543 1725 1574 calamo
1741 1542 1890 1582 sufficiat,
1905 1544 1958 1576 vel
1980 1544 2024 1575 ita
2042 1545 2050 1551 “
2206 1549 2246 1575 ut
2258 1544 2314 1575 vix
2336 1549 2419 1576 ura-

1333 1594 1484 1619 mentum
1499 1589 1665 1630 suscipiat,
1682 1588 1734 1620 vel
1748 1590 1794 1620 ite
1807 1588 2044 1620 translucidum
2060 1594 2098 1621 ut
2111 1589 2234 1621 litteras
2246 1597 2288 1620 ex
2303 1598 2418 1623 avemo

1333 1634 1453 1674 scripta
1475 1634 1680 1670 transmittat,
1703 1633 1756 1665 vel
1778 1634 1857 1665 alias
1879 1634 1944 1666 vile
1957 1640 1993 1666 et
2004 1634 2167 1667 indecoro
2182 1635 2255 1666 visu
2270 1635 2298 1665 ⁶.
2322 1633 2419 1674 Quae

1333 1687 1412 1710 vero
1428 1683 1613 1719 sequuntur
1627 1678 1718 1719 folia,
1733 1678 1810 1711 licet
1824 1679 1962 1711 meliora
1976 1680 2052 1718 sint,
2064 1688 2198 1721 semper
2209 1685 2322 1711 tamea
2334 1680 2420 1712 iura

1333 1724 1491 1755 terminos
1514 1723 1748 1755 mediocritatis
1772 1725 1993 1757 continentur.
2382 1733 2394 1742 *¹

1391 1768 1425 1800 Si
1448 1774 1559 1800 autem
1582 1768 1624 1800 ad
1646 1778 1746 1801 usum
1764 1770 1979 1812 antiquorum
1993 1768 2132 1801 maedus
2146 1769 2421 1811 interpretat-uo-

1333 1813 1443 1853 limus‚
1467 1814 1580 1845 omnia
1602 1813 1683 1845 folia
1704 1814 1845 1846 schedae
1867 1820 1955 1846 sunt.
1979 1814 2107 1847 Sebeda
2130 1814 2234 1852 enm,
2256 1814 2420 1848 wesema-

1334 1858 1428 1895 doro,
1453 1864 1501 1890 est
1530 1871 1546 1886 ι
1566 1858 1658 1900 quod
1681 1859 1788 1891 adbuc
1815 1859 2016 1891 emendatur*
2039 1865 2072 1891 a
2101 1859 2254 1892 neeaun·
2268 1859 2303 1892 in
2327 1858 2421 1892 aeris

1333 1903 1503 1935 redactum
1519 1909 1568 1935 est
1581 1914 1616 1941 »ς
1640 1909 1674 1935 et
1689 1904 1777 1946 apud
1793 1905 2038 1947 Hieronymum
2052 1904 2321 1937 scandalanum
2333 1903 2422 1947 vae

1337 1961 1352 1975 «
1370 1948 1515 1980 necdum
1531 1948 1714 1989 emendata,
1731 1955 1765 1981 et
1782 1949 1936 1982 nondum
1951 1949 1993 1982 ed
2007 1957 2131 1992 purum
2145 1949 2271 1992 &gesta
2284 1963 2314 1982 ι.
2337 1949 2420 1984 Τ*

1334 2002 1466 2034 prorsus
1489 1998 1538 2025 est
1555 1995 1798 2035 autographum
1821 2001 1982 2027 nostrum.
2006 1994 2222 2027 Mrem
2243 2001 2305 2033 est,
2324 1995 2421 2038 quod

1333 2038 1404 2070 eius
1438 2039 1575 2076 Auctor,
1608 2052 1624 2066 ι
1643 2038 1796 2078 delendo,
1819 2040 2009 2072 inducendo
2039 2045 2073 2072 et
2102 2040 2421 2083 meritonam,

1334 2083 1520 2115 emendavit
1543 2090 1576 2115 et
1598 2084 1639 2116 ad
1662 2094 1784 2126 purum
1807 2085 1950 2127 digessit,
1965 2085 2098 2118 tandem
2113 2086 2335 2128 transcriptos-i
2357 2091 2422 2119 tre-

1333 2128 1425 2166 didit,
1450 2135 1607 2170 tanquam
1627 2143 1641 2157 «
1658 2130 1873 2172 archetypum
1895 2136 2115 2169 retractatum,
2131 2131 2250 2163 crebris
2272 2131 2356 2164 locis
2369 2131 2420 2164 in·

1333 2174 1500 2206 culcatum
1516 2180 1549 2206 et
1563 2174 1724 2207 refectum
1743 2189 1772 2214 ιι,
1789 2181 1826 2207 ut
1847 2177 1908 2208 iste
1923 2176 1958 2208 in
1981 2176 2102 2208 librum
2116 2176 2277 2219 redigeret
2294 2182 2316 2208 ¹.

1389 2219 1478 2251 Hinc
1494 2219 1661 2261 duplicem
1676 2220 1823 2252 laborem
1837 2221 1872 2254 S.
1889 2220 2042 2253 Thomas
2053 2220 2256 2264 distinguere
2271 2226 2418 2263 oportet:

1332 2264 1472 2305 primam
1488 2265 1712 2306 scriptionem,
1729 2271 1761 2297 et
1777 2266 1984 2298 revisionn.
2002 2267 2038 2298 ln
2053 2266 2159 2309 prima
2174 2266 2418 2308 compositione

1332 2309 1436 2341 nitide
1458 2310 1628 2348 scribebat,
1651 2316 1778 2343 textum
1801 2311 1836 2343 in
1859 2311 1942 2344 dues
1964 2310 2138 2344 echinus
2156 2311 2366 2355 dispertiens,
2380 2318 2420 2355 et

1333 2355 1458 2397 amplas
1479 2355 1643 2398 margines
1661 2356 1861 2398 relinquens.
1885 2357 2009 2389 nne-e
2025 2358 2124 2389 unius
2139 2356 2420 2390 column-edne·

1332 2399 1546 2442 qnadraginta
1569 2401 1719 2443 quinque
1734 2401 1786 2434 vel
1807 2402 2050 2444 quinquaginta
2073 2408 2300 2434 numerantur.
2321 2402 2418 2435 Atm-

1331 2450 1483 2477 mentum
1505 2445 1632 2478 bonum
1658 2451 1707 2478 est
1721 2451 1755 2478 et
1777 2446 1885 2479 adhuc
1907 2447 2018 2485 claret,
2042 2446 2172 2480 fulvum
2187 2447 2300 2490 potius
2313 2453 2417 2491 qam

1330 2490 1472 2532 nigrum.
1497 2490 1609 2522 Multis
1631 2491 1667 2523 in
1689 2491 1772 2523 locis
1794 2493 1958 2534 margines
1980 2498 2215 2534 resperguntur
2235 2492 2419 2532 voe-asse,

1331 2535 1383 2566 vel
1406 2536 1553 2577 partibus
1576 2536 1827 2575 vocabulorum,
1844 2538 1986 2579 scriptis,
2004 2543 2043 2570 ut
2064 2537 2203 2576 videtur,
2226 2538 2268 2570 ad
2289 2539 2419 2580 emp-{-

1331 2586 1481 2612 mentum
1506 2580 1693 2613 faciendum
1721 2582 1837 2614 calami
1863 2583 1994 2614 noviter
2020 2583 2193 2625 assumpti:
2224 2583 2324 2625 lo*
2338 2582 2417 2616 ke-

1331 2626 1522 2667 quentiores
1553 2635 1652 2658 voces
1681 2632 1760 2658 sunt
1785 2636 1856 2665 are,
1880 2628 1932 2660 vel
1959 2637 2021 2660 ave
2050 2628 2170 2661 maria.

1330 2676 1407 2702 sunt
1429 2670 1586 2702 velociter
1600 2672 1671 2703 sine
1692 2672 1964 2714 praecipitatione
1984 2673 2166 2706 scribentis.
2190 2673 2313 2706 Forma
2325 2674 2419 2716 speo-

1330 2725 1404 2747 rum
1426 2725 1496 2748 non
1521 2715 1627 2748 differt
1649 2717 1690 2748 ab
1713 2717 1768 2749 ille
1790 2726 1877 2759 quae
1900 2718 1934 2749 in
1957 2724 2021 2750 usu
2042 2718 2216 2750 ommuni
2239 2723 2308 2750 eret
2327 2718 2416 2753 nites

1329 2761 1497 2802 temporis,
1520 2759 1598 2793 li'cet
1610 2762 1658 2793 ob
1674 2761 1882 2794 velocitatem
1900 2763 2087 2805 scriptionis
2106 2763 2416 2805 aliqu-mulum&-

1329 2805 1535 2838 stenduntur.
1558 2806 1670 2839 Primo
1689 2812 1825 2849 aspectu
1846 2809 2007 2850 scriptum
2028 2809 2125 2850 quan·
2145 2808 2303 2851 illegibile
2322 2808 2415 2842 vtae-

1327 2855 1395 2882 tur:
1413 2860 1475 2883 usu
1491 2857 1601 2884 tamen
1616 2861 1687 2884 non
1710 2853 1754 2884 ita
1778 2851 1909 2884 difficile
1930 2854 2107 2886 invenitur.
2125 2852 2233 2886 veno·
2253 2862 2413 2896 comp-

1329 2894 1390 2927 diis
1406 2896 1573 2928 usualibus
1588 2897 1826 2935 abbreviantur,
1837 2898 1920 2930 nihil
1931 2903 2042 2931 nmen
2055 2899 2223 2942 tymnieni
2232 2899 2336 2938 adest,
2350 2908 2416 2932 nc

1328 2946 1511 2982 utcumque
1534 2943 1785 2984 stenographici.
1812 2942 1948 2975 Novum
1971 2943 2153 2986 capitulum
2175 2943 2344 2978 indic-tw
2360 2944 2413 2978 vel

1382 3042 1392 3061 ¹
1405 3043 1495 3070 Placet
1504 3045 1633 3071 nonnulla
1641 3053 1672 3071 ex
1685 3045 1835 3072 auctoribus

1327 3187 1460 3220 afferebat,
1479 3193 1507 3215 et
1518 3188 1583 3215 aliae
1596 3189 1721 3216 indecoro
1739 3189 1798 3218 vinu
1807 3190 2018 3225 peren-tudda
2028 3200 2082 3217 ».-
2098 3191 2287 3226 nia-ovum,
2307 3191 2412 3219 &nm

1325 3223 1392 3259 Rus.
1406 3223 1448 3255 111,
1465 3223 1494 3250 5:
1514 3234 1528 3248 e
1542 3225 1688 3252 Videamus
1706 3230 1796 3252 temen
1814 3226 1878 3261 quid
1890 3233 1967 3256 meae
1978 3227 2146 3255 nereum-m
2157 3226 2191 3254 de
2201 3226 2338 3254 ecbedttlle
2349 3227 2414 3258 mie,

1325 3260 1439 3286 necdum
1458 3260 1613 3293 martie,
1633 3267 1660 3288 et
1676 3261 1842 3288 maamad
1858 3268 1959 3296 ραι-
1977 3261 2410 3294 mmm-See·-

1325 3295 1491 3328 niQNero,
1509 3295 1560 3323 52:
1580 3297 1652 3324 «Ad
1670 3297 2178 3332 pedanum-,mm
2195 3306 2226 3325 ac
2244 3299 2302 3326 aa·
2320 3299 2410 3326 lbere

1325 3332 1488 3365 composuit:
1507 3340 1565 3364 aec,
1589 3338 1620 3359 ut
1637 3333 1747 3368 quidem
1892 3334 1981 3360 aliena
2002 3341 2055 3369 pm
2068 3334 2129 3363 auh
2153 3334 2243 3361 edidit.
2260 3335 2366 3362 Venere
2382 3335 2410 3361 ia

1325 3375 1420 3394 mamis
1439 3376 1513 3395 meas
1533 3369 1677 3402 pugillares
1700 3369 1836 3404 libellique
1858 3375 1921 3399 cum
1943 3369 2104 3403 quibusdem
2123 3369 2270 3397 muninus
2287 3370 2408 3397 versibus

1325 3403 1407 3437 ipsius
1420 3403 1594 3438 chirographo
1612 3404 1725 3439 ser-ipen,
1739 3409 1769 3432 ut
1780 3404 1855 3431 uene
1865 3409 2008 3438 appareret
2018 3412 2072 3431 non
2082 3406 2227 3432 mima
2240 3410 2285 3432 ent
2297 3407 2412 3433 diu-nte

1324 3439 1414 3474 atiquo
1432 3445 1564 3474 excomm.
1583 3441 1632 3467 sed
1650 3440 2099 3476 phem-demusque
2116 3447 2261 3475 W
2279 3448 2410 3475 «aas,

1324 3475 1780 3503 &mutuatu-marinam
1802 3477 2033 3510 atem
2056 3477 2411 3511 tntum-mma

1322 3511 1462 3544 amxvl,
1482 3511 1508 3544 3,
1526 3512 1562 3538 de
1578 3512 1715 3539 Ιῶιοωο
1731 3511 1899 3539 aectorta:
1918 3511 2333 3541 «Quintana-eam
2351 3522 2408 3541 rem

1323 3546 1476 3581 opinionem
1494 3553 1577 3575 mem.
1597 3547 1650 3577 Sed
1667 3552 1757 3575 nmen
1775 3547 1845 3574 idem
1860 3554 1911 3581 ayn
1985 3556 2000 3574 a
2014 3549 2073 3575 miei
2091 3549 2125 3575 ed
2143 3554 2171 3575 te
2186 3550 2363 3583 mutunus,
2382 3556 2408 3576 et

1324 3583 1431 3616 quidem
1446 3582 1619 3618 uchetypum
1630 3582 1719 3617 speum
1731 3582 1831 3609 σὼήι
1838 3582 1906 3609 iocis
1917 3582 2078 3611 hemmam
2091 3590 2119 3611 et
2128 3585 2268 3612 ηὴεωπι.
2277 3585 2358 3612 Rene
2365 3590 2412 3618 tu,

1324 3619 1478 3645 translatum
1498 3619 1524 3645 in
1543 3619 1742 3650 milen.
1761 3619 1819 3653 lege
1835 3625 1934 3646 arcano
1952 3620 2070 3646 eoam
2083 3620 2140 3647 mle
2155 3631 2180 3648 ι.

2446 1628 2594 1684 affigam-t
2603 1629 2664 1652 latre
