2768 4134
0 1226 3 1234 ,
0 1189 8 1215 -.„
0 1102 5 1137 ,..-
0 1076 10 1087 ¹

13 1747 37 1770 ,ὁ
60 1748 169 1771 υιμἫΨι
186 1747 202 1767 ll
221 1750 228 1756 '

710 280 899 318 SUMMA
928 281 1150 320 CONTRA
1179 283 1454 331 GENTILES,
1483 285 1577 322 LIB.
1599 286 1640 332 ΙΙ,
1671 285 1782 323 CAP.
1803 287 2012 324 LXXXIX.

261 357 403 396 quentia.
429 357 555 388 Dicitur
584 359 671 388 enim
695 358 788 399 quod
818 359 890 390 illae
918 359 1159 400 dispositiones,
1186 367 1223 392 ut
1246 372 1338 403 prae-

261 400 381 431 cedunt
405 402 546 432 animam
570 403 766 443 inquantum
789 403 843 434 dat
870 414 939 435 esse
968 406 1134 443 rationale,
1161 405 1338 438 fundantur

260 454 357 485 super
381 448 567 487 composito
591 457 630 478 ex
652 449 786 479 materia
806 454 838 479 et
860 449 930 490 ipsa
953 450 1061 481 anima
1084 451 1279 482 intellectiva
1302 457 1339 482 ut

261 489 314 520 dat
339 500 407 522 esse
431 492 632 523 sensitivum.
649 492 691 522 Et
714 493 760 523 sic
783 502 853 523 non
869 500 999 534 oportet
1014 504 1137 535 ponere
1154 496 1250 526 aliam
1273 495 1338 527 for-

260 543 348 565 mam
371 543 497 576 praeter
517 537 746 568 intellectivam
770 538 802 567 in
827 538 971 569 homine.
994 557 1018 562 —
1047 540 1095 570 Ex
1122 541 1161 570 iis
1183 546 1339 581 poterunt

261 579 342 610 solvi
366 581 488 612 multae
511 582 681 612 instantiae
705 591 723 612 a
747 581 911 622 Capreolo
935 584 1103 615 adductae.

316 625 384 656 XII.
405 626 457 656 Ad
471 631 625 666 quartum
648 627 863 666 respondetur
885 629 1035 668 negando
1057 630 1337 669 consequentiam.

261 668 329 700 Sibi
345 671 434 701 enim
457 670 562 700 simile
577 671 612 700 in
628 672 737 711 specie
760 672 862 703 homo
879 679 1010 713 generat
1025 674 1222 714 inquantum
1238 675 1339 705 virtus

260 714 392 746 seminis
404 714 592 755 dispositive
609 721 762 756 operatur
778 716 819 747 ad
833 717 938 757 ipsam
954 718 1103 749 ultimam
1119 718 1269 756 formam,
1282 729 1339 760 per

261 767 361 798 quam
384 760 487 790 homo
511 761 656 800 speciem
680 761 821 792 sortitur.

317 804 380 834 Pro
405 803 621 835 declaratione
649 805 746 836 huius
775 807 1006 846 responsionis,
1030 807 1264 839 attendendum
1292 813 1339 839 est

261 847 363 887 quod,
380 849 457 889 quia
471 849 579 880 anima
595 850 791 881 intellectiva
804 856 851 882 est
866 851 996 882 alterius
1012 852 1210 883 conditionis
1225 863 1244 883 a
1259 862 1339 883 con-

261 891 385 924 ditione
409 893 544 924 aliarum
560 893 739 925 formarum
763 905 847 935 quae
864 902 939 927 sunt
961 897 996 927 in
1011 898 1154 934 materia,
1174 897 1249 928 ideo
1273 897 1337 928 alio

259 937 363 969 modo
388 938 505 969 dicitur
520 939 622 970 homo
639 949 792 980 generare
808 941 988 978 hominem,
1005 947 1037 972 et
1052 942 1116 972 alio
1132 942 1234 972 modo
1251 942 1339 973 aliud

261 982 380 1014 animal
404 983 463 1014 sibi
487 984 592 1014 simile
615 985 649 1015 in
673 985 782 1025 specie
804 995 967 1026 generare.
999 986 1084 1016 Nam
1107 987 1184 1026 quia
1211 987 1339 1018 animae

260 1027 432 1059 brutorum
456 1038 474 1058 a
497 1029 630 1059 materia
656 1029 840 1060 secundum
866 1039 935 1061 esse
962 1030 1158 1071 dependent,
1181 1040 1339 1071 generans

259 1072 295 1103 in
317 1073 396 1113 ipsis
411 1082 480 1104 non
496 1073 605 1104 solum
621 1079 669 1104 est
688 1083 784 1105 causa
800 1075 986 1115 compositi,
1003 1075 1059 1106 sed
1083 1076 1180 1107 etiam
1203 1075 1338 1113 formae,

259 1118 365 1157 ipsam
389 1117 430 1149 de
452 1119 599 1158 potentia
621 1119 774 1150 materiae
801 1119 984 1150 educendo.
1015 1120 1103 1158 Quia
1129 1130 1208 1151 vero
1231 1121 1339 1151 anima

260 1162 456 1193 intellectiva
479 1172 548 1194 non
572 1162 735 1203 dependet
750 1173 769 1194 a
784 1165 917 1195 materia
940 1164 1122 1196 secundum
1146 1174 1226 1202 esse,
1245 1171 1276 1196 et
1299 1165 1339 1196 de

260 1207 347 1238 illius
369 1207 517 1247 potentia
539 1217 608 1238 non
639 1208 798 1245 educitur,
825 1209 927 1240 homo
953 1218 1111 1250 generans
1137 1219 1206 1240 non
1230 1216 1340 1241 causat

261 1252 404 1283 animam
426 1252 659 1283 intellectivam
685 1253 845 1290 absolute,
872 1253 929 1285 sed
951 1255 1055 1294 ipsam
1078 1255 1150 1285 unit
1176 1256 1338 1292 materiae,

249 1295 659 1337 'disponendovmateriam
673 1298 730 1328 tali
748 1297 962 1338 dispositione
978 1308 1062 1339 quae
1079 1305 1126 1330 est
1143 1300 1339 1330 necessitans

261 1340 312 1372 ad
325 1339 475 1372 formam.
499 1341 542 1372 Et
564 1342 642 1381 quia
665 1351 704 1372 ex
727 1342 782 1373 tali
808 1343 932 1374 unione
956 1344 1083 1374 animae
1107 1353 1183 1374 cum
1206 1345 1340 1375 materia

260 1386 394 1419 resultat
415 1386 525 1426 ipsum
548 1391 657 1417 totum
680 1386 771 1427 quod
793 1392 842 1418 est
863 1388 978 1424 homo,
997 1388 1073 1419 ideo
1097 1388 1214 1419 dicitur
1237 1389 1339 1420 homo

261 1431 431 1462 hominem
453 1440 618 1471 generare,
643 1436 675 1462 et
698 1432 759 1462 sibi
782 1431 887 1463 simile
909 1432 944 1462 in
967 1433 1075 1472 specie
1102 1433 1294 1473 producere.

317 1475 382 1506 Sed
408 1474 643 1506 advertendum
672 1476 735 1513 hic,
765 1485 842 1507 cum
876 1476 1014 1507 dicimus
1042 1478 1211 1508 hominem
1241 1487 1340 1518 gene-

260 1525 387 1552 rantem
402 1529 471 1551 esse
487 1529 619 1550 causam
631 1520 763 1551 unionis
779 1521 906 1551 animae
922 1530 998 1552 cum
1010 1522 1152 1558 materia,
1170 1522 1261 1562 quod
1276 1523 1340 1553 hoc

259 1573 330 1598 non
353 1570 402 1595 est
426 1563 675 1604 intelligendum
705 1565 797 1604 quasi
828 1565 868 1595 sit
897 1574 995 1596 causa
1021 1566 1186 1596 relationis
1209 1567 1340 1597 unionis

260 1609 389 1642 animae
404 1614 442 1639 ut
464 1617 503 1639 ex
527 1613 618 1648 parte
641 1609 768 1639 animae
784 1617 818 1638 se
833 1614 932 1645 tenet,
952 1610 1057 1649 ipsam
1081 1610 1273 1640 relationem
1294 1616 1340 1641 at-

259 1651 429 1693 tingendo,
454 1652 567 1683 relatio
592 1653 680 1683 enim
703 1662 773 1683 non
796 1658 844 1682 est
867 1661 925 1692 per
948 1662 982 1683 se
1009 1655 1167 1685 terminus
1186 1655 1339 1692 actionis;

259 1706 323 1733 nec
338 1697 436 1728 etiam
459 1697 536 1737 quia
552 1697 592 1727 sit
615 1706 713 1728 causa
729 1706 799 1727 esse
815 1697 1032 1728 substantialis
1047 1698 1081 1728 in
1098 1707 1166 1738 quo
1183 1699 1341 1730 uniuntur

259 1741 369 1781 anima
387 1747 419 1773 et
438 1750 579 1782 corpus3
602 1741 659 1772 sed
674 1741 751 1781 quia
767 1746 877 1772 causat
900 1742 1076 1773 terminum
1091 1743 1257 1774 relationis
1273 1744 1341 1775 ani-

258 1795 335 1833 mae
357 1786 399 1817 ad
422 1795 553 1826 corpus,
578 1785 618 1816 ad
641 1786 736 1817 cuius
758 1786 899 1822 termini,
923 1786 1046 1818 scilicet
1069 1788 1227 1828 corporis,
1251 1789 1340 1828 posi-

260 1831 397 1868 tionem,
421 1840 554 1862 necesse
579 1835 627 1860 est
656 1831 800 1861 animam
827 1830 1010 1862 secundum
1040 1841 1138 1863 suum
1161 1842 1231 1864 esse
1254 1834 1340 1864 uniri

259 1876 402 1917 corpori.
425 1875 522 1906 Unde
544 1876 626 1906 unio
642 1876 795 1906 materiae
811 1875 852 1906 ad
868 1874 1008 1906 formam
1025 1882 1185 1916 quantum
1209 1877 1249 1908 ad
1266 1877 1339 1908 fun-

260 1921 454 1960 damentum
467 1920 644 1956 relationis,
661 1925 710 1951 est
724 1920 919 1951 intrinsecus
934 1921 1092 1952 terminus
1106 1923 1338 1961 generationis:

260 1966 319 2006 sed
330 1966 410 1998 unio
422 1964 547 1996 formae
560 1974 637 1995 cum
649 1965 782 1996 materia
797 1974 836 1995 ex
851 1970 942 2005 parte
957 1965 1058 2005 ipsius
1074 1964 1210 2003 formae,
1223 1972 1255 1997 et
1270 1967 1339 1998 eius

258 2020 342 2052 esse,
357 2011 392 2042 in
408 2019 476 2051 quo
493 2009 529 2040 fit
544 2010 636 2045 unio,
653 2015 701 2040 est
716 2009 934 2049 generationis
950 2010 1107 2041 terminus
1127 2012 1336 2043 extrinsecus.

263 2079 287 2096 4
316 2055 358 2087 Et
381 2056 446 2086 hoc
470 2060 518 2085 est
544 2054 736 2094 particulare
762 2054 796 2084 in
822 2055 1032 2094 generatione
1059 2055 1218 2086 hominis:
1247 2055 1338 2096 quod

260 2100 383 2132 scilicet
409 2098 533 2130 dicatur
560 2099 663 2129 homo
690 2099 860 2130 hominem
882 2108 1036 2139 generare
1067 2109 1105 2130 ex
1134 2100 1199 2131 hoc
1230 2101 1338 2132 solum

261 2145 338 2187 quia
360 2153 418 2185 per
441 2144 560 2175 multas
581 2144 807 2184 generationes
823 2149 855 2174 et
874 2144 1079 2175 alterationes
1103 2144 1246 2186 disponit
1268 2155 1337 2176 ma-

259 2190 373 2222 teriam
397 2188 438 2220 ad
460 2189 703 2228 susceptionem
726 2188 863 2224 animae,
880 2193 1056 2229 causatque
1078 2190 1176 2221 etiam
1200 2189 1337 2230 disposi-

260 2235 368 2267 tiones
390 2243 468 2265 cum
490 2234 560 2274 ipsa
575 2238 790 2269 remanentes,
807 2238 838 2263 et
854 2242 893 2264 ex
908 2233 973 2264 hoc
989 2239 1098 2264 causat
1118 2234 1219 2275 ipsius
1240 2236 1337 2266 unio-

260 2289 338 2316 nem
361 2288 439 2311 cum
454 2278 598 2314 materia,
615 2284 647 2310 et
662 2283 902 2318 consequenter
917 2278 1162 2316 humanitatem,
1187 2289 1272 2320 quae
1288 2286 1336 2311 est

261 2324 354 2357 tertia
377 2323 503 2355 entitas.
528 2323 564 2353 In
594 2323 664 2353 aliis
692 2323 779 2353 enim
808 2323 1082 2363 generationibus,
1105 2330 1233 2364 praeter
1254 2325 1335 2356 haec

262 2369 383 2406 omnia,
407 2376 564 2409 generans
595 2367 692 2398 etiam
719 2368 823 2407 ipsam
853 2365 993 2398 formam
1015 2367 1050 2398 in
1080 2377 1149 2399 esse
1171 2368 1334 2410 producit,

261 2413 437 2454 educitque
461 2411 502 2443 de
525 2412 672 2452 potentia
695 2412 858 2442 materiae.
887 2411 963 2442 Hoc
991 2417 1102 2443 autem
1126 2415 1234 2445 evenit
1258 2415 1335 2455 quia

259 2458 342 2491 aliae
357 2457 482 2488 formae
496 2466 566 2487 non
590 2461 666 2487 sunt
681 2456 901 2494 subsistentes,
917 2457 1024 2488 anima
1039 2466 1116 2489 vero
1139 2459 1335 2490 intellectiva

260 2502 438 2534 subsistens
464 2506 521 2538 est,
545 2510 707 2542 supraque
736 2501 904 2532 materiam
927 2501 1080 2532 elevatur.
1107 2502 1198 2534 Bene
1223 2504 1334 2544 itaque

260 2547 411 2578 brevibus
423 2545 591 2586 respondit
603 2544 740 2576 Sanctus
760 2544 905 2576 Thomas
921 2546 1079 2587 quoniam
1091 2546 1132 2577 ad
1142 2548 1207 2579 hoc
1222 2554 1260 2579 ut
1273 2549 1334 2580 sal-

260 2597 352 2623 vetur
375 2591 546 2621 hominem
561 2590 619 2621 sibi
637 2589 742 2622 simile
757 2590 792 2620 in
806 2590 915 2631 specie
930 2600 1093 2632 generare,
1109 2591 1228 2623 sufficit
1243 2593 1335 2634 quod

260 2635 449 2676 dispositive
473 2633 513 2665 ad
536 2635 679 2665 animam
701 2634 933 2665 intellectivam
957 2641 1120 2676 operetur.

314 2679 398 2711 XIII.
411 2679 462 2710 Ad
476 2679 623 2721 quintam
635 2679 808 2716 rationem,
822 2689 906 2720 quae
919 2685 967 2711 est
977 2680 1186 2720 Apollinaris,
1198 2690 1334 2722 respon—

260 2724 353 2757 detur
375 2723 410 2755 id
433 2723 524 2765 quod
545 2722 681 2756 infertur
702 2733 772 2755 non
799 2733 868 2755 esse
892 2724 1143 2756 inconveniens:
1179 2735 1256 2757 cum
1278 2735 1333 2766 ge-

258 2770 383 2801 neratio
407 2769 447 2799 sit
468 2777 537 2799 non
567 2769 743 2800 voluntatis
770 2769 867 2804 actio,
890 2768 947 2799 sed
970 2775 1114 2806 naturae,
1141 2779 1226 2810 quae
1249 2771 1334 2802 mala

258 2824 328 2846 non
352 2819 409 2845 est.

314 2858 365 2890 Ad
386 2863 513 2889 sextam
537 2858 708 2893 rationem,
727 2867 811 2898 quae
830 2867 868 2888 ex
891 2856 1050 2898 Gregorio
1074 2857 1235 2899 Nysseno,
1256 2869 1332 2891 cum

258 2903 480 2944 sequentibus,
498 2907 546 2933 est
561 2907 700 2943 sumpta,
719 2901 895 2943 respondet
910 2901 1060 2942 negando
1080 2903 1273 2934 antecedens
1293 2903 1334 2935 de

259 2957 398 2988 corpore
421 2946 604 2978 secundum
620 2946 711 2988 quod
727 2952 774 2977 est
796 2947 830 2977 in
854 2947 1001 2988 potentia
1016 2946 1056 2978 ad
1079 2948 1232 2985 animam,
1248 2958 1332 2980 non-

259 2993 339 3024 dum
362 2992 486 3023 scilicet
508 2992 650 3022 animam
674 2992 806 3022 habens.
822 3009 845 3013 —
865 2991 917 3022 Ad
939 2991 1178 3032 probationem,
1197 2999 1333 3033 negatur

260 3037 503 3078 consequentia.
528 3036 615 3074 Quia
638 3042 716 3066 tunc
733 3045 802 3067 non
822 3042 870 3066 est
893 3035 998 3067 adhuc
1015 3045 1134 3077 corpus
1150 3037 1332 3068 humanum

258 3083 321 3113 nisi
335 3083 370 3113 in
385 3082 541 3122 potentia.
554 3080 632 3112 Ideo
644 3079 808 3121 praecedit
823 3081 965 3112 animam
980 3081 1064 3112 sicut
1079 3082 1225 3121 potentia
1239 3092 1332 3123 prae—

259 3126 344 3158 cedit
367 3132 490 3157 actum:
514 3135 584 3156 non
607 3131 716 3156 autern
739 3124 827 3156 idem
850 3125 1013 3166 praecedit
1035 3125 1188 3167 seipsum.

314 3171 366 3202 Ad
394 3170 563 3212 septimam
592 3170 764 3205 rationem,
795 3175 892 3210 negat
922 3171 1201 3210 consequentiam.
1232 3172 1331 3203 Actio

259 3216 348 3247 enim
371 3216 434 3246 Dei
448 3221 625 3255 utrumque
649 3214 810 3255 producit,
830 3214 952 3245 scilicet
974 3215 1116 3246 animam
1140 3221 1172 3246 et
1195 3225 1330 3256 corpus:

259 3270 379 3301 corpus
395 3259 529 3301 quidem
542 3259 706 3290 mediante
722 3259 838 3290 virtute
854 3259 995 3296 seminis,
1013 3259 1155 3290 animam
1177 3269 1254 3291 vero
1271 3261 1331 3292 im-

258 3305 409 3336 mediate.
433 3305 530 3336 Actio
555 3309 665 3335 autem
687 3303 819 3335 seminis
841 3302 968 3343 perficit
989 3302 1023 3334 id
1045 3303 1086 3335 ad
1109 3304 1200 3345 quod
1224 3310 1281 3336 est.

315 3348 455 3381 Adverte
472 3348 563 3390 quod
579 3349 714 3380 Sanctus
732 3348 878 3379 Thomas
893 3357 932 3378 ex
954 3348 1015 3378 hac
1029 3349 1244 3390 responsione
1261 3349 1331 3381 vult

259 3402 377 3434 negare
392 3394 476 3425 hanc
488 3394 759 3434 propositionem,
773 3393 865 3423 Actio
878 3402 962 3433 quae
977 3397 1077 3423 totam
1091 3403 1158 3424 rem
1172 3403 1237 3424 non
1248 3404 1331 3434 pro-

259 3437 348 3468 ducit
372 3438 404 3468 in
428 3448 507 3475 esse,
532 3443 580 3469 est
602 3438 802 3479 imperfecta.
819 3437 895 3467 Non
919 3437 1006 3467 enim
1023 3437 1107 3468 actio
1132 3437 1248 3469 dicitur
1269 3439 1330 3469 im-

258 3482 401 3522 perfecta
417 3483 443 3512 si
465 3493 533 3513 non
549 3483 701 3523 producit
716 3488 819 3513 totam
835 3491 913 3518 rem,
930 3481 1062 3521 quando
1077 3491 1146 3512 non
1165 3482 1332 3513 ordinatur

259 3526 299 3556 ad
315 3526 567 3567 productionem
582 3528 627 3558 rei
644 3533 803 3568 quantum
819 3526 858 3556 ad
871 3536 984 3556 omnes
1000 3532 1115 3566 parteS‚
1132 3527 1188 3557 sed
1203 3533 1330 3563 tantum

259 3571 299 3601 ad
321 3571 574 3612 productionem
597 3573 695 3603 unius
718 3573 826 3612 partis.
850 3571 934 3601 Nam
962 3571 1068 3601 omnis
1099 3572 1183 3601 actio
1210 3572 1244 3602 in
1268 3582 1328 3603 suo

258 3625 377 3655 genere
399 3615 542 3657 perfecta
571 3622 618 3647 est
642 3616 773 3657 quando
803 3625 860 3657 per
889 3617 992 3656 ipsam
1021 3616 1204 3656 completur
1230 3616 1264 3646 id
1288 3616 1328 3647 ad

259 3660 349 3700 quod
366 3660 541 3691 ordinatur.
558 3661 600 3691 Et
615 3661 700 3698 ideo,
718 3661 793 3702 quia
808 3661 908 3691 virtus
924 3660 1053 3691 seminis
1070 3670 1138 3691 non
1162 3660 1328 3691 ordinatur

2390 292 2463 339 547

1373 373 1411 403 ‘a
1434 368 1548 393 natura
1572 362 1612 393 ad
1634 363 1887 403 productionem
1917 365 2059 395 hominis
2084 372 2243 406 quantum
2265 367 2307 399 ad
2333 378 2467 400 omnem

1394 408 1463 438 eius
1485 413 1621 447 partem,
1638 408 1694 439 sed
1716 413 1843 439 tantum
1860 408 1900 439 ad
1924 411 2070 450 corporis
2095 410 2340 451 dispositionem
2364 419 2395 451 et
2415 423 2467 444 or-

1392 452 1632 492 ganizationem
1663 462 1747 492 quae
1778 452 1818 483 ad
1846 454 2070 494 receptionem
2097 456 2223 491 animae
2253 457 2466 490 intellectivae

1393 495 1540 532 sufficiat,
1564 496 1650 532 ide0,
1675 497 1701 527 si
1723 506 1782 537 per
1805 498 1909 538 ipsam
1933 498 1997 528 hoc
2022 498 2186 537 efficiatur,
2211 506 2258 531 est
2284 503 2369 532 actio
2391 512 2465 543 per-

1372 552 1381 561 ·
1393 540 1487 577 fecta,
1511 540 1586 570 dato
1604 541 1695 580 quod
1718 550 1787 571 non
1810 547 1982 583 utramque
1998 544 2139 575 hominis
2154 551 2280 585 partem
2295 546 2464 587 producat.

1451 594 1480 615 2.
1505 584 1568 616 Sed
1592 586 1734 615 occurrit
1756 585 1892 616 dubium
1917 588 2000 617 circa
2029 587 2062 618 id
2086 589 2176 629 quod
2200 589 2240 620 de
2266 591 2395 622 actione
2419 591 2466 622 di-

1392 630 1467 660 vina
1491 629 1618 660 dicitur.
1635 629 1669 660 Si
1693 630 1780 660 enim
1804 630 1893 661 Deus
1916 632 2078 662 mediante
2102 634 2218 664 virtute
2242 635 2372 667 seminis
2387 645 2464 676 pro-

1393 674 1483 705 ducit
1498 683 1628 714 corpus,
1644 674 1786 704 animam
1809 684 1887 705 vero
1903 676 2099 714 immediate,
2116 679 2261 718 sequitur
2276 680 2366 720 quod
2382 680 2465 713 duae

1393 720 1537 749 actiones
1561 718 1688 749 divinae
1712 718 1752 749 ad
1775 719 1917 750 hominis
1932 721 2184 760 productionem
2208 731 2402 756 concurrant
2424 725 2465 756 si-

1392 763 1472 800 mul,
1497 763 1619 794 scilicet
1635 763 1754 794 creatio
1778 763 1905 794 animae
1921 770 1952 794 et
1969 767 2113 805 corporis
2129 767 2313 807 productio.
2338 770 2402 801 Sed
2425 770 2463 800 ab

1394 807 1512 839 eodem
1536 813 1652 848 agente
1675 817 1743 848 per·
1758 807 1923 848 duplicem
1952 810 2115 840 actionem
2142 812 2244 852 ipsius
2266 823 2334 844 non
2357 820 2466 855 potest

1393 862 1498 883 unum
1529 852 1718 893 simpliciter
1747 852 1903 892 produci:
1929 854 2006 894 quia
2035 855 2214 896 unicuique
2244 858 2364 889 actioni
2387 868 2465 890 suus

1393 898 1544 938 proprius
1568 903 1600 927 et
1623 896 1792 927 distinctus
1815 898 1972 930 terminus
1988 900 2229 940 correspondet.
2254 902 2339 942 Ergo
2362 904 2464 935 homo

1392 952 1461 972 non
1485 943 1543 972 erit
1567 941 1646 982 quid
1670 951 1775 972 unum
1799 942 2001 983 simpliciter:
2026 944 2118 983 quod
2140 954 2200 985 pro
2224 946 2466 979 inconvenienti

1392 987 1504 1017 habuit
1532 986 1667 1018 Sanctus
1691 986 1847 1024 Thomas,
1879 993 1991 1018 contra
2021 987 2191 1020 Platonem
2223 996 2255 1021 et
2278 990 2464 1032 Origenem,

1393 1032 1541 1072 superius
1556 1032 1583 1062 *-

1447 1076 1574 1107 Dicitur
1596 1075 1714 1115 primo,
1738 1074 1830 1116 quod
1853 1076 1967 1116 utique
1991 1075 2075 1107 duae
2098 1078 2304 1117 operationes
2327 1079 2388 1111 Dei
2412 1091 2466 1112 ex-

1393 1121 1550 1152 trinsecae
1573 1125 1773 1151 concurrunt
1795 1119 1835 1150 ad
1861 1121 2004 1151 hominis
2030 1121 2298 1162 productionem:
2327 1124 2402 1156 licet
2426 1127 2466 1157 sit

1392 1165 1490 1196 unica
1513 1165 1582 1195 eius
1606 1164 1753 1204 operatio
1777 1164 1959 1202 intrinseca,
1977 1175 2061 1206 quae
2077 1172 2125 1197 est
2148 1167 2255 1198 divina
2279 1169 2464 1202 substantia.

1448 1209 1574 1240 Dicitur
1589 1208 1746 1245 secundo,
1764 1209 1855 1249 quod
1871 1220 1974 1240 unum
1999 1211 2186 1251 simpliciter
2209 1219 2317 1253 potest
2341 1214 2465 1246 duabus

1393 1254 1577 1285 actionibus
1600 1253 1747 1284 eiusdem
1774 1255 1897 1294 agentis
1931 1255 2080 1296 produci,
2105 1257 2237 1296 quando
2265 1268 2330 1289 una
2357 1259 2398 1290 ad
2420 1260 2464 1290 al-

1392 1303 1494 1330 teram
1510 1298 1692 1329 ordinatur:
1718 1298 1801 1329 sicut
1817 1308 1892 1329 cum
1909 1308 2006 1340 agens
2021 1301 2199 1341 principale
2221 1309 2333 1334 movet
2347 1304 2464 1336 instru-

1392 1348 1552 1380 mentum,
1577 1348 1609 1374 et
1631 1342 1783 1383 producit
1806 1343 1928 1384 aliquid
1951 1344 2038 1375 aliud
2062 1345 2102 1375 ad
2125 1346 2216 1386 quod
2240 1348 2324 1378 actio
2346 1348 2464 1381 instru-

1392 1389 1495 1419 menti
1517 1397 1586 1418 non
1609 1388 1745 1428 attingit.
1770 1387 1860 1418 Illam
1884 1389 1971 1419 enim
1995 1390 2158 1421 actionem
2182 1400 2247 1431 qua
2262 1392 2384 1434 aliquid
2407 1404 2465 1435 per

1392 1433 1645 1465 instrumentum
1659 1441 1718 1473 per
1733 1432 1871 1464 modum
1887 1432 2107 1473 dispositionis
2123 1436 2258 1476 attingit,
2283 1437 2410 1469 ordinat
2424 1439 2464 1470 ad

1393 1478 1556 1508 actionem
1580 1487 1646 1517 qua
1660 1477 1848 1508 ulteriorem
1865 1477 2017 1509 effectum
2039 1479 2206 1519 producit=
2229 1481 2312 1512 sicut
2335 1488 2367 1513 et
2388 1493 2464 1524 pro-

1393 1522 1529 1553 ductum
1553 1531 1610 1562 per
1625 1522 1879 1553 instrumentum
1895 1522 2061 1554 ordinatur
2077 1530 2113 1555 ut
2129 1525 2298 1567 dispositio
2322 1527 2363 1558 ad
2377 1529 2464 1569 prin-

1394 1566 1533 1606 cipalem
1556 1565 1721 1596 effectum.
1751 1565 1804 1597 Sic
1834 1571 1882 1596 est
1911 1567 1946 1597 in
1975 1570 2157 1608 proposito.
2181 1570 2265 1601 Nam
2289 1573 2373 1602 actio
2399 1582 2463 1614 qua

1394 1611 1484 1642 Deus
1506 1610 1671 1641 mediante
1687 1610 1805 1641 virtute
1829 1611 1960 1642 seminis
1977 1621 2096 1652 corpus
2114 1614 2276 1654 producit,
2300 1616 2466 1648 ordinatur

1394 1654 1435 1685 ad
1458 1655 1584 1686 animae
1609 1655 1808 1685 creationem
1838 1655 1872 1685 in
1901 1665 2055 1696 corpore:
2081 1658 2164 1689 sicut
2191 1669 2310 1700 corpus
2333 1661 2374 1691 ad
2397 1663 2463 1693 ani-

1393 1708 1481 1730 mam
1506 1704 1542 1729 ut
1565 1699 1634 1729 eius
1657 1700 1788 1739 propria
1811 1700 1945 1730 materia
1969 1700 2145 1732 ordinatur.

1450 1743 1535 1774 XIV.
1552 1743 1603 1773 Aa
1627 1748 1776 1774 octavam
1801 1744 1961 1774 rationem
1986 1746 2161 1786 respondet
2183 1748 2333 1787 negando
2351 1759 2464 1781 conse-

1395 1788 1573 1829 quentiam.
1590 1806 1612 1810 —
1627 1787 1679 1818 Ad
1702 1788 1942 1828 probationem,
1965 1795 2061 1829 negat
2085 1798 2287 1832 assumptum
2312 1793 2352 1824 de
2374 1800 2464 1835 parte

1395 1842 1478 1874 quae
1501 1838 1606 1863 totam
1629 1833 1781 1863 virtutem
1805 1842 1997 1874 corpoream
2014 1835 2148 1872 excedit,
2172 1837 2255 1868 sicut
2278 1843 2325 1868 est
2348 1840 2464 1871 anima.

1449 1877 1501 1908 Ad
1516 1886 1637 1908 nonam
1655 1877 1815 1908 rationem
1832 1877 2008 1918 respondet
2023 1879 2173 1920 negando
2197 1885 2464 1923 consequentiam

1394 1927 1426 1952 et
1455 1927 1661 1962 assumptum
1688 1921 1729 1952 ad
1756 1922 1825 1953 eius
1851 1923 2091 1962 probationem.
2119 1924 2180 1955 Per
2204 1926 2292 1956 illam
2321 1937 2463 1969 namque

1393 1966 1690 1998 manifestationem
1713 1967 1942 2006 operationum
1963 1968 2089 1999 animae
2113 1970 2293 2002 secundum
2317 1975 2463 2013 corporis

1393 2010 1588 2051 profectum,
1617 2010 1797 2041 ostenditur
1820 2010 2068 2052 dispositionem
2091 2015 2231 2054 partium
2255 2018 2400 2056 corporis
2423 2018 2463 2050 ad

1392 2056 1518 2087 animae
1542 2055 1768 2096 operationem
1791 2057 2004 2088 necessariam
2029 2067 2112 2088 esse:
2140 2068 2207 2090 non
2239 2066 2348 2091 autem
2374 2062 2461 2094 idem

1391 2101 1589 2142 principium
1613 2101 1755 2131 animam
1780 2106 1811 2131 et
1835 2110 1953 2142 corpus
1977 2102 2104 2133 habere.

1447 2146 1498 2176 Ad
1521 2145 1677 2176 decimam
1694 2144 1772 2175 dicit
1795 2145 1886 2186 quod
1902 2146 2016 2187 utique
2038 2157 2097 2188 per
2115 2148 2256 2180 animam
2279 2152 2461 2190 generantis

1391 2189 1612 2231 configuratur
1628 2199 1761 2230 corpus:
1778 2200 1847 2221 non
1862 2196 1971 2222 tamen
1987 2200 2045 2232 per
2060 2193 2201 2224 animam
2216 2195 2327 2234 geniti,
2351 2201 2387 2226 ut
2408 2206 2461 2228 su-

1389 2236 1499 2276 perius
1523 2240 1571 2265 est
1595 2240 1773 2266 ostensum.
1792 2235 1869 2266 Ideo
1886 2245 1955 2267 non
1979 2237 2125 2277 sequitur
2148 2238 2289 2269 animam
2311 2241 2412 2280 geniti
2427 2241 2461 2271 in

1389 2289 1512 2311 semine
1536 2288 1616 2310 esse.

1444 2324 1497 2356 Ad
1520 2323 1716 2355 evidentiam
1738 2324 1836 2355 huius
1858 2325 2092 2365 responsionis,
2116 2327 2398 2367 considerandum,
2424 2339 2461 2360 ex

1390 2369 1537 2401 doctrina
1552 2368 1661 2400 Sancti
1677 2368 1826 2399 Thomae
1842 2369 2002 2406 Potentia,
2019 2371 2076 2400 ubi
2094 2379 2190 2411 supra
2205 2372 2236 2409 θ,
2253 2372 2293 2403 ad
2310 2373 2340 2410 5,
2361 2373 2461 2414 quod,

1388 2414 1465 2445 licet
1487 2414 1588 2444 virtus
1603 2413 1735 2444 seminis
1758 2413 1798 2444 ad
1822 2413 1963 2445 animam
1986 2415 2216 2446 intellectivam
2238 2426 2307 2448 non
2330 2419 2462 2458 attingat

1387 2459 1492 2500 ipsam
1516 2457 1742 2499 producendo,
1766 2464 1897 2498 oportet
1920 2464 2028 2490 tamen
2053 2465 2089 2490 ut
2112 2461 2230 2492 virtute
2253 2461 2379 2493 animae
2401 2463 2462 2493 ho-

1387 2504 1484 2535 minis
1502 2502 1684 2543 generantis
1707 2503 1873 2533 materiam
1898 2503 2058 2544 disponat.
2083 2504 2160 2535 Non
2179 2506 2267 2536 enim
2290 2512 2397 2546 ageret
2420 2507 2460 2539 ad

1389 2547 1638 2588 dispositionem
1660 2547 1814 2578 materiae
1833 2547 1930 2578 talem
1954 2554 1991 2578 ut
2013 2547 2068 2579 fiat
2092 2558 2210 2589 corpus
2234 2550 2341 2581 anima
2363 2552 2460 2584 ratio-

1388 2593 1454 2623 nali
1475 2590 1687 2632 perfectibile,
1710 2591 1773 2621 nisi
1796 2591 1913 2622 virtute
1937 2593 2064 2623 animae
2086 2594 2250 2624 rationalis
2274 2601 2460 2635 operaretur

1388 2637 1488 2668 veluti
1511 2637 1612 2677 ipsius
1627 2636 1895 2667 instrumentum:
1922 2645 1998 2667 cum
2013 2636 2180 2668 videamus
2196 2638 2324 2670 nullum
2340 2649 2458 2680 corpus

1388 2691 1457 2712 esse
1481 2681 1606 2711 animae
1629 2680 1778 2711 rationali
1800 2685 1913 2720 aptum
1930 2687 2065 2722 excepto
2092 2692 2230 2723 corpore
2253 2683 2376 2714 semine
2397 2684 2458 2715 ho-

1386 2726 1484 2757 minis
1506 2730 1671 2766 generato.
1695 2724 1737 2756 Et
1760 2725 1836 2765 quia
1866 2724 1937 2757 talis
1965 2725 2134 2766 dispositio
2158 2726 2194 2758 fit
2221 2726 2456 2767 configurando

1387 2776 1420 2801 et
1442 2769 1661 2811 organizando
1686 2778 1804 2809 corpus
1827 2774 1864 2800 ut
1892 2779 1951 2810 per
1981 2770 2089 2811 ipsum
2120 2772 2223 2812 possit
2254 2772 2360 2802 anima
2384 2782 2456 2804 suas

1387 2815 1593 2856 operationes
1617 2823 1775 2854 exercere,
1798 2813 1874 2844 ideo
1897 2815 1981 2845 bene
2005 2814 2120 2846 dicitur
2146 2816 2200 2847 hic
2223 2815 2313 2856 quod
2337 2826 2456 2857 corpus

1386 2860 1503 2891 virtute
1530 2859 1657 2890 animae
1687 2859 1868 2899 generantis
1899 2858 2118 2900 configuratur
2148 2861 2275 2892 animae
2303 2862 2455 2900 generati.

1442 2904 1493 2935 Ad
1511 2903 1713 2934 undecimam
1728 2902 1903 2944 respondet
1919 2904 2019 2943 quod,
2032 2910 2069 2936 ut
2081 2914 2119 2935 ex
2132 2904 2222 2936 dictis
2234 2910 2332 2945 patet,
2344 2915 2456 2937 semen

1385 2958 1454 2980 non
1479 2953 1526 2980 est
1549 2958 1566 2978 a
1589 2948 1750 2989 principio
1774 2948 1885 2978 vivum
1907 2948 1969 2978 nisi
1998 2949 2032 2979 in
2055 2950 2217 2989 potentia:
2243 2955 2274 2980 et
2296 2959 2354 2990 per
2377 2959 2456 2980 con-

1386 3003 1525 3034 sequens
1548 3002 1617 3024 non
1638 2993 1735 3023 habet
1750 2998 1828 3023 tunc
1845 2993 1986 3024 animam
2010 2999 2093 3024 actu.
2111 2993 2146 3024 In
2170 3003 2323 3034 processu
2347 3000 2455 3026 autem

1385 3038 1602 3079 generationis
1628 3038 1725 3068 habet
1751 3037 1892 3068 animam
1915 3038 2128 3078 vegetabilem
2153 3044 2184 3069 et
2210 3038 2393 3069 sensibilem
2417 3049 2455 3070 ex

1385 3083 1502 3114 virtute
1525 3082 1666 3119 seminis,
1683 3081 1739 3113 sed
1761 3082 1834 3112 illae
1857 3082 1994 3121 animae,
2018 3082 2211 3114 succedente
2233 3084 2340 3114 anima
2362 3084 2455 3116 intel-

1385 3127 1510 3164 lectiva,
1534 3132 1701 3158 transeunt
1717 3127 1743 3156 θ’.

1440 3170 1696 3208 Advertendum,
1713 3180 1789 3202 cum
1806 3170 1921 3202 dicitur
1944 3180 2055 3202 semen
2079 3171 2219 3202 animam
2242 3172 2453 3212 vegetabilem

1385 3221 1417 3247 et
1440 3216 1625 3247 sensibilem
1649 3226 1687 3247 ex
1710 3217 1828 3246 virtute
1844 3215 1975 3246 seminis
1998 3216 2127 3253 habere,
2145 3216 2235 3257 quod
2258 3226 2369 3248 semen
2386 3217 2453 3249 duo

1384 3261 1490 3300 habet,
1521 3266 1558 3292 ut
1589 3271 1627 3292 ex
1658 3259 1878 3300 superioribus
1894 3261 1910 3276 ⁴*
1940 3265 2042 3300 patet:
2074 3261 2196 3292 scilicet
2229 3262 2453 3302 corpulentam

1384 3306 1595 3336 substantiam
1611 3315 1647 3336 ac
1664 3313 1866 3346 spumosam;
1885 3310 1916 3335 et
1939 3304 2068 3345 spiritus
2083 3306 2117 3336 in
2140 3306 2211 3346 ipso
2234 3306 2387 3337 inclusos
2404 3307 2453 3338 Ex

1385 3350 1575 3390 corpulenta
1590 3350 1765 3381 substantia
1779 3355 1949 3390 generatur
1965 3359 2100 3390 corpus:
2118 3355 2149 3380 et
2163 3351 2243 3381 haec
2267 3357 2314 3382 est
2327 3352 2452 3383 ratione

1385 3395 1477 3425 cuius
1501 3404 1612 3425 semen
1637 3394 1752 3424 dicitur
1775 3404 1792 3423 a
1821 3393 1982 3434 principio
2007 3404 2075 3425 esse
2103 3394 2213 3426 vivum
2243 3396 2277 3426 in
2306 3397 2452 3436 potentia

1383 3439 1509 3479 passiva
1533 3445 1564 3470 et
1587 3445 1700 3479 postea
1722 3439 1833 3468 vivum
1856 3440 1890 3469 in
1914 3445 1996 3469 actu.
2022 3439 2058 3469 In
2082 3441 2243 3480 spiritibus
2271 3446 2379 3472 autem
2402 3442 2452 3472 in-

1384 3483 1480 3514 clusis
1498 3489 1546 3514 est
1560 3484 1660 3515 virtus
1677 3483 1801 3513 animae
1817 3485 2015 3523 generantis:
2034 3490 2065 3514 et
2083 3485 2207 3515 ratione
2223 3485 2319 3515 huius
2335 3485 2452 3516 dicitur

1384 3528 1474 3568 quod
1497 3537 1607 3559 semen
1630 3528 1726 3558 habet
1749 3528 1889 3558 animam
1905 3529 2116 3568 vegetabilem
2137 3535 2167 3560 et
2183 3531 2366 3561 sensitivam
2389 3531 2451 3560 vir-

1382 3578 1452 3603 tute
1475 3574 1616 3611 seminis,
1642 3573 1734 3608 idest,
1758 3573 1874 3603 virtute
1899 3574 2052 3604 existente
2075 3575 2110 3604 in
2134 3574 2296 3614 spiritibus
2319 3575 2450 3606 inclusis

1382 3617 1416 3648 in
1436 3618 1569 3647 semine.
1597 3617 1638 3647 Et
1661 3617 1706 3647 sic
1730 3626 1840 3647 semen
1865 3618 2044 3649 secundum
2072 3618 2159 3650 aliud
2184 3625 2230 3650 est
2252 3621 2394 3656 materia,
2420 3626 2451 3650 et

1382 3661 1564 3692 secundum
1589 3661 1675 3692 aliud
1699 3667 1746 3691 est
1770 3671 1876 3702 agens.

2496 1038 2503 1047 ·
2514 1036 2571 1064 Cap.
2579 1043 2642 1064 niv,
2650 1043 2706 1060 Lvu.

2489 2374 2499 2383 '¹
2512 2373 2559 2400 Qu.
2575 2379 2611 2400 ιιι,
2625 2379 2646 2395 a.
2661 2380 2683 2401 9.

2483 3124 2492 3133 '¹
2508 3122 2543 3144 ef.
2559 3129 2623 3145 num.
2632 3129 2680 3151 seq.

2482 3268 2490 3277 ·
2504 3266 2578 3289 Num.
2591 3273 2613 3287 v.
