2664 4120
234 345 443 386 appositione
459 345 555 382 tituli,
571 345 624 376 vel
638 350 731 386 parte
745 347 970 387 praecedentis
988 349 1092 381 lineae
1108 351 1180 382 alba
1197 352 1316 389 relicta,

234 389 286 422 vel
305 389 420 422 saltem
443 389 519 431 ipsa>
537 389 680 423 formula
694 390 926 432 incoeptionis.
950 393 1143 435 Paragraphi
1167 396 1255 436 siglis
1269 396 1318 427 di-

233 435 454 475 stinguuntur.
482 435 589 467 Tituli
607 435 797 477 regulariter
822 443 1035 478 apponuntur
1058 439 1109 470 vel
1133 440 1167 470 in
1190 450 1317 472 summa

234 479 286 510 vel
302 480 337 511 in
360 479 427 511 ima
449 480 584 521 pagina:
605 481 640 511 in
661 481 770 521 primo
794 481 878 513 libro
897 483 960 513 rari
975 488 1060 515 sunt.
1087 483 1122 514 ln
1138 483 1204 514 fine
1224 485 1316 516 fasci-

235 523 388 557 culorum
410 525 604 557 exclamans
626 525 772 567 ponitur,
796 531 865 567 quo
889 526 1074 558 indicantur
1096 529 1205 568 priora
1221 530 1318 560 verba

234 569 382 602 fasciculi
405 570 583 610 sequentis.

235 748 331 782 dunt.
343 749 439 786 Sunt,
453 750 539 781 inter
553 750 626 787 alia,
641 751 851 791 repetitiones
866 760 989 784 vocum
1006 750 1107 792 (App.
1129 751 1190 782 16·
1207 761 1225 782 a
1244 752 1318 793 25);

235 794 424 827 substitutio
440 795 539 827 unius
554 796 646 827 vocis
660 805 722 837 pro
746 796 809 827 alia
824 795 892 827 fere
908 795 1056 827 eiusdem
1073 797 1146 826 soni
1161 797 1318 836 imagina-

235 840 319 872 tioni
334 845 572 880 repraesentata
591 838 648 883 (ib.
665 851 685 881 7
695 841 712 858 ⁹
727 850 746 871 a
762 850 822 882 403
848 840 917 872 30·
931 851 951 872 a
974 839 1029 883 9);
1053 841 1104 872 vel
1120 841 1243 881 positio
1260 851 1318 872 vo-

235 884 344 917 cabuli
365 893 464 926 saepe
486 885 521 917 in
545 891 702 917 contextu
725 886 929 923 recurrentis,
947 885 1026 917 loco
1042 886 1195 916 vocabuli
1217 886 1318 917 debiti
1345 903 1347 926 g

239 929 296 972 (ib.
312 930 391 980 ⁸12*
407 930 428 961 b
441 939 500 967 22;
527 930 566 962 35
578 931 596 948 ³
610 931 632 962 b
649 929 719 972 63).
743 930 789 962 Ut
815 930 996 971 plurimum
1019 931 1058 961 ab
1075 931 1148 971 ipso
1174 933 1318 962 Auctore

236 979 454 1015 corriguntur.

293 1018 484 1052 Deletiones
507 1020 606 1052 etiam
629 1025 818 1057 occurrunt,
843 1019 1025 1051 additiones
1049 1026 1082 1051 et
1107 1021 1318 1051 mutationes.

237 1064 386 1097 Delenda
401 1064 586 1097 indicantur
601 1065 653 1097 vel
664 1064 768 1097 ductu
783 1065 917 1105 calami3
941 1066 994 1096 vel
1008 1065 1184 1096 inserendo
1201 1074 1317 1096 vocem

237 1114 344 1147 vacat,
366 1110 403 1142 in
425 1109 507 1142 duas
529 1114 637 1150 partes
660 1110 803 1148 scissam,
827 1109 986 1151 ponendo
1010 1120 1052 1142 va
1079 1111 1114 1142 in
1136 1111 1242 1147 initio,
1266 1116 1320 1141 cat

237 1155 272 1188 in
295 1153 362 1187 fine
383 1154 452 1187 loci
474 1153 623 1196 delendi3
646 1155 709 1193 vel,
725 1155 828 1187 rarius
842 1160 964 1192 tamen,
989 1161 1116 1196 puncto
1134 1156 1318 1196 supposito,

236 1205 294 1233 aut
315 1209 424 1232 rasura
445 1199 549 1240 ipsius
571 1201 792 1233 membranae.
816 1199 1058 1238 Additamento,
1081 1210 1142 1242 pro
1159 1207 1318 1241 opportu-

236 1244 338 1277 nitate
361 1254 466 1281 casus,
482 1244 534 1276 vel
557 1245 592 1276 in
607 1246 677 1287 ipsa
692 1246 778 1277 linea
794 1251 974 1286 ponuntur,
990 1246 1044 1276 vel
1057 1246 1092 1277 in
1110 1245 1318 1282 interlineari,

237 1289 290 1322 vel
310 1290 347 1320 in
369 1289 662 1331 margine2Locus
685 1291 741 1322 ubi
756 1289 867 1322 addita
880 1290 1053 1322 inserenda
1067 1296 1154 1327 sunt,
1171 1296 1320 1321 accurate

237 1334 533 1376 signisindicatur.
612 1338 614 1340 ’

223 1375 244 1379 ”
293 1379 472 1421 Praecipue
496 1379 685 1413 notandum
710 1381 858 1413 voccurrit
886 1380 1050 1421 singulare
1076 1389 1181 1421 genus
1212 1390 1320 1412 corre·

237 1425 388 1457 ctionum
410 1434 450 1456 ex
473 1434 515 1456 eo
539 1425 632 1466 quod
662 1425 694 1457 S.
719 1426 878 1462 Thomas,
907 1426 941 1457 in
972 1426 1046 1466 ipso
1073 1431 1149 1456 actu
1177 1424 1320 1457 ducendi

237 1469 412 1506 numum,
435 1479 679 1511 nonnunquam
703 1471 878 1502 consilium
901 1476 1018 1507 mutat,
1042 1476 1074 1501 et
1101 1470 1245 1511 phrasim
1269 1470 1320 1502 vel

237 1514 437 1548 vocabulmn
459 1515 652 1548 inchoatum
675 1516 876 1557 relinquens,
905 1515 995 1547 aliud
1025 1516 1201 1547 substituit.
1231 1515 1320 1546 Hinc

236 1558 499 1600 &equentissime
530 1560 656 1593 deletae
680 1567 857 1593 occurrunt
887 1562 1063 1602 pericopae
1089 1560 1320 1602 incompletae,

236 1605 504 1639 vesta-seiuncta
528 1605 580 1637 vel
597 1606 632 1637 in
655 1605 767 1639 medio
795 1607 944 1648 abrupta,
966 1607 1071 1637 immo
1096 1605 1242 1647 singulae
1269 1605 1320 1636 lit-

236 1654 325 1684 terae
351 1650 520 1683 initiantes
542 1659 661 1683 vocem
684 1650 883 1684 derelictam.
911 1651 1120 1683 Huiusmodi·
1139 1650 1321 1692 fragmenta

233 1695 425 1732 ,ns-borum,
448 1695 529 1728 dum
552 1695 699 1729 indicant
718 1697 814 1738 quod
836 1697 872 1728 in
899 1702 1011 1728 mente
1033 1697 1189 1728 Auctoris
1208 1697 1321 1728 conei-

230 1739 388 1782 rpiebatur
408 1749 472 1772 nec
494 1746 606 1773 mmm
636 1742 778 1774 exterius
805 1742 1056 1783 exprimebatur,
1087 1747 1198 1783 aperte
1224 1750 1322 1773 mon-

228 1789 340 1817 astrant
353 1794 440 1827 opus
455 1795 522 1817 non
539 1786 749 1824 translatum,
764 1792 825 1820 aut
839 1787 984 1819 dictante
1006 1787 1120 1829 aliquo
1140 1791 1320 1828 exceptum,

235 1829 297 1864 sod
311 1830 416 1872 plane
436 1831 479 1862 ab
501 1831 574 1873 ipso
597 1831 766 1874 cogitante
780 1837 880 1874 atque
895 1837 1079 1875 generante
1099 1837 1277 1864 natatum
1293 1833 1321 1864 θ.

204 1878 211 1885 “
243 1901 245 1907 2
273 1907 276 1909 ,
295 1874 397 1908 Suam
413 1876 552 1917 primam
568 1877 847 1918 compositionem
859 1878 892 1910 S.
909 1877 1058 1909 Tliomas
1076 1877 1192 1909 sedulo
1209 1887 1321 1909 emen·
1348 1910 1349 1914 ,

229 1919 346 1958 dabat,
360 1930 423 1953 nec
437 1921 537 1955 &mul
552 1927 586 1954 et
600 1922 714 1959 semel,
730 1922 788 1954 sed
804 1922 938 1955 diversis
958 1923 1136 1955 momentis
1151 1929 1185 1954 et
1198 1923 1321 1955 iteratis

238 1965 375 2003 vicibus,
405 1965 559 2003 delendo,
586 1966 758 2006 mutando,
786 1967 950 2005 addendo,
981 1978 1086 2000 unum
1110 1967 1320 2009 eundemque

237 2009 352 2043 Ιοαυιιι
375 2011 498 2052 pluries
517 2011 731 2045 elaborando.
755 2012 884 2045 Deletio
900 2013 1106 2055 >quandoque
1121 2013 1163 2045 ad
1180 2014 1320 2056 integras

236 2055 411 2089 autumas
440 2056 638 2090 extenditur:
663 2057 866 2100 quandoque
894 2059 992 2091 etiam
1021 2065 1096 2091 ante
1117 2058 1320 2091 deletionem

237 2101 340 2134 totius
357 2101 435 2139 loci,
449 2111 525 2143 pars
541 2102 593 2134 vel
608 2109 716 2144 partes
731 2104 834 2144 ipsius
852 2103 1077 2145 prae-deletae
1097 2103 1236 2136 fuerant.
1252 2103 1319 2136 Ad-

236 2144 304 2183 dita
322 2155 423 2187 saepe
444 2147 605 2188 plurimas
626 2148 729 2181 lineas
745 2148 894 2190 implent,
911 2154 944 2180 et
965 2150 1036 2190 ipsa
1058 2149 1190 2190 pluries,
1214 2159 1319 2190 quan—

237 2189 349 2232 eloquis
363 2201 471 2233 usque
486 2198 603 2233 quater
616 2193 669 2224 vel
683 2193 871 2236 quinquies,
888 2194 1061 2226 emendata
1082 2193 1226 2225 fuerunt.
1249 2194 1319 2226 Nec

236 2235 308 2277 ipsa
329 2237 518 2278 principalis
534 2236 706 2279 dispositio
730 2238 803 2270 libri
825 2239 984 2271 immunis
1007 2245 1055 2270 est
1079 2249 1097 2269 a
1119 2239 1318 2270 mutatione:

235 2281 361 2322 integra
372 2282 516 2323 capitula
530 2282 750 2315 reformantur
761 2278 812 2315 vel
829 2289 1097 2325 transponuntur,
1110 2284 1214 2315 immo
1227 2294 1320 2316 com-

227 2326 317 2367 pleti
338 2331 494 2359 tractatus
515 2327 630 2360 locum
652 2334 792 2366 mutant,
817 2335 853 2360 ut
875 2335 924 2361 est
946 2328 988 2361 de
1014 2335 1151 2360 tractatu
1175 2330 1260 2360 vitae
1287 2335 1319 2361 et

230 2371 445 2405 beatitudinis
467 2371 540 2404 Dei.
566 2372 667 2414 (App.
695 2373 761 2405 ιδ’
785 2383 803 2404 a
818 2373 890 2416 67).
921 2374 1018 2413 Quae
1043 2375 1155 2405 omnia
1177 2373 1262 2406 fiunt
1284 2375 1318 2406 in

234 2415 324 2449 foliis
337 2416 404 2449 iam
419 2417 660 2460 scriptis-saepe
672 2424 705 2449 et
720 2419 935 2450 uanslucidis.
949 2419 1113 2459 Margines
1123 2419 1317 2461 implentur:

231 2461 424 2503 aliquando,
448 2461 627 2494 deficiente
655 2463 763 2504 spatio
791 2464 827 2495 in
857 2473 923 2495 una
950 2465 1079 2506 pagina,
1101 2465 1255 2496 transitur
1277 2465 1318 2496 ad

234 2507 417 2548 arginem
440 2507 582 2539 alterius.
605 2507 706 2540 Aliud
734 2509 814 2541 item
844 2518 950 2550 genus
978 2510 1090 2551 scripti
1112 2509 1146 2541 S.
1170 2509 1318 2541 Thomas

234 2552 410 2593 aliquoties
434 2552 578 2590 adhibet,
600 2552 727 2585 founae
753 2562 854 2595 quam
885 2554 1052 2595 gothicam
1082 2561 1216 2586 vocant:
1251 2556 1317 2586 hoc

233 2597 325 2630 enim
346 2597 454 2629 multo
477 2598 588 2629 minus
611 2599 706 2639 spm'i
728 2604 872 2640 occupat
894 2609 995 2640 quam
1018 2609 1122 2640 genus
1148 2600 1317 2642 tachygra-

233 2642 381 2684 phicum,
396 2642 542 2684 ideoque
557 2643 684 2675 Auctor
696 2644 772 2684 ipso
786 2653 1031 2686 nonnunquam
1047 2645 1159 2682 utitur,
1172 2653 1316 2686 praeser-

233 2687 294 2718 tim
310 2687 367 2719 ubi
381 2687 486 2719 multa
507 2693 586 2719 sunt
600 2688 770 2720 scribenda
786 2695 818 2720 et
832 2699 950 2731 pin-um
972 2690 1069 2731 spatii
1084 2690 1231 2721 habetur.
1248 2690 1316 2721 Lit-

232 2737 321 2764 terae
352 2733 500 2764 minutae
525 2739 613 2771 sunt,
636 2743 747 2775 presse
772 2740 806 2765 et
826 2740 978 2766 accurate
1005 2734 1174 2775 effigiatae.
1201 2735 1315 2776 Spatio

233 2777 373 2809 omnino
401 2777 578 2810 deficiente
605 2779 642 2809 in
671 2778 760 2810 foliis
792 2780 1038 2820 principalibus,
1069 2780 1246 2811 recurritur
1274 2779 1315 2811 ad

234 2821 427 2854 tueicmm
450 2823 651 2855 asniliarem.

279 2867 365 2899 Tm
375 2867 487 2899 multis
498 2867 718 2900 deletionibus
732 2875 767 2900 et
780 2870 1112 2910 superscriptionibus
1127 2869 1221 2910 plura
1237 2869 1315 2900 folia

232 2922 332 2944 auum
346 2913 488 2944 nitorem
502 2914 692 2951 amiserunt,
708 2920 741 2946 et
755 2915 866 2955 scripti
882 2915 1005 2945 lectura
1021 2923 1154 2955 prorsus
1167 2915 1315 2946 intricata

232 2956 406 2988 redditur‘.
411 2958 540 2989 Auctor
546 2967 627 2989 vero
633 2958 793 2990 sollicitus
804 2958 866 2990 fuit
876 2960 911 2990 in
922 2959 1094 3000 dirigendo
1105 2960 1315 3001 transcripto-

231 3011 293 3039 rea,
305 3011 396 3033 nune
410 3003 511 3043 signis
526 3004 844 3041 conventionalibus,
855 3013 946 3035 nunc
960 3005 1116 3035 citatione
1126 3005 1315 3042 verborum,

232 3056 322 3078 nunc
344 3047 465 3088 apertis
484 3047 753 3079 indicationibus.
776 3048 826 3080 Re
842 3048 976 3089 quidem
998 3058 1076 3080 vera
1098 3049 1229 3080 traditio
1245 3059 1314 3081 ma-

230 3092 398 3168 ffiripta
424 3093 846 3169 monstrat-apoggphistffi
861 3093 1078 3171 fgiig-lsempeii
1087 3094 1148 3125 rite
1162 3095 1314 3170 glumam

308 3143 455 3168 cuonem
477 3147 659 3178 agnovisse.
726 3148 748 3169 ο
766 3148 812 3169 no
847 3148 863 3169 s
903 3141 909 3146 '
948 3149 988 3170 cu
1001 3145 1050 3170 tas
1077 3149 1160 3180 egen
1185 3141 1246 3171 iet
1261 3150 1314 3171 or-

231 3181 365 3213 dinandi
394 3183 551 3213 accrescit
573 3189 646 3214 tum
668 3183 866 3215 laceratione
889 3183 1046 3215 foliorum
1069 3185 1122 3216 vel
1143 3185 1314 3216 abrasione

230 3226 421 3264 litterarum,
443 3233 517 3258 tum
541 3227 666 3259 lacunis
689 3229 723 3259 in
755 3227 870 3259 codice
899 3229 1059 3260 Vaticano
1091 3229 1313 3267 existentibus,

226 3280 317 3312 quae
339 3271 486 3303 efficiunt
507 3272 560 3303 vel
583 3279 620 3303 ut
644 3273 734 3313 signa
757 3273 924 3304 remissiva
938 3273 1119 3305 habeantur
1131 3275 1204 3305 sine
1218 3275 1258 3305 iis
1272 3275 1314 3306 ad

230 3325 316 3357 quae
339 3316 534 3354 referuntur,
558 3317 610 3349 vel
633 3317 706 3349 loca
731 3317 884 3349 adiuncta
907 3319 1116 3350 inveniantur
1136 3319 1208 3350 sine
1231 3318 1314 3350 folio

230 3361 288 3392 ubi
303 3362 402 3392 inseri
415 3361 588 3393 debebant.
604 3363 690 3393 Raro
707 3368 817 3394 tamen
833 3363 951 3394 accidit
962 3363 1098 3404 aliquod
1111 3365 1249 3395 ¹verbum
1262 3365 1313 3395 vel

230 3406 376 3446 phrasim
387 3407 530 3448 relinqui
545 3407 696 3439 debuisse
712 3414 871 3449 tanquam
885 3409 981 3439 nobis
997 3409 1136 3439 omnino
1148 3409 1312 3450 illegibile.

287 3450 437 3482 Diximus
458 3452 493 3483 S.
509 3452 676 3483 Thomam
700 3463 770 3484 non
792 3453 892 3484 simul
915 3458 947 3484 et
970 3453 1082 3490 semel,
1106 3453 1164 3484 sed
1179 3453 1313 3485 <liversis

229 3496 435 3536 temporibus
458 3504 556 3528 suum
585 3498 744 3538 scriptum
771 3497 972 3529 emendasse.
997 3498 1035 3528 In
1064 3499 1313 3538 particularibus

230 3540 516 3572 emendationibus
539 3541 624 3573 ordo
641 3542 841 3574 diversarum
860 3543 1083 3575 mutationum
1105 3543 1314 3574 determinari

230 3590 349 3625 potest,
377 3596 445 3617 non
473 3592 584 3617 autem
611 3588 767 3628 possibile
791 3587 853 3619 fuit
875 3593 979 3619 totam
1003 3588 1120 3619 seriem
1143 3589 1314 3619 revisionis

228 3630 413 3662 secundum
436 3633 679 3663 successionem
711 3633 979 3673 chronologicam
1007 3633 1168 3664 ordinare.
1193 3633 1313 3664 Modus

230 3683 308 3705 vero
333 3683 402 3715 quo
424 3685 484 3716 per
506 3677 609 3707 varias
625 3682 658 3707 et
680 3677 879 3718 multiplices
901 3679 1100 3708 mutationes
1123 3677 1164 3708 ad
1187 3683 1311 3709 textum
1338 3696 1340 3701 ·

2413 299 2445 322 lx

1370 353 1574 386 definitivum
1598 363 1791 395 perventum
1816 364 1873 397 est,
1897 360 1930 389 in
1954 360 2146 401 Appendice
2178 367 2287 392 nostra
2313 363 2444 402 patebit.

1370 398 1463 429 Licet
1486 400 1574 429 enim
1597 401 1748 431 Auctoris
1772 402 1931 433 indefessa
1953 407 2069 435 melius
2092 405 2219 436 dicendi
2247 415 2323 436 cura
2347 408 2446 437 varias

1371 442 1575 474 reductiones
1590 454 1659 474 non
1683 446 1755 476 sivit
1779 446 1887 477 faciles
1910 458 1978 479 esse
1999 456 2124 487 notatu,
2148 451 2192 481 ita
2215 456 2251 481 ut
2274 452 2444 492 processus

1372 496 1484 517 earum
1515 493 1603 518 totus
1637 495 1668 518 et
1702 491 1825 530 integer
1857 492 2034 530 evolvatur,
2066 496 2157 525 omni
2187 501 2296 526 tamen
2324 502 2444 527 conatu

1372 531 1466 561 nobis
1490 532 1662 562 nitendum
1686 543 1756 565 esse
1780 534 1931 566 duximus
1962 538 2001 568 ad
2030 539 2263 579 intelligibilem
2288 541 2445 581 interpre-

1345 579 1346 591 ¹
1372 575 1530 606 tationem
1554 577 1730 617 scripturae
1754 584 1820 610 tam
1845 581 2067 620 complicatae.

291 613 330 647 ln
351 614 412 646 ista
434 615 541 655 prima
555 615 800 656 compositione
823 615 934 656 lapsus
958 616 1074 647 calami
1097 626 1166 647 non
1190 617 1317 654 desunt,
1345 633 1347 658 ÷

236 659 350 700 quales
371 658 443 691 fieri
459 660 567 691 solent
580 660 623 691 ab
637 660 677 692 iis
693 661 752 701 qui
765 660 924 692 velociter
938 662 1094 698 scribunt,
1112 667 1144 692 et
1158 663 1317 693 maiorem
1345 660 1346 665 ’

234 704 451 737 attentionem
478 705 526 736 rei
554 705 744 738 scribendae
772 715 873 746 quam
900 706 964 747 ipsi
990 707 1159 747 scriptioni
1191 707 1317 747 impen-
1345 716 1347 731 ε

1426 619 1515 650 Nihil
1539 621 1572 651 in
1589 621 1653 652 hoc
1669 631 1787 662 genere
1804 624 1926 655 factum
1944 632 1991 656 est
2008 633 2080 656 ante
2097 628 2263 659 saeculum
2279 629 2443 660 decimum

1372 673 1500 694 nonum
1516 666 1580 695 iam
1597 666 1752 697 medians.
1771 668 1875 698 Immo
1892 670 2090 701 credendum
2106 678 2153 702 est
2170 673 2259 712 quod
2276 680 2348 704 ante
2364 674 2445 704 illud

1373 713 1503 749 tempus
1526 719 1626 740 nemo
1643 711 1805 751 integrum
1822 713 1970 744 codicem
1986 716 2116 755 legerat.
2134 716 2233 747 Certo
2250 719 2344 757 primi
2360 724 2444 749 tran—

1373 754 1546 793 scriptores
1562 755 1690 786 nullum
1708 765 1792 796 opus
1808 757 1969 789 habebant
1984 760 2112 800 legendi
2126 770 2208 800 quae
2226 762 2328 792 deleta
2345 770 2443 799 erant,

1346 836 1347 840 Ἰ
1374 803 1405 827 et
1420 798 1485 828 iam
1502 804 1575 830 ante
1592 809 1716 831 annum
1733 810 1743 830 1
1754 801 1818 841 354
1830 802 2007 834 invaluerat
2020 806 2112 835 notio
2130 805 2323 836 difficultatis
2335 807 2443 847 ipsum

1372 842 1512 883 legendi,
1537 844 1610 874 vide
1635 854 1732 885 supra
1748 848 1994 880 annotationem
2010 849 2149 889 Neapoli
2171 849 2288 880 factam
2312 852 2345 881 in
2365 861 2443 891 qua—

1373 892 1465 918 terno
1483 888 1648 920 auxiliario
1664 890 1732 931 (vm
1743 890 1794 932 b);
1813 901 1912 931 porro
1928 892 2080 933 Bergomi
2096 900 2251 934 tanquam
2263 905 2389 926 sacrum
2402 898 2445 926 ci-

1373 932 1508 963 melium
1526 934 1559 963 in
1575 934 1722 965 custodia
1738 938 1998 968 conservabatur.
2016 938 2079 969 Sed
2095 945 2268 979 postquam
2281 941 2315 969 in
2331 950 2445 970 manus

1371 977 1507 1008 Antonii
1519 977 1544 1008 F
1546 979 1670 1009 antonii
1681 980 1780 1016 veuit,
1793 980 1962 1022 Presbyter
1974 982 2150 1023 Bergomas
2163 983 2274 1014 Petrus
2282 985 2445 1015 Antonius

1374 1021 1508 1058 Uecelli,
1536 1023 1747 1063 «indefessus
1774 1028 1812 1055 et'
1838 1035 1934 1066 sagax
1956 1026 2178 1068 Praeceptoris
2201 1029 2348 1068 Angelici
2371 1030 2446 1059 scri-

1373 1071 1508 1106 ptorum
1531 1068 1740 1109 investigator
1771 1076 1803 1100 et
1829 1070 2014 1108 illustrator,
2039 1073 2079 1103 de
2110 1072 2312 1103 Thomistica
2341 1073 2446 1104 erudi-

1373 1111 1463 1141 tione
1487 1113 1614 1152 optimo
1631 1114 1700 1144 iure
1724 1115 1859 1145 meritus
1874 1128 1888 1144 t
1905 1121 1926 1153 ¹,
1951 1116 2068 1147 dedere
2084 1126 2118 1147 se
2135 1118 2244 1158 coepit
2266 1117 2373 1148 studio
2390 1128 2446 1149 au-

1373 1156 1608 1196 tographorum
1636 1158 1667 1188 S.
1693 1159 1853 1196 'l'homae,
1877 1166 1914 1190 ut
1936 1160 2063 1192 videtur
2090 1162 2172 1192 circa
2200 1172 2322 1193 annum
2350 1162 2444 1202 1844,

1374 1210 1434 1231 nec
1466 1202 1601 1232 cessavit
1631 1213 1736 1244 usque
1767 1204 1807 1234 ad
1837 1214 1929 1235 suam
1956 1212 2096 1237 mortem
2128 1215 2211 1246 quae
2241 1217 2327 1237 anno
2363 1207 2444 1247 1879

1373 1252 1512 1276 exeunte
1536 1246 1587 1276 vel
1617 1247 1698 1278 1880
1722 1248 1855 1279 ineunte
1879 1251 1996 1281 evenit.
2022 1251 2051 1281 Is
2067 1261 2085 1281 a
2103 1249 2190 1281 dicto
2215 1251 2376 1282 Fantonio
2400 1251 2445 1281 fa-

1346 1286 1348 1331 {
1374 1290 1528 1321 cultatem
1541 1293 1666 1332 accepit
1679 1293 1827 1324 codicem
1839 1300 1988 1325 nostrum
1999 1295 2230 1326 transcribendi
2247 1297 2322 1327 etin
2339 1296 2446 1327 lucem

1374 1334 1502 1366 edendi.
1527 1336 1625 1366 Anno
1655 1338 1737 1376 1846
1766 1340 1900 1369 seorsim
1931 1340 2031 1370 edidit
2060 1341 2212 1380 Bergomi
2236 1346 2334 1382 caput
2363 1342 2446 1371 tertii

1374 1379 1447 1410 libri
1470 1380 1561 1420 quod
1585 1391 1664 1412 cxxx
1683 1389 1842 1419 numerat,
1860 1390 1892 1414 et
1915 1385 2006 1424 quod
2029 1385 2212 1426 illususque
2235 1387 2268 1416 in
2293 1386 2445 1416 omnibus

1375 1424 1573 1456 editionibus
1588 1426 1839 1464 desiderabatur,
1855 1428 1895 1458 de
1913 1438 1980 1469 quo
1996 1430 2091 1459 nobis
2111 1430 2144 1460 in
2161 1440 2220 1460 suo
2240 1431 2315 1460 loco
2339 1440 2445 1461 sermo

1374 1470 1444 1500 erit.
1468 1471 1567 1501 Anno
1591 1470 1671 1510 1857
1697 1472 1866 1503 Summam
1884 1480 1996 1504 contra
2013 1474 2160 1504 Gentiles
2183 1475 2217 1505 in
2240 1475 2347 1505 lucem
2371 1484 2446 1515 pro-

1375 1514 1449 1546 tulit
1471 1515 1609 1552 Parisiis,
1626 1516 1711 1556 typis
1729 1516 1751 1547 1.
1768 1516 1802 1547 P.
1821 1518 1941 1558 Migne‚
1958 1519 2196 1559 autographum
2215 1520 2322 1560 ipsum
2338 1529 2446 1560 repro—

1375 1558 1528 1590 ducendo
1545 1565 1577 1590 et
1591 1569 1708 1591 omnes
1728 1562 1797 1592 eius
1818 1563 1928 1594 lituras
1951 1564 2144 1594 exhibendo.
2168 1564 2335 1595 Praemisit
2357 1574 2447 1605 prae-

1375 1604 1533 1636 fationem
1562 1605 1595 1635 in
1629 1615 1704 1645 qua,
1736 1607 1819 1637 inter
1849 1608 1919 1645 alia,
1951 1609 2118 1639 historiam
2143 1609 2264 1639 codicis
2295 1610 2447 1640 recitavit.

1375 1649 1486 1680 Editio
1513 1655 1624 1681 autem
1654 1650 1708 1681 illa
1739 1653 1822 1682 votis
1849 1653 1936 1683 haud
1965 1654 2069 1690 cessit,
2101 1653 2167 1690 sed,
2197 1660 2232 1684 ut
2261 1654 2330 1694 ipse
2361 1654 2447 1691 dicit,

1378 1707 1393 1722 ‹
1412 1704 1529 1726 manca
1552 1701 1584 1725 et
1607 1695 1797 1735 imperfecta
1819 1698 1920 1728 evasit
1942 1711 1970 1728 ».
1999 1698 2051 1729 Sic
2076 1699 2163 1728 enim
2187 1698 2226 1730 de
2249 1699 2319 1739 ipsa
2342 1700 2448 1730 scribit

1376 1740 1410 1771 in
1432 1746 1512 1771 nota
1535 1739 1576 1771 ad
1598 1749 1672 1780 pag.
1690 1751 1744 1771 xm
1763 1751 1842 1773 suae
1864 1743 2032 1774 Romanae
2056 1743 2222 1774 editionis:
2251 1757 2265 1770 α
2286 1743 2371 1774 Cum
2388 1753 2448 1774 nos

1374 1785 1460 1816 inter
1483 1791 1517 1820 et
1538 1787 1782 1826 typographum
1804 1787 1843 1817 lis
1866 1794 1935 1818 orta
1952 1795 2035 1819 esset
2051 1789 2110 1818 sub
2134 1789 2205 1828 ipso
2229 1789 2448 1829 impressionis

1375 1830 1481 1867 initio,
1497 1830 1561 1869 hic,
1577 1831 1673 1861 nobis
1692 1832 1824 1868 inscitis,
1842 1833 2025 1864 universam
2044 1832 2221 1863 editionem
2245 1833 2358 1864 callide
2374 1843 2449 1874 pro-

1376 1876 1510 1916 peravit,
1523 1880 1561 1906 ut
1575 1875 1628 1906 die
1644 1876 1706 1907 iuri
1722 1876 1867 1908 dicundo
1883 1877 2034 1909 condicta
2049 1878 2194 1908 absoluta
2211 1884 2303 1915 esset,
2321 1884 2351 1909 et
2366 1879 2448 1910 iudi-

1377 1920 1470 1951 cibus
1485 1920 1580 1961 quasi
1594 1920 1635 1951 de
1658 1930 1692 1951 re
1716 1923 1780 1952 iam
1806 1921 1955 1954 confecta
1972 1929 2004 1954 et
2027 1923 2229 1954 conclamata
2251 1923 2447 1955 illuderetur.

1376 1965 1588 2007 Quapropter
1610 1966 1703 2007 plura
1718 1967 1751 1998 in
1769 1967 1970 2008 praefatione
1986 1968 2206 1999 desiderantur
2222 1973 2306 2009 quae
2322 1978 2339 1999 a
2355 1969 2449 2000 nobis

1376 2016 1507 2052 peracta
1538 2010 1676 2048 fuerant,
1707 2012 1893 2053 complures
1920 2014 2025 2044 variae
2054 2013 2210 2044 lectiones
2240 2023 2278 2044 ex
2307 2014 2448 2055 probatis

1376 2055 1546 2087 codicibus
1580 2065 1713 2097 prorsus
1749 2059 1897 2094 omissae,
1932 2065 2099 2099 postremo
2134 2058 2292 2098 quaedam
2326 2059 2448 2089 scholia

1376 2101 1537 2132 anecdota
1560 2100 1732 2132 Godefridi
1756 2102 1796 2133 de
1827 2103 1986 2134 Fontibus
2014 2104 2160 2144 supparis
2190 2104 2339 2140 auctoris,
2364 2113 2447 2144 quae

1376 2145 1438 2177 alia
1453 2147 1603 2187 excipere
1618 2146 1788 2187 debebant,
1811 2149 1876 2178 iam
1894 2148 1927 2178 in
1944 2154 2087 2179 nostram
2111 2148 2288 2179 editionem
2311 2149 2447 2185 invecta,

1375 2192 1601 2232 praetermissa
1613 2197 1699 2223 sunt.
1712 2193 1862 2224 Tandem
1874 2193 1912 2223 lis
1927 2199 2037 2224 nostra
2049 2193 2100 2224 die
2116 2203 2155 2235 27
2174 2193 2256 2224 lunii
2272 2194 2348 2224 anni
2364 2193 2446 2233 1857

1372 2237 1520 2277 supremi
1541 2237 1722 2274 tribunalis,
1753 2244 1790 2269 ut
1816 2238 1980 2279 appellant
2011 2237 2190 2279 Sequanae,
2222 2239 2379 2269 sententia
2402 2238 2448 2269 di-

1374 2287 1502 2323 rempta
1525 2281 1597 2313 fuit.
1627 2282 1806 2323 Impressor
1829 2293 1907 2314 vero
1937 2289 2078 2325 spartam
2108 2283 2344 2314 emendationis
2368 2283 2448 2314 ultra

1374 2326 1435 2357 sibi
1460 2328 1645 2368 assumpsit.
1670 2327 1780 2366 Quare
1796 2338 1895 2359 nemo
1912 2329 1981 2359 iure
1997 2338 2058 2359 nos
2083 2338 2233 2359 accusare
2257 2334 2363 2368 potest
2384 2325 2448 2358 sive

1375 2371 1416 2402 de
1438 2372 1656 2403 inemendatis
1683 2373 1751 2404 sive
1781 2372 1822 2404 de
1851 2374 1978 2404 omissis
2008 2374 2042 2404 in
2070 2373 2123 2404 illa
2154 2373 2306 2404 editione.
2335 2372 2448 2404 Itidem

1372 2426 1443 2447 non
1460 2424 1508 2448 est
1525 2427 1584 2448 cur
1599 2418 1716 2458 aliquis
1730 2419 1867 2449 miretur
1882 2419 1922 2449 de
1944 2418 2073 2449 tumido
2097 2418 2153 2449 illo
2178 2424 2209 2448 et
2228 2418 2267 2448 ad
2290 2427 2447 2459 pompam

1374 2461 1483 2493 efficto
1507 2463 1615 2500 titulo,
1640 2472 1740 2503 quem
1764 2463 1955 2504 praefecisse
1979 2464 2070 2504 operi
2093 2464 2321 2504 impressorem
2347 2469 2448 2494 marte

1372 2516 1446 2544 suo,
1459 2508 1486 2538 si
1501 2509 1576 2548 quis
1591 2513 1714 2539 ceteras
1730 2509 1800 2539 eius
1816 2509 2045 2549 impressiones
2060 2509 2243 2549 inspexerit,
2261 2507 2353 2538 facile
2369 2517 2448 2538 con—

1372 2553 1462 2583 iiciet
1477 2566 1506 2583 υ.
1530 2553 1641 2584 Partes
1656 2554 1758 2594 ipsius
1775 2553 1898 2585 Uccelli
1913 2555 1947 2584 in
1963 2554 2016 2584 illa
2037 2553 2178 2584 editione
2195 2558 2358 2584 cessarunt
2373 2558 2447 2592 post

1373 2598 1612 2629 correctionem
1624 2599 1803 2639 primarum
1818 2599 2019 2640 paginarum,
2032 2604 2064 2629 et
2076 2607 2160 2638 opus
2176 2598 2343 2628 revisionis
2355 2606 2445 2628 com-

1371 2642 1509 2674 missum
1533 2643 1596 2675 fuit
1618 2643 1811 2675 Reverendo
1836 2644 1956 2675 Carolo
1980 2642 2118 2684 Baudry,
2142 2642 2320 2673 Professori
2336 2642 2445 2673 Theo·

1372 2687 1478 2728 logiae
1502 2688 1716 2731 Dogmaticae
1739 2690 1773 2719 in
1797 2689 1979 2720 Seminario
1994 2688 2103 2719 Sancti
2126 2688 2264 2727 Sulpitii,
2282 2693 2314 2718 et
2333 2692 2444 2727 postea

1372 2733 1542 2774 Episcopo
1566 2733 1832 2765 Petrocoricensi.

1427 2779 1532 2809 Annis
1554 2780 1767 2819 sequentibus
1790 2779 1904 2810 Editor
1928 2778 1950 2808 1.
1975 2778 2008 2808 Ρ.
2037 2778 2146 2817 Migne
2169 2777 2332 2807 revidebat
2347 2777 2444 2807 corri-

1369 2822 1480 2863 gendo
1503 2824 1629 2855 tabulas
1653 2833 1734 2865 quas
1757 2824 1988 2864 stereotypicas
2011 2828 2131 2852 vocant
2157 2831 2288 2852 suarum
2311 2822 2444 2861 impres-

1369 2868 1513 2905 sionum,
1533 2878 1602 2909 quo
1626 2868 1713 2900 facto
1737 2879 1814 2900 suae
1838 2868 1973 2900 editioni
1996 2867 2150 2898 Summae
2171 2872 2282 2897 contra
2301 2865 2444 2896 Gentiles

1369 2914 1576 2953 praenotavit
1604 2923 1728 2945 annum
1757 2913 1850 2944 1863.
1874 2913 2025 2943 Titulum
2049 2911 2246 2943 subiicimus.

1566 3001 1671 3038 D1V1
1699 3000 1931 3039 THOMAE
1960 2999 2247 3047 AQUINATIS

1633 3063 1796 3092 SUMMAE
1817 3062 1977 3090 CONTRA
1998 3060 2187 3089 GENTlLEs

1781 3122 1863 3142 1.me
1887 3119 2035 3142 ouA‘rUOR

1422 3185 1519 3216 Quoad
1538 3186 1678 3211 maximam
1699 3191 1800 3219 partem
1819 3193 1850 3210 ex
1871 3184 2037 3217 autographis
2057 3184 2196 3217 ipsiusmet
2214 3182 2295 3207 sancti
2314 3182 2443 3211 Doctoris,

1370 3230 1526 3263 mesertim
1545 3237 1609 3255 vero
1628 3237 1660 3255 ex
1678 3229 1868 3262 copiosissimis
1881 3236 1911 3253 ac
1924 3228 2056 3253 ditissimis
2075 3234 2142 3260 quae
2161 3227 2186 3251 in
2205 3225 2367 3251 bibliothecis
2379 3225 2442 3250 Ber-

1370 3275 1442 3308 gomi
1462 3280 1488 3300 et
1506 3274 1644 3300 Mediolani
1659 3280 1827 3299 asservantur
1840 3279 1865 3298 et
1884 3281 1952 3297 nunc
1971 3273 2084 3305 primum
2100 3272 2126 3295 in
2145 3271 2230 3295 lucem
2244 3271 2381 3303 prodeunt,
2394 3270 2442 3294 im-

1370 3319 1470 3345 mensis
1490 3320 1568 3350 curis,
1588 3319 1749 3352 sumptibus,
1770 3318 1901 3343 laboribus
1920 3324 2022 3342 necnon
2045 3322 2071 3340 ct
2094 3315 2228 3340 itineribus
2251 3315 2383 3348 exscripti3
2407 3319 2441 3345 et,

1369 3363 1583 3390 ubideficiebant
1602 3363 1769 3396 autographa,
1789 3371 1819 3388 ex
1837 3362 1992 3387 editionibus
2011 3360 2126 3385 melioris
2145 3365 2230 3391 notae,
2251 3359 2369 3384 Romana
2392 3359 2442 3383 sci-

1369 3410 1437 3439 licet,
1449 3409 1550 3434 Veneta
1563 3414 1590 3433 et
1603 3408 1747 3433 novissima
1759 3406 1941 3437 Nemausensi,
1960 3406 2026 3430 inter
2049 3412 2078 3429 se
2097 3404 2204 3433 collatis,
2223 3403 2352 3436 expressi;
2371 3408 2440 3428 textu

1368 3454 1447 3479 etiam
1466 3454 1499 3478 ad
1518 3453 1621 3478 codices
1641 3453 1713 3477 MSS.
1732 3452 1776 3484 qui
1796 3452 1822 3476 in
1844 3450 2003 3475 Bibliotheca
2026 3448 2154 3482 imperiali
2180 3447 2338 3473 Parisiorum
2362 3448 2442 3472 latent

1367 3498 1511 3532 recognito,
1526 3503 1552 3522 et
1571 3497 1676 3522 scholiis
1695 3504 1804 3529 prorsus
1823 3495 1923 3520 ineditis
1942 3493 2077 3519 Godefridi
2092 3500 2107 3517 a
2126 3492 2261 3522 Fontibus,
2276 3492 2303 3517 S.
2321 3491 2440 3516 Thomae
2489 3530 2493 3533 η

1368 3543 1495 3576 discipuli,
1514 3542 1656 3573 illustrat03
1677 3549 1739 3566 cura
1753 3546 1778 3565 et
1790 3539 1875 3564 studio
1889 3539 1916 3563 Ρ.
1931 3539 1962 3563 Α.
1977 3537 2090 3569 Uecellii,
2106 3537 2254 3570 Presbyteri
2268 3535 2439 3570 Bet-gematis.

1422 3608 1431 3625 ¹
1452 3609 1518 3633 Vide
1537 3608 1670 3642 epilogum
1695 3605 1803 3632 Lectori
1825 3604 1958 3631 Benevola
1981 3609 2042 3636 post
2067 3609 2178 3629 mortem
2201 3603 2268 3632 Rev.
2291 3603 2319 3628 P.
2339 3604 2371 3628 Α.
2389 3603 2439 3628 Uc-

1367 3645 1426 3670 celli
1446 3645 1594 3668 adiunctum
1615 3651 1628 3667 a
1649 3642 1712 3667 Rev.
1732 3642 1761 3665 P.
1778 3640 1915 3665 Vincentio
1933 3639 2030 3672 Ligiez,
2049 3639 2082 3664 0.
2102 3639 2141 3670 P„
2159 3639 2292 3673 Anonymi
2311 3639 2389 3665 Libro
2407 3639 2441 3664 de

1366 3680 1436 3705 Pide
1450 3679 1501 3704 SS.
1518 3677 1640 3710 Trin.(S.
1649 3677 1682 3701 Τ.
1696 3678 1746 3709 Aq.
1758 3675 1950 3708 Expositiones
1959 3678 1986 3700 et
1999 3674 2140 3707 opuscula,
2153 3675 2230 3700 Rom.
2244 3673 2319 3703 1880,
2329 3682 2354 3707 p.
2367 3674 2439 3710 442).
