2716 4302
2 603 27 623 27
38 603 50 617 v
65 602 77 616 a
85 601 132 617 20:
143 600 214 621 {225⁴-

0 1012 6 1021 ·
22 1010 59 1032 Cf.
80 1010 121 1031 inf.
138 1010 151 1031 l.
174 1009 209 1031 26.

0 1039 103 1064 praeter.

0 1624 138 1648 27=·b2.'

3 2799 121 2847 ’Ξὲἱῖὶὲεὲ
129 2826 174 2847 loc.

18 3006 70 3028 Vid.
85 3007 112 3028 ad
132 3007 176 3028 loc.

18 3056 70 3077 vid.
86 3057 112 3077 ad
131 3057 175 3078 loc.

0 3567 3 3574 '
20 3565 78 3586 Casu
96 3572 136 3591 pro
153 3565 206 3586 um.

247 150 317 188 38*

245 228 459 260 mansuetudo
484 233 515 257 et
539 227 616 257 aliae
640 223 828 256 huiusmodi
844 234 941 260 quaeq
968 223 1110 258 virtutes,
1136 230 1220 262 quae
1245 220 1318 260 qui-

246 280 319 310 dem
344 280 375 309 in
402 279 471 309 Deo
489 277 619 318 proprie
635 285 703 306 esse
719 285 787 306 non
812 281 960 315 possunt,
978 284 1018 305 eo
1035 271 1126 314 quod
1146 273 1228 302 circa
1245 280 1318 311 pas-

245 333 351 362 siones
375 337 457 365 sunt,
484 328 633 359 dicuntur
657 333 763 358 tamen
840 327 983 366 quaerite
1008 323 1159 359 bonum.)

312 440 393 480 Cap.
419 439 532 469 XCIII.
558 438 654 476 Quor>
679 448 710 467 ix
734 438 806 467 Dao
832 447 909 466 scs‘r
934 446 1081 466 vraruras
1107 445 1249 466 nonanus

534 499 616 519 QUAE
641 499 717 519 suu-r
743 499 834 518 cmca
861 498 1024 518 ACTIONES.

287 587 304 623 5
321 585 402 614 Sunt
426 590 534 613 autem
551 583 683 612 virtutes
700 581 826 621 aliquae
850 585 924 609 circa
942 582 1040 612 vitam
1058 582 1193 611 activam
1212 580 1317 610 homi-

242 637 290 667 nis
315 635 485 675 dirigentes
509 643 592 673 quae
617 643 683 663 non
701 634 784 663 circa
803 643 835 661 ac
853 634 1019 674 passiones
1035 631 1091 663 sed
1115 632 1198 662 circa
1218 631 1318 662 actio-

242 697 298 717 nes
329 692 412 721 sunt‚
445 692 480 715 ut
517 686 644 720 veritas,
676 686 810 721 iustitia,
841 685 1025 719 liberalitas,
1063 682 1317 724 magnificentia,

242 738 410 778 prudentia
435 743 465 767 et
493 746 550 766 ars.
578 736 664 766 Cum
689 743 798 767 autem
818 741 905 765 omnis
924 737 1024 766 virtus
1048 745 1085 766 ex
1111 736 1241 765 obiecto
1267 734 1317 765 vel

240 790 372 819 materia
396 789 539 829 speciem
567 789 787 819 sortiatur...
806 798 866 819 nec
896 788 1083 819 huiusmodi
1112 787 1244 817 virtutes
1268 796 1317 817 se—

241 839 385 870 cundum
402 839 566 879 propriam
584 840 726 878 speciem
744 840 863 869 habent
881 839 1003 879 aliquid
1023 842 1095 875 quod
1114 841 1223 867 divinae
1241 847 1317 878 pro-

240 897 310 931 pter
334 890 424 930 quod
449 900 465 920 a
490 889 597 920 divina
622 889 822 930 perfectione
847 889 1079 920 excludantur.v
1094 891 1113 928 §
1130 889 1219 920 Item.
1245 889 1316 920 Hu-

239 941 380 973 iusmodi
407 966 414 972 .
429 952 543 972 ..non
576 947 722 981 possunt.
754 945 770 977 §
789 944 922 977 Amph'us.
949 944 1050 970 Divina
1075 945 1199 969 voluntas
1223 945 1262 969 ad
1284 951 1316 969 ea

238 1005 306 1031 quae
324 1000 387 1022 sunt
407 997 490 1029 <prae
504 997 535 1028 ¹²>
555 996 611 1021 alia
630 996 734 1028 abipso
753 995 954 1021 determinatur
965 1003 1015 1028 per
1033 1003 1110 1021 suam
1123 995 1316 1030 cognitionem,

238 1053 268 1075 ut
280 1056 364 1082 supra
376 1051 510 1074 ostensum
524 1051 572 1073 est.
588 1047 714 1080 Cognitio
726 1050 816 1072 autem
832 1047 966 1072 ordinans
978 1048 1142 1072 voluntatem
1157 1047 1194 1072 ad
1207 1047 1316 1080 agenda

237 1104 277 1126 est
302 1099 456 1132 prudentia,
484 1098 548 1131 quia
573 1098 719 1123 secundum
744 1098 934 1130 philosophum
958 1096 976 1134 5
1000 1095 1161 1135 Amplius.
1191 1095 1314 1126 Eorum

238 1148 386 1179 omnium
412 1156 495 1186 quae
521 1157 537 1176 a
562 1147 633 1176 Deo
660 1147 691 1175 in
721 1155 789 1176 esse
814 1145 997 1186 procedunt
1022 1146 1103 1176 ratio
1128 1147 1258 1186 propria
1282 1147 1314 1177 in

237 1204 292 1228 Deo
311 1207 352 1227 est
371 1197 495 1239 (divino
513 1198 679 1228 intellectu
701 1196 760 1239 est)
778 1203 813 1227 ut
831 1207 926 1238 supra
951 1203 1117 1228 ostensum
1137 1204 1194 1228 est.
1219 1198 1315 1228 Ratio

236 1257 345 1282 autem
362 1251 404 1281 rei
419 1250 545 1280 fiendae
563 1254 589 1278 in
609 1254 743 1279 intellectu
762 1250 794 1280 in
809 1255 918 1280 mente
938 1249 1084 1280 facientis
1095 1259 1143 1280 ars
1157 1255 1214 1286 est,
1229 1249 1315 1281 unde

236 1302 453 1343 phiIosophus
480 1300 557 1331 dicit
580 1301 613 1331 in
640 1311 668 1330 vi
693 1301 757 1331 eth.
784 1299 875 1340 quod
901 1310 949 1330 ars
978 1306 1025 1331 est
1053 1306 1138 1331 recta
1164 1301 1244 1331 ratio
1271 1300 1315 1331 fa-

236 1353 403 1384 ctibilium.
430 1352 485 1382 Est
510 1352 606 1391 igitur
630 1352 760 1391 proprie
785 1361 834 1381 ars
859 1352 892 1381 in
919 1351 1000 1381 Deo.
1018 1353 1037 1388 ,ξ
1053 1355 1127 1380 Item.
1148 1354 1251 1380 Divina
1270 1362 1316 1380 νο-

235 1410 325 1434 luntas
344 1409 370 1432 in
390 1408 431 1432 l11's
451 1415 518 1439 quae
537 1411 599 1433 sunt
628 1404 668 1433 Et
693 1402 768 1434 ideo
793 1402 909 1434 dicitur
926 1403 1000 1443 Sap.
1018 1413 1071 1439 Vll,
1091 1402 1249 1434 omnium
1267 1412 1315 1433 ar-

235 1455 311 1486 tifex
329 1455 441 1486 docuit
456 1465 510 1485 me
527 1455 728 1495 sapientiam.
753 1455 771 1494 5
791 1455 882 1484 Item.
900 1454 1018 1485 Divina
1043 1454 1193 1484 voluntas
1209 1455 1242 1485 in
1266 1454 1315 1484 his

235 1517 318 1547 quae
335 1513 409 1537 sunt
423 1514 535 1542 praeter
554 1510 640 1542 ipsum
664 1511 749 1534 Deum
770 1506 830 1536 alia
848 1507 887 1536 ab
913 1506 995 1546 ipso,
1020 1505 1252 1536 determinatur
1276 1505 1315 1536 ad

236 1569 338 1589 unum
364 1569 420 1599 per
444 1559 667 1599 cognitionem
692 1568 794 1594 suam,
815 1565 849 1588 ut
874 1568 970 1598 supra
987 1564 1155 1589 ostensum
1173 1564 1230 1588 est.
1249 1557 1315 1588 Co-

234 1611 337 1651 gnitio
369 1616 478 1641 autem
495 1633 503 1640 .
519 1633 526 1640 .
541 1633 548 1640 .
567 1609 735 1640 fortitudo.
762 1611 778 1626 ’ἒ
795 1611 812 1647 5
829 1610 957 1640 Adhuc.
991 1609 1168 1640 Ostensum
1198 1615 1244 1640 est
1262 1633 1269 1639 .
1284 1633 1291 1639 .
1307 1633 1314 1639 .

235 1662 370 1692 iustitias
386 1661 506 1692 dilexit.
524 1662 542 1699 §
559 1661 720 1701 Amplius,
739 1662 829 1692 Sicut
847 1671 943 1701 supra
962 1685 968 1691 .
984 1686 990 1691 .
1007 1685 1013 1691 .
1031 1662 1064 1691 in
1089 1671 1119 1690 iv
1137 1661 1201 1691 eth.
1226 1661 1315 1691 Deus

235 1714 332 1754 igitur
355 1719 403 1744 est
426 1714 566 1743 maxime
590 1713 740 1748 liberalis,
766 1719 807 1749 et,
836 1719 873 1743 ut
902 1714 982 1743 avie.
1013 1712 1100 1747 dicit,
1133 1714 1202 1753 ipse
1226 1713 1315 1744 solus

235 1764 373 1794 liberalis
397 1764 528 1804 proprie
546 1763 607 1794 dici
624 1769 743 1804 potest,
761 1773 836 1794 nam
863 1773 961 1794 omne
977 1763 1063 1794 aliud
1089 1773 1187 1804 agens
1204 1770 1317 1799 praeter

235 1819 321 1851 ipsum
345 1819 404 1850 agit
423 1818 461 1843 ad
478 1818 594 1850 aliquem
608 1817 695 1850 finem
716 1820 843 1855 praeter
860 1815 966 1855 ipsum
985 1824 1023 1845 ex
1040 1825 1097 1845 sua
1114 1815 1242 1845 actione
1259 1814 1315 1845 ali-

235 1865 326 1906 quod
355 1866 479 1895 bonum
505 1865 652 1904 acquirit,
677 1865 767 1904 quod
793 1871 839 1896 est
867 1865 939 1895 finis
964 1866 1117 1895 intentus.
1142 1865 1236 1895 Hanc
1258 1875 1314 1895 au-

234 1923 298 1947 tem
387 1922 418 1947 et
442 1926 508 1947 non
534 1917 744 1956 improperat.
770 1918 788 1955 §
806 1917 896 1946 Item.
924 1916 1043 1946 Omnia
1076 1926 1160 1956 quae
1191 1927 1208 1946 a
1242 1917 1313 1947 Deo

233 1977 301 1998 esse
325 1969 514 2008 accipiunt.
530 1990 537 1997 .
554 1991 561 1997 .
580 1973 748 1998 ostensum
774 1974 831 1997 est.
857 1968 932 1998 Hoc
964 1973 1071 1997 autem
1098 1967 1136 1998 ad
1162 1968 1312 1998 virtutem

232 2020 370 2050 veritatis
395 2019 545 2060 pertinet,
563 2024 598 2050 ut
622 2028 679 2060 per
703 2019 940 2059 philosophum
967 2019 997 2049 in
1018 2029 1047 2048 iv
1065 2019 1128 2049 eth.
1155 2024 1252 2060 patet,
1277 2025 1313 2050 ut

231 2073 263 2101 in
289 2072 354 2102 suis
379 2070 470 2101 factis
501 2077 532 2100 et
557 2070 649 2100 dictis
674 2070 818 2110 (aliquis)
844 2071 941 2100 talem
973 2080 1006 2100 se
1036 2070 1184 2101 exhibeat
1209 2070 1313 2111 qualis

232 2123 317 2163 (est).
336 2122 391 2152 Est
408 2123 504 2162 igitur
521 2122 552 2151 in
567 2125 625 2158 ipso
640 2120 741 2163 (Deo)
756 2121 895 2152 veritatis
910 2122 1019 2151 virtus.
1038 2120 1131 2151 Unde
1149 2131 1186 2152 ro
1201 2133 1226 2149 ιν
1242 2120 1312 2163 (ni),

233 2174 288 2204 Est
305 2179 413 2204 autem
431 2174 519 2204 Deus
540 2183 644 2204 verax.
663 2173 703 2205 Et
729 2174 760 2203 in
787 2182 834 2213 pS.
853 2172 978 2203 Omnes
998 2173 1066 2203 viae
1088 2179 1161 2204 tuae
1186 2174 1311 2204 veritas.

230 2227 248 2264 §
265 2225 297 2256 Si
322 2235 405 2266 quae
431 2232 539 2256 autem
558 2226 690 2255 virtutes
709 2231 784 2255 sunt
802 2234 885 2264 quae
903 2223 942 2254 ad
959 2224 1082 2265 aliquas
1099 2225 1244 2255 actiones
1261 2234 1312 2255 or-

231 2277 382 2308 dinentur
400 2287 482 2318 quae
507 2282 582 2307 sunt
605 2277 828 2307 subiectorum
853 2280 879 2304 in
897 2275 936 2306 ad
954 2277 1131 2316 superiora,
1149 2277 1222 2307 talia
1240 2277 1312 2308 Deo

232 2330 406 2360 convenire
430 2337 497 2358 non
530 2334 676 2368 possunt,
702 2327 785 2358 sicut
810 2327 1005 2364 obedientia,
1026 2331 1117 2363 religio
1136 2328 1236 2363 latria,
1263 2329 1312 2359 vel

232 2380 354 2422 aliquid
375 2379 562 2410 huiusmodi
589 2378 678 2419 quod
703 2380 863 2419 superiori
884 2379 1030 2410 debetur.
1055 2381 1073 2418 §
1087 2379 1119 2410 Si
1145 2380 1239 2410 etiam
1260 2403 1288 2410 ..
1305 2404 1311 2410 .

231 2443 300 2464 non
324 2437 470 2473 possunt.
489 2431 579 2461 Sicut
597 2431 766 2471 prudentia
784 2438 943 2471 quantum
970 2431 1007 2462 ad
1028 2436 1082 2469 aliq
1102 2438 1211 2463 actum
1230 2433 1312 2463 bene

232 2483 422 2515 consiliandi
449 2483 519 2513 Deo
545 2492 611 2512 non
637 2484 804 2522 competit.
842 2483 928 2513 Cum
954 2484 1247 2529 enimhconsiliurn
1274 2486 1313 2515 sit

231 2535 389 2577 quaedam
408 2535 564 2576 quaestio,
583 2540 617 2564 ut
638 2525 754 2564 dicitur
771 2535 802 2564 in
822 2545 851 2564 vr
869 2535 944 2571 eth„
962 2535 1068 2566 divina
1087 2542 1195 2566 autem
1219 2540 1315 2565 consili·

232 2588 376 2627 cognitio
405 2596 472 2616 non
503 2587 542 2616 sit
573 2586 767 2625 inquisitiva,
795 2592 829 2616 ut
855 2596 950 2627 supra
975 2592 1143 2618 ostensum
1169 2593 1226 2626 est,
1243 2597 1310 2618 non

230 2644 338 2679 potest
361 2638 420 2668 sibi
444 2637 604 2668 consiliari
628 2647 696 2668 esse
721 2638 930 2668 conveniens.
957 2639 1050 2670 Unde
1074 2640 1140 2669 iob.
1168 2649 1240 2681 xxvi
1258 2663 1265 2670 .
1281 2664 1287 2670 .
1303 2663 1310 2670 .

230 2689 486 2729 intelligentiam.
511 2686 564 2729 (Et
582 2698 627 2729 ys.
647 2698 694 2724 xa,
714 2687 800 2718 Cum
827 2698 895 2729 quo
913 2689 983 2721 iniit
1007 2690 1182 2720 consilium
1207 2696 1238 2721 et
1262 2691 1310 2721 in-

231 2742 343 2772 struxit
370 2750 445 2771 eum
455 2738 479 2777 ἓ)
508 2739 696 2770 Secundum
727 2747 836 2771 autem
852 2764 859 2770 .
877 2765 883 2771 .
899 2765 906 2771 .
925 2748 1074 2782 aguntur.
1100 2742 1195 2773 Unde
1220 2742 1311 2783 quod

232 2799 278 2823 est
296 2816 303 2822 .
318 2816 324 2822 .
339 2815 347 2822 .
365 2794 381 2809 ⁴*
398 2797 433 2823 ut
451 2798 538 2832 patet
555 2801 600 2832 ys.
619 2801 689 2827 xxv,
707 2792 887 2823 secundum
913 2803 940 2823 a.
966 2793 1044 2824 Iram
1058 2795 1102 2830 ³⁴,
1125 2794 1309 2825 Consilium

231 2850 325 2875 tuum
349 2844 519 2884 antiquum
545 2852 656 2874 verum
683 2842 747 2873 fiat.
767 2844 826 2874 Vel
852 2845 1046 2886 inquantum
1065 2846 1311 2877 consulentibus

231 2894 398 2925 satisfacit:
419 2906 471 2923 non
491 2900 538 2924 est
556 2894 642 2924 enim
660 2895 757 2924 etiam
774 2895 843 2925 sine
869 2894 1014 2926 discursu
1040 2897 1247 2937 intelligentis
1263 2898 1311 2927 in-

231 2952 351 2976 struere
377 2946 585 2986 inquirentes
611 2947 629 2984 5
646 2945 799 2976 Similiter
823 2947 918 2977 etiam
945 2948 1063 2978 iustitia
1082 2972 1088 2978 .
1105 2972 1110 2978 .
1127 2974 1132 2978 .
1152 2958 1227 2979 cum
1244 2950 1312 2990 ipse

233 3008 249 3028 a
262 2997 352 3028 nullo
367 2998 405 3027 ali
420 2998 435 3014 ⁴*
453 2997 598 3036 accipiat.
627 2996 718 3027 Unde
736 3007 782 3027 ro,
809 3008 848 3033 xi,
867 2997 948 3035 Quis
965 2999 1053 3038 prior
1070 2999 1157 3030 dedit
1177 3004 1198 3028 ci
1219 3000 1263 3030 illi
1281 3007 1312 3031 et

233 3050 423 3080 retribuetur
441 3046 489 3079 el?
516 3048 554 3078 Et
570 3049 635 3078 iob.
650 3058 699 3078 xm
714 3072 720 3078 .
733 3073 739 3078 .
753 3073 758 3078 .
774 3049 955 3080 secundum
976 3050 1055 3080 illud
1074 3051 1185 3082 Matth.
1200 3062 1282 3088 xxiv,
1295 3053 1312 3068 ⁴

234 3101 328 3131 Dedit
345 3101 524 3140 unicuique
542 3099 723 3130 secundum
741 3101 907 3141 propriam
926 3102 1088 3132 virtutem.
1106 3104 1124 3141 5
1143 3102 1231 3134 Scire
1256 3113 1312 3134 au-

232 3160 297 3182 tem
311 3175 318 3182 .
331 3176 355 3182 ..
370 3161 437 3182 non
455 3151 650 3191 dependent.
670 3151 743 3182 Non
764 3153 851 3182 enirn
869 3157 936 3182 dare
953 3152 993 3184 de
1011 3153 1141 3193 agendis
1160 3154 1311 3191 iudicare,

231 3203 352 3244 aliquid
365 3203 439 3233 dare
458 3203 506 3233 vel
520 3202 720 3241 distribuere,
738 3203 838 3234 solius
852 3205 994 3235 hominis
1009 3205 1094 3246 (est),
1111 3205 1166 3236 sed
1181 3206 1312 3236 cuiusli-

232 3255 285 3285 bet
298 3254 498 3285 intellectum
510 3254 667 3285 habentis.
681 3254 869 3286 Secundum
884 3262 991 3286 tamen
1008 3280 1014 3286 .
1029 3280 1034 3286 .
1048 3282 1052 3286 .
1068 3257 1210 3296 speciem
1228 3258 1311 3288 simi.

233 3306 373 3335 Virtutes
390 3306 486 3345 igitur
499 3308 611 3333 morales
625 3304 806 3344 praedictae
820 3329 826 3335 .
839 3329 861 3336 ..
878 3306 948 3336 Deo
967 3308 1142 3338 convenire
1155 3317 1222 3338 non
1237 3318 1312 3348 pos-

233 3362 306 3386 sunt
327 3365 353 3385 ut
372 3367 450 3392 supra
470 3360 566 3384 dictum
586 3365 626 3384 est
645 3363 671 3384 ee
690 3362 760 3384 auct.
786 3355 978 3388 Secundum
998 3367 1074 3388 vero
1089 3381 1097 3388 .
1113 3382 1118 3388 .
1135 3382 1142 3389 .
1161 3359 1311 3390 universi.

234 3412 348 3436 Virtutes
358 3412 434 3444 igitur
450 3412 594 3444 praedictae
605 3411 661 3436 Deo
674 3411 777 3444 proprie
790 3415 924 3444 aptantur
938 3413 1127 3438 attribuuntur:
1148 3422 1200 3438 non
1214 3414 1284 3439 enim
1299 3422 1313 3439 a

234 3462 312 3486 rebus
332 3462 453 3486 humanis
472 3462 587 3494 speciem
613 3461 718 3486 trahunt
738 3462 803 3487 sicut
829 3470 842 3486 a
867 3463 990 3494 proximis
1014 3464 1132 3495 obiectis,
1156 3471 1183 3490 ut
1207 3472 1262 3491 erat
1281 3467 1314 3491 de

1214 141 1479 179 APPENDIX

1376 219 1447 250 Deo
1472 219 1602 260 proprie
1625 227 1694 248 non
1718 218 1930 254 conveniunt,
1953 227 2023 248 non
2051 218 2172 250 habent
2190 223 2217 248 in
2237 219 2402 260 exemplar
2424 219 2458 249 in

1375 269 1483 300 divina
1506 275 1631 306 natura,
1648 268 1705 299 sed
1721 268 1830 299 solum
1846 269 1878 299 in
1896 267 2004 299 divina
2021 269 2188 310 sapientia,
2205 280 2290 311 quae
2307 271 2457 301 omnium

1377 321 1501 351 entium
1528 320 1675 361 proprias
1704 320 1845 356 rationes
1875 319 2107 360 complectitur
2130 321 2228 362 (sicut
2251 326 2299 352 est
2323 321 2363 352 de
2387 321 2456 359 aliis

1376 373 1599 413 corporalibus
1623 370 1743 412 rebus.)

1375 483 1455 524 Cap.
1474 483 1589 514 XCIV.
1610 483 1708 521 Quor»
1734 492 1764 512 n<
1789 482 1861 512 Dao
1885 493 1963 513 sum·
1988 493 2137 514 vra-roras
2165 493 2456 515 CONTBHPLATWAE.

1418 578 1436 615 §
1453 577 1502 607 De
1527 576 1788 616 contemplativis
1813 581 1923 607 autem
1946 577 2120 607 virtutibus
2139 600 2146 607 .
2161 600 2168 607 .
2185 600 2192 608 .
2209 587 2278 608 non
2303 577 2457 608 humana.

1373 630 1391 667 §
1408 629 1499 659 Item.
1524 629 1557 659 Si
1581 629 1715 659 scientia
1733 651 1740 658 .
1755 652 1762 659 .
1780 651 1788 658 .
1805 628 1940 659 scientia
1968 634 2025 659 est.
2045 626 2062 646 ὓ
2078 628 2154 659 Non
2175 634 2285 660 tamen
2309 638 2394 669 quae
2417 630 2458 660 sit

1335 702 1359 716 ,ο
1374 690 1431 721 per
1461 681 1746 711 ratiocinationem
1770 686 1910 714 causata.
1933 681 2018 711 sicut
2044 689 2084 709 est
2108 681 2244 712 scientia
2267 687 2379 712 nostra
2405 680 2458 723 (ex

1373 731 1652 761 demonstratione
1669 730 1844 769 causatur).
1862 730 1958 762 Unde
1974 731 2082 772 primo
2097 731 2178 772 Reg.
2196 742 2229 768 11,
2246 731 2336 763 Deus
2352 733 2457 763 scien-

1373 783 1490 812 tiarum
1515 782 1678 813 Dominus
1703 788 1760 813 est.
1785 783 1804 821 5
1821 782 1949 813 Adhuc.
1975 782 2008 813 Si
2033 783 2252 814 immaterialis
2269 806 2278 814 .
2291 808 2300 816 .
2314 806 2322 814 .
2339 784 2457 814 intelli-

1372 834 1524 874 gentiam.
1553 835 1571 872 5
1589 834 1660 864 Hee
1693 834 1791 864 etiam
1822 834 1956 864 virtutes
1987 834 2021 864 in
2051 833 2123 865 Deo
2152 840 2228 865 sunt
2255 835 2456 875 exemplares

1373 890 1568 921 nostrarum,
1593 886 1677 916 sicut
1693 884 1876 925 perfectum
1900 884 2093 925 imperfecti.

1444 996 1524 1037 Cap.
1551 996 1650 1027 XCV.
1677 996 1775 1035 Quor>
1800 997 1886 1027 Dans
1910 1006 1975 1028 NON
2000 1007 2117 1028 porasr
2141 1007 2240 1028 vanu:
2264 1007 2382 1030 matun.

1417 1093 1435 1130 5
1453 1091 1500 1121 Ex
1524 1091 1573 1121 his
1598 1096 1707 1122 autem
1739 1101 1823 1132 quae
1852 1090 1938 1122 dicta
1966 1097 2042 1122 sunt
2073 1082 2203 1122 ostendi
2232 1097 2341 1132 potest
2364 1092 2455 1133 quod

1373 1143 1462 1174 Deus
1486 1153 1553 1174 non
1579 1149 1687 1184 potest
1702 1143 1786 1174 velle
1810 1143 1944 1175 malurn.
1961 1143 2072 1174 Virtus
2088 1144 2178 1174 enim
2202 1144 2247 1175 rei
2267 1150 2316 1175 est
2339 1154 2456 1176 secun—

1331 1210 1357 1224 ,ο
1374 1194 1453 1225 dum
1478 1205 1577 1236 quarn
1608 1195 1724 1237 aliquis
1752 1194 1836 1226 bene
1861 1200 2024 1236 operatur.
2049 1199 2076 1224 St
2100 1204 2188 1225 autem
2213 1199 2309 1234 aliquis
2331 1201 2456 1226 virtutem

1374 1249 1475 1275 habens
1494 1258 1546 1275 non
1567 1251 1634 1276 bene
1647 1255 1780 1284 operetur,
1799 1250 1843 1276 illa
1862 1251 1980 1284 operatio
2004 1259 2058 1277 non
2083 1256 2126 1277 est
2152 1252 2298 1278 secundum
2322 1253 2456 1279 virtutem.

1373 1302 1461 1328 Virtus
1479 1307 1567 1327 autem
1587 1302 1612 1327 in
1633 1302 1689 1327 Deo
1709 1310 1762 1327 non
1775 1307 1816 1328 est
1834 1302 1981 1328 secundum
2000 1301 2118 1328 habitum
2132 1303 2180 1329 sed
2199 1303 2347 1329 secundum
2365 1311 2456 1330 euen—

1373 1355 1445 1383 tiam,
1471 1360 1500 1378 ut
1526 1353 1666 1387 pmbatum
1691 1359 1740 1379 est.
1765 1354 1823 1387 lpse
1849 1359 1890 1380 eat
1914 1355 1992 1380 etiam
2018 1363 2066 1380 aua
2089 1355 2214 1381 essentia.
2237 1351 2355 1383 Omnis
2378 1357 2456 1388 iginu-

1373 1400 1510 1443 (autem)
1528 1402 1676 1442 operatio
1695 1401 1783 1442 (Dei)
1800 1407 1848 1432 est
1865 1402 2014 1442 operatio
2031 1403 2159 1433 virtutis
2174 1402 2265 1443 (cum
2281 1412 2340 1434 sua
2354 1404 2456 1435 virtus

1331 1461 1353 1482 2ς
1372 1453 1412 1484 sit
1437 1463 1494 1484 sua
1519 1453 1667 1489 essentia,
1684 1458 1721 1484 ut
1736 1462 1831 1494 supra
1858 1458 2027 1484 ostensum
2044 1453 2118 1496 est.)
2133 1453 2212 1485 Non
2234 1459 2344 1495 potest
2358 1455 2456 1496 igitur

1375 1504 1498 1535 malurn
1523 1504 1616 1535 velle.
1641 1505 1660 1543 §
1676 1504 1768 1535 item.
1785 1504 1946 1535 Voluntas
1961 1514 2132 1545 nunquam
2150 1504 2190 1536 ad
2205 1505 2331 1536 malum
2355 1505 2458 1538 fertur

2483 583 2512 607 ²8
2522 590 2533 605 r
2547 590 2638 614 apen.
2649 585 2700 614 ²58¹

2485 637 2518 659 lb.
2534 638 2548 659 b
2559 644 2580 661 a.

2483 1095 2510 1118 28
2520 1101 2532 1117 r
2546 1095 2561 1118 b
2572 1094 2699 1127 wop-38-

1373 1556 1433 1586 nisi
1463 1556 1574 1597 aliquo
1602 1565 1710 1586 errore
1734 1556 1767 1586 in
1791 1557 1918 1587 ratione
1942 1557 2100 1587 existente
2123 1556 2164 1587 ad
2192 1557 2302 1588 minus
2325 1557 2360 1588 in
2382 1567 2457 1598 par-

1371 1608 1497 1639 ticulari
1517 1608 1661 1649 eligibili,
1685 1617 1714 1637 ut
1732 1616 1803 1644 patet
1822 1619 1870 1644 per
1887 1611 2076 1645 philosophum
2095 1613 2122 1638 in
2142 1620 2169 1638 vt
2188 1611 2242 1639 eth.
2258 1609 2346 1641 Cum
2366 1610 2455 1642 enim

1373 1659 1549 1690 voluntatis
1574 1660 1741 1691 obiectum
1765 1661 1805 1691 sit
1827 1661 1954 1692 bonum
1979 1661 2233 1702 apprehensum,
2254 1671 2322 1692 non
2347 1666 2457 1702 potest

1332 1723 1357 1742 ιο
1372 1711 1524 1742 voluntas
1547 1715 1572 1740 in
1593 1715 1700 1748 aliquod
1719 1710 1794 1742 ferri
1819 1710 1865 1754 (in
1881 1711 2020 1753 malum)
2036 1713 2099 1743 nisi
2122 1713 2235 1753 aliquo
2252 1711 2354 1744 modo
2379 1722 2455 1754 pro-

1372 1768 1513 1802 ponatur
1536 1763 1596 1794 sibi
1621 1775 1669 1801 per
1687 1767 1862 1800 cognitionem
1881 1770 1919 1795 ut
1941 1764 2079 1795 bonum.
2102 1764 2144 1795 Et
2159 1764 2224 1795 hoc
2240 1786 2249 1795 .
2263 1786 2271 1795 .
2286 1786 2294 1795 .
2310 1763 2454 1796 tendere.

1371 1817 1531 1850 §Amplius.
1552 1818 1678 1843 Voluntas
1703 1823 1792 1844 nostra
1816 1819 1849 1844 ad
1876 1819 1977 1844 malum
2003 1826 2057 1843 non
2077 1818 2216 1844 inclinatur
2232 1819 2282 1844 nisi
2306 1819 2455 1846 secundum

1371 1870 1442 1902 quod
1456 1877 1471 1894 a
1484 1870 1638 1895 rectitudine
1658 1870 1765 1895 rationis
1784 1870 1933 1896 abducitur:
1953 1870 2022 1895 velle
2040 1870 2111 1895 enim
2130 1870 2230 1904 aliquid
2248 1870 2395 1896 mundun
2412 1877 2455 1898 ro-

1372 1926 1439 1946 ctam
1460 1921 1589 1946 rationem
1604 1921 1707 1946 virtutis
1721 1919 1794 1954 (est).
1814 1921 1947 1946 Praedicta
1965 1926 2053 1946 nutem
2073 1921 2197 1947 abductio
2204 1907 2237 1947 ⁹in
2254 1920 2312 1947 D‘eo
2326 1929 2388 1948 eata
2400 1929 2456 1948 aon

1330 1965 1351 2000 ,ξ
1369 1976 1464 2004 potest,
1483 1972 1543 2005 quia
1565 1972 1687 1997 voluntas
1705 1971 1739 1996 ibi
1765 1980 1817 1997 non
1837 1977 1878 1997 est
1895 1972 1952 1998 alia
1972 1972 2042 1998 aliud
2061 1980 2142 2006 quam
2161 1973 2274 2006 cognitio
2297 1978 2377 2000 recta.
2395 1973 2456 2001 nou

1370 2023 1452 2056 igitur
1469 2024 1592 2048 voluntas
1606 2023 1653 2049 Dei
1669 2028 1756 2057 potest
1771 2024 1804 2050 ad
1823 2025 1925 2050 malum
1944 2018 2072 2050 inclinin.
2091 2024 2108 2058 5
2122 2024 2224 2052 Adhuc.
2242 2025 2375 2052 Volunta-
2388 2032 2456 2052 mnn-

1369 2083 1450 2108 quam
1472 2075 1608 2101 abducitur
1631 2072 1785 2101 rectitudine
1803 2076 1912 2101 ationis
1931 2076 1979 2101 nisi
2008 2083 2055 2110 per
2073 2076 2188 2110 aliquam
2214 2077 2367 2112 passionem
2384 2084 2455 2112 qu-

1370 2127 1495 2153 iudicium
1510 2127 1617 2152 rationis
1636 2127 1770 2153 absorbet.
1788 2127 1928 2153 Passiones
1941 2133 2028 2153 autem
2050 2128 2076 2153 in
2095 2128 2154 2155 Deo
2166 2136 2220 2155 mn
2233 2134 2305 2161 sunt,
2317 2134 2348 2155 ut
2364 2120 2455 2156 oomn-

1370 2187 1430 2205 sum
1451 2184 1501 2205 est.
1515 2179 1574 2204 Non
1583 2177 1672 2212 ‘igitur
1685 2180 1808 2204 voluntas
1827 2179 1884 2204 eius
1903 2185 1992 2212 potest
2010 2180 2126 2206 inelinan'
2145 2181 2178 2206 ad
2197 2181 2308 2207 malum.
2325 2176 2454 2219 ⁴'(A1n»-

1328 2241 1355 2260 ⁴0
1369 2229 1465 2269 plius.
1499 2229 1587 2259 Deus
1615 2233 1663 2259 est
1688 2237 1854 2258 summum
1886 2227 2013 2259 bonum
2031 2251 2039 2259 .
2057 2251 2064 2259 .
2083 2251 2091 2259 .
2117 2227 2204 2260 flecti
2231 2228 2272 2260 ad
2302 2226 2453 2272 malum.)

1369 2281 1385 2297 ⁴'
1401 2282 1420 2320 §
1435 2280 1613 2312 Praeterea.
1639 2280 1726 2312 Cum
1750 2280 1903 2311 bonum·.
1916 2303 1923 2310 .
1938 2304 1945 2310 .
1964 2290 1982 2311 a
1998 2279 2074 2312 fine.
2091 2280 2254 2312 Voluntas
2270 2287 2381 2313 autem
2405 2281 2454 2314 di*

1369 2333 1443 2362 vina
1460 2342 1477 2362 a
1502 2331 1567 2363 fine
1590 2332 1688 2362 averti
1713 2341 1780 2362 non
1807 2337 1926 2372 potest,
1952 2341 2029 2363 cum
2053 2331 2134 2363 nihil
2157 2333 2262 2374 possit
2284 2332 2368 2364 velle
2390 2333 2452 2366 nisi

1369 2383 1513 2415 volendo
1530 2384 1675 2425 seipsum
1694 2383 1743 2426 (ut
1759 2389 1928 2415 ostensum
1946 2383 2018 2424 est).
2035 2384 2112 2416 Non
2129 2389 2239 2426 potest
2253 2385 2353 2426 igitur
2369 2385 2453 2417 vene

1369 2436 1502 2467 malum.
1525 2435 1579 2477 (Et
1595 2435 1654 2474 sic)
1680 2442 1767 2477 patet
1783 2439 1861 2472 igitur
1879 2435 1971 2477 quod
1987 2436 2126 2468 liberum
2145 2437 2314 2469 arbitrium
2329 2437 2364 2468 In
2379 2437 2454 2478 ipso

1328 2496 1351 2515 -ις
1369 2487 1558 2518 naturaliter
1575 2486 1751 2517 stabilitum
1769 2492 1816 2517 est
1837 2487 1869 2518 in
1886 2487 1990 2519 bono.
2014 2488 2033 2527 5
2049 2487 2126 2518 Hoc
2142 2492 2252 2519 autem
2264 2488 2283 2504 “
2298 2487 2391 2528 quod
2404 2486 2454 2520 di-
2479 2490 2489 2501 ·

1369 2538 1454 2568 citur
1477 2537 1572 2569 Deut.
1600 2547 1696 2573 xxm,
1725 2537 1814 2568 Deus
1844 2535 1949 2568 fidelis
1977 2543 2010 2568 et
2032 2538 2156 2579 absque
2179 2538 2368 2579 iniquitate;
2393 2537 2453 2581 (et)

1368 2589 1491 2619 abacuc
1508 2589 1626 2629 primo,
1644 2587 1759 2618 Mundi
1777 2593 1852 2618 sunt
1871 2588 1959 2620 oculi
1983 2589 2042 2625 tui,
2067 2589 2221 2626 Domine,
2238 2594 2271 2620 et
2293 2589 2454 2631 respicere

1367 2640 1408 2672 ad
1433 2641 1638 2681 iniquitatem
1654 2649 1722 2672 non
1739 2646 1831 2676 potest
1848 2645 1954 2682 potes.
1978 2641 1997 2679 5
2014 2640 2074 2672 Per
2089 2641 2154 2671 hoc
2171 2663 2180 2671 .
2195 2663 2203 2671 .
2216 2663 2225 2672 .
2243 2649 2407 2682 peccasse.

1570 2753 1653 2794 Cap.
1678 2753 1793 2787 XCVI.
1819 2753 1918 2792 Quor>
1943 2753 2030 2784 Daus
2054 2762 2140 2784 unm.
2163 2762 2251 2790 ont-r,

1489 2815 1548 2836 sac
1574 2814 1675 2835 omen
1700 2815 1842 2836 Auernis
1866 2814 1918 2836 aar
1941 2814 1971 2835 ai
1996 2813 2175 2836 comum!
2198 2813 2327 2835 ponsr-

1413 2900 1495 2939 §Ex
1519 2899 1583 2930 hoc
1609 2904 1717 2930 autem
1743 2904 1876 2940 apparet
1891 2899 1983 2940 quod
2007 2897 2122 2930 odium
2147 2898 2285 2929 alicuius
2309 2898 2355 2928 rei
2378 2897 2450 2929 Deo

1369 2952 1544 2983 convenire
1570 2960 1638 2981 non
1663 2955 1781 2991 potest.
1806 2950 1897 2981 Sicut
1914 2950 2002 2981 enim
2021 2974 2028 2981 .
2043 2973 2050 2980 .
2064 2974 2071 2981 .
2088 2950 2138 2980 his
2156 2959 2234 2980 vero
2253 2958 2324 2990 quo
2338 2950 2356 2966 '
2379 2948 2451 2980 odi·

1329 3015 1351 3036 ῖς
1370 3012 1443 3034 mus
1459 3001 1594 3033 malum.
1611 3001 1645 3033 Si
1662 3002 1760 3042 igitur
1775 3001 1926 3032 voluntas
1941 3001 2002 3032 Dei
2020 3000 2060 3032 ad
2076 3000 2200 3032 malum
2215 3000 2363 3032 inclinari
2382 3009 2451 3032 non

1369 3060 1487 3096 potest,
1513 3058 1676 3090 impossibile
1694 3061 1734 3083 eu
1752 3058 1826 3090 quod
1845 3058 1872 3090 ip
1899 3059 1935 3085 ut
1962 3059 2132 3084 ostensum
2163 3057 2221 3088 est,
2249 3051 2452 3092 impossibile

1371 3112 1418 3137 est
1435 3105 1525 3147 quod
1549 3106 1618 3147 ipse
1644 3114 1712 3136 rem
1737 3105 1881 3146 aliquam
1897 3104 1976 3136 odio
1992 3105 2119 3135 habeat.
2143 3105 2162 3144 5
2179 3103 2272 3135 Item.
2290 3102 2452 3135 Voluntas

1369 3158 1429 3189 Dei
1446 3158 1479 3188 in
1496 3157 1557 3188 alia
1573 3167 1591 3188 a
1608 3166 1641 3188 se
1666 3168 1718 3186 non
1739 3155 1839 3187 fertur
1851 3160 1900 3185 nisi
1911 3159 2085 3192 †secundum
2098 3158 2150 3184 hoe
2163 3158 2264 3192 quod†
2277 3158 2311 3184 ad
2324 3157 2451 3190 ”ipen

1369 3221 1398 3238 se
1422 3213 1509 3243 habet.
1533 3213 1583 3238 hoc
1611 3218 1699 3239 nutem
1723 3218 1772 3243 est,
1797 3213 1834 3239 ut
1857 3217 1954 3249 supra
1978 3213 2147 3238 ostensum
2172 3211 2230 3243 est,
2254 3205 2451 3247 inquantum

1327 3270 1355 3291 ⁶0
1370 3261 1513 3293 volendo
1544 3267 1574 3292 et
1600 3260 1741 3292 amando
1772 3269 1868 3292 suum
1900 3268 1971 3291 esse
1994 3265 2027 3290 et
2049 3267 2142 3289 suam
2165 3257 2358 3293 bonitatem,
2382 3255 2453 3288 vult

1369 3322 1441 3343 eam
1459 3311 1597 3343 diffundi
1619 3310 1802 3342 secundum
1819 3309 1911 3351 quod
1927 3309 2083 3351 possibile
2099 3314 2147 3340 est
2158 3316 2216 3349 per
2231 3306 2451 3338 similitudinis

1369 3364 1717 3394 communicationem,
1743 3363 1818 3393 Hoc
1841 3362 1939 3403 igitur
1956 3383 1964 3392 .
1979 3386 1985 3393 .
2001 3385 2008 3392 .
2025 3358 2216 3392 similitudo-
2242 3357 2316 3389 Hoc
2340 3364 2450 3390 autem

1369 3421 1417 3445 est
1428 3415 1554 3446 bonum
1569 3414 1830 3454 uniuscuiusque
1842 3413 1886 3444 rei
1897 3417 1934 3444 ut
1953 3422 2030 3442 nuum
2043 3408 2290 3442 similitudinem
2307 3409 2451 3441 divinam

1335 3489 1338 3496 .
1369 3467 1550 3507 participet,
1575 3475 1650 3496 nam
1678 3465 1842 3506 quaelibet
1861 3472 1946 3493 cmm
1962 3462 2092 3494 bonitas
2123 3460 2184 3491 alia
2215 3469 2285 3491 non
2318 3466 2366 3492 est
2388 3461 2451 3492 nisi

237 3512 370 3536 virtutibus
389 3520 456 3544 quae
475 3513 540 3536 circa
559 3512 695 3544 passiones
711 3516 779 3542 sunt,
791 3513 837 3536 sed
852 3513 884 3537 ab
898 3514 1050 3543 actionibus,
1065 3522 1132 3547 quae
1145 3523 1159 3540 a
1173 3516 1252 3541 rebus
1265 3516 1312 3541 hu·
1327 3529 1351 3554 ⁶5
1370 3517 1530 3559 quaedam
1555 3516 1735 3548 similitudo
1759 3516 1883 3557 primae
1906 3512 2070 3545 bonitatis.
2094 3511 2195 3552 Igitur
2210 3511 2300 3542 Deus
2323 3512 2452 3544 unicni-

236 3563 319 3587 manis
335 3571 385 3587 non
400 3570 450 3587 non
464 3564 479 3579 ¹*
499 3565 645 3587 contractae
659 3563 773 3595 speciem
788 3570 905 3588 sumunt.
919 3561 1001 3591 Sunt
1018 3562 1114 3602 igitur
1131 3563 1313 3603 praedictae

236 3610 367 3640 virtutes
385 3611 415 3640 in
433 3610 504 3641 Deo
522 3613 730 3638 universaliores
750 3611 990 3641 universalioris
1003 3614 1201 3644 extensionis
1214 3623 1311 3654 quam

237 3661 269 3690 in
286 3661 429 3691 homine.
454 3662 536 3691 Nam
562 3662 643 3691 sicut
662 3684 668 3691 .
685 3685 691 3691 .
708 3685 715 3691 .
733 3666 839 3691 totum
867 3663 1064 3694 universum.
1091 3664 1185 3695 Unde
1210 3671 1241 3695 et
1265 3665 1312 3696 di-

237 3712 329 3742 vinae
347 3712 477 3742 virtutes
493 3718 674 3742 nostrarum
693 3713 891 3753 exemplares
909 3714 1076 3746 dicuntur:
1094 3725 1168 3746 narn
1189 3720 1262 3752 quod
1273 3724 1314 3746 est

1369 3579 1433 3610 que
1451 3569 1495 3599 rei
1512 3568 1581 3599 vult
1600 3568 1738 3598 bonum.
1763 3566 1851 3597 Nihil
1868 3565 1965 3606 igitur
1987 3561 2057 3594 odit
2091 3563 2110 3602 5
2126 3561 2256 3593 Adhuc.
2281 3566 2353 3592 slcut
2371 3573 2451 3601 nupe-

1368 3628 1506 3648 0stennum
1526 3627 1574 3649 est.
1596 3629 1613 3649 a
1638 3619 1744 3659 prImo
1761 3622 1846 3654 ente,
1870 3618 1943 3652 quod
1966 3622 2007 3643 ent
2033 3624 2081 3650 per
2105 3617 2224 3649 seipsum
2244 3624 2355 3643 necessa
2378 3624 2449 3650 aas,

1369 3670 1480 3700 omnia
1512 3669 1571 3700 alia
1602 3669 1761 3708 originem
1791 3665 1919 3698 essendi
1950 3669 2094 3696 sumunt.
2129 3663 2162 3695 Si
2196 3664 2293 3705 igitur
2327 3663 2449 3705 aliquid

1369 3729 1485 3751 eorum
1502 3730 1586 3760 quae
1603 3725 1681 3750 sunt
1697 3718 1775 3749 odio
1798 3717 1904 3754 habet,
1928 3716 1997 3747 vult
2015 3718 2098 3751 ipsius
2117 3726 2170 3744 non
2189 3726 2251 3745 ene
2271 3714 2366 3757 (illud
2380 3724 2447 3746 non

237 3772 320 3802 quae
348 3769 422 3794 sunt
450 3770 613 3794 contracta
642 3770 671 3794 et
692 3769 805 3800 quodam
827 3769 907 3793 modo
934 3767 1132 3806 particulata,
1165 3768 1312 3799 similitu·
1328 3787 1355 3806 70
1369 3770 1451 3808 esse)
1475 3771 1550 3811 quia
1566 3770 1631 3800 hoc
1649 3774 1697 3800 est
1719 3767 1899 3807 unicuique
1915 3767 2053 3798 bonum.
2078 3767 2156 3798 Vult
2172 3767 2270 3808 igitur
2285 3766 2449 3798 actionem

237 3813 328 3845 dines
345 3814 504 3854 quaedam
521 3815 745 3847 absolutorum
766 3818 888 3848 entium
908 3824 993 3854 sunt,
1011 3819 1094 3849 sicut
1111 3819 1220 3849 lumen
1239 3829 1311 3849 can-

238 3867 327 3898 delae
352 3878 385 3899 se
410 3868 504 3899 habet
529 3868 568 3899 ad
593 3869 701 3899 lumen
735 3870 820 3900 solis.
854 3871 945 3901 Aliae
971 3881 1046 3901 vero
1072 3872 1203 3902 virtutes
1228 3881 1312 3912 quae

1370 3831 1461 3853 suam
1479 3831 1547 3852 non
1563 3830 1633 3851 esse
1651 3829 1716 3860 qua
1731 3817 1811 3849 illud
1828 3819 1861 3848 in
1878 3827 1947 3849 esse
1965 3817 2156 3858 producitur
2172 3818 2224 3849 vel
2241 3816 2382 3849 mediate
2397 3816 2447 3848 vel

1370 3871 1570 3902 immediate:
1589 3876 1758 3901 ostensum
1779 3868 1829 3899 est·
1842 3869 1928 3898 enim
1946 3877 2043 3909 supra
2059 3868 2161 3908 quod,
2178 3869 2203 3899 si
2221 3867 2310 3899 Deus
2326 3865 2449 3908 aliquid

310 3981 326 4007 8
346 3982 409 4008 Sunt
429 3983 526 4018 autem]
548 3984 618 4012 Haec
637 3984 716 4009 verba
734 3978 891 4009 scribuntur
903 3992 982 4018 super
1001 3986 1093 4011 eadem
1108 3986 1174 4011 linea
1188 3994 1248 4012 cum
1261 3987 1360 4012 ultimi·
1374 3986 1460 4012 verbi·
1474 3986 1572 4019 primae
1585 3984 1745 4011 recensionis
1758 3981 1816 4009 finis
1834 3984 2013 4016 praecedentia
2026 3984 2131 4018 capituli
2143 3982 2244 4017 (supra,
2258 3991 2285 4017 p.
2299 3982 2353 4017 37*
2364 3981 2382 4008 b
2392 3980 2448 4016 ⁶7).

240 4025 301 4050 Inde
319 4026 384 4051 forte
403 4028 487 4053 evenit
507 4028 577 4061 quod
597 4028 640 4053 ΝΖ
660 4036 713 4053 non
737 4027 832 4053 faciunt
851 4028 892 4054 hic
912 4037 1010 4055 novum
1029 4031 1180 4064 capitulum.
1201 4031 1259 4056 Vid.
1278 4031 1310 4056 ad
1329 4031 1380 4056 loc.

2478 2889 2696 2930 avan-pn„-

2478 2953 2695 2984 ’eamme-at.
