2768 4134
50 1880 59 1889 “
75 1878 125 1900 Ide
133 1878 226 1905 Anima,
238 1885 254 1900 n

50 1905 77 1931 ὃς
93 1912 112 1927 s.
123 1905 167 1927 Th.
184 1906 197 1927 l.
213 1912 236 1931 4.

48 2393 57 2402 '
76 2391 111 2414 Cf.
127 2392 261 2423 Comment.

47 2425 99 2446 cap.
114 2425 178 2446 ιιικ,
191 2423 242 2441 init.

46 3141 55 3149 ·
83 3139 139 3161 Loc.
169 3140 206 3162 cit.
235 3140 258 3162 in

47 3171 119 3193 marg.
136 3170 191 3188 text.

301 303 378 350 384

353 381 504 417 Adhuc.
534 378 644 416 Actio
673 377 877 415 cuiuslibet
909 389 955 413 ex
988 376 1148 413 materia
1181 384 1217 413 et
1244 376 1370 413 forma

296 432 503 482 compositi
536 443 618 469 non
651 439 707 468 est
734 438 886 468 tantum
918 430 1083 476 formae,
1112 441 1186 467 nec
1217 437 1370 467 tantum

297 485 491 531 materiae,
507 485 575 522 sed
590 483 811 534 compositi:
834 483 916 520 eius
936 482 1042 520 enim
1057 490 1114 520 est
1127 494 1239 531 agere
1259 483 1370 521 cuius

297 547 352 576 est
381 551 480 584 esse;
510 550 593 575 esse
622 545 754 574 autem
782 545 838 574 est
866 534 1071 586 compositi
1090 548 1161 586 per
1182 537 1368 582 formam3

296 592 401 629 unde
430 599 466 628 et
494 590 759 641 compositum
786 602 858 640 per
884 590 1052 627 formam
1071 589 1157 638 agit.
1189 589 1229 627 Si
1257 589 1370 638 igitur

296 644 507 682 substantia
535 644 747 693 intelligens
775 643 822 680 sit
849 642 1066 693 composita
1087 655 1134 680 ex
1153 643 1314 681 materia
1333 651 1370 680 et

294 698 430 744 forma,
451 697 658 746 intelligere
678 697 748 735 erit
766 696 887 747 ipsius
915 695 1132 746 compositi.
1162 697 1282 734 Actus
1301 709 1369 734 au-

294 759 373 788 tern
393 751 622 789 terminatur
640 751 689 789 acl
709 750 855 801 aliquid
884 749 1006 787 simile
1035 748 1176 798 agenti:
1206 750 1312 788 unde
1333 758 1370 787 et

294 804 559 854 compositum
586 817 775 854 generans
802 816 884 841 non
912 810 1069 852 generat
1096 803 1277 850 formam,
1300 803 1368 841 sed

294 858 570 908 compositum.
601 858 641 896 Si
669 858 782 906 igitur
809 857 1015 905 intelligere
1049 856 1096 894 sit
1128 856 1227 894 actio
1260 869 1367 895 com-

293 911 418 961 positi,
447 924 529 949 non
561 911 789 960 intelligetur
824 922 896 948 nec
932 910 1059 947 forma
1091 921 1165 947 nec
1195 910 1366 957 materia,

294 965 363 1002 sed
390 973 542 1002 tantum
571 964 845 1014 compositum.
876 964 964 1001 Hoc
992 971 1122 1000 autem
1151 971 1256 1013 patet
1284 976 1367 1001 esse

293 1018 445 1056 falsum.
475 1019 568 1056 Non
588 1026 644 1055 est
662 1018 776 1067 igitur
795 1016 1007 1054 substantia
1026 1016 1238 1065 intelligens
1259 1029 1367 1055 com·

293 1071 418 1122 posita
447 1084 493 1109 ex
521 1070 683 1108 materia
711 1078 747 1108 et
774 1071 911 1108 forma.

347 1126 453 1162 Item.
470 1125 637 1162 Formae
652 1136 785 1162 rerum
804 1123 1046 1161 sensibilium
1061 1123 1266 1174 perfectius
1283 1135 1366 1161 esse

293 1178 437 1215 habent
455 1177 495 1214 in
519 1178 711 1215 intellectu
740 1189 861 1227 quam
890 1177 929 1214 in
959 1177 1075 1214 rebus
1104 1177 1364 1215 sensibilibus:

293 1240 383 1268 sunt
397 1231 502 1268 enirn
518 1231 772 1281 simpliciores
787 1239 824 1268 et
838 1231 887 1268 ad
906 1232 1019 1280 plura
1038 1243 1078 1268 se
1099 1231 1365 1277 extendentes;

292 1296 362 1334 per
394 1297 513 1322 unam
555 1284 658 1322 enim
696 1285 863 1322 formam
897 1285 1059 1322 hominis
1091 1283 1367 1333 intelligibilem

292 1350 430 1375 omnes
449 1338 630 1376 homines
657 1337 870 1375 intellectus
893 1337 1101 1386 cognoscit.
1131 1338 1276 1375 Forma
1299 1350 1367 1375 au-

291 1400 371 1429 tem
398 1392 564 1441 perfecte
591 1391 631 1428 in
660 1391 821 1429 materia
849 1390 1014 1428 existens
1046 1390 1133 1428 facit
1167 1403 1250 1428 esse
1278 1399 1367 1429 actu

291 1447 376 1492 tale,
406 1445 546 1482 scilicet
573 1446 635 1482 vel
663 1444 804 1494 ignem,
825 1446 887 1482 vel
906 1445 1143 1482 coloratum:
1173 1445 1204 1482 si
1233 1452 1367 1482 autem

291 1511 373 1536 non
400 1498 511 1536 faciat
540 1498 685 1548 aliquid
705 1510 788 1536 esse
808 1499 893 1546 tale,
914 1506 970 1535 est
989 1498 1211 1548 imperfecte
1231 1498 1271 1536 in
1290 1498 1365 1545 illo,

291 1552 389 1589 sicut
407 1552 532 1590 forma
551 1551 688 1590 caloris
707 1552 747 1589 in
767 1564 855 1590 aere
875 1559 918 1589 ut
936 1551 977 1589 in
995 1552 1201 1598 deferente,
1218 1560 1254 1589 et
1269 1551 1367 1590 sicut

290 1605 412 1643 virtus
431 1605 546 1656 primi
566 1606 711 1655 agentis
740 1605 779 1643 in
808 1605 1077 1643 instrumento.
1110 1605 1150 1643 Si
1178 1605 1291 1654 igitur
1309 1604 1366 1643 in-

291 1661 462 1696 tellectus
490 1659 537 1696 sit
564 1671 611 1696 ex
639 1659 800 1697 materia
819 1667 856 1696 et
873 1659 999 1696 forma
1019 1659 1271 1708 compositus,
1290 1659 1366 1696 for-

291 1725 380 1750 mae
400 1725 532 1750 rerum
551 1712 830 1750 intellectarum
857 1711 996 1749 facient
1023 1711 1259 1749 intellectum
1283 1724 1366 1749 esse

292 1774 379 1803 actu
407 1765 490 1803 talis
518 1773 678 1804 naturae
707 1767 822 1816 quale
851 1773 907 1803 est
935 1766 1044 1815 quod
1063 1765 1292 1814 intelligitur.
1318 1766 1368 1803 Et

293 1819 346 1857 sic
375 1819 549 1869 sequitur
576 1832 684 1857 error
711 1818 972 1869 Empedoclis,
993 1819 1060 1868 qui
1088 1818 1239 1856 dicebat
1258 1819 1365 1869 quod

259 1895 264 1905 ι
293 1875 420 1922 ignem
454 1875 544 1923 igne
579 1875 770 1922 cognoscit
804 1875 951 1918 anima,
982 1878 1015 1909 et
1042 1878 1184 1909 terram
1212 1878 1316 1909 terra
1335 1872 1366 1918 ²⁸,

292 1934 328 1962 et
348 1925 400 1962 sic
415 1926 464 1963 de
484 1926 576 1963 aliis.
594 1927 714 1973 Quod
733 1933 836 1975 patet
855 1937 938 1962 esse
959 1924 1250 1962 inconveniens
1271 1926 1366 1962 Non
1383 1948 1408 1966 ,ο

346 2042 360 2067 5
378 2049 426 2076 per
444 2041 556 2067 formam
575 2040 636 2074 agit]
656 2046 682 2066 et
700 2048 747 2073 per
766 2039 877 2066 formam
897 2041 981 2073 agitur
1000 2047 1025 2071 α,
1045 2047 1093 2072 per
1115 2039 1250 2064 materiam
1270 2044 1296 2065 et
1314 2039 1429 2081 formam
1451 2038 1503 2072 agit
1526 2038 1570 2065 Pc.

1099 2117 1134 2137 20
1153 2110 1293 2144 perficitur,
1312 2074 1644 2144 aflgtllgsseffqmemgm
1665 2111 1805 2144 quiescens
1824 2111 1956 2145 perficitur
1975 2117 2000 2137 et
2019 2113 2137 2146 intelligit
2155 2113 2302 2140 «DWXPc.

289 2077 374 2103 forma
392 2077 465 2103 «DE.

557 2076 589 2102 23
609 2075 752 2110 deferente]
773 2076 907 2101 differente
926 2075 1025 2106 aEGx,
1044 2075 1170 2100 diferente
1189 2075 1220 2101 N.

346 2120 356 2138 1
380 2114 527 2147 intelligens
546 2120 589 2138 om
609 2113 642 2143 G,
657 2115 722 2144 post
741 2112 886 2137 substantia
904 2111 1008 2138 anPc.

827 299 1015 336 SUMMA
1045 298 1268 335 CONTRA
1297 297 1572 343 GENTILES,
1602 298 1696 334 LIB.
1718 298 1759 343 II,
1790 298 1902 335 CAP.
1923 299 1968 335 L.

1426 384 1482 412 est
1500 375 1614 425 igitur
1637 375 1849 425 intelligens
1877 377 2088 414 substantia
2117 379 2333 428 composita
2351 393 2398 418 ex
2417 393 2499 418 ma-

1425 429 1519 467 teria
1548 437 1584 466 et
1611 429 1748 467 forma.

1479 483 1692 520 Praeterea.
1718 483 1849 521 Omne
1878 483 1985 532 quod
2015 491 2070 520 est
2098 483 2137 520 in
2166 483 2297 534 aliquo
2317 493 2373 523 est
2390 486 2430 524 in
2450 499 2498 525 eo

1424 548 1495 586 per
1522 536 1691 574 modum
1725 535 1954 586 recipientis.
1992 535 2033 573 Si
2067 536 2182 585 igitur
2215 537 2426 577 intellectus
2453 540 2500 578 sit

1393 602 1401 622 x
1425 589 1665 639 compositus
1694 602 1741 626 ex
1769 589 1930 627 materia
1958 597 1994 627 et
2021 589 2158 637 forma,
2185 590 2334 628 formae
2367 604 2500 631 rerum

1425 652 1538 680 erunt
1565 643 1605 681 in
1633 643 1827 680 intellectu
1855 642 2111 690 materialiter,
2141 643 2238 682 sicut
2269 652 2360 682 sunt
2395 653 2500 684 extra

1424 696 1610 734 animam.
1641 696 1749 735 Sicut
1775 695 1889 745 igitur
1914 703 2020 734 extra
2039 697 2213 735 animam
2232 710 2314 735 non
2334 706 2424 735 sunt
2443 698 2499 736 in-v

1424 749 1634 799 telligibiles
1654 757 1753 796 actu,
1773 749 1825 788 ita
1843 761 1916 786 nec
1939 749 2142 788 existentes
2170 751 2211 789 in
2238 751 2444 789 intellectu.

1478 805 1584 841 Item.
1621 803 1790 841 Formae
1827 802 2131 850 contrariorum,
2159 805 2379 843 secundum
2415 817 2499 843 esse

1384 870 1410 885 ¹⁰
1424 858 1533 907 quod
1560 857 1706 894 habent
1732 856 1773 894 in
1806 856 1982 903 materia,
2012 865 2102 894 sunt
2129 858 2362 896 contrariae:
2392 859 2499 897 unde

1424 919 1460 948 et
1479 923 1520 948 se
1541 910 1709 948 invicem
1738 911 1945 960 expellunt.
1977 910 2207 949 Secundum
2235 919 2367 949 autem
2389 913 2499 962 quod

1424 973 1513 1002 sunt
1532 964 1572 1002 in
1591 964 1795 1011 intellectu,
1816 975 1898 1001 non
1917 971 2008 1001 sunt
2026 963 2256 1003 contrariae:
2284 965 2353 1002 sed
2371 978 2499 1004 unum

1423 1017 1707 1056 contrariorum
1736 1025 1792 1055 est
1820 1017 1916 1055 ratio
1945 1017 2187 1066 intelligibilis
2215 1017 2381 1065 alterius,
2407 1016 2500 1068 quia

1422 1083 1550 1109 unum
1577 1083 1648 1121 per
1675 1071 1779 1109 aliud
1808 1071 2065 1120 cognoscitur.
2091 1071 2187 1109 Non
2214 1070 2328 1120 igitur
2355 1072 2500 1110 habent

1382 1143 1406 1163 ις
1423 1137 1506 1162 esse
1535 1124 1731 1162 materiale
1759 1124 1800 1162 in
1827 1124 2033 1162 intellectu.
2064 1125 2168 1174 Ergo
2187 1124 2400 1163 intellectus
2417 1137 2500 1163 non

1423 1186 1479 1216 est
1507 1178 1748 1227 compositus
1777 1190 1823 1215 ex
1851 1178 2012 1216 materia
2041 1186 2078 1215 et
2106 1178 2242 1217 forma.

1475 1231 1629 1269 Adhuc.
1658 1231 1822 1269 Materia
1849 1243 1931 1269 non
1960 1231 2095 1281 recipit
2127 1231 2299 1282 aliquam
2331 1233 2500 1270 formam

1423 1285 1471 1322 de
1498 1297 1605 1322 novo
1635 1284 1708 1322 nisi
1734 1296 1806 1335 per
1833 1293 1988 1322 motum
2007 1286 2070 1323 vel
2089 1285 2360 1324 mutationem.
2389 1286 2500 1324 Intel-

1423 1339 1543 1376 lectus
1562 1345 1694 1375 autem
1714 1350 1796 1375 non
1814 1346 1999 1376 movetur
2025 1350 2103 1388 per·
2123 1339 2201 1377 hoc
2228 1340 2339 1389 quod
2367 1338 2501 1389 recipit

1381 1407 1408 1422 ιο
1422 1392 1578 1438 formas
1604 1391 1672 1429 sed
1700 1391 1823 1440 magis
1851 1391 2052 1441 perficitur
2074 1401 2111 1430 et
2134 1392 2339 1442 quiescens
2366 1392 2500 1430 intelli-

1422 1444 1484 1493 git,
1500 1444 1712 1495 impeditur
1729 1453 1862 1482 autem
1881 1445 1922 1482 in
1941 1445 2189 1494 intelligendo
2208 1457 2280 1496 per
2297 1453 2453 1484 motum
2465 1445 2498 1483 ¹⁸.

1422 1499 1516 1536 Non
1544 1498 1658 1547 igitur
1685 1497 1926 1549 recipiuntur
1953 1499 2102 1537 formae
2126 1499 2167 1537 in
2190 1499 2384 1538 intellectu
2403 1499 2502 1538 sicut

1421 1552 1462 1590 in
1490 1551 1651 1590 materia
1669 1553 1733 1590 vel
1753 1551 1793 1590 in
1817 1564 1858 1589 re
1886 1551 2086 1590 materiali.
2117 1553 2231 1592 Unde
2258 1560 2364 1603 patet
2391 1552 2501 1603 quod

1422 1605 1657 1644 substantiae
1685 1605 1936 1654 intelligentes
1964 1604 2240 1644 immateriales
2268 1615 2372 1654 sunt,
2402 1605 2501 1645 sicut

1380 1678 1405 1699 ις
1422 1667 1459 1697 et
1486 1658 1752 1708 incorporeae.

1475 1711 1579 1749 Hinc
1608 1720 1664 1749 est
1692 1712 1801 1762 quod
1829 1711 2043 1762 Dionysius
2069 1712 2170 1759 dicit,
2191 1724 2227 1750 tv
2245 1725 2330 1763 cap.
2351 1713 2398 1750 de
2411 1714 2497 1751 Div.

1423 1766 1488 1803 N
1465 1778 1538 1803 o.m
1553 1765 1590 1803 *ε
1620 1766 1780 1815 Propter
1807 1766 1957 1804 divinae
1983 1768 2155 1804 bonitatis
2184 1766 2310 1805 radios
2336 1768 2536 1805 subsiste-²

1423 1825 1510 1856 runt
1529 1819 1788 1856 intellectuales
1808 1831 1938 1856 omnes
1955 1821 2193 1866 substantiae,
2219 1833 2316 1870 quae
2331 1822 2425 1858 sicut
2442 1822 2499 1858 in-

1423 1873 1639 1922 corporales
1667 1878 1700 1909 et
1729 1873 1993 1910 immateriales
2021 1873 2290 1923 intelliguntur.

1674 2046 1703 2065 ιι
1726 2047 1773 2065 nec
1795 2039 1879 2065 forma
1902 2047 1950 2065 nec
1977 2040 2094 2075 materia]
2113 2048 2161 2066 nec
2187 2039 2242 2072 (om
2263 2041 2298 2076 D)
2323 2043 2431 2078 materia
2451 2048 2500 2069 nee

1608 2082 1640 2107 27
1660 2076 1739 2108 quale
1757 2076 1780 2100 Α
1798 2075 1884 2106 solun
1903 2076 1997 2109 qualis.

1003 2222 1010 2231 1
1051 2199 1389 2234 Commentario.
1418 2200 1730 2234 Fen-ariensis

364 2308 478 2330 sTnnso
502 2299 694 2329 substantias
718 2298 953 2329 intellectuales
978 2307 1045 2329 non
1071 2307 1140 2329 esse
1162 2307 1292 2339 corpus,
1318 2308 1368 2329 re·

291 2309 424 2375 Ostat
441 2342 679 2374 ostendendum
697 2342 788 2383 quod
811 2352 880 2373 non
904 2344 967 2373 sint
990 2352 1029 2373 ex
1052 2343 1185 2374 materia
1209 2349 1241 2373 et
1263 2342 1368 2374 forma

290 2388 491 2429 compositae
507 2388 534 2418 *.

346 2434 368 2464 1.
393 2433 435 2463 Et
450 2432 584 2473 ponitur
607 2432 687 2462 haec
704 2432 889 2463 conclusio:
907 2431 1116 2462 substantiae
1132 2432 1368 2463 intellectuales

288 2483 366 2509 sunt
389 2476 631 2507 immateriales.

345 2523 510 2553 Probatur
539 2526 647 2552 autem
672 2521 784 2561 primo
812 2521 868 2551 sic.
899 2520 997 2551 Nulla
1026 2521 1205 2552 substantia
1239 2521 1365 2551 intelle-

290 2567 403 2597 ctualis
419 2572 466 2597 est
482 2575 612 2607 corpus.
629 2565 716 2606 Ergo
732 2565 822 2596 nulla
838 2571 886 2596 est
901 2574 939 2596 ex
956 2566 1090 2597 materia
1107 2571 1138 2597 et
1157 2565 1262 2596 forma
1274 2575 1365 2596 com-

287 2612 403 2652 posita.
420 2629 443 2634 -
459 2611 618 2641 Probatur
642 2611 887 2651 consequentia.
909 2609 995 2649 Quia
1019 2619 1118 2642 omne
1142 2610 1364 2651 compositum

289 2665 327 2686 ex
350 2657 484 2686 materia
507 2661 539 2686 et
563 2654 667 2686 forma
684 2661 732 2686 est
748 2664 883 2695 corpus:
902 2664 977 2685 cum
994 2655 1127 2686 materia
1144 2654 1284 2686 diversas
1300 2654 1365 2686 for-

287 2710 356 2731 mas
380 2701 441 2731 nisi
465 2700 648 2731 secundum
678 2700 818 2730 diversas
848 2705 955 2740 partes
985 2700 1130 2740 recipere
1153 2709 1222 2730 non
1246 2701 1364 2741 possit,

288 2745 447 2776 dividatur
471 2750 580 2776 autem
604 2754 662 2785 per
686 2745 910 2785 quantitatem.

343 2789 504 2820 Secundo.
539 2789 724 2820 Intellectus
750 2798 818 2820 non
848 2794 957 2830 potest
990 2798 1059 2819 esse
1091 2788 1294 2830 compositus
1325 2798 1363 2820 ex

286 2835 419 2865 materia
444 2840 475 2865 et
498 2833 603 2865 forma
625 2833 826 2865 individuali.
857 2833 945 2874 Ergo
974 2834 1151 2864 substantia
1180 2833 1363 2874 intelligens

286 2888 354 2909 non
379 2885 426 2910 est
450 2879 632 2919 composita
660 2888 697 2909 ex
722 2878 855 2908 materia
886 2884 917 2908 et
940 2876 1055 2908 forma.
1078 2895 1101 2900 —
1124 2878 1215 2909 Patet
1248 2888 1363 2909 conse-

287 2925 431 2963 quentia.
456 2923 552 2962 Quia,
577 2923 660 2954 sicut
682 2924 785 2954 homo
810 2932 879 2954 non
903 2928 951 2953 est
974 2922 1042 2953 sine
1070 2923 1132 2953 hoc
1155 2923 1295 2960 homine,
1319 2925 1362 2954 ita

286 2969 419 2999 materia
441 2977 510 2999 non
535 2973 582 2999 est
598 2969 667 2999 sine
683 2967 745 2998 hac
760 2967 909 2998 materia.
926 2984 949 2989 -
963 2967 1169 2998 Antecedens
1192 2977 1270 2998 vero
1287 2977 1362 3008 pro-

286 3013 388 3043 batur.
413 3012 500 3051 Quia
516 3012 640 3054 species
661 3021 769 3042 rerum
785 3012 1022 3043 intellectarum
1038 3011 1121 3042 fiunt
1144 3012 1362 3054 intelligibiles

287 3063 359 3087 actu
383 3066 441 3098 per
463 3058 528 3088 hoc
553 3056 644 3098 quod
663 3066 681 3087 a
704 3057 837 3087 materia
851 3056 1041 3087 individuali
1057 3057 1293 3088 abstrahuntur.
1319 3057 1362 3089 Ut

287 3108 395 3132 autem
419 3108 495 3132 sunt
517 3101 733 3142 intelligibiles
750 3107 834 3138 actu,
851 3100 935 3132 fiunt
959 3110 1062 3132 unum
1082 3110 1159 3132 cum
1182 3102 1360 3133 intellectu.

342 3146 391 3177 De
415 3147 548 3178 materia
570 3147 667 3177 huius
690 3146 823 3177 rationis
852 3146 926 3176 satis
949 3145 982 3176 in
1010 3146 1117 3187 primo
1140 3146 1223 3177 libro
1241 3147 1257 3163 *
1281 3146 1360 3178 dixi-

286 3200 368 3221 mus.
394 3191 469 3222 Hoc
492 3191 600 3222 solum
624 3201 692 3222 non
715 3190 999 3232 praetereundum,
1024 3190 1124 3231 quod,
1141 3200 1217 3222 cum
1242 3201 1361 3222 unum-

287 3235 442 3276 quodque
465 3236 639 3276 recipiatur
662 3236 695 3266 in
719 3235 819 3266 altero
839 3244 897 3276 per
920 3235 1057 3266 modum
1074 3235 1268 3276 recipientis,
1292 3246 1360 3267 non

286 3286 392 3319 potest
417 3279 521 3311 forma
545 3290 583 3311 ex
607 3290 646 3311 eo
668 3279 759 3321 quod
782 3281 816 3311 in
841 3279 941 3310 altero
965 3280 1120 3320 recipitur
1142 3281 1361 3312 immaterialis

287 3323 365 3361 fieri,
382 3325 443 3355 nisi
460 3330 491 3356 et
506 3326 615 3366 ipsum
631 3325 790 3365 recipiens
814 3324 854 3355 sit
876 3325 1101 3355 immateriale:
1119 3343 1140 3346 —
1156 3325 1309 3365 intellige,
1335 3326 1360 3356 si

286 3369 457 3409 recipiatur
480 3371 513 3400 in
544 3379 584 3401 eo
613 3369 794 3400 secundum
823 3379 892 3400 esse
922 3369 1125 3410 completum
1154 3375 1185 3400 et
1212 3370 1244 3400 in
1260 3370 1359 3411 facto

287 3421 374 3443 esse:
397 3415 473 3454 quia
496 3415 522 3445 si
546 3414 740 3455 reciperetur
763 3414 962 3455 incomplete
987 3419 1018 3444 et
1042 3413 1074 3444 in
1089 3413 1182 3455 fieri,
1205 3414 1361 3454 quemad-

287 3457 422 3488 modum
438 3460 538 3489 virtus
561 3459 685 3499 agentis
711 3459 865 3500 recipitur
888 3460 920 3490 in
945 3459 1162 3489 instrumento
1182 3464 1214 3489 et
1237 3459 1361 3499 species

287 3501 405 3532 coloris
422 3504 454 3534 in
471 3513 553 3540 aere,
571 3509 606 3534 ut
623 3502 739 3534 dicitur
760 3503 868 3539 Verit„
886 3513 917 3544 q.
934 3513 1030 3540 xxvxi,
1042 3513 1074 3543 4,
1088 3501 1128 3533 ad
1143 3512 1175 3542 4,
1192 3512 1260 3534 non
1278 3509 1360 3534 esset

287 3545 518 3578 inconveniens
535 3547 673 3578 formam
695 3548 727 3578 in
752 3558 786 3579 re
809 3547 965 3578 materiali
981 3547 1233 3578 immaterialiter
1249 3549 1359 3588 recipi.

288 3588 364 3619 Ideo
389 3592 470 3622 bene
495 3601 532 3622 ex
556 3593 619 3622 hoc
644 3592 735 3632 quod
758 3592 863 3623 forma
887 3598 960 3623 actu
981 3591 1189 3632 intelligibilis
1205 3592 1360 3623 abstracta

288 3643 305 3662 a
329 3636 459 3665 materia
483 3635 518 3666 fit
542 3646 644 3667 unum
669 3646 744 3667 curn
771 3637 947 3673 intellectu,
965 3636 1170 3668 concluditur
1194 3637 1283 3677 quod
1303 3646 1360 3667 ne-

289 3687 376 3708 cesse
401 3686 446 3709 est
471 3681 566 3710 etiam
589 3681 789 3711 intellectum
813 3682 1057 3712 immaterialem
1082 3691 1161 3712 esse.

1478 2298 1515 2328 Il.
1544 2298 1664 2329 Tertio.
1683 2298 1716 2330 Si
1740 2298 1804 2328 hoc
1829 2299 1878 2334 sit,
1895 2297 2074 2338 intelligere
2091 2298 2150 2328 erit
2173 2298 2349 2339 compositi
2373 2307 2413 2330 ex
2427 2307 2498 2330 ma-

1420 2343 1498 2373 teria
1522 2349 1555 2373 et
1577 2342 1691 2374 forma.
1717 2343 1804 2384 Ergo
1827 2342 2010 2374 intellectus
2033 2351 2102 2373 non
2125 2342 2284 2384 intelliget
2310 2352 2372 2374 nec
2394 2348 2498 2375 mate-

1420 2388 1500 2418 riam
1524 2397 1585 2418 nec
1610 2387 1761 2424 formam,
1786 2387 1842 2418 sed
1870 2393 1996 2418 tantum
2025 2388 2258 2428 compositum.
2287 2387 2363 2419 Hoc
2386 2393 2497 2419 autem

1421 2438 1468 2463 est
1484 2431 1612 2463 falsum.
1629 2433 1716 2473 Ergo
1733 2438 1793 2463 etc.
1810 2450 1834 2455 -
1855 2432 2013 2463 Probatur
2029 2433 2133 2473 prima
2149 2433 2392 2473 consequentia.
2410 2432 2497 2472 Quia

1420 2477 1504 2507 actio
1529 2477 1702 2508 cuiuslibet
1732 2477 1907 2518 compositi
1937 2486 1974 2508 ex
1998 2478 2133 2508 materia
2161 2483 2192 2508 et
2220 2476 2326 2508 forma
2352 2486 2422 2508 non
2448 2483 2497 2508 est

1419 2527 1546 2552 tantum
1569 2522 1722 2552 materiae
1738 2527 1793 2552 aut
1816 2527 1943 2552 tantum
1966 2521 2101 2558 formae,
2118 2521 2175 2552 sed
2198 2522 2385 2562 compositi.
2401 2539 2422 2544 -
2439 2521 2497 2554 Se-

1419 2565 1525 2597 cunda
1550 2567 1647 2598 etiam
1671 2567 1837 2607 probatur.
1866 2565 1954 2604 Quia
1977 2572 2068 2597 actus
2096 2567 2286 2597 terminatur
2310 2566 2350 2598 ad
2373 2566 2497 2608 aliquid

1419 2610 1523 2642 simile
1547 2611 1666 2651 agenti.

1476 2664 1505 2685 2.
1531 2654 1594 2686 Sed
1610 2665 1678 2686 non
1695 2654 1821 2686 videtur
1838 2656 1917 2686 haec
1936 2655 2018 2686 ratio
2043 2655 2250 2692 concludere,
2267 2661 2400 2696 propter
2416 2654 2495 2687 duo.

1417 2699 1538 2736 Primo,
1555 2700 1632 2741 quia
1655 2709 1714 2740 per
1737 2700 1841 2740 ipsam
1858 2699 2108 2731 concluderetur
2126 2700 2216 2741 quod
2239 2700 2342 2731 homo
2357 2709 2426 2731 non
2445 2700 2495 2731 in-

1417 2744 1531 2785 telligit
1561 2745 1623 2775 nisi
1646 2745 1878 2785 compositum.
1912 2744 1999 2783 Quia
2030 2744 2219 2785 intelligere,
2244 2754 2321 2776 cum
2346 2745 2386 2776 sit
2409 2745 2494 2776 actio

1417 2789 1559 2820 hominis
1584 2798 1622 2820 ex
1645 2789 1778 2820 materia
1802 2795 1833 2820 et
1857 2788 1962 2821 forma
1986 2790 2172 2830 compositi,
2195 2799 2264 2822 non
2289 2790 2347 2821 erit
2371 2789 2495 2821 formae

1416 2839 1543 2865 tantum
1565 2834 1720 2870 hominis,
1745 2833 1801 2864 sed
1833 2835 2019 2875 compositi.
2044 2833 2086 2865 Et
2108 2843 2166 2876 per
2194 2842 2399 2876 consequens
2425 2843 2494 2866 non

1416 2879 1566 2919 intelligit
1589 2879 1650 2909 nisi
1675 2879 1907 2920 compositum.

1473 2923 1637 2960 Secundo,
1655 2924 1731 2964 quia
1754 2929 1945 2964 sequeretur
1967 2924 2136 2955 materiam
2160 2923 2253 2955 nullo
2277 2923 2382 2955 modo
2397 2923 2494 2957 intel·

1415 2967 1471 3008 ligi
1495 2977 1601 3019 posse.
1620 2967 1653 3000 Si
1669 2968 1768 3006 enim,
1785 2968 1862 3009 quia
1878 2974 1968 2999 actus
1984 2969 2174 3000 terminatur
2189 2968 2231 2999 ad
2254 2967 2360 3000 simile
2374 2967 2494 3021 agenti,

1416 3013 1571 3053 sequitur,
1589 3013 1615 3044 si
1632 3013 1723 3054 quod
1739 3013 1888 3054 intelligit
1904 3017 1952 3044 est
1968 3013 2201 3065 compositum,
2218 3018 2255 3044 ut
2270 3012 2494 3054 compositum

1415 3062 1542 3088 tantum
1566 3057 1776 3098 intelligatur;
1802 3057 1916 3088 eadem
1938 3058 2064 3088 ratione
2088 3058 2244 3098 sequitur,
2262 3058 2287 3088 si
2310 3057 2493 3100 intelligens

1416 3108 1464 3133 est
1487 3107 1613 3133 tantum
1638 3101 1752 3139 forma,
1777 3107 1814 3133 ut
1836 3107 1964 3133 tantum
1987 3101 2094 3133 forma
2117 3102 2324 3143 intelligatur.

1472 3146 1502 3177 3.
1527 3146 1757 3188 Respondetur
1784 3146 1875 3188 quod
1902 3147 1956 3178 illa
1983 3147 2177 3188 propositio,
2204 3147 2298 3178 Actio
2322 3144 2492 3186 compositi

1414 3201 1456 3222 ex
1480 3192 1619 3222 materia
1642 3196 1674 3222 et
1694 3192 1814 3233 forma
1839 3201 1904 3222 non
1928 3196 1977 3223 est
2003 3192 2161 3223 materiae
2187 3196 2313 3222 tantum
2335 3194 2395 3220 aut
2409 3189 2493 3231 sor-

1415 3246 1496 3272 mae,
1521 3236 1578 3267 sed
1600 3236 1781 3277 compositi,
1810 3236 1998 3277 intelligitur
2022 3235 2063 3267 de
2087 3236 2272 3277 composito
2297 3242 2335 3265 ex
2357 3234 2493 3265 materia

1415 3287 1446 3311 et
1470 3279 1575 3311 forma
1599 3290 1682 3323 quae
1706 3290 1774 3312 non
1805 3286 1853 3311 est
1876 3290 1934 3321 per
1965 3290 1998 3312 se
2023 3281 2209 3316 subsistens,
2240 3277 2296 3310 sed
2327 3277 2492 3319 dependet

1414 3325 1596 3356 secundum
1621 3335 1690 3356 esse
1714 3335 1732 3356 a
1758 3325 1900 3356 materia.
1933 3325 2030 3356 Tunc
2054 3325 2152 3361 enim,
2177 3332 2252 3354 cum
2286 3321 2391 3353 forma
2420 3332 2489 3354 non

1414 3370 1529 3401 habeat
1553 3379 1611 3411 per
1634 3379 1668 3401 se
1685 3379 1764 3406 esse,
1789 3379 1850 3400 nec
1867 3370 1963 3401 etiam
1985 3369 2115 3400 habebit
2129 3377 2188 3408 per
2202 3376 2236 3398 se
2253 3367 2489 3408 operationem,

1414 3414 1470 3445 sed
1495 3415 1641 3455 operatio
1662 3415 1721 3446 erit
1743 3420 1870 3446 tanturn
1895 3413 2070 3454 compositi
2094 3413 2176 3444 sicut
2200 3412 2269 3443 eius
2295 3411 2385 3452 quod
2409 3421 2490 3453 ope-

1414 3464 1510 3490 ratur.
1536 3459 1570 3490 Si
1585 3465 1694 3490 autem
1719 3459 1940 3500 compositum
1959 3457 2174 3489 constituatur
2190 3465 2247 3497 per
2268 3455 2407 3488 formam
2430 3466 2490 3498 per

1413 3513 1447 3534 se
1471 3504 1710 3541 subsistentem,
1726 3513 1796 3536 non
1819 3508 1946 3535 tantum
1965 3501 2089 3533 dicetur
2112 3502 2335 3542 compositum
2350 3502 2489 3553 operari,

1414 3547 1470 3578 sed
1494 3549 1590 3579 etiam
1614 3549 1683 3589 ipsa
1699 3547 1814 3584 forma,
1832 3552 1991 3588 quantum
2011 3545 2050 3576 ad
2067 3546 2293 3598 operationem
2310 3546 2405 3577 cuius
2417 3543 2489 3587 i‘psa

1415 3592 1518 3623 forma
1534 3594 1730 3633 inquantum
1750 3591 1892 3623 subsistit
1908 3596 1955 3621 est
1979 3590 2193 3642 principium:
2219 3591 2295 3631 quia
2313 3591 2400 3622 enim
2416 3590 2487 3621 talis

1413 3636 1517 3668 forma
1540 3638 1637 3668 habet
1660 3646 1718 3677 per
1741 3645 1774 3667 se
1799 3645 1877 3671 esse,
1902 3634 1976 3665 ideo
2008 3635 2103 3665 etiam
2129 3641 2161 3666 et
2184 3645 2242 3676 per
2266 3645 2299 3666 se
2324 3640 2485 3676 operatur.

1413 3681 1498 3719 Quia
1523 3691 1600 3722 ergo
1624 3680 1729 3711 forma
1752 3680 1893 3710 hominis
1917 3684 1964 3710 est
1987 3689 2044 3720 per
2069 3689 2101 3710 se
2127 3681 2313 3717 subsistens,
2338 3679 2413 3710 ideo
2437 3680 2486 3710 in-

2528 1443 2745 1493 ‘cnvnmzse

2528 1470 2709 1499 m,;.7=.·rn

2552 1770 2703 1794 S.'rh.1.1.
