2742 4152
31 1591 40 1599 “
54 1589 106 1611 Lib.
117 1589 145 1615 II,
157 1595 177 1611 c.
187 1595 240 1610 Lxx.

29 1859 37 1868 ⁸
53 1857 117 1879 Lect.
136 1864 170 1884 ¹⁰3
188 1857 242 1879 Did.

29 1884 68 1911 XI,
83 1890 132 1910 vm,
149 1890 182 1905 lo.

28 1976 48 1990 c.
60 1942 241 1996 ffquffiiaxndll'.

28 2610 36 2618 ·
51 2609 85 2631 Ct'.
102 2612 199 2633 textum.
217 2613 239 2631 et

28 2641 96 2663 supra
113 2642 135 2657 n.
147 2642 195 2657 xm.

28 3611 37 3619 ·
49 3609 239 3634 S.Th.1.8:l›id.

28 3636 68 3661 xl,
80 3642 210 3663 v=1,«o,u.

275 259 322 296 38

274 344 305 369 et
327 339 361 368 in
384 338 411 367 11
435 336 522 366 Sent.
547 335 662 370 innuit,
688 333 778 374 quod
801 333 881 364 illud
903 334 937 363 in
968 342 1035 373 quo
1059 337 1168 362 motor
1192 337 1239 361 est
1262 329 1341 360 defi-

272 382 380 417 nitive,
405 386 460 411 aut
482 384 586 410 mutat
609 379 720 409 locum
743 379 778 408 in
802 387 869 418 quo
894 383 940 408 est
956 376 1137 408 secundum
1159 385 1194 406 se
1217 380 1340 411 totum;

272 431 327 457 aut
342 430 451 456 manet
466 433 593 464 semper
608 423 642 453 in
659 423 776 454 eodem
799 423 875 453 loco
899 422 1034 458 realiter,
1050 421 1126 452 licet
1148 425 1253 461 partes
1268 428 1342 450 mu÷

271 475 340 500 tent
362 470 484 504 locum,
507 469 590 508 sicut
605 468 721 499 accidit
735 468 771 498 in
785 473 880 498 motu
896 467 1051 498 circulari.
1076 466 1110 497 Si
1126 474 1203 506 ergo
1219 463 1342 504 aliquid

271 513 463 544 indivisibile
485 513 615 543 uniatur
638 513 767 553 corpori
790 518 827 543 ut
849 517 959 542 motor
982 511 1038 542 sed
1060 511 1094 541 in
1117 516 1235 544 totum,
1259 509 1342 539 sicut

271 559 377 589 anima
400 558 540 598 corpori,
565 562 597 588 et
627 557 709 588 illud
740 562 970 587 transmutetur
993 556 1033 587 de
1055 556 1132 586 loco
1156 554 1195 585 ad
1218 554 1340 589 locum,

271 607 401 643 oportet
423 608 460 633 ut
491 607 522 632 et
553 601 634 632 illud
663 611 721 643 per
752 601 901 632 accidens
931 606 1088 631 mutetur:
1121 609 1161 630 eo
1195 597 1287 639 quod
1309 602 1341 628 et

270 648 378 687 ipsum
401 651 505 677 mutet
527 646 640 678 locum
663 646 912 677 convenientem
943 646 1003 675 sibi
1029 645 1154 675 ratione
1184 642 1340 683 corporis.

271 691 305 723 Si
327 697 437 722 autem
451 701 520 722 non
535 697 678 722 mutetur
693 690 734 721 de
747 691 823 721 loco
839 690 879 721 ad
902 691 1023 726 locum,
1047 688 1128 720 illud
1148 686 1341 719 indivisibile

270 745 339 766 non
361 741 512 766 movetur
528 736 624 766 etiam
640 745 698 776 per
720 735 885 766 accidens:
903 744 943 765 eo
960 733 1051 774 quod
1066 734 1196 764 uniatur
1211 731 1342 772 corpori

271 780 453 811 secundum
475 786 593 817 totum,
613 781 722 820 ipsum
745 785 854 810 autem
869 785 976 810 totum
999 787 1066 809 non
1091 783 1195 808 mutet
1217 777 1340 807 locum.

271 824 336 856 Sed
351 825 377 855 si
392 825 490 855 alicui
503 825 587 865 parti
601 824 830 856 determinatae
844 824 928 854 illius
940 823 1084 863 corporis
1100 828 1183 853 esset
1197 820 1340 855 affixum,

271 876 349 900 tunc
372 875 557 900 moveretur
579 879 637 910 per
660 868 822 900 accidens:
848 878 888 899 eo
912 867 1003 908 quod
1026 867 1079 898 illa
1105 876 1177 907 pars
1201 865 1241 896 de
1264 865 1340 896 loco

271 914 312 945 ad
332 914 446 945 locum
468 919 655 945 mutaretur.

326 958 514 990 Secundum
537 968 614 999 ergo
637 959 738 988 varias
762 958 934 998 opiniones
957 956 997 987 de
1020 955 1202 986 motoribus
1223 963 1341 994 corpo·

270 1013 344 1034 rum
367 1003 564 1039 caelestium,
588 1001 802 1033 diversimode
828 1001 889 1032 illis
911 1006 1018 1042 potest
1040 1005 1150 1031 motus
1173 1009 1231 1040 per
1258 999 1341 1029 acci-

271 1048 350 1079 dens
365 1048 505 1078 attribui.
521 1047 555 1078 Si
572 1048 659 1078 enirn
674 1055 836 1087 ponamus
851 1051 1014 1076 motorem
1038 1044 1149 1076 adesse
1172 1044 1244 1075 orbi
1258 1044 1342 1074 sicut

270 1091 388 1133 figulus
412 1092 501 1123 adest
524 1098 624 1128 rotae,
641 1100 768 1131 semper
783 1091 878 1121 aliam
901 1095 933 1121 et
955 1090 1051 1120 aliam
1070 1095 1195 1130 partem
1210 1088 1341 1119 mobilis

271 1146 353 1177 quae
376 1138 410 1167 in
433 1138 557 1167 oriente
573 1135 716 1167 succedit
738 1145 796 1166 sua
818 1135 935 1166 virtute
958 1133 1190 1174 contingendo,
1215 1138 1341 1164 constat

271 1180 361 1222 quod
383 1190 453 1212 non
476 1186 605 1222 oportet
634 1181 743 1221 ipsum
773 1179 813 1211 ad
842 1185 971 1210 motum
1003 1180 1090 1210 orbis
1117 1178 1225 1215 rotari,
1258 1178 1341 1208 sicut

269 1235 378 1267 neque
400 1226 537 1266 figulum
571 1225 611 1256 ad
640 1230 769 1255 motum
799 1230 899 1255 rotae.
926 1242 949 1247 —
975 1223 1009 1255 Si
1038 1230 1148 1255 autem
1178 1232 1341 1264 ponamus

269 1271 377 1312 ipsum
399 1272 530 1302 unitum
559 1270 655 1301 alicui
688 1269 916 1300 determinatae
943 1269 1030 1300 orbis
1059 1269 1152 1310 parti,
1177 1267 1341 1308 oportebit

269 1317 375 1356 ipsum
399 1316 498 1346 rotari
521 1315 604 1345 sicut
627 1320 659 1346 et
681 1324 754 1355 pars
769 1315 839 1355 ipsa
862 1314 913 1345 cui
929 1313 1067 1354 affigitur
1090 1318 1222 1344 rotatur.
1239 1330 1260 1336 -
1276 1311 1340 1344 Sed

269 1361 295 1391 si
317 1369 480 1400 ponamus
509 1360 618 1400 ipsum
647 1360 777 1390 unitum
806 1359 878 1390 orbi
907 1358 1088 1389 secundum
1115 1363 1234 1394 totum,
1258 1357 1342 1388 sicut

269 1405 376 1435 anima
401 1405 596 1436 intellectiva
621 1404 761 1444 corpori,
789 1413 850 1434 nec
879 1404 976 1434 etiam
1003 1412 1062 1443 per
1088 1402 1238 1434 accidens
1269 1411 1341 1433 mo·

267 1455 371 1486 vetur,
385 1455 424 1480 ut
438 1450 532 1491 ponit
550 1449 687 1480 Sanctus
703 1449 848 1479 Thomas
863 1449 897 1479 in
912 1448 992 1479 locis
1008 1448 1242 1488 praeallegatis:
1264 1456 1341 1478 cum

269 1495 378 1535 ipsum
399 1500 507 1525 totum
534 1503 603 1525 non
629 1499 733 1524 mutet
759 1493 884 1524 realiter
906 1493 1028 1530 locum,
1056 1492 1113 1523 sed
1138 1498 1266 1523 tantum
1291 1501 1341 1522 ra-

268 1540 368 1571 tione.
391 1557 415 1562 -
439 1539 555 1570 Utrum
578 1543 687 1569 autem
709 1538 839 1568 uniatur
864 1538 935 1568 orbi
958 1537 1139 1568 secundum
1164 1546 1243 1573 esse,
1259 1535 1341 1568 infe·

269 1584 335 1614 rius
350 1585 367 1600 ⁴
391 1583 588 1614 ostendetur.

324 1628 424 1659 XVII.
434 1628 576 1659 Ulterius
589 1633 636 1658 est
647 1626 826 1662 sciendum,
844 1635 904 1667 pro
922 1635 963 1657 eo
977 1625 1070 1667 quod
1086 1626 1192 1666 inquit
1205 1625 1342 1657 Sanctus

269 1672 415 1704 Thomas
430 1672 637 1704 Aristotelem
651 1671 850 1713 inuestigare
865 1671 898 1702 in
915 1671 1142 1712 Metaphysica
1158 1679 1201 1701 ex
1215 1675 1342 1701 motore

269 1717 325 1758 qui
347 1722 395 1748 est
411 1727 494 1759 pars
516 1716 673 1748 moventis
694 1716 834 1757 seipsum
857 1721 1016 1746 motorem
1035 1716 1138 1746 alium
1163 1715 1296 1746 omnino
1320 1724 1341 1746 a

269 1762 406 1793 materia
429 1767 625 1803 separatum,
645 1760 736 1801 quod
755 1760 840 1791 duos
859 1759 988 1791 ordines
1012 1759 1261 1791 substantiarum
1280 1760 1341 1791 im-

269 1807 482 1837 materialium
497 1806 685 1837 Aristoteles
700 1806 825 1846 posuit:
846 1810 882 1838 ut
897 1805 966 1845 ipse
983 1804 1119 1836 Sanctus
1135 1805 1280 1835 Thomas
1294 1805 1342 1835 vi-

269 1851 362 1882 detur
375 1851 470 1888 velle,
480 1850 538 1881 XII
547 1850 700 1891 Metaph„
712 1849 907 1890 exponendo
923 1854 1047 1880 textum
1058 1849 1101 1888 48
1113 1850 1145 1886 ’ς
1162 1850 1342 1890 expressius

269 1900 378 1927 autem
399 1896 434 1926 in
452 1895 704 1932 Quaestionibus
726 1894 766 1925 de
788 1894 1019 1935 Spiritualibus
1037 1894 1217 1930 Creaturis‚
1234 1899 1291 1924 art.
1309 1894 1340 1931 6,

269 1949 358 1980 corp.
370 1945 402 1970 et
421 1940 461 1971 ad
479 1948 526 1976 10,
544 1945 642 1980 atque
665 1940 762 1970 etiam
785 1939 818 1969 in
835 1938 987 1969 Tractatu
1003 1938 1042 1969 de
1057 1939 1221 1980 Angelis*
1235 1938 1340 1969 tradit.

268 1984 351 2016 Sunt
375 1985 462 2015 enim
486 1983 646 2024 quaedam
669 1983 757 2024 apud
779 1984 888 2024 ipsum
912 1992 997 2023 quae
1025 1989 1101 2013 sunt
1124 1983 1253 2013 orbium
1269 1992 1340 2014 cae-

267 2029 396 2060 lestium
419 2029 581 2064 motrices‚
599 2037 683 2069 quae
706 2028 803 2058 etiam
826 2027 957 2058 animae
980 2027 1147 2058 caelorum
1171 2027 1338 2058 dicuntur:

268 2073 428 2115 quaedam
451 2083 528 2104 vero
556 2082 640 2114 quae
663 2078 739 2103 sunt
760 2072 901 2113 proximi
923 2071 1005 2103 fines
1028 2071 1159 2103 illorum
1175 2077 1338 2103 motuum.

268 2118 391 2150 Omnes
415 2124 523 2149 autem
546 2118 598 2148 isti
621 2117 750 2148 ordines
773 2117 833 2147 sub
857 2116 940 2153 Deo,
967 2121 1123 2157 tanquam
1149 2117 1209 2148 sub
1235 2117 1340 2157 prima

267 2164 442 2194 substantia
457 2168 611 2203 separata,
628 2162 846 2193 continentur.
862 2161 915 2192 Sic
930 2161 1027 2201 igitur
1037 2161 1237 2198 Aristoteles,
1249 2167 1339 2203 post-

267 2217 366 2248 quam
382 2207 584 2248 investigavit
598 2213 761 2238 motorem
778 2206 857 2237 caeli
873 2206 930 2246 qui
950 2211 997 2236 est
1013 2206 1082 2236 eius
1097 2207 1204 2237 anima
1220 2212 1251 2237 et
1266 2215 1339 2237 mo-

265 2253 369 2284 ventis
392 2254 535 2294 seipsum
558 2261 641 2292 pars,
657 2251 826 2291 investigat
842 2260 880 2281 ex
896 2251 958 2281 isto
979 2250 1078 2281 alium
1102 2256 1266 2282 motorem
1282 2252 1339 2292 qui

265 2307 334 2328 non
350 2298 389 2328 sit
404 2307 477 2338 pars
499 2296 660 2328 moventis
683 2296 836 2336 seipsum,
853 2295 909 2326 sed
925 2295 965 2326 sit
980 2295 1019 2326 ab
1036 2296 1127 2326 omni
1142 2296 1275 2326 materia
1290 2305 1340 2327 se-

266 2348 409 2383 paratus:
434 2352 486 2378 eo,
502 2342 648 2382 inquam,
665 2339 756 2381 quod
771 2349 844 2380 pars
858 2340 1021 2370 moventis
1043 2341 1187 2381 seipsum
1209 2346 1340 2371 moveat

266 2393 398 2428 propter
420 2387 600 2428 appetitum
621 2385 757 2416 alicuius
780 2385 954 2425 superioris
977 2385 1011 2415 in
1026 2383 1203 2421 movendo,
1220 2390 1256 2415 ut
1279 2386 1339 2416 sci-

266 2432 340 2462 licet
362 2432 409 2462 illi
433 2431 633 2466 assimiletur,
651 2430 842 2471 expleatque
857 2429 891 2460 in
916 2428 1033 2460 effectu
1056 2429 1148 2470 quod
1170 2430 1287 2461 virtute
1305 2430 1338 2461 in

266 2477 372 2518 primo
395 2482 524 2507 motore
546 2475 740 2506 continetur.

319 2521 431 2552 XVIII.
448 2519 692 2552 Advertendum
708 2524 818 2550 autem
834 2517 925 2558 quod
939 2518 974 2549 in
989 2518 1203 2560 responsione
1218 2519 1259 2550 ad
1274 2520 1338 2560 pri-

266 2575 353 2597 mam
381 2566 600 2596 obiectionem
624 2573 723 2605 quam
754 2563 891 2595 Sanctus
915 2562 1061 2594 Thomas
1083 2562 1209 2594 inducit
1239 2563 1339 2604 aliqui

265 2616 370 2642 textus
385 2610 535 2641 mendosi
550 2614 626 2640 sunt
637 2610 664 2639 ⁶.
689 2608 753 2640 Ubi
771 2608 859 2639 enim
875 2607 991 2639 dicitur
1006 2607 1097 2648 quod
1111 2607 1339 2649 efficacissima

266 2656 320 2686 via
343 2655 386 2686 ad
402 2654 611 2696 probandum
633 2653 740 2684 Deum
763 2661 832 2684 esse
854 2657 903 2683 est
924 2661 967 2684 ex
987 2652 1211 2694 suppositione
1233 2658 1338 2684 aeter-

266 2700 377 2731 nitatis
400 2699 523 2734 mundi‚
546 2708 612 2740 qua
630 2698 740 2739 posita
770 2697 899 2728 uidetur
920 2706 989 2728 esse
1018 2697 1228 2739 manifestum
1251 2698 1339 2739 quod

264 2745 354 2776 Deus
377 2745 427 2781 sit,
452 2743 548 2775 debet
570 2743 633 2784 legi
656 2743 712 2779 sic,
737 2748 774 2773 ut
796 2742 932 2773 correcti
959 2741 1088 2773 codices
1115 2742 1252 2773 habent:
1277 2743 1337 2774 Di-

264 2789 399 2820 cendum
422 2788 510 2830 quod
533 2788 587 2819 via
609 2787 834 2830 efficacissima
853 2786 898 2817 aa
914 2786 1123 2827 probandum
1140 2786 1246 2818 Deum
1270 2797 1338 2819 esse

264 2839 312 2865 est
325 2843 367 2865 ex
382 2833 603 2874 suppositione
619 2832 773 2863 novitatis
787 2831 901 2862 mundi
907 2839 919 2862 .·
937 2841 1004 2862 non
1020 2836 1127 2862 autem
1143 2832 1190 2862 sic
1205 2841 1248 2863 ex·
1261 2842 1337 2874 sup-

257 2879 423 2919 positione
437 2877 639 2909 aeternitatis
655 2876 778 2913 mundi,
794 2885 859 2918 qua
876 2876 987 2917 posita
1003 2876 1110 2907 minus
1125 2876 1254 2907 uidetur
1269 2887 1336 2908 ma-

265 2923 416 2965 nifestum
439 2928 498 2953 etc.
523 2922 559 2952 In
580 2922 698 2963 quibus
720 2922 825 2952 verbis
841 2921 934 2952 datur
956 2921 1089 2961 intelligi
1109 2921 1199 2962 quod
1224 2921 1336 2953 efficax

265 2967 397 3008 quidem
427 2967 508 2998 ratio
539 2966 579 2998 ad
606 2966 812 3007 probandum
842 2966 951 2997 Deum
981 2975 1050 2996 esse
1082 2975 1119 2996 ex
1151 2968 1336 2998 aeternitate

263 3011 378 3043 mundi
401 3012 548 3047 sumitur,
565 3010 621 3042 sed
637 3011 798 3042 efficacior
821 3017 853 3042 et
875 3009 1076 3042 manifestior
1092 3015 1139 3042 est
1155 3011 1235 3042 ratio
1252 3020 1336 3052 quae

264 3057 401 3088 sumitur
423 3065 461 3087 ex
484 3055 599 3087 mundi
621 3057 775 3087 novitate.

321 3100 414 3132 Circa
437 3101 684 3141 responsionem
707 3100 748 3131 ad
771 3100 947 3131 secundam
971 3100 1201 3136 obiectionem‚
1225 3100 1336 3132 adver-

264 3145 399 3176 tendum
423 3145 513 3186 quod
536 3154 648 3176 sensus
671 3145 891 3186 responsionis
911 3150 959 3176 est
980 3153 1049 3175 non
1070 3145 1197 3175 obstare
1219 3146 1337 3177 rationi

264 3190 443 3221 Aristotelis
473 3189 563 3230 quod
587 3190 681 3221 multi
711 3199 780 3221 non
805 3188 987 3220 concedant
1009 3189 1137 3220 caelum
1169 3198 1238 3220 esse
1269 3191 1336 3221 ani·

265 3240 406 3265 matum:
431 3235 506 3276 quia
521 3235 547 3265 si
571 3239 690 3275 negent
713 3235 855 3275 primum
879 3233 970 3275 quod
991 3239 1103 3264 movet
1126 3242 1194 3264 non
1211 3236 1336 3266 moveri

266 3289 284 3309 a
299 3288 333 3310 se
348 3288 455 3319 neque
471 3288 540 3310 esse
555 3279 743 3315 animatum,
760 3283 890 3319 oportet
912 3284 948 3309 ut
971 3277 1153 3309 concedant
1172 3278 1252 3310 illud
1267 3289 1336 3311 esse

266 3324 394 3362 penitus
417 3323 594 3360 immobile,
619 3329 652 3354 et
680 3324 726 3354 sic
756 3322 938 3354 concedant
964 3323 1072 3354 Deum
1095 3331 1175 3353 esse.
1199 3323 1241 3355 Et
1260 3323 1335 3355 ideo

267 3367 453 3398 Aristoteles
476 3368 612 3399 alterum
632 3368 763 3399 illorum
779 3368 839 3398 sub
855 3367 1072 3398 disiunctione
1094 3367 1220 3398 intulit:
1246 3369 1336 3409 quod

268 3411 387 3442 scilicet
410 3418 539 3453 oportet
561 3422 698 3443 movens
721 3411 812 3453 quod
833 3421 901 3442 non
925 3417 1076 3442 movetur
1091 3411 1129 3442 ab
1146 3413 1335 3450 extrinseco,

268 3460 326 3486 aut
348 3466 365 3486 a
389 3466 422 3487 se
445 3457 579 3493 moveri,
603 3462 663 3488 aut
685 3466 754 3488 esse
777 3456 914 3487 omnino
943 3456 1127 3492 immobile;
1156 3457 1242 3497 quia,
1270 3458 1336 3488 sive

268 3509 371 3530 unum
395 3500 590 3532 concedatur
606 3502 671 3532 sive
688 3500 785 3537 aliud,
802 3500 842 3532 de
858 3501 1046 3532 necessitate
1069 3501 1215 3541 sequitur
1238 3511 1337 3542 opor-

268 3549 334 3574 tere
358 3544 506 3576 devenire
529 3545 568 3576 ad
592 3546 724 3586 aliquod
749 3546 885 3577 omnino
901 3545 1080 3582 immobile,
1097 3546 1154 3585 qui
1170 3551 1217 3577 est
1237 3546 1335 3577 Deus.

323 3588 406 3618 XIX.
431 3588 495 3619 Sed
518 3589 583 3620 duo
607 3590 660 3621 hic
679 3595 854 3622 occurrunt
870 3589 977 3621 dubia.
994 3590 1149 3627 Primum,
1167 3591 1243 3631 quia
1259 3600 1337 3622 con·

269 3631 407 3663 ditiones
442 3642 521 3672 quas
553 3634 694 3665 attribuit
727 3635 924 3671 Aristoteles,
956 3634 1015 3665 XII
1044 3635 1290 3676 Metaphysicae
1309 3637 1337 3672 ³,

871 254 1059 291 SUMMA
1089 252 1322 290 CONTRA*
1341 251 1617 300 GENTILES,
1648 253 1760 290 CAP.
1781 253 1876 290 XIII.

1395 331 1516 361 motori
1546 333 1704 371 separato,
1729 337 1766 362 ut
1788 341 1858 362 esse
1888 332 2014 362 virtutis
2044 330 2199 366 infinitae,
2225 340 2293 361 esse
2323 331 2470 362 immatee

1395 374 1517 411 rialem,
1534 380 1607 412 etc„
1631 376 1774 407 attribuit
1796 377 1832 408 in
1854 376 1927 407 VIII
1942 376 2158 417 Phssicorum
2174 375 2202 403 ³.
2213 375 2260 406 illi
2275 375 2382 415 primo
2397 385 2470 406 mo·

1394 419 1458 449 tori
1481 428 1581 459 quem
1603 420 1649 450 ibi
1671 420 1840 461 investigat
1863 430 1921 462 per
1946 426 2087 459 motum.
2111 419 2189 450 Non
2213 425 2260 450 est
2283 428 2360 460 ergo
2383 420 2470 451 alius

1394 468 1504 494 motor
1525 463 1580 494 ille
1603 465 1661 504 qui
1682 465 1893 506 investigatur
1915 466 1949 496 in
1973 464 2213 506 Metaphysica,
2230 464 2270 494 ab
2294 473 2335 494 eo
2359 464 2470 505 quiin

1394 508 1544 549 Physicis
1565 509 1784 549 investigatur.

1449 552 1671 584 Confirmatur
1702 563 1743 584 ex
1772 554 1877 585 verbis
1902 554 2014 586 Sancti
2041 554 2191 585 Thomae
2214 552 2274 583 ΧΠ
2295 553 2470 593 Metaphy-⁴

1394 597 1482 628 sicae
1496 598 1524 633 *,
1549 603 1580 628 et
1602 598 1794 635 Aristotelis,
1810 599 2030 639 inquientium
2045 598 2138 639 quod
2153 598 2193 629 de
2208 598 2279 638 ipsa
2293 597 2470 628 substantia

1395 641 1435 672 de
1459 651 1525 682 qua
1548 641 1740 673 determinat
1758 643 1792 673 in
1810 642 1870 674 XII
1885 643 2132 684 Metaplysicae
2154 651 2288 674 movere
2310 647 2347 672 ut
2369 640 2470 673 finem

1394 685 1611 717 desideratum
1633 691 1666 717 et
1688 692 1842 723 amatum,
1867 692 2030 719 ostensum
2046 693 2103 724 est,
2118 687 2242 719 scilicet
2258 686 2342 717 VIII
2353 686 2470 728 Physi-

1394 740 1520 766 corum,
1544 731 1632 772 quod
1655 732 1780 762 nullam
1803 732 1900 762 habet
1913 732 2192 774 magnitudinem:
2214 737 2246 762 et
2265 731 2400 762 eandem
2415 741 2470 762 ra-

1395 776 1515 806 tionem
1539 776 1721 806 reassumit.
2045 793 2049 797 -
2229 801 2232 804 .

1452 829 1482 851 2.
1507 820 1695 851 Secundum
1719 826 1768 851 est
1781 821 1809 857 ἡ
1835 820 1912 860 quia
1937 829 2007 851 non
2035 821 2164 852 videtur
2191 821 2419 857 necessarium,
2444 821 2470 851 si

1394 873 1532 895 movens
1555 865 1682 896 caelum
1705 871 1754 896 est
1775 870 1932 906 appetens
1955 870 1987 896 et
2008 865 2202 905 intelligens,
2225 864 2316 905 quod
2338 870 2470 896 moveat

1394 915 1528 950 propter
1550 910 1732 951 appetitum
1755 910 1885 941 alterius
1907 909 1982 940 finis
1998 919 2016 940 a
2032 919 2066 940 se
2081 909 2235 940 distincti.
2255 909 2367 941 Potest
2381 910 2470 942 enim

1394 959 1528 995 propter
1551 964 1585 985 se
1607 963 1741 986 movere
1756 959 1912 995 tanquam
1927 959 2061 995 propter
2083 953 2201 985 finem:
2225 954 2310 985 sicut
2332 959 2364 986 et
2379 954 2469 986 Deus

1394 1004 1527 1039 propter
1550 999 1693 1040 seipsum
1709 1004 1871 1040 operatur.
1895 999 1938 1030 Et
1959 999 2006 1029 sic
2028 1008 2098 1030 non
2121 999 2181 1029 erit
2198 1007 2332 1030 necasse
2346 1007 2470 1040 ponere

1394 1044 1494 1074 alium
1517 1049 1680 1075 motorem
1703 1044 1852 1075 altiorem
1875 1045 1983 1075 anima
2005 1043 2095 1074 caeli.

1449 1088 1519 1119 XX.
1544 1088 1596 1119 Ad
1625 1089 1770 1129 primum
1795 1088 1972 1120 dicendum
1998 1087 2090 1129 quod
2116 1087 2468 1128 antiquiphilosophi.

1395 1139 1507 1164 contra
1523 1143 1607 1174 quos
1618 1133 1808 1164 Aristoteles
1820 1133 2003 1174 disputabat
2017 1134 2052 1164 in
2062 1133 2223 1174 Passicis,
2233 1137 2365 1163 motum
2375 1132 2471 1164 dum-

1394 1183 1479 1209 taxat
1496 1187 1672 1219 corporum
1688 1177 1945 1210 considerabant.
1962 1177 2040 1209 Ideo
2054 1187 2154 1209 omne
2169 1176 2261 1218 quod
2275 1176 2364 1218 apud
2381 1177 2471 1218 ipsos

2498 373 2507 420 Ι·
2522 371 2617 427 (ἐῗξᾶξς
2633 379 2644 393 s
2666 372 2713 395 Th.

2497 593 2507 601 ·
2522 591 2580 614 Loc.
2591 598 2659 620 prox.
2672 593 2713 615 cit.

2498 816 2507 824 ·
2522 814 2559 837 Cf.
2575 820 2598 836 n.
2609 821 2648 841 xx,
2662 820 2685 836 a.

1394 1224 1518 1254 moveri
1535 1222 1711 1260 dicebatur,
1723 1223 1960 1264 intelligebatur
1975 1222 2102 1254 moveri
2115 1227 2212 1254 motu
2227 1222 2339 1264 aliquo
2355 1231 2470 1253 eorum
2511 1241 2514 1245 -

1395 1268 1514 1308 quibus
1536 1274 1711 1300 moventur
1733 1277 1882 1309 corpora.
1907 1267 2013 1305 Unde,
2036 1268 2064 1299 si
2087 1267 2326 1299 demonstratur
2348 1266 2471 1308 aliquid

1395 1322 1464 1344 esse
1497 1314 1635 1344 omnino
1666 1313 1722 1344 tali
1750 1319 1847 1344 motu
1875 1313 2056 1349 immobile,
2079 1312 2123 1343 ita
2153 1317 2191 1343 ut
2219 1321 2330 1352 neque
2355 1320 2414 1352 per
2435 1321 2470 1344 se

1394 1367 1502 1398 neque
1528 1367 1588 1399 per
1613 1357 1763 1389 accidens
1792 1363 1972 1394 moveatur,
1996 1357 2078 1389 illud
2107 1362 2238 1398 oportet
2264 1355 2354 1398 apud
2380 1356 2471 1397 ipsos

1395 1402 1503 1434 Deum
1527 1412 1616 1434 esse:
1638 1403 1775 1434 nomine
1798 1403 1887 1434 enim
1900 1402 1966 1434 Dei
1979 1402 2191 1442 intelligimus
2199 1401 2347 1442 primum
2365 1406 2470 1432 moto-

1395 1457 1464 1478 rem
1480 1448 1614 1478 omnino
1630 1447 1835 1479 immobilem.
1860 1447 1948 1479 Cum
1967 1448 2064 1488 igitur
2078 1446 2151 1478 VIII
2165 1446 2383 1488 Hysicoruna
2398 1446 2471 1477 Ari-

1395 1492 1526 1523 stoteles
1549 1492 1816 1523 demonstraverit
1838 1498 1990 1533 oportere
2005 1491 2158 1523 devenire
2173 1490 2214 1522 ad
2233 1491 2356 1532 aliquid
2378 1491 2470 1532 quod

1394 1546 1504 1577 neque
1526 1546 1584 1577 per
1607 1546 1641 1568 se
1670 1546 1780 1577 neque
1803 1547 1861 1578 per
1891 1536 2040 1568 accidens
2072 1541 2167 1567 motu
2197 1545 2375 1577 corporum
2397 1545 2470 1567 mo-

1395 1587 1525 1619 veatur;
1549 1582 1625 1612 licet
1647 1582 1702 1613 ille
1723 1587 1833 1612 motor
1856 1582 1914 1622 qui
1929 1582 1975 1612 ibi
1996 1581 2215 1621 investigatur,
2236 1581 2280 1612 sit
2301 1590 2374 1622 pars
2397 1590 2470 1612 mo-

1395 1627 1500 1657 ventis
1522 1627 1676 1667 seipsum,
1700 1632 1732 1657 et
1754 1636 1823 1657 non
1847 1627 1887 1657 sit
1914 1627 2039 1667 primus
2061 1631 2184 1657 motor'
2197 1626 2405 1667 simpliciter3
2429 1625 2470 1657 de

1394 1671 1467 1712 ipso
1491 1677 1600 1702 tamen
1622 1676 1779 1711 tanquam
1802 1671 1843 1702 de
1865 1671 1973 1712 primo
1995 1676 2125 1702 motore
2143 1670 2336 1711 simplieiter
2349 1671 2470 1702 unmo-

1395 1716 1451 1746 bili
1474 1721 1522 1746 est
1544 1715 1666 1747 ibidem
1688 1716 1829 1752 locutus,
1853 1716 1981 1756 sibique
2002 1716 2099 1756 primi
2120 1715 2258 1747 motoris
2280 1715 2469 1756 simplicitet

1395 1760 1600 1792 conditiones
1622 1761 1775 1796 attribuit,
1798 1761 1844 1792 sic
1867 1761 2025 1801 opinione
2047 1761 2259 1801 antiquorum
2273 1761 2469 1801 requirente.

1394 1805 1438 1836 At
1461 1806 1538 1846 quia
1559 1811 1686 1846 praeter
1707 1811 1836 1836 motum
1852 1814 2029 1846 corporum
2052 1811 2100 1836 est
2122 1805 2204 1836 alius
2226 1810 2346 1836 motus·
2360 1805 2418 1845 qui
2436 1810 2470 1836 et

1394 1850 1491 1881 rebus
1507 1859 1642 1890 quoque
1657 1850 1922 1881 immaterialibus
1945 1850 2108 1886 convenit,
2124 1849 2305 1886 sectmdum
2321 1848 2415 1890 quod
2428 1849 2470 1881 ab

1394 1894 1586 1935 intelligibili
1607 1900 1760 1925 movetur
1782 1900 1815 1925 et
1837 1895 2019 1935 appetibili;
2041 1894 2118 1925 ideo
2141 1894 2182 1926 ad
2205 1895 2270 1925 hoc
2292 1893 2469 1935 ut‘aliquid

1394 1939 1582 1979 simpliciter
1603 1939 1773 1971 immobile
1795 1939 1846 1975 sit,
1870 1944 2000 1979 oportet
2022 1944 2060 1970 ut
2085 1948 2196 1980 neque
2225 1939 2289 1971 hoc
2311 1938 2470 1979 opinanti

1394 1989 1488 2014 motu
1510 1988 1690 2014 moveatur.
1718 1983 1854 2024 Propter
1875 1983 1941 2014 hoc
1962 1983 2152 2014 Aristoteles
2167 1984 2202 2015 in
2219 1983 2278 2014 ΧΠ
2294 1983 2469 2025 Moeaeptyu

1393 2029 1490 2064 sicae,
1507 2037 1584 2059 cum
1606 2028 1774 2069 probasset
1787 2029 1823 2059 in
1838 2027 1989 2070 Pluysicis
2005 2037 2075 2059 esse
2090 2027 2225 2069 aliquod
2238 2037 2377 2060 movens
2396 2037 2469 2060 cor-

1393 2082 1512 2114 porum
1536 2078 1630 2104 motu
1653 2073 1832 2109 immobile,
1856 2073 2026 2113 investigat
2048 2073 2149 2104 alium
2171 2078 2346 2110 meterem,
2366 2082 2385 2104 a
2400 2081 2469 2114 quo

1393 2123 1564 2149 moveatur
1584 2123 1741 2158 tanquam
1764 2118 1804 2148 ab
1827 2118 1993 2159 appetibili
2009 2123 2041 2149 et
2062 2117 2254 2159 intelligibili
2273 2117 2327 2150 ille
2350 2117 2469 2149 immo-

1393 2162 1466 2193 bilis
1488 2168 1598 2193 motor
1621 2162 1679 2203 qui
1702 2168 1750 2194 est
1772 2171 1846 2203 pars
1867 2163 2030 2194 moventis
2053 2163 2207 2204 seipsum,
2231 2162 2288 2194 sed
2314 2163 2384 2204 ipse
2405 2163 2469 2196 i·-

1393 2207 1524 2238 mobilis
1547 2208 1684 2238 omnino
1711 2208 1761 2243 sit,
1789 2212 1905 2248 utpote
1938 2207 2119 2248 appetitum
2145 2208 2186 2238 ab
2209 2207 2289 2245 aliis,
2316 2206 2373 2239 sed
2397 2207 2468 2250 ipae

1394 2262 1412 2283 a
1434 2252 1527 2283 nullo
1551 2251 1718 2293 appetibili
1741 2258 1773 2283 et
1795 2252 1988 2293 intelligibili
2010 2257 2130 2283 motus.

1446 2296 1499 2328 Ad
1522 2296 1658 2327 dubium
1685 2305 1762 2337 ergo
1790 2296 1908 2328 dicitur
1933 2296 2025 2337 quod
2047 2297 2162 2338 utique
2185 2302 2233 2328 est
2253 2296 2336 2327 alius
2356 2301 2469 2329 motor

1393 2341 1447 2372 ille
1470 2341 1527 2382 qui
1550 2342 1758 2381 investigatur
1780 2341 1853 2372 VIII
1869 2341 2085 2383 Hysicorum
2108 2341 2148 2372 ab
2172 2350 2213 2372 eo
2236 2341 2294 2382 qui
2316 2339 2375 2373 xn
2397 2341 2468 2372 Mo-

1394 2386 1583 2427 taplgrsicae
1611 2387 1828 2426 investigatur.
1859 2385 1961 2424 Quod
1983 2391 2094 2417 autem
2117 2385 2241 2427 aliquas
2263 2385 2469 2418 conditiones

1393 2431 1490 2471 primi
1505 2431 1641 2461 motoris
1665 2430 1852 2471 simpliciter
1866 2430 1912 2461 illi
1927 2431 2088 2467 attribuat,
2105 2436 2152 2462 est
2167 2431 2244 2471 quia
2258 2431 2332 2472 ipso
2346 2429 2467 2462 ibidem

1393 2485 1472 2507 usus
1494 2481 1542 2507 est
1564 2481 1720 2515 tanquam
1744 2476 1851 2516 primo
1879 2481 2008 2506 motore
2035 2475 2233 2516 simpliciter,
2256 2475 2468 2516 antiquorum

1393 2520 1666 2561 philosophorum
1689 2519 1836 2551 alludens
1859 2520 2020 2560 opinioni,
2045 2526 2081 2551 ut
2105 2519 2254 2551 diximus.

1449 2565 1510 2596 Per
1530 2564 1619 2595 idem
1647 2563 1687 2595 ad
1720 2563 2004 2595 confirmationem
2030 2570 2129 2605 patet.
2162 2564 2213 2596 De
2243 2564 2356 2596 eadem
2379 2565 2467 2595 enim

1393 2610 1546 2650 inquiunt
1569 2610 1746 2640 substantia
1769 2618 1803 2640 se
1835 2610 1999 2650 probasse,
2024 2610 2100 2649 quia
2123 2618 2184 2650 pro
2207 2609 2322 2640 eadem
2344 2608 2466 2640 ibidem

1392 2654 1582 2686 Aristoteles
1611 2663 1690 2685 usus
1720 2659 1777 2690 est,
1808 2654 1975 2684 veritatem
2007 2654 2282 2695 philosophorum
2314 2652 2468 2695 adaptans

1392 2708 1552 2740 opinioni.

1450 2753 1480 2775 2.
1496 2743 1549 2775 Ad
1563 2743 1758 2775 evidentiam
1773 2742 1909 2774 secundi
1918 2744 1946 2779 “,
1963 2743 2145 2774 notandum
2157 2742 2249 2784 quod
2259 2741 2365 2774 differt
2379 2742 2467 2784 apud

1391 2789 1599 2820 Aristotelem
1632 2788 1735 2829 prima
1765 2787 1986 2828 intelligentia,
2014 2797 2098 2829 quae
2128 2794 2177 2819 est
2207 2787 2308 2824 Deus,
2331 2787 2372 2818 ab
2397 2787 2467 2819 aliis

1391 2833 1618 2874 intelligentiis,
1649 2833 1807 2873 quoniam
1834 2832 1938 2873 prima
1973 2833 2070 2864 habet
2100 2833 2260 2864 rationem
2285 2832 2409 2873 primae
2435 2837 2467 2863 et

1391 2878 1575 2919 principalis
1598 2886 1728 2914 causae3
1745 2877 1825 2908 aliae
1843 2886 1922 2908 vero
1945 2877 2065 2909 babent
2083 2877 2244 2909 rationem
2258 2876 2466 2908 secundariae

1391 2932 1506 2954 causae
1529 2927 1562 2953 et
1576 2922 1791 2953 instrumenti.
1809 2921 1948 2953 Necesse
1965 2927 2013 2953 est
2029 2923 2118 2954 enim
2133 2921 2174 2954 ad
2195 2930 2301 2953 unum
2325 2921 2466 2962 primum

1390 2969 1423 2999 in
1435 2967 1643 2999 moventibus
1659 2966 1810 2998 devenire
1826 2966 1917 3007 quod
1933 2966 2071 2998 aliorum
2088 2976 2184 2998 causa
2199 2967 2250 3003 sit,
2263 2967 2344 2997 utin
2357 2965 2383 2997 11
2396 2966 2466 2998 Ma·

1390 3013 1547 3054 taphys.*
1570 3012 1736 3052 probatur.
1760 3011 2014 3042 Instrumentum
2030 3016 2140 3043 autem
2164 3017 2317 3052 operatur
2339 3010 2379 3042 ad
2401 3011 2466 3042 hoc

1390 3063 1426 3088 ut
1443 3057 1620 3098 explicetur
1635 3057 1670 3087 in
1685 3055 1803 3087 effectu
1819 3055 1912 3097 quod
1923 3056 2099 3087 virtualiter
2113 3056 2148 3087 in
2163 3056 2333 3097 principali
2351 3060 2466 3096 agents

1390 3102 1585 3133 continetur.
1609 3101 1686 3132 Non
1709 3106 1847 3142 possunt
1869 3109 1948 3141 ergo
1970 3100 2201 3142 intelligentiae
2219 3101 2299 3132 aliae
2321 3109 2340 3131 a
2361 3100 2465 3141 prima

1390 3152 1524 3188 propter
1545 3146 1665 3186 seipsas
1681 3153 1775 3186 agere
1791 3150 1947 3186 tanquam
1963 3150 2097 3186 propter
2119 3145 2271 3177 ultimum
2294 3143 2406 3181 finem,
2422 3152 2464 3175 eo

1391 3191 1482 3232 quod
1504 3190 1710 3221 instrumenti
1729 3195 1761 3221 et
1783 3188 1964 3221 secundarii
1987 3190 2111 3230 agentis
2133 3189 2292 3220 radonem
2315 3189 2464 3220 habeant.

1390 3236 1458 3267 Nec
1483 3236 1579 3266 etiam
1602 3234 1719 3266 sufficit
1742 3234 1833 3275 quod
1849 3243 2067 3275 unaquaeque
2088 3239 2223 3275 propter
2243 3241 2340 3264 suum
2363 3232 2464 3264 finem

1390 3281 1577 3321 proximum
1593 3285 1625 3310 et
1647 3279 1932 3320 proportionatum
1949 3284 2037 3320 agat:
2054 3287 2131 3310 cum
2147 3283 2296 3319 oporteat
2314 3278 2464 3309 omnium

1390 3326 1553 3356 actionem
1576 3324 1610 3354 in
1627 3332 1731 3354 unum
1755 3332 1966 3355 communem
1982 3322 2093 3359 finem,
2110 3328 2236 3363 praeter
2257 3322 2465 3363 particulares

1390 3369 1481 3405 fines,
1506 3368 1676 3404 reducere;
1704 3368 1789 3399 sicut
1811 3373 1843 3399 et
1866 3373 1914 3399 est
1937 3367 2207 3407 unum'prImum
2230 3372 2263 3397 et
2285 3366 2464 3398 universale

1390 3413 1586 3454 principium
1610 3414 1760 3444 omnium
1783 3413 1954 3444 motivum.

1446 3458 1498 3489 Ad
1520 3457 1658 3488 dubium
1681 3457 1778 3498 igitur
1799 3455 2014 3497 respondetur
2036 3454 2127 3496 quod
2140 3463 2210 3486 non
2225 3460 2334 3496 potest
2349 3455 2465 3487 intelli-

1390 3503 1498 3543 gentia
1514 3501 1657 3533 secunda
1667 3506 1801 3542 propter
1816 3501 1955 3541 seipsam
1970 3509 2064 3541 agere
2078 3505 2235 3541 tanquam
2246 3505 2380 3541 propter
2389 3499 2465 3531 ulti-

1392 3556 1483 3578 mum
1499 3546 1610 3583 finem,
1626 3546 1702 3577 licet
1717 3546 1820 3587 prima
1835 3545 1900 3576 hoc
1915 3545 2031 3586 possit:
2048 3550 2183 3586 propter
2197 3545 2338 3576 tattones
2353 3544 2463 3576 dictas.

1447 3591 1531 3622 XXI.
1556 3591 1726 3629 Quantum
1748 3589 1789 3621 ad
1811 3589 1993 3621 secundum
2016 3589 2194 3630 principale
2205 3588 2232 3625 ¹⁸¹,
2248 3589 2374 3620 inducit
2385 3588 2464 3620 San·
2493 3622 2515 3638 m

1393 3641 1462 3666 ctus
1486 3636 1632 3667 Thomas
1664 3635 1804 3666 rationes
1834 3644 1872 3665 ex
1903 3634 2140 3675 Metaphysica.
2171 3633 2320 3672 Quarum
2350 3634 2463 3675 prima,

2493 2743 2504 2754 ·
2518 2741 2590 2765 Nam.
2600 2748 2650 2771 au.
2658 2748 2682 2766 2.

2493 3008 2708 3038 τιωιῃιμ,

2491 3591 2501 3600 ·
2516 3589 2554 3612 Cf.
2566 3589 2616 3612 tait.
2631 3588 2704 3612 Con-

2518 3620 2564 3638 ent.
