2768 4134
793 269 982 306 SUMMA
1011 269 1234 307 CONTRA
1262 270 1537 316 GENTILES,
1567 271 1660 307 LIB.
1682 271 1723 316 ΙΙ,
1755 271 1865 307 CAP.
1887 271 2041 307 LXXV.

314 346 423 396 quod
441 357 524 383 non
542 346 616 383 sint
634 345 885 394 intelligibiles
904 354 1003 393 actu,
1024 347 1093 384 sed
1116 347 1288 397 potentia
1305 355 1386 384 tan-

313 408 414 445 tum,
443 399 541 436 sicut
569 399 643 436 alia
674 399 887 437 individua.
918 401 1011 437 Non
1040 399 1146 437 enim
1175 401 1251 439 hoc
1279 401 1388 450 quod

310 461 370 490 est
402 464 484 489 esse
518 452 785 499 individuum,
814 461 1003 502 repugnat
1031 453 1066 490 ei
1094 454 1203 503 quod
1230 462 1286 491 est
1305 466 1388 491 esse

311 506 544 555 intelligibile
564 513 667 543 actu:
689 513 842 555 oportet
860 506 966 543 enim
985 506 1113 544 dicere
1132 506 1262 556 ipsum
1282 507 1388 544 intel·
1411 527 1417 532 ·

313 561 456 597 lectum
474 559 700 609 possibilem
720 566 756 596 et
778 567 968 607 agentem,
993 560 1024 597 si
1047 568 1250 609 ponuntur
1272 572 1388 609 quae·
1413 575 1421 594 s

313 613 406 651 dam
426 612 660 650 substantiae
680 620 877 661 separatae
897 613 1051 662 corpori
1070 625 1151 650 non
1171 613 1300 650 unitae
1320 625 1390 662 per

314 679 354 703 se
373 666 634 711 subsistentes,
654 666 850 714 quaedam
870 666 1072 703 individua
1091 678 1186 712 esse,
1202 674 1239 703 et
1257 674 1389 703 tamen

313 718 559 768 intelligibilia
587 727 687 756 sunt.
718 719 796 756 Sed
824 719 863 756 id
896 720 1005 769 quod
1039 727 1226 768 repugnat
1255 719 1388 756 intelli-

313 772 484 820 gibilitati
504 780 560 809 est
584 772 846 809 materialitas:
877 773 989 810 cuius
1012 772 1167 821 signum
1190 780 1246 809 est
1269 772 1388 821 quod,

314 826 364 862 ad
398 826 476 863 hoc
511 826 619 875 quod
654 825 749 862 fiant
783 826 931 863 formae
967 838 1099 863 rerum
1131 825 1389 862 materlalium
1406 841 1431 855 10

312 878 564 928 intelligibiles
584 886 683 925 actu,
703 887 856 928 oportet
881 879 990 928 quod
1015 891 1038 916 a
1061 879 1222 916 materia
1245 878 1388 915 abstra-

313 933 466 970 hantur.
487 933 536 970 Et
554 932 643 969 ideo
670 932 710 968 in
730 932 800 969 illis
828 932 868 969 in
896 932 1040 982 quibus
1062 931 1318 969 individuatio
1346 931 1390 968 fit

311 998 383 1036 per
397 987 498 1024 hanc
513 985 716 1023 materiam
731 985 930 1034 signatam,
944 984 1185 1023 individuata
1204 996 1285 1022 non
1300 993 1390 1021 sunt

312 1039 561 1088 intelligibilia
589 1047 688 1076 actu.
713 1038 755 1076 Si
775 1046 907 1076 autem
935 1037 1192 1075 individuatio
1220 1037 1288 1075 fiat
1308 1050 1389 1075 non

312 1105 383 1143 per
410 1092 624 1138 materiam,
645 1091 744 1129 nihil
770 1091 952 1141 prohibet
975 1103 1022 1129 ea
1045 1103 1146 1141 quae
1175 1099 1264 1128 sunt
1292 1090 1413 1129 indi—1

311 1146 432 1184 vidua
461 1157 545 1183 esse
573 1153 661 1183 actu
693 1144 952 1193 intelligibilia.
987 1144 1144 1194 Species
1172 1152 1304 1182 autem
1332 1144 1388 1182 in-

311 1200 523 1249 telligibiles
542 1198 837 1236 individuantur
851 1210 923 1248 per
941 1210 1060 1235 suum
1075 1198 1305 1245 subiectum,
1321 1198 1389 1248 qui

312 1261 369 1291 est
386 1252 599 1290 intellectus
625 1251 830 1303 possibilis,
857 1252 955 1289 sicut
974 1259 1011 1289 et
1030 1263 1169 1289 omnes
1197 1251 1293 1289 aliae
1312 1251 1388 1290 for-

310 1318 413 1345 mae.
434 1306 560 1354 Unde,
577 1317 672 1344 cum
690 1305 904 1343 intellectus
928 1304 1122 1355 possibilis
1140 1317 1222 1342 non
1241 1305 1288 1342 sit
1307 1317 1388 1343 ma—

311 1356 463 1406 terialis,
492 1371 574 1397 non
601 1359 746 1397 tollitur
769 1372 792 1397 a
814 1358 1018 1408 speciebus
1046 1358 1295 1396 individuatis
1318 1371 1390 1409 per
1404 1376 1430 1390 20

310 1413 443 1464 ipsum
470 1413 567 1462 quin
595 1412 670 1450 sint
696 1412 948 1461 intelligibiles
975 1419 1076 1449 actu.

366 1467 580 1504 Praeterea.
603 1467 646 1502 In
665 1466 782 1503 rebus
805 1465 1062 1511 sensibilibus,
1083 1464 1181 1502 sicut
1199 1477 1280 1503 non
1300 1474 1389 1503 sunt

311 1519 560 1569 intelligibilia
588 1527 676 1556 actu
708 1519 911 1556 individua
947 1531 1048 1568 quae
1077 1525 1167 1556 sunt
1194 1520 1316 1557 multa
1349 1519 1388 1557 in

310 1585 391 1611 una
418 1572 558 1622 specie,
590 1579 633 1609 ut
660 1572 752 1622 equi
780 1573 843 1610 vel
873 1571 1074 1618 homines;
1103 1571 1155 1608 ita
1186 1584 1259 1610 nec
1291 1572 1388 1610 indi-

309 1625 430 1663 vidua
458 1637 559 1675 quae
587 1633 678 1662 sunt
706 1625 822 1662 unica
848 1625 889 1662 in
913 1637 984 1662 sua
1012 1624 1152 1674 specie,
1181 1633 1223 1662 ut
1247 1625 1311 1663 hic
1330 1628 1388 1663 sol

307 1686 348 1717 et
365 1680 463 1716 haec
485 1680 590 1716 luna.
612 1678 767 1715 Eodem
786 1686 918 1716 autem
943 1678 1066 1715 modo
1093 1677 1387 1717 individuantur

309 1731 458 1784 species
476 1743 548 1782 per
565 1731 802 1769 intellectum
815 1731 1043 1781 possibilem
1062 1730 1144 1769 sive
1164 1731 1239 1769 sint
1256 1734 1388 1783 plures

308 1784 521 1829 intellectus
549 1784 751 1835 possibiles
780 1785 861 1823 sive
890 1797 1008 1822 unus:
1040 1785 1107 1822 sed
1136 1797 1218 1823 non
1246 1786 1387 1824 eodem

307 1840 431 1883 modo
455 1838 759 1889 multiplicantur
786 1838 826 1876 in
851 1838 989 1877 eadem
1018 1837 1157 1887 specie.
1186 1838 1296 1877 Nihil
1323 1839 1387 1888 igi-

307 1901 372 1932 tur
398 1892 526 1938 refert,
563 1899 756 1942 quantum
784 1892 835 1929 ad
862 1893 939 1929 hoc
967 1891 1076 1941 quod
1108 1892 1257 1940 species
1284 1904 1387 1930 rece-

307 1953 397 1997 ptae
424 1946 463 1983 in
493 1946 686 1983 intellectu
713 1944 886 1995 possibili
913 1945 988 1982 sint
1010 1943 1260 1992 intelligibiles
1287 1953 1386 1991 actu,

307 2007 442 2038 utrum
461 1998 673 2036 intellectus
699 1998 892 2049 possibilis
920 1997 967 2035 sit
994 2009 1098 2035 unus
1122 1997 1162 2034 in
1191 1998 1387 2045 omnibus,

309 2060 376 2092 aut
403 2053 546 2103 plures.

362 2107 470 2144 Item.
486 2107 701 2143 Intellectus
715 2103 917 2155 possibilis,
938 2105 1157 2142 secundum
1174 2104 1386 2144 Commen—

308 2168 473 2198 tatorem
491 2158 745 2209 praedictum,
765 2166 822 2195 est
839 2157 1000 2195 ultimus
1027 2157 1067 2195 in
1094 2157 1229 2195 ordine
1252 2158 1385 2197 intelli-

307 2213 483 2263 gibilium
502 2211 816 2255 substantiarum,
845 2223 947 2260 quae
976 2211 1138 2260 quidem
1166 2212 1384 2250 secundum

307 2266 439 2317 ipsum
458 2273 549 2303 sunt
575 2266 718 2315 plures.
748 2265 834 2302 Nec
860 2271 987 2314 potest
1015 2263 1090 2302 dici
1114 2263 1210 2314 quin
1230 2265 1382 2315 aliquae

308 2319 556 2370 superiorum
589 2317 893 2356 substantiarum
922 2317 1090 2355 habeant
1122 2317 1384 2366 cognitionem

307 2385 448 2412 eorum
483 2384 585 2423 quae
620 2369 833 2410 intellectus
869 2369 1062 2421 possibilis
1096 2371 1310 2419 cognoscit:
1347 2372 1384 2409 in

307 2426 527 2464 motoribus
545 2425 651 2463 enim
680 2424 849 2471 orbium,
868 2432 912 2462 ut
936 2424 1019 2474 ipse
1038 2424 1155 2462 etiam
1174 2424 1275 2471 dicit,
1295 2434 1385 2463 sunt
1400 2438 1427 2459 40

307 2480 456 2518 formae
483 2490 622 2517 eorum
643 2491 745 2528 quae
773 2485 984 2516 causantur
1000 2489 1072 2528 per
1091 2477 1197 2515 orbis
1215 2486 1382 2516 motum.

308 2533 451 2571 Adhuc
470 2532 584 2581 igitur
602 2531 830 2578 remanebit,
849 2531 936 2569 licet
961 2530 1173 2569 intellectus
1191 2531 1384 2581 possibilis

309 2585 356 2624 sit
382 2599 497 2633 unuS,
517 2586 627 2637 quod
645 2586 793 2623 formae
812 2584 1064 2634 intelligibiles
1082 2584 1385 2635 multiplicentur

308 2639 348 2678 in
377 2639 539 2682 diversis
566 2637 833 2677 intellectibus.

354 2693 470 2731 Licet
496 2700 629 2730 autem
656 2692 869 2730 dixerimus
897 2691 1006 2741 quod
1038 2691 1186 2741 species
1213 2691 1384 2740 intelligi—
1399 2709 1423 2729 45

307 2746 393 2786 bilis
413 2746 453 2784 in
477 2745 671 2784 intellectu
698 2745 872 2796 possibili
900 2752 1064 2794 recepta,
1093 2756 1175 2782 non
1201 2744 1248 2782 sit
1275 2747 1383 2795 quod

307 2799 535 2849 intelligitur,
565 2798 633 2836 sed
666 2811 747 2849 quo
785 2797 1019 2846 intelligitur;
1049 2809 1131 2835 non
1166 2805 1298 2836 tamen
1327 2812 1384 2836 re-

307 2860 492 2892 movetur
523 2852 619 2902 quin
650 2864 722 2902 per
753 2851 1006 2889 reflexionem
1039 2852 1239 2903 quandam
1276 2852 1383 2890 intel-

307 2909 429 2945 lectus
457 2906 631 2956 seipsum
663 2905 853 2954 intelligat,
870 2912 920 2942 -et
947 2917 1065 2943 suum
1100 2904 1318 2954 intelligere,
1347 2914 1384 2944 et

308 2959 480 3010 speciem
499 2971 578 3009 qua
597 2958 777 3008 intelligit.
799 2959 928 2996 Suum
949 2966 1081 2996 autem
1100 2957 1307 3007 intelligere
1326 2959 1383 2998 in·
1400 2979 1425 2999 50
1427 2961 1480 3008 fit
1507 2960 1722 3009 cognitione
1735 2958 1772 3003 *ς
1804 2965 1840 2994 et
1868 2956 1930 2994 illa
1957 2956 2145 3006 principia
2174 2956 2213 2992 in
2241 2955 2509 2993 conclusiones
2538 2965 2549 3010 g

307 3012 436 3062 telligit
454 3012 672 3062 dupliciter:
702 3024 784 3050 uno
810 3011 933 3049 modo
957 3011 997 3049 in
1015 3011 1246 3061 particulari,
1275 3012 1383 3051 intel-

309 3066 386 3116 ligit
414 3066 520 3104 enim
540 3078 580 3103 se
601 3077 707 3103 nunc
731 3065 955 3114 intelligere;
985 3065 1060 3102 alio
1084 3066 1206 3103 modo
1235 3065 1274 3102 in
1298 3066 1382 3103 uni-

2438 274 2514 320 475

1444 349 1553 398 quod
1582 357 1637 386 est
1665 361 1898 398 cognoscere
1917 350 1957 386 in
1976 349 2195 387 universali.
2226 352 2274 388 Et
2300 351 2516 389 secundum

1445 404 1522 439 hoc
1534 403 1583 439 de
1594 403 1786 440 intellectu
1801 410 1838 439 et
1851 403 2072 451 intelligibili
2086 411 2268 441 tractatur
2285 404 2325 441 in
2340 404 2516 443 scientiis.

1497 456 1572 492 Per
1599 456 1696 492 haec
1725 464 1855 493 autem
1884 468 1985 505 quae
2005 456 2105 494 dicta
2133 465 2222 494 sunt
2250 457 2366 495 etiam
2387 457 2518 495 tertiae

1445 508 1602 545 rationis
1631 517 1790 557 apparet
1819 509 1969 546 solutio.
2000 510 2120 556 Quod
2149 510 2254 548 enim
2283 510 2372 548 dicit
2396 511 2517 548 scien·

1444 561 1538 597 tiam
1558 561 1597 598 in
1617 561 1806 610 discipulo
1827 569 1863 598 et
1882 562 2064 610 magistro
2088 575 2170 600 esse
2194 576 2360 601 numero
2384 577 2517 610 unam,

1444 613 1586 662 partim
1615 613 1775 662 quidem
1805 627 1896 651 vere
1925 615 2071 661 dicitur,
2101 616 2240 665 partim
2262 625 2394 654 autem
2422 629 2515 655 non.

1445 667 1514 704 Est
1528 666 1633 703 enim
1653 677 1820 703 numero
1838 680 1916 704 una
1931 676 2122 716 quantum
2143 670 2191 705 ad
2208 669 2245 706 icl
2261 671 2368 718 quod
2384 671 2516 708 scitur:

1445 731 1526 756 non
1541 726 1672 756 tamen
1683 728 1874 769 quantum
1891 721 1938 756 ad
1950 721 2097 770 species
2112 722 2361 770 intelligibiles
2376 723 2519 772 quibus

1446 772 1572 818 scitur,
1588 785 1716 822 neque
1727 781 1919 822 quantum
1930 774 1979 810 ad
1995 774 2124 822 ipsum
2140 774 2317 812 scientiae
2329 776 2516 813 habitum.

1444 826 1539 862 Non
1563 833 1694 863 tamen
1721 834 1874 876 oportet
1893 827 2000 875 quod
2030 827 2171 863 eodem
2195 829 2315 865 modo
2340 830 2519 877 magister

1446 887 1576 915 causet
1605 879 1804 917 scientiam
1833 879 1872 916 in
1902 879 2091 928 discipulo
2121 880 2218 917 sicut
2247 880 2342 929 ignis
2365 891 2532 930 generat

1446 931 1587 980 ignem.
1617 933 1710 969 Non
1741 933 1845 969 enim
1874 933 1981 970 idem
1999 941 2055 970 est
2083 934 2227 971 modus
2255 946 2393 971 eorum
2418 948 2518 984 quae

1446 998 1468 1022 a
1488 993 1623 1022 natura
1642 994 1884 1034 generantur,
1906 994 1942 1023 et
1961 999 2101 1024 eorum
2119 998 2220 1036 quae
2241 987 2290 1024 ab
2310 995 2400 1024 arte.
2420 988 2519 1036 Ignis

1446 1038 1606 1087 quidem
1621 1039 1727 1076 enirn
1737 1047 1892 1086 generat
1908 1039 2036 1087 ignem
2051 1039 2283 1087 naturaliter,
2295 1041 2518 1078 reducendo

1445 1091 1649 1129 materiam
1668 1093 1716 1129 de
1736 1092 1907 1141 potentia
1926 1093 1965 1129 in
1985 1101 2116 1130 actum
2136 1106 2228 1131 suae
2251 1094 2416 1131 formae:
2437 1107 2519 1132 ma-

1444 1145 1559 1193 gister
1577 1156 1672 1182 vero
1692 1154 1823 1183 causat
1845 1145 2043 1183 scientiam
2069 1147 2108 1183 in
2128 1146 2316 1196 discipulo
2339 1159 2410 1197 per
2434 1159 2519 1185 mo-

1445 1199 1542 1235 dum
1562 1198 1667 1243 artis;
1697 1199 1744 1236 ad
1771 1199 1846 1236 hoc
1865 1199 1970 1236 enim
1990 1200 2103 1237 datur
2126 1212 2185 1237 ars
2205 1201 2518 1247 demonstrativa,

1445 1263 1566 1301 quam
1587 1251 1807 1289 Aristoteles
1832 1252 1870 1288 in
1895 1254 2167 1290 Posteriorihus
2194 1254 2325 1300 tradit;
2355 1254 2518 1292 demon-

1445 1304 1575 1341 stratio
1605 1304 1709 1342 enim
1739 1313 1795 1342 est
1821 1306 2063 1355 syllogismus
2081 1307 2233 1355 faciens
2260 1309 2356 1344 scire
2373 1307 2404 1346 ²¹⁵.

1500 1357 1714 1396 Sciendum
1742 1366 1873 1395 tamen
1902 1360 2021 1408 quod,
2052 1360 2271 1397 secundum
2299 1361 2406 1409 quod
2435 1361 2518 1398 Ari·
2558 1381 2562 1385 -
2591 1381 2596 1385 -
2620 1354 2625 1363 ’

1445 1412 1598 1448 stoteles
1617 1411 1657 1449 in
1672 1413 1739 1448 VlI
1759 1413 2075 1461 Metaphysicaess
2098 1413 2220 1458 docet,
2241 1413 2382 1450 artium
2401 1426 2519 1463 quae-

1446 1464 1538 1502 dam
1565 1474 1656 1502 sunt
1690 1465 1730 1501 in
1766 1477 1935 1514 quarum
1969 1466 2128 1503 materia
2158 1478 2238 1503 non
2274 1474 2329 1503 est
2361 1467 2519 1516 aliquod

1444 1517 1681 1568 principium
1696 1529 1813 1566 agens
1832 1519 1880 1556 ad
1901 1519 2083 1556 effectum
2099 1519 2187 1556 artis
2206 1520 2517 1569 producendum,

1445 1571 1542 1608 sicut
1560 1579 1663 1621 patet
1683 1571 1723 1608 in
1747 1571 2003 1609 aedificativa:
2035 1584 2115 1609 non
2140 1572 2246 1609 enim
2271 1581 2325 1609 est
2350 1573 2389 1610 in
2409 1573 2518 1622 lignis

1405 1643 1427 1662 η
1445 1632 1482 1661 et
1505 1624 1698 1674 lapidibus
1723 1625 1856 1674 aliqua
1875 1625 1933 1662 vis
1962 1625 2086 1662 activa
2109 1638 2275 1662 movens
2303 1627 2352 1663 ad
2377 1627 2520 1663 domus

1445 1678 1773 1723 constitutionem,
1794 1678 1862 1715 sed
1882 1678 2056 1728 aptitudo
2081 1678 2234 1727 passiva
2259 1687 2421 1716 tantum.
2443 1679 2520 1716 Ali-

1445 1743 1524 1781 qua
1552 1744 1646 1769 vero
1680 1739 1736 1768 est
1770 1743 1831 1768 ars
1860 1731 1899 1768 in
1935 1732 2046 1769 cuius
2079 1732 2238 1769 materia
2271 1740 2326 1768 est
2361 1732 2520 1782 aliquod

1445 1784 1616 1822 activum
1653 1784 1890 1834 principium
1928 1797 2093 1823 movens
2131 1785 2180 1822 ad
2218 1785 2520 1835 producendum

1444 1837 1628 1876 effectum
1647 1837 1747 1883 artis,
1778 1838 1875 1876 sicut
1898 1846 2002 1888 patet
2026 1838 2064 1875 in
2085 1837 2330 1876 medicativa:
2361 1851 2454 1876 nam
2480 1838 2519 1876 in

1416 1903 1608 1941 ocorpore
1636 1891 1794 1928 infirmo
1823 1899 1879 1928 est
1904 1891 2063 1941 aliquod
2088 1891 2260 1929 activum
2284 1891 2518 1941 principium

1443 1945 1494 1982 ad
1513 1944 1726 1982 sanitatem.
1748 1945 1797 1981 Et
1815 1944 1904 1982 ideo
1924 1945 2107 1982 effectum
2127 1944 2215 1982 artis
2234 1944 2349 1994 primi
2369 1944 2518 1992 generis

1443 2009 1649 2048 nunquam
1664 1997 1845 2047 producit
1863 2005 2010 2043 natura,
2032 1998 2099 2034 sed
2120 2010 2275 2047 semper
2293 1998 2336 2034 fit
2350 1998 2399 2034 ab
2419 2005 2515 2034 arte:

1443 2050 1540 2088 sicut
1569 2051 1712 2088 domus
1742 2050 1869 2088 omnis
1898 2059 1954 2088 est
1981 2051 2031 2088 ab
2065 2058 2155 2089 arte.
2187 2051 2358 2088 Effectus
2386 2059 2517 2088 autem

1442 2104 1532 2142 artis
1567 2103 1728 2142 secundi
1750 2104 1901 2153 generis
1929 2103 1972 2141 fit
2000 2112 2036 2142 et
2064 2104 2112 2142 ab
2147 2112 2237 2150 arte,
2266 2112 2302 2141 et
2330 2117 2352 2141 a
2381 2112 2517 2141 natura

1416 2158 1525 2196 :sine
1553 2166 1648 2195 arte:
1680 2157 1790 2195 multi
1819 2157 1924 2195 enim
1952 2170 2023 2207 per
2051 2157 2318 2207 operationem
2344 2165 2515 2203 naturae,

1442 2211 1524 2248 sine
1544 2219 1624 2249 arte
1643 2211 1871 2256 medicinae,
1896 2218 2091 2248 sanantur.
2112 2212 2154 2247 In
2179 2210 2238 2247 his
2264 2218 2396 2248 autem
2415 2223 2515 2260 quae

1441 2273 1606 2314 possunt
1633 2264 1718 2302 fieri
1746 2271 1783 2303 et
1811 2272 1890 2301 arte
1919 2271 1955 2301 et
1984 2272 2131 2310 natura,
2161 2277 2225 2300 ars
2258 2266 2423 2301 imitatur
2450 2277 2516 2301 na-

1441 2317 1614 2356 turam*:
1637 2317 1668 2355 si
1688 2318 1775 2367 quis
1800 2317 1905 2354 enim
1926 2330 1971 2354 ex
1991 2316 2125 2365 frigida
2148 2329 2264 2354 causa
2288 2316 2515 2363 infirmetur,

1442 2378 1580 2409 natura
1599 2383 1692 2408 eum
1712 2370 1971 2408 calefaciendo
1991 2378 2114 2416 sanat;
2142 2370 2247 2407 unde
2273 2378 2308 2407 et
2329 2370 2516 2416 medicus,

1441 2424 1473 2461 si
1501 2437 1595 2462 eum
1622 2437 1758 2462 curare
1788 2424 1937 2470 debeat,
1971 2423 2230 2461 calefaciendo
2263 2432 2382 2461 sanat.
2413 2424 2516 2462 Huic

1441 2485 1572 2515 autem
1601 2477 1671 2515 arti
1706 2477 1839 2514 similis
1867 2485 1923 2514 est
1958 2489 2020 2514 ars
2047 2476 2226 2514 docendi.
2257 2478 2299 2514 ln
2334 2489 2382 2514 eo
2411 2477 2515 2514 enim

1441 2531 1509 2580 qui
1523 2531 1696 2577 docetur,
1717 2538 1773 2568 est
1791 2530 2028 2580 principium
2043 2530 2214 2568 activum
2234 2530 2284 2567 ad
2298 2530 2513 2568 scientiam:

1441 2583 1582 2622 scilicet
1610 2585 1833 2629 intellectus,
1863 2591 1899 2620 et
1927 2596 1973 2620 ea
2001 2595 2101 2632 quae
2131 2582 2352 2620 naturaliter
2382 2583 2515 2620 intelli-

1439 2646 1593 2687 guntur,
1623 2636 1764 2675 scilicet
1791 2636 1918 2687 prima
1945 2635 2144 2686 principia.
2175 2637 2224 2673 Et
2245 2635 2334 2673 ideo
2357 2636 2514 2674 scientia

1440 2691 1652 2741 acquiritur
1679 2690 1895 2740 dupliciter:
1926 2698 1963 2728 et
1985 2690 2067 2727 sine
2086 2689 2271 2734 doctrina,
2292 2701 2362 2738 per
2379 2689 2514 2727 inven-

1439 2745 1604 2791 tionem;
1625 2752 1662 2782 et
1675 2756 1747 2794 per
1759 2743 1988 2781 doctrinam.
2005 2743 2160 2780 Docens
2175 2742 2287 2790 igitur
2301 2743 2378 2779 hoc
2391 2743 2512 2780 modo

1440 2797 1572 2848 incipit
1606 2798 1747 2835 docere
1786 2797 1883 2834 sicut
1915 2796 2118 2833 inveniens
2154 2795 2285 2845 incipit
2321 2795 2510 2833 invenire:

1440 2851 1642 2890 offerendo
1662 2851 1803 2889 scilicet
1817 2849 2114 2888 considerationi
2133 2848 2310 2898 discipuli
2326 2848 2512 2898 principia

1440 2905 1489 2943 ab
1509 2917 1556 2943 eo
1576 2912 1679 2951 nota,
1704 2904 1797 2954 quia
1817 2906 1938 2941 omnis
1956 2903 2151 2953 disciplina
2175 2916 2224 2940 ex
2246 2904 2514 2952 praeexistenti

1439 3012 1691 3058 deducendo;
1729 3019 1766 3048 et
1800 3009 2060 3060 proponendo
2095 3010 2272 3058 exempla
2307 3008 2508 3053 sensibilia,

1440 3078 1487 3103 ex
1515 3065 1658 3115 quibus
1687 3065 1727 3102 in
1762 3065 1892 3102 anima
1928 3063 2105 3112 discipuli
2141 3063 2355 3099 formentur
2386 3063 2508 3111 phan-

307 3119 720 3166 versa1i‚.secundum
758 3119 866 3168 quod
901 3117 1148 3156 ratiocinatur
1179 3119 1228 3156 de
1264 3118 1383 3168 ipsius
1438 3126 1602 3156 tasmata
1643 3117 1858 3156 necessaria
1895 3117 1943 3154 ad
1986 3116 2286 3165 intelligendum.
2329 3116 2377 3152 Et
2417 3115 2509 3164 quia

308 3181 416 3212 actus
453 3181 602 3210 natura.
641 3171 754 3210 Unde
791 3179 829 3209 et
865 3170 1102 3209 intellectum
1139 3179 1176 3210 et
1212 3172 1383 3221 speciem
1439 3170 1604 3209 exterior
1631 3171 1804 3221 operatio
1838 3169 2010 3208 docentis
2047 3169 2142 3206 nihil
2177 3176 2400 3218 operaretur
2435 3167 2508 3205 nisi

308 3226 581 3275 intelligibilem
601 3225 771 3274 intelligit
795 3225 937 3262 eodem
955 3225 1078 3263 modo
1102 3225 1320 3275 dupliciter:
1347 3234 1383 3263 et
1399 3243 1422 3263 55
1438 3225 1589 3263 adesset
1616 3224 1851 3275 principium
1888 3222 2139 3260 intrinsecum
2177 3221 2365 3266 scientiae,
2399 3222 2508 3270 quod

309 3279 560 3330 percipiendo
590 3292 630 3317 se
659 3291 742 3316 esse
771 3286 808 3315 et
835 3278 979 3316 habere
1012 3278 1183 3328 speciem
1211 3277 1381 3327 intelligi-
1438 3278 1535 3316 inest
1554 3278 1667 3316 nobis
1686 3277 1879 3322 divinitus,
1906 3276 1994 3313 ideo
2014 3276 2118 3325 apud
2143 3275 2343 3322 theologos
2371 3274 2509 3311 dicitur

308 3332 438 3380 bilem,
458 3333 566 3383 quod
587 3340 642 3370 est
660 3344 894 3381 cognoscere
913 3331 953 3368 in
971 3330 1207 3381 particulari3
1234 3339 1272 3369 et
1288 3344 1381 3382 con-
1436 3332 1545 3382 quod
1564 3333 1677 3370 homo
1692 3333 1796 3369 docet
1815 3330 2058 3367 ministerium
2078 3328 2297 3374 exhibendo,
2320 3329 2423 3364 Deus
2441 3340 2507 3365 au-

311 3386 517 3424 siderando
545 3398 659 3424 suam
687 3394 724 3423 et
752 3385 893 3435 speciei
921 3384 1160 3434 intelligibilis
1187 3392 1379 3431 naturam,
1435 3391 1508 3422 tem
1546 3387 1697 3423 interius
1724 3383 1933 3434 operando:
1967 3381 2064 3418 sicut
2098 3389 2134 3417 et
2162 3380 2335 3418 medicus
2371 3379 2509 3418 dicitur

845 3511 875 3530 ιι
897 3503 1088 3537 abstrahantur]
1115 3504 1280 3529 abstrahatur
1298 3504 1408 3530 aDwx.
1499 3512 1533 3535 ²4
1551 3504 1613 3537 equi
1631 3505 1673 3528 vel
1693 3501 1821 3535 homines]
1848 3501 1968 3525 homines
1986 3501 2028 3524 vel
2047 3501 2107 3532 equi
2126 3500 2158 3531 G,
2179 3499 2297 3540 equi-vel
2316 3507 2380 3524 oves
2399 3500 2427 3531 Z,
2446 3500 2507 3533 equi

309 3542 352 3567 vel
371 3541 453 3566 boves
470 3541 514 3566 vel
531 3541 652 3566 homines
671 3541 695 3567 b.
787 3540 820 3566 30
838 3539 925 3574 refert]
945 3540 1053 3566 referret
1069 3539 1123 3570 YZ,
1143 3539 1229 3564 differt
1247 3540 1278 3565 D.
1367 3539 1402 3572 45
1422 3539 1599 3574 intelligibilis]
1618 3538 1790 3571 intelligibiles
1809 3536 1918 3577 «WXZ3
1938 3543 2004 3577 nffox
2022 3539 2146 3576 receptae·
2159 3543 2211 3560 non
2230 3540 2282 3560 sint
2299 3535 2344 3560 W.

365 3576 378 3603 5
399 3575 580 3618 magistroljn
597 3577 724 3619 magistro
742 3577 792 3602 Pd.
864 3575 881 3601 6
899 3581 987 3618 autem
1006 3575 1178 3616 omffDWX,
1197 3575 1305 3608 quidem
1316 3575 1347 3607 E,
1365 3583 1429 3617 »zero
1441 3575 1475 3601 N.
1547 3582 1582 3608 ¹4
1600 3575 1706 3615 quidem
1726 3572 1804 3605 enim]
1825 3579 1893 3596 emm
1913 3571 2018 3604 quidem
2031 3571 2088 3612 DQ,
2101 3571 2208 3612 quidem
2221 3570 2316 3596 EYPA.

310 3620 370 3673 niun
381 3613 432 3681 JIta
451 3612 484 3642 P;
504 3619 578 3637 culus
596 3615 738 3673 ceter-12²&
758 3619 792 3646 29
806 3610 972 3672 ¹medicativa]
993 3612 1118 3637 medicina
1131 3610 1173 3635 CF
1174 3610 1312 3642 HNWYZ,
1328 3610 1486 3636 aedificativa
1497 3611 1528 3636 B.
1604 3610 1637 3642 34
1655 3615 1715 3635 artis
1735 3616 1777 3633 om
1790 3607 1902 3632 NYZPc.
1975 3605 2091 3639 secundi]
2111 3613 2188 3639 primi
2207 3605 2309 3631 BDEG.

309 3655 328 3682 p
338 3647 380 3673 ina
409 3653 435 3673 et
451 3647 539 3673 omnis
555 3647 661 3673 scientia
738 3651 788 3673 unt
825 3655 848 3673 c.

365 3505 379 3531 5
398 3505 541 3539 ponuntur]
560 3511 690 3539 ponantur
710 3506 754 3531 Pc-

2391 3578 2422 3595 22
2443 3578 2506 3604 qua-

2380 3614 2416 3640 49
2430 3606 2506 3631 disci-

2544 2326 2555 2373 ἑ
2567 2325 2673 2379 ΙὲἸῙῑΙιζεΣ
2690 2332 2715 2352 11,
2728 2331 2756 2353 73
