2768 4134
41 894 52 905 ⁶
60 892 130 915 Tm.
142 899 154 921 5
163 892 203 920 (cf.
213 893 256 914 fol.

0 942 15 951 ,1
43 919 255 948 ι49νςνειιη562).

6 986 18 1005 ‘¹'
40 1001 52 1011 '
65 997 124 1026 cap.
133 1004 217 1020 vam.

24 1446 137 1531 ta·-
159 1494 166 1506 ‚
190 1486 209 1506 .‚

135 1505 150 1528 l.
161 1512 194 1534 ¹5.

41 1692 54 1705 ·
157 1697 198 1718 ιιι,
218 1697 256 1720 23;

40 1717 118 1743 ..Ὧι
132 1718 149 1741 1.
159 1718 180 1741 8.

754 278 942 315 SUMMA
971 251 1196 319 CONTRA·
1222 279 1496 326 GENTILES,
1524 281 1618 317 LIB.
1639 282 1681 327 1-1,
1711 281 1822 318 CAP.
1843 282 2008 322 LXXIII,

2397 284 2476 336 459

554 435 1038 493 CAPITULUM
1075 438 1804 496 SEPTUAGESIMUM·
1828 398 2205 508 TERTIUM

284 544 459 615 QUOD
482 563 908 606 INTELLECTUS
934 565 1259 611 POSSIBILIS
1282 566 1412 607 NON
1436 566 1551 607 EST
1574 566 1739 608 UNUS
1763 567 1822 607 IN
1845 558 2117 609 OMNIBUS
2140 569 2476 610 HOMINIBUS

493 687 518 711 x
536 676 756 724 praemissis
775 684 906 714 autem
926 678 1125 716 evidenter
1143 679 1357 718 ostenditur

507 740 589 764 non
608 740 691 765 esse
716 742 842 770 unum
868 730 1102 771 intellectum
1130 732 1356 781 possibilem

507 781 688 819 omnium
703 783 912 821 hominum
925 784 993 833 qui
1008 792 1097 822 sunt
1111 792 1148 822 et
1162 785 1229 834 qui
1244 793 1356 823 erunt

509 842 546 871 et
573 835 641 884 qui
667 836 839 874 fuerunt:
869 845 912 874 ut
939 839 1143 884 Averroes,
1171 838 1211 875 in
1239 839 1286 875 III
1312 839 1358 875 de

503 887 623 936 fingit.

284 970 289 973 .
322 940 552 983 ,Ostensum
572 949 628 978 est
646 941 752 979 enim
777 943 885 992 quod
905 944 1117 983 substantia
1145 943 1356 982 intellectus

283 993 417 1031 unitur
430 994 585 1044 corpori
604 996 782 1037 humano
798 1004 840 1033 ut
858 996 984 1033 forma
997 997 1028 1034 ²¹⁶.
1046 996 1284 1046 Impossibile
1300 1005 1356 1035 est

283 1054 416 1084 autem
444 1060 567 1085 unam
594 1049 760 1085 formam
792 1061 875 1086 esse
903 1049 976 1086 nisi
1009 1050 1126 1087 unius
1154 1050 1354 1088 materiae:

283 1100 377 1149 quia
404 1101 586 1150 proprius
614 1110 722 1139 actus
741 1101 781 1139 in
799 1102 957 1152 propria
984 1103 1154 1152 potentia
1182 1103 1241 1149 fit;
1268 1111 1358 1141 sunt

283 888 425 925 Anima
444 887 475 933 ³¹⁵,

284 1153 391 1191 enim
419 1154 468 1191 ad
496 1154 666 1192 invicem
698 1155 1003 1204 proportionata.
1037 1157 1131 1193 Non
1163 1164 1219 1193 est
1246 1156 1359 1205 igitur
1375 1179 1383 1192 ι

283 1206 495 1245 intellectus
523 1220 626 1245 unus
655 1208 836 1246 omnium
865 1209 1086 1249 hominum.
1235 1247 1237 1249 ,

337 1260 490 1299 Adhuc.
529 1261 748 1311 Unicuique
790 1262 933 1300 motori
975 1263 1166 1301 debentur
1201 1263 1359 1312 propria

283 1313 650 1357 instrumenta-alia
668 1314 774 1352 enim
794 1323 883 1352 sunt
905 1315 1161 1356 instrumenta
1182 1315 1358 1362 tibicinis,

283 1366 357 1409 alia
385 1367 656 1406 architectoris.
693 1369 908 1405 Intellectus
935 1377 1075 1409 *autem
1110 1377 1359 1418 comparatur

283 1420 335 1459 ad
353 1432 497 1470 corpus
524 1428 567 1458 ut
595 1428 726 1458 motor
752 1421 889 1470 ipsius:
919 1421 1017 1459 sicut
1045 1421 1266 1459 Aristoteles
1294 1423 1359 1459 de·
1376 1443 1398 1463 ις

249 1486 255 1506 ;
283 1473 463 1517 terminat
490 1473 531 1510 in
550 1475 597 1511 III
616 1474 662 1511 de
685 1475 826 1511 Anima
845 1474 876 1511 ²¹³.
907 1474 1014 1512 Sicut
1042 1474 1154 1523 igitur
1182 1474 1359 1524 impossi-

283 1526 360 1570 bile
389 1534 445 1564 est
465 1527 575 1576 quod
598 1526 828 1577 architector
846 1535 975 1565 utatur
993 1527 1258 1567 instrumentis
1275 1528 1359 1565 tibi-

284 1579 392 1626 cinis,
420 1579 472 1618 ita
498 1579 736 1629 impossibile
765 1588 821 1617 est
853 1581 962 1629 quod
999 1580 1212 1619 intellectus
1244 1580 1360 1618 unius

284 1632 457 1671 hominis
485 1632 531 1670 sit
559 1633 771 1670 intellectus
799 1633 965 1670 alterius.

291 1726 294 1728 ,
338 1687 552 1727 Praeterea.
582 1685 816 1732 Aristoteles,
845 1685 884 1723 in
906 1687 920 1724 1
948 1687 995 1723 de
1015 1687 1158 1723 Anima
1172 1686 1203 1732 ²⁸,
1233 1698 1360 1735 repre·
1377 1706 1388 1719 2

285 1738 422 1782 hendit
449 1738 630 1789 antiquos
649 1739 698 1776 de
717 1739 795 1776 hoc
814 1739 935 1788 quod,
959 1739 1130 1777 dicentes
1149 1739 1198 1776 de
1219 1739 1361 1785 anima,

285 1792 390 1835 nihil>
400 1793 450 1830 de
469 1791 630 1842 proprio
658 1792 894 1842 susceptibili
913 1792 1108 1830 dicebant:
1139 1795 1247 1842 quasi
1272 1798 1361 1831 esset

285 1848 519 1896 contingens,
534 1846 739 1883 secundum
753 1847 1032 1896 &thagoricas
1040 1847 1210 1894 sabulaS‚
1232 1859 1361 1895 quam·

286 1901 373 1940 libet
408 1901 577 1941 animam
616 1900 800 1948 quodlibet
836 1912 973 1948 corpus
1012 1900 1128 1940 indui.
1172 1900 1264 1936 Non
1307 1907 1363 1935 est

286 1952 401 2002 igitur
436 1952 620 2002 possibile
661 1952 770 2001 quod
812 1953 943 1994 anima
986 1952 1091 1989 canis
1128 1951 1364 2000 ingrediatur
1378 1975 1401 1994 ,ς

287 2017 431 2056 corpus
452 2006 560 2055 lupi,
598 2006 662 2042 vel
700 2005 833 2043 anima
869 2004 1041 2043 hominis
1077 2004 1182 2042 aliud
1220 2017 1362 2054 corpus

287 2071 410 2110 quam
438 2058 621 2097 hominis.
653 2059 730 2096 Sed
759 2070 860 2108 quae
889 2066 946 2096 est
978 2058 1179 2108 proportio
1208 2058 1361 2097 animae

287 2112 459 2157 hominis
477 2113 528 2151 ad
547 2124 690 2162 corpus
719 2111 901 2158 hominis,
928 2111 1068 2149 eadem
1087 2119 1143 2148 est
1162 2111 1362 2161 proportio

287 2165 580 2207 animaehuius
607 2164 779 2203 hominis
798 2165 848 2202 ad
876 2177 1020 2214 corpus
1039 2164 1156 2202 huius
1179 2164 1360 2202 hominis.

287 2221 383 2261 Non
411 2227 467 2257 est
494 2219 609 2268 igitur
635 2218 817 2269 possibile
846 2218 1019 2256 animam
1044 2218 1160 2255 huius
1193 2217 1388 2261 hominis3

288 2272 436 2322 ingredi
464 2273 569 2313 aliud
601 2285 745 2322 corpus
777 2284 898 2321 quam
931 2271 1039 2309 istius
1071 2271 1254 2312 hominis,
1286 2271 1363 2310 Sed

288 2326 421 2370 ,anima
448 2326 567 2366 huius
603 2325 775 2369 hominis
803 2333 859 2368 est
892 2337 963 2374 per
991 2337 1112 2374 quam
1149 2325 1212 2362 hic
1239 2325 1362 2362 homo

288 2380 475 2429 intelligit:
505 2382 618 2418 homo
656 2381 756 2417 enim
786 2391 859 2429 per
892 2380 1061 2420 animam
1095 2379 1276 2428 intelligit,
1306 2390 1363 2414 se-

187 2456 194 2467 ‚
255 2446 262 2467 ³
289 2434 467 2476 cundum
495 2432 726 2471 sententiam
753 2431 964 2470 Aristotelis
992 2431 1032 2468 in
1060 2433 1075 2468 Ι
1103 2432 1149 2468 de
1174 2433 1316 2469 Anima
1330 2430 1361 2468 ³⁸.

288 2488 384 2526 Non
421 2494 478 2524 est
514 2486 628 2536 igitur
663 2498 767 2523 unus
804 2485 1017 2527 intellectus
1055 2484 1162 2522 istius
1195 2493 1231 2521 et
1264 2484 1363 2522 illius
1379 2506 1402 2527 ,ς

290 2540 474 2579 hominis.

297 2621 299 2623 -
343 2593 535 2643 Amplius.
556 2593 618 2630 Ab
637 2579 780 2630 eodem
808 2591 955 2641 aliquid
976 2578 1093 2628 habet
1112 2603 1195 2628 esse
1223 2598 1260 2627 et
1278 2590 1362 2628 uni-

289 2655 424 2686 tatem:
455 2659 572 2684 unum
601 2646 707 2687 enim
727 2653 764 2683 et
791 2658 857 2682 ens
881 2657 921 2682 se
950 2651 1254 2693 consequuntur.
1285 2643 1362 2681 Sed

290 2700 607 2749 unumquodque
643 2699 761 2737 habet
798 2710 881 2736 esse
918 2710 988 2747 per
1029 2709 1142 2735 suam
1179 2697 1359 2734 formam.

1412 679 1524 719 Unde
1560 686 1711 728 oportet
1748 680 1867 728 quod,
1904 679 2000 719 sicut
2035 681 2111 716 hoc
2144 680 2390 718 individuum
2423 689 2478 719 est

1411 732 1555 770 animal
1583 739 1740 781 propter
1777 744 1947 777 sensum,
1977 733 2194 771 secundum
2222 734 2477 779 Aristotelem,

1412 785 1451 822 in
1479 786 1509 822 11
1540 786 1586 822 de
1616 785 1810 831 Anima*;
1839 785 1890 822 ita
1923 785 1968 822 sit
1996 786 2118 822 homo
2146 794 2303 836 propter
2330 787 2369 824 id
2390 786 2477 836 ‚qu'o
2506 798 2515 806 ·

1411 838 1592 887 intelligit.
1613 839 1662 877 Id
1678 844 1802 875 autem
1823 851 1895 888 quo
1915 839 2084 888 intelligit
2108 841 2247 885 anima,
2276 841 2338 876 vel
2365 841 2478 877 homo
2506 830 2525 844 δ’

1381 909 1390 929 ς
1406 904 1480 941 per
1508 893 1687 938 animam,
1718 899 1773 928 est
1801 891 2011 931 intellectus
2039 891 2240 940 possibilis,
2269 900 2311 928 ut
2342 892 2480 933 dicitur

1413 945 1452 981 in
1482 946 1530 984 ΙΙΙ
1569 945 1614 982 de
1640 947 1781 982 Anima
1800 944 1830 982 ²²⁶.
1867 945 1935 983 Est
1972 944 2084 993 igitur
2118 945 2195 982 hoc
2231 944 2479 988 individuum
2507 954 2676 1008 }.i³fi.'1f''7’.¹’
2707 970 2714 981 ‚

1412 998 1535 1035 homo
1563 1010 1634 1047 per
1667 995 1902 1035 intellectum
1939 997 2175 1047 possibilem.
2205 998 2246 1035 Si
2280 997 2392 1046 igitur
2418 998 2481 1035 hic

1414 1052 1536 1088 homo
1565 1051 1681 1088 habet
1709 1051 1824 1088 aliam
1843 1051 2016 1091 animam
2045 1050 2266 1088 sensitivam
2294 1063 2387 1088 cum
2406 1051 2480 1088 alio

1413 1104 1586 1150 homine,
1601 1116 1682 1141 non
1701 1112 1832 1142 autem
1851 1104 1972 1141 alium
1991 1103 2225 1145 intellectum
2245 1103 2480 1153 possibilem,

1414 1157 1481 1194 sed
1510 1155 1636 1195 unum
1665 1165 1702 1194 et
1734 1158 1922 1203 eundem,
1952 1164 2135 1206 sequetur
2160 1155 2270 1206 quod
2298 1157 2373 1194 sint
2399 1157 2480 1198 duo

1414 1210 1604 1257 animalia,
1625 1210 1693 1247 sed
1717 1223 1798 1249 non
1817 1211 1897 1247 duo
1912 1210 2109 1251 homines.
2140 1210 2258 1257 Quod
2287 1218 2391 1259 patet
2409 1209 2480 1248 im-

1413 1263 1594 1313 possibile
1619 1276 1713 1303 esse.
1734 1265 1828 1301 Non
1847 1271 1903 1300 est
1921 1263 2034 1312 igitur
2052 1275 2154 1300 unus
2169 1263 2379 1305 intellectus
2393 1275 2482 1312 pos-

1414 1316 1531 1355 sibilis
1560 1317 1741 1354 omnium
1769 1317 1990 1354 hominum.

1468 1369 1538 1406 His
1562 1377 1693 1407 autem
1713 1369 1924 1407 rationibus
1954 1370 2161 1418 respondet
2190 1369 2484 1411 Commentator

1414 1422 1648 1471 praedictus,
1696 1422 1735 1459 in
1782 1424 1831 1459 III
1874 1423 1920 1459 de
1955 1424 2095 1460 Anima
2118 1422 2161 1468 ²¹⁶,
2199 1421 2330 1459 dicens
2376 1422 2483 1471 quod

1415 1475 1626 1513 intellectus
1663 1475 1854 1524 possibilis
1891 1474 2137 1517 continuatur
2177 1474 2382 1517 nobiscum
2414 1487 2485 1524 per

1414 1528 1582 1569 formam
1617 1541 1741 1574 suam,
1783 1528 1922 1565 scilicet
1963 1541 2033 1577 per
2068 1527 2238 1577 speciem
2274 1527 2484 1576 intelligibi-

1416 1582 1508 1626 lem,
1541 1581 1652 1618 cuius
1685 1593 1812 1618 unum
1844 1581 2062 1623 subiectum
2094 1589 2149 1618 est
2181 1582 2412 1630 phantasma
2445 1581 2484 1618 in

1417 1633 1529 1670 nobis
1558 1634 1733 1679 existens,
1753 1634 1860 1682 quod
1880 1642 1936 1670 est
1954 1633 1994 1670 in
2022 1633 2182 1670 diversis
2206 1633 2416 1676 diversum.
2437 1635 2486 1670 Et

1417 1686 1470 1723 sic
1503 1686 1715 1723 intellectus
1752 1686 1942 1735 possibilis
1975 1693 2202 1723 numeratur
2238 1685 2282 1728 in]
2310 1685 2485 1731 diversis,

1417 1751 1499 1780 non
1537 1739 1683 1776 ratione
1717 1751 1810 1777 suae
1839 1739 2089 1784 substantiae,
2124 1739 2191 1775 sed
2220 1738 2365 1781 ratione
2394 1751 2486 1781 suae

1416 1793 1576 1832 formae.

1472 1846 1593 1892 Quod
1621 1853 1754 1887 autem
1782 1846 1879 1882 haec
1898 1845 2099 1894 responsio
2119 1846 2224 1882 nulla
2252 1844 2308 1890 sit,
2329 1852 2487 1894 apparet

1417 1911 1488 1948 per
1507 1911 1552 1936 ea
1571 1910 1672 1948 quae
1692 1910 1810 1947 supra
1828 1898 1927 1935 dicta
1947 1906 2046 1935 sunt.
2068 1898 2280 1935 Ostensum
2300 1905 2356 1934 est
2382 1897 2486 1934 enim

1418 1964 1535 2001 supra
1550 1951 1570 1973 '¹‘
1598 1951 1707 2000 quod
1735 1963 1816 1988 non
1846 1959 1902 1988 est
1921 1951 2103 2000 possibile
2126 1951 2330 1988 hominem
2353 1950 2486 1988 intelli-

1417 2016 1506 2053 gere
1534 2004 1566 2042 si
1595 2004 1648 2041 sic
1672 2005 1800 2045 solum
1828 2004 2040 2041 intellectus
2067 2003 2258 2053 possibilis
2286 2003 2485 2046 continua-

1419 2066 1523 2099 retur
1550 2057 1770 2094 n'obiscum.
1996 2097 1998 2099 ,

1471 2111 1572 2148 Dato
1601 2118 1732 2148 autem
1761 2111 1869 2159 quod
1897 2109 2091 2159 praedicta
2114 2109 2351 2146 continuatio
2380 2109 2484 2153 suffi->

1419 2172 1520 2201 ceret
1539 2164 1588 2201 ad
1612 2165 1688 2200 hoc
1708 2163 1816 2212 quod
1840 2164 1963 2200 homo
1992 2170 2089 2200 esset
2112 2162 2333 2211 intelligens,
2357 2162 2486 2206 adhuc

1418 2217 1620 2267 responsio
1649 2216 1749 2253 dicta
1777 2215 1943 2254 rationes
1966 2214 2083 2266 supra
2110 2215 2229 2253 dictas
2257 2227 2337 2253 non
2361 2214 2484 2252 solvit.

1420 2271 1647 2308 Secundum
1676 2269 1781 2307 enim
1803 2269 1946 2306 dictam
1964 2269 2210 2319 positionem,
2238 2268 2334 2305 nihil
2357 2268 2407 2307 ad
2429 2267 2485 2305 in-

1418 2325 1613 2362 tellectum
1631 2323 1828 2373 pertinens
1849 2322 2064 2360 remanebit
2082 2330 2331 2363 numeratum
2350 2333 2486 2365 secun-

1419 2377 1516 2414 dum
1544 2376 1833 2414 multitudinem
1861 2375 2071 2413 hominum
2102 2375 2176 2412 nisi
2204 2376 2332 2413 solum
2364 2375 2486 2424 phan-

1418 2438 1553 2467 tasma.
1584 2430 1632 2467 Et
1660 2430 1736 2467 hoc
1770 2429 1900 2478 ipsum
1934 2430 2166 2478 phantasma
2200 2440 2281 2466 non
2319 2427 2388 2465 erit
2415 2440 2487 2465 nu-

1418 2490 1613 2526 meratum
1631 2483 1851 2520 secundum
1870 2482 1978 2532 quod
1998 2490 2053 2520 est
2072 2482 2308 2519 intellectum
2322 2481 2362 2518 in
2381 2488 2484 2518 actu:

1418 2536 1511 2586 quia
1538 2536 1592 2574 sic
1619 2543 1676 2573 est
1707 2535 1747 2573 in
1774 2535 1967 2573 intellectu
1977 2534 2177 2584 (possibili,
2206 2542 2243 2572 et
2261 2541 2317 2570 est
2342 2533 2486 2577 abstra-

1418 2597 1524 2627 ctum
1539 2601 1562 2626 a
1581 2588 1842 2626 materialibus
1861 2587 2147 2626 conditionibus
2165 2599 2235 2636 per
2252 2587 2486 2623 intellectum

1418 2650 1607 2691 agentem.
1637 2643 1873 2683 Phantasma
1901 2649 2042 2686 autem,
2063 2641 2281 2677 secundum
2300 2639 2408 2688 quod
2429 2646 2485 2683 est

1418 2696 1652 2738 intellectum
1672 2695 1711 2732 in
1730 2694 1910 2744 potentia,
1938 2706 2020 2736 non
2040 2693 2188 2731 excedit
2214 2693 2378 2741 gradum
2406 2691 2485 2735 ani-

2542 796 2574 818 Ca
2593 812 2600 819 .
2628 803 2658 824 n,
2685 804 2710 824 43

2511 1429 2520 1438 ·
2526 1428 2567 1476 gf.
2579 1433 2655 1456 supra,
2670 1434 2721 1456 cap.

2514 1960 2523 1968 ·
2538 1958 2584 1980 cit.
2600 1964 2649 1987 cap.
2664 1964 2712 1980 ux.

290 2755 394 2802 Ergo
414 2761 451 2797 et
469 2753 596 2790 unitas
616 2753 670 2790 rei
699 2751 873 2801 sequitur
891 2751 1079 2792 unitatem
1107 2750 1266 2787 formae.
1288 2751 1362 2786 Im·
1377 2772 1404 2792 ,0
1418 2761 1506 2791 mae
1529 2747 1743 2785 sensitivae.
1764 2747 1906 2784 Adhuc
1924 2747 2036 2795 igitur
2055 2759 2136 2787 non
2156 2745 2370 2789 remanebit
2389 2744 2485 2789 alius

289 2806 472 2857 possibile
492 2814 549 2846 est
567 2805 680 2854 igitur
698 2805 944 2843 diversorum
964 2803 1259 2843 individuorum
1278 2814 1362 2839 esse
1418 2802 1481 2839 hic
1509 2802 1632 2843 homo
1660 2801 1709 2838 ab
1745 2800 1809 2838 illo
1838 2800 1911 2838 nisi
1936 2800 2009 2849 per
2042 2799 2215 2837 animam
2249 2797 2483 2835 sensitivam.

243 2887 245 2889 .
290 2861 612 2902 formamunam.
643 2859 789 2900 Forma
812 2855 944 2899 autem
971 2856 1089 2894 huius
1117 2855 1288 2893 hominis
1308 2863 1363 2892 est
1418 2856 1467 2898 Et
1495 2861 1678 2904 sequetur
1704 2853 1946 2903 praedictum
1965 2852 2254 2898 inconveniens,
2275 2851 2382 2901 quod
2404 2863 2485 2895 non

290 2914 423 2955 anima
449 2912 689 2950 intellectiva.
711 2910 954 2960 Impossibile
973 2918 1029 2952 est
1051 2909 1165 2958 igitur
1182 2909 1362 2946 omnium
1418 2908 1493 2950 sint
1519 2909 1650 2957 plures
1676 2907 1858 2949 homines
1886 2906 1950 2952 hic
1977 2914 2019 2943 et·
2040 2906 2128 2949 ille„
2471 2946 2482 2948 „

291 2967 503 3009 hominum
531 2978 614 3003 esse
643 2977 771 3002 unum
798 2964 1045 3001 intellectum.
1285 3000 1287 3002 a
1472 2962 1684 2998 Praeterea.
1714 2959 1822 2996 Nihil
1850 2959 2004 2996 sortitur
2031 2958 2200 3008 speciem
2227 2970 2297 3007 per
2318 2957 2356 2994 id
2376 2956 2484 3005 quod

346 3020 387 3059 Si
415 3028 547 3061 autem
575 3019 725 3056 dicatur
751 3017 860 3067 quod
888 3016 1019 3059 anima
1047 3015 1228 3053 sensitiva
1247 3013 1363 3052 huius
1378 3034 1402 3055 ,ις
1418 3021 1474 3057 est
1501 3014 1541 3051 in
1564 3012 1746 3063 potentia,
1776 3013 1843 3056 sed
1862 3025 1932 3062 per
1959 3012 1997 3050 id
2017 3012 2125 3061 quod
2153 3018 2209 3047 est
2236 3018 2334 3048 actu.
2357 3011 2483 3047 Phan-

292 3073 463 3111 hominis
491 3072 538 3110 sit
565 3072 639 3112 alia
666 3071 716 3109 ab
744 3071 876 3109 anima
895 3069 1076 3111 sensitiva
1103 3068 1214 3114 illius,
1235 3075 1271 3104 et
1290 3080 1362 3117 pro
1417 3075 1542 3105 tasma
1569 3074 1712 3112 autem,
1741 3066 1959 3103 secundum
1994 3066 2100 3114 quod
2124 3071 2189 3101 ‘est
2223 3070 2482 3108 numeratum,

291 3135 398 3171 tanto
436 3139 518 3164 non
546 3134 602 3162 est
638 3137 742 3168 unus
769 3126 894 3169 homo,
924 3123 1009 3160 licet
1044 3122 1090 3159 sit
1123 3134 1227 3158 unus
1260 3120 1362 3158 intel·
1418 3128 1474 3157 est
1501 3127 1652 3157 tantum
1679 3119 1719 3156 in
1743 3119 1915 3168 potentia
1937 3118 1985 3156 ad
2009 3130 2091 3155 esse
2120 3116 2359 3165 intelligibile.
2380 3116 2483 3163 Ergo

292 3182 422 3218 lectus:
450 3181 526 3217 hoc
554 3187 652 3216 stare
681 3190 762 3215 non
790 3184 925 3226 potest.
955 3175 1118 3225 Propria
1146 3174 1250 3213 enim
1270 3185 1362 3223 ope-
1417 3185 1487 3223 per
1505 3174 1747 3222 phantasma,
1772 3172 1990 3214 secundum
2011 3170 2119 3220 quod
2147 3177 2383 3214 numeratur,
2402 3180 2483 3213 non

293 3234 389 3276 ratio
430 3233 634 3271 cuiuslibet
674 3231 728 3268 rei
765 3229 1016 3279 consequitur
1052 3236 1089 3265 et
1125 3228 1363 3267 demonstrat
1418 3226 1574 3265 sortitur
1600 3227 1677 3263 hoc
1705 3225 1952 3262 individuum
1980 3224 2149 3273 speciem
2175 3221 2349 3260 animalis
2377 3221 2483 3258 intel-

294 3287 464 3337 speciem
484 3286 615 3336 ipsius.
638 3285 745 3327 Sicut
759 3291 890 3321 autem
909 3281 1085 3320 animalis
1099 3280 1256 3330 propria
1271 3292 1362 3329 ope·
1379 3304 1404 3324 50
1418 3279 1555 3325 lectivi,
1584 3279 1692 3329 quod
1717 3286 1773 3315 est
1797 3278 1891 3315 ratio
1920 3277 2101 3314 hominis.
2125 3275 2171 3314 Et
2192 3276 2245 3312 sic
2271 3273 2484 3312 remanebit

294 3341 391 3383 ratio
407 3347 467 3378 'est
494 3339 645 3385 sentire,
665 3338 717 3376 ita
735 3336 904 3375 hominis
930 3334 1087 3385 propria
1115 3333 1288 3383 operatio
1308 3341 1364 3370 est
1418 3332 1512 3371 illud
1540 3333 1649 3382 quod
1677 3331 1846 3381 speciem
1867 3330 2082 3368 humanam
2107 3329 2182 3374 dat,
2206 3340 2285 3366 non
2310 3339 2392 3364 esse
2411 3339 2483 3365 nu-

251 3408 268 3428 -;
294 3393 520 3442 intelligere:
549 3401 592 3430 ut
621 3391 840 3434 Aristoteles
869 3389 968 3434 dicit,
998 3388 1037 3426 In
1058 3389 1071 3424 Ι
1095 3388 1313 3424 Ethicorum
1330 3386 1360 3425 ³¹⁸.
1418 3393 1611 3423 metatum
1640 3385 1679 3422 in
1708 3384 1878 3421 diversis.

347 3491 364 3516 6
383 3491 464 3525 enim]
484 3496 571 3516 autem
589 3491 654 3518 ΖΡο,
753 3496 787 3520 14
805 3485 988 3520 architectoris]
1008 3484 1192 3510 architectos-iis
1212 3483 1286 3515 «XY,
1305 3483 1492 3516 architectonici
1510 3483 1554 3513 W,
1573 3481 1752 3507 architectonis
1772 3480 1792 3505 P
1810 3487 1879 3512 quae
1898 3486 1930 3512 17
1950 3478 2114 3504 architecton.
2205 3477 2236 3502 15
2257 3476 2420 3518 determinat]
2439 3476 2484 3503 de'-

294 3529 374 3553 clarat
392 3531 418 3555 et
436 3526 591 3551 determinat
609 3525 729 3550 nDWPc.
804 3530 836 3556 ¹9
854 3521 969 3555 alterius]
988 3521 1101 3546 hominis
1119 3520 1227 3545 addunt
1245 3519 1288 3546 Pc.
1362 3525 1391 3544 21
1415 3519 1530 3544 dicentes
1550 3519 1582 3542 de
1601 3518 1685 3542 anima
1703 3523 1745 3541 om
1761 3515 1793 3546 G,
1813 3516 1926 3540 dicentes
1945 3515 2066 3547 antiquos
2084 3514 2115 3543 E,
2135 3514 2291 3538 disserentes
2310 3513 2343 3537 de
2356 3520 2442 3537 anima
2454 3513 2484 3538 P.

296 3571 329 3596 27
349 3562 451 3588 animae
469 3561 583 3587 hominis
602 3561 635 3586 ad
654 3568 749 3593 corpus
764 3559 876 3584 hominis
891 3558 933 3583 Ita
947 3557 1040 3586 DZPc;
1053 3555 1167 3580 hominis
1180 3555 1212 3580 ad
1227 3562 1322 3588 corpus
1341 3553 1454 3579 heminis
1467 3554 1538 3584 EGb,
1553 3553 1666 3578 hominis
1683 3552 1715 3576 ad
1729 3559 1823 3583 corpus
1843 3551 1944 3575 animae
1957 3549 2070 3574 hominis
2089 3549 2179 3579 aWY3
2199 3549 2249 3574 Iac.
2268 3548 2299 3573 X.
2374 3547 2405 3573 35
2425 3548 2484 3572 Non

294 3598 431 3630 Reiucn‘pit
444 3598 475 3622 N.
547 3603 580 3628 41
598 3594 800 3628 individuorum]
819 3594 956 3619 hominum
974 3593 1080 3617 addunt
1099 3591 1145 3616 ΡΑ.
1484 3623 1487 3625 -
1903 3621 1908 3627 -
1947 3621 1952 3626 ι
2165 3620 2170 3625 .

347 3641 383 3665 4ο
401 3633 494 3658 Adhuc
512 3633 591 3665 igitur
608 3639 662 3656 non
681 3632 724 3656 Ita
742 3631 779 3661 D;
802 3629 895 3655 Adhuc
914 3629 990 3661 igitur
1008 3627 1087 3658 EGY,
1105 3625 1198 3651 Adhuc
1215 3625 1268 3655 NZ,
1286 3623 1379 3650 Adhuc
1397 3632 1459 3656 non,
1477 3631 1510 3649 ac
1527 3624 1552 3649 si
1573 3631 1671 3649 novum
1689 3624 1878 3655 argumentum
1899 3623 2068 3653 mcxperetur,
2087 3623 2178 3645 ceter-1.

296 3669 326 3694 51
349 3669 429 3702 quod]
450 3668 596 3693 secundum
615 3667 724 3698 «WXY,
743 3666 889 3691 secundum
909 3664 979 3697 quod
999 3664 1026 3695 b;
1043 3670 1096 3695 pro
1110 3662 1160 3693 dat,
1175 3660 1246 3694 quod
1259 3661 1302 3685 dat
1313 3660 1346 3685 Y.
1406 3679 1408 3682 .

2281 3603 2347 3644 alius
2365 3626 2408 3644 om
2428 3618 2484 3643 EG.
