2768 4134
0 1612 232 1674 }·OEnun.⁶⁸qq.

0 1679 3 1695 ι

0 1700 3 1717 ι

0 1722 5 1749 ἵ

0 1752 6 1805 ὲ

740 252 930 290 SUMMA
958 255 1181 294 CONTRA
1210 257 1485 305 GENTILES,
1514 261 1609 297 LIB.
1630 261 1671 306 ΙΙ,
1702 261 1813 299 CAP.
1834 262 1998 300 XCVIII.

266 329 342 360 Non
367 330 455 360 enim
470 328 608 360 intendit
623 329 669 359 ibi
689 329 848 369 assignare
869 331 1028 362 rationem
1045 333 1181 364 Sanctus
1197 334 1342 365 Thomas

266 383 366 414 quare
389 383 462 404 una·
478 374 603 414 species
627 373 733 413 angeli
756 374 860 404 multa
886 382 1114 415 repraesentet,
1145 378 1201 408 sed
1231 389 1340 419 quare,

266 428 332 449 una
355 420 504 455 existens,
520 423 630 459 potest
645 427 715 449 esse
738 418 870 458 propria
893 420 974 450 ratio
991 421 1145 460 plurium,
1161 423 1205 453 ita
1221 424 1342 454 scilicet

266 463 357 504 quod
380 464 557 503 accipiatur
586 468 623 493 ut
653 462 735 492 ratio
760 463 1018 504 uniuscuiusque
1046 466 1188 503 illorum,
1218 467 1341 498 ducens

264 509 299 538 in
322 509 488 548 propriam
512 513 544 538 et
567 506 750 538 distinctam
771 507 995 547 cognitionem
1019 510 1098 540 eius.
1123 511 1230 542 Huius
1254 513 1341 543 enim

265 553 498 583 convenienter
520 552 698 592 assignatur
715 552 808 588 ratio,
825 552 908 592 quia
931 558 979 583 est
997 554 1174 586 similitudo
1198 556 1341 596 plurium

265 602 425 637 quantum
445 596 486 627 ad
505 605 543 627 ea
559 605 644 636 quae
661 596 840 636 unicuique
855 596 988 628 illorum
1004 604 1079 629 sunt
1094 601 1241 640 propria:
1258 602 1341 632 sicut

265 643 497 673 convenienter
520 641 699 680 assignatur
721 641 803 671 ratio
828 650 929 680 quare
960 643 1084 682 species
1115 644 1229 684 lapidis
1253 645 1342 676 ducit

263 687 299 717 in
322 686 506 717 distinctam
529 685 754 725 cognitionem
777 691 911 716 naturae
939 686 1063 726 lapidis,
1088 689 1165 728 quia
1194 695 1242 719 est
1272 691 1341 721 eius

263 730 407 771 perfecta
430 730 628 766 similitudo;
653 735 685 760 et
708 729 905 760 sufficienter
935 732 1114 771 assignatur
1136 733 1217 764 ratio
1242 743 1340 774 quare

263 775 401 806 essentia
424 774 533 805 divina
547 779 657 815 potest
672 775 775 815 accipi
791 780 828 805 ut
851 776 982 815 propria
997 775 1069 806 idea
1088 779 1238 808 omnium
1254 788 1341 809 crea—

262 826 418 856 turarum,
435 820 512 860 quia
528 824 577 850 est
592 820 743 850 omnium
759 824 978 850 creaturarum
994 820 1136 860 perfecta
1153 823 1340 854 similitudo.

262 864 350 903 Quia
373 865 462 895 enim
490 870 539 895 est
561 863 743 895 secundum
767 873 801 894 se
824 864 976 895 omnium
999 866 1188 902 similitudo,
1212 867 1238 896 si
1262 877 1341 898 con-

262 909 422 940 sideretur
437 918 513 940 curn
537 908 726 940 habitudine
750 908 792 939 ad
806 914 956 939 naturam
971 909 1114 941 hominis
1129 916 1256 941 tantum
1271 918 1341 942 tan-

263 963 363 995 quam
378 953 419 985 ad
429 959 708 994 repraesentatum
722 962 782 993 per
795 954 912 994 ipsam,
929 954 1125 993 inquantum
1141 955 1340 996 huiusmodi,

263 1004 311 1030 est
333 998 406 1030 idea
428 999 572 1029 hominis
595 1003 628 1029 et
650 1007 720 1028 non
736 998 867 1028 alterius
884 998 1083 1038 quidditatis‚
1101 1005 1132 1030 et
1155 1000 1200 1030 sic
1225 1000 1341 1032 dicitur

262 1045 332 1075 eius
347 1044 480 1084 propria
494 1043 583 1074 idea:
608 1043 756 1083 quamvis
776 1043 935 1078 absolute,
960 1048 992 1073 et
1014 1044 1048 1074 in
1072 1053 1106 1075 se
1130 1044 1340 1082 considerata,

262 1089 302 1119 sit
325 1089 476 1119 omnium
499 1087 689 1118 similitudo.

317 1133 388 1164 XX.
413 1132 477 1163 Sed
500 1133 602 1163 oritur
623 1141 662 1163 ex
678 1131 771 1162 dictis
790 1131 852 1162 alia
867 1130 1048 1163 difficultas.
1066 1132 1156 1163 Sicut
1172 1134 1260 1164 enim
1276 1142 1341 1165 una

261 1178 386 1218 species
409 1176 618 1217 intelligibilis
641 1177 790 1217 superior
805 1177 951 1207 continet
966 1176 1202 1217 perfectionem
1221 1179 1341 1218 speciei

260 1222 470 1262 intelligibilis
485 1221 656 1260 inferioris,
673 1227 705 1252 et
721 1226 855 1262 propter
870 1221 934 1252 hoc
950 1227 1168 1261 repraesentat
1183 1223 1340 1263 quicquid

261 1267 323 1298 alia
346 1271 564 1307 repraesentat
587 1272 620 1297 et
643 1266 766 1306 aliquid
790 1266 945 1306 amplius:
974 1267 1018 1296 ita
1047 1267 1225 1297 substantia
1248 1277 1340 1308 sepa-

257 1317 337 1342 tata-
346 1311 501 1352 superior
516 1312 664 1342 continet
679 1310 953 1351 perfectionaliter
968 1310 1168 1348 inferiorem,
1185 1321 1262 1342 cum
1277 1314 1341 1343 sint

260 1355 413 1397 specifice
437 1362 469 1387 et
491 1356 686 1396 gradualiter
709 1355 892 1392 distinctae,
917 1355 1099 1386 secundum
1126 1357 1285 1387 maiorem
1309 1362 1341 1387 et

260 1402 424 1432 minorem
446 1402 727 1442 propinquitatem
743 1400 783 1431 ad
806 1401 925 1431 Deum.
942 1400 1040 1440 Ergo,
1064 1401 1148 1431 sicut
1163 1411 1222 1441 per
1244 1411 1340 1442 supe-

259 1447 380 1478 riorem
403 1446 548 1486 speciem
570 1450 829 1487 repraesentatur
850 1444 885 1476 id
908 1444 1000 1485 quod
1023 1445 1120 1476 etiam
1144 1446 1268 1486 species
1292 1447 1341 1476 in-

260 1490 360 1522 ferior
381 1496 609 1531 repraesentat,
633 1492 676 1521 ita
693 1499 751 1530 per
765 1490 977 1521 substantiam
992 1491 1194 1530 superiorem
1215 1500 1341 1531 reprae-

261 1535 439 1567 sentabitur
460 1535 641 1566 intellectui
665 1540 697 1566 et
719 1535 790 1575 ipsa
813 1541 846 1565 et
872 1533 1017 1565 inferior.
1048 1535 1090 1565 Et
1119 1535 1163 1565 ita
1193 1536 1342 1576 superior

259 1580 438 1612 substantia
460 1581 580 1620 poterit
602 1589 661 1620 per
683 1580 834 1619 seipsam,
859 1579 982 1619 absque
1005 1580 1115 1619 specie
1138 1580 1341 1620 intelligibili,

259 1633 460 1666 cognoscere
490 1625 688 1655 inferiorem.
720 1623 825 1655 Cuius
856 1624 1048 1663 oppositum
1078 1625 1228 1665 superius
1246 1626 1263 1642 ὓ
1294 1630 1342 1655 est

260 1675 440 1705 ostensum.

315 1713 554 1755 Respondetur‚
579 1719 616 1744 ut
639 1722 677 1744 ex
701 1713 805 1744 verbis
825 1712 934 1744 Sancti
949 1714 1100 1744 Thomae
1115 1713 1223 1744 Prima
1238 1714 1341 1751 Parte,

232 1755 234 1757 ’
259 1767 292 1800 q.
308 1769 359 1795 nv,
376 1768 404 1789 a.
426 1766 453 1794 ι,
471 1758 511 1789 ad
529 1758 558 1794 3,
574 1758 686 1788 haberi
701 1763 820 1798 potest,
837 1763 869 1788 et
885 1758 912 1788 11
928 1758 1030 1794 Sent„
1044 1758 1075 1789 d.
1091 1768 1136 1794 111,
1153 1767 1185 1798 q.
1202 1760 1246 1794 nr,
1264 1769 1291 1789 a.
1314 1767 1341 1795 1,

259 1803 301 1835 ad
317 1804 348 1840 3,
371 1803 463 1844 quod
485 1803 562 1834 licet
584 1803 734 1843 superior
757 1802 943 1838 substantia,
967 1803 1038 1833 sola
1061 1803 1238 1833 substantia
1262 1813 1341 1835 con-

258 1848 406 1884 siderata,
421 1848 568 1879 continet
590 1846 779 1878 inferiorem
798 1846 1070 1887 perfectionaliter
1093 1847 1204 1887 aliquo
1227 1847 1340 1884 modo,

258 1902 331 1924 non.
350 1899 461 1923 tamen
485 1892 631 1923 continet
655 1900 727 1921 eam
750 1890 894 1931 perfecte
917 1896 949 1922 et
971 1890 1154 1922 secundum
1174 1892 1340 1931 propriam

258 1939 430 1973 rationem,
453 1935 511 1967 sed
533 1935 715 1967 secundum
731 1936 891 1966 rationem
907 1945 1120 1966 communem
1136 1936 1175 1966 ab
1198 1936 1268 1975 ipsa
1286 1945 1340 1966 su-

258 1982 380 2024 periori
399 1981 576 2012 substantia
599 1979 786 2020 perfectiori
807 1979 910 2010 modo
932 1981 1167 2020 participatam,
1191 1989 1267 2011 cum
1291 1989 1340 2011 se-

260 2026 407 2058 cundum
422 2026 587 2067 propriam
603 2025 764 2055 rationem
779 2024 819 2054 sit
842 2025 882 2054 ab
905 2025 976 2065 ipsa
999 2023 1151 2064 specifice
1175 2023 1338 2061 distincta3

258 2073 343 2103 sicut
358 2070 474 2102 albedo
491 2070 602 2110 aliquo
617 2068 720 2100 modo
736 2070 883 2100 continet
898 2069 978 2100 alios
991 2069 1128 2105 colores,
1143 2070 1339 2109 inquantum

259 2122 308 2148 est
329 2117 408 2156 ipsis
422 2114 606 2156 perfectior,
621 2123 691 2145 non
709 2119 819 2144 tamen
841 2114 915 2144 illos
937 2113 1080 2154 perfecte
1103 2119 1136 2144 et
1158 2113 1339 2145 secundum

259 2161 427 2202 propriam
448 2160 609 2191 rationem
633 2159 789 2189 continet.
821 2158 863 2189 Et
885 2157 961 2188 ideo
988 2158 1165 2189 substantia
1191 2159 1340 2198 superior

258 2215 327 2236 non
351 2210 459 2246 potest
482 2213 552 2235 esse
575 2204 657 2234 ratio
682 2202 904 2243 cognoscendi
926 2202 1114 2233 inferiorem
1137 2203 1199 2233 nisi
1222 2212 1338 2234 secun-

259 2250 340 2282 dum
368 2250 512 2289 aliquam
540 2257 753 2279 communem
782 2248 953 2278 rationem.
982 2247 1114 2287 Species
1137 2253 1246 2278 autem
1272 2257 1339 2278 una

258 2294 467 2335 intelligibilis
486 2298 594 2333 potest
617 2291 771 2333 perfecte,
796 2297 828 2323 et
846 2291 1029 2322 secundum
1051 2293 1217 2332 propriam
1242 2293 1339 2322 ratio-

259 2349 348 2376 nem,
372 2339 468 2370 aliam
491 2338 645 2378 speciem,
670 2338 866 2377 inquantum
881 2337 1006 2376 species
1029 2342 1077 2366 est
1094 2341 1126 2367 et
1149 2336 1338 2374 similitudo,

258 2385 294 2415 in
310 2393 380 2415 esse
398 2382 590 2422 intelligibili
605 2382 783 2417 continere,
802 2382 847 2411 ita
870 2380 961 2421 quod
983 2390 1052 2411 non
1068 2380 1283 2421 distinguatur
1299 2382 1338 2412 ab

258 2429 330 2470 ipsa
361 2426 543 2458 secundum
565 2427 732 2466 propriam
753 2426 924 2462 rationem,
949 2426 1040 2466 quasi
1064 2434 1136 2456 eam
1160 2426 1297 2456 omnino
1321 2435 1340 2456 a

259 2483 318 2504 sua
340 2473 466 2503 ratione
494 2470 679 2507 excludens,
711 2471 796 2501 sicut
817 2470 915 2500 homo
939 2480 957 2501 a
984 2479 1042 2500 sua
1067 2471 1194 2501 ratione
1221 2480 1338 2511 equum

260 2516 412 2552 excludit,
433 2515 491 2547 sed
505 2516 589 2546 sicut
608 2515 780 2546 continens
795 2513 939 2555 perfecte
962 2514 1120 2554 quicquid
1143 2519 1191 2545 est
1213 2515 1246 2545 in
1270 2516 1339 2555 ipsa

260 2567 292 2593 et
315 2560 439 2602 aliquid
461 2560 612 2591 ulterius:
636 2558 916 2600 quemadmodum
939 2560 1039 2590 virtus
1063 2559 1166 2589 activa
1193 2560 1340 2599 superior

261 2611 294 2637 et
320 2604 510 2637 universalis
525 2605 673 2636 continet
686 2605 840 2635 virtutem
854 2602 1043 2634 inferiorem
1064 2603 1291 2643 particularem
1308 2609 1340 2634 et

260 2650 383 2691 aliquid
406 2649 560 2690 amplius;
578 2654 610 2679 et
625 2649 709 2680 sicut
724 2649 832 2680 divina
848 2649 994 2684 essenu'a,
1011 2657 1076 2678 una
1094 2648 1243 2684 existens,
1260 2657 1339 2678 con-

259 2696 341 2726 tinet
365 2695 476 2725 omnia
503 2693 646 2734 perfecte
675 2698 708 2724 et
739 2692 920 2724 secundum
948 2692 1094 2732 proprias
1121 2693 1272 2723 rationes.
1299 2693 1341 2723 Et

260 2739 336 2771 ideo
362 2739 511 2779 superior
536 2738 660 2778 species
689 2742 907 2777 repraesentat
936 2735 1094 2777 quicquid
1123 2742 1340 2776 repraesentat

261 2783 394 2816 inferior
424 2788 457 2814 et
483 2781 607 2822 aliquid
630 2782 784 2822 amplius:
809 2787 898 2822 puta,
922 2781 950 2811 si
972 2780 1107 2812 inferior
1133 2781 1256 2821 species
1279 2790 1340 2821 po-

260 2834 356 2860 natur
370 2834 498 2859 tantum
520 2827 662 2858 hominis
676 2831 825 2857 naturam
840 2831 1088 2866 repraesentare,
1104 2826 1252 2865 superior
1267 2835 1340 2865 spe-

262 2874 327 2904 cies
350 2878 499 2904 naturam
521 2871 664 2902 hominis
686 2871 937 2911 repraesentabit
960 2875 992 2900 et
1014 2870 1097 2900 ultra
1112 2870 1176 2900 hoc
1191 2875 1339 2900 naturam

262 2918 338 2958 equi
363 2923 396 2948 et
417 2922 548 2948 naturas
569 2915 709 2946 aliorum
732 2915 931 2946 animalium.
956 2915 998 2945 Et
1020 2919 1192 2954 propterea
1215 2915 1339 2954 species

261 2961 470 3002 intelligibilis
497 2970 582 3001 quae
608 2966 657 2990 est
682 2961 841 3000 superior,
865 2965 973 3000 potest
991 2958 1110 2990 ducere
1133 2959 1167 2989 in
1189 2959 1339 2989 notitiam

261 3007 428 3048 propriam
444 3011 476 3037 et
499 3005 682 3036 distinctam
705 3005 776 3035 eius
799 3003 890 3045 quod
905 3013 963 3044 per
984 3002 1173 3034 inferiorem
1195 3003 1339 3043 speciem

262 3053 529 3092 repraesentatur.

316 3096 425 3126 Huius
440 3093 627 3134 exemplum
648 3093 683 3123 in
698 3093 816 3123 virtute
835 3092 911 3123 solis
926 3101 1102 3132 possumus
1125 3090 1338 3122 considerare.

262 3141 373 3171 Virtus
385 3140 474 3171 enim
489 3139 576 3174 solis,
589 3139 786 3178 inquantum
801 3136 950 3167 accidens
963 3137 1040 3167 solis
1057 3141 1113 3172 est,
1129 3136 1284 3166 limitatur
1299 3135 1340 3166 ad

262 3186 367 3226 ipsam
382 3184 459 3215 solis
475 3183 619 3223 speciem
634 3187 666 3212 et
681 3181 722 3213 ad
741 3186 866 3213 certum
881 3190 984 3221 genus
1007 3179 1192 3216 accidentis,
1217 3186 1249 3211 et
1271 3189 1339 3211 non

264 3235 313 3260 ost
334 3230 435 3260 virtus
454 3229 553 3268 ignis:
585 3225 674 3258 aliud
704 3227 791 3257 enim
819 3225 968 3257 accidens
991 3230 1040 3255 est
1062 3225 1162 3255 virtus
1185 3233 1269 3264 quae
1293 3230 1340 3255 est

263 3274 299 3305 in
321 3273 401 3310 sole,
426 3278 458 3304 et
481 3271 569 3303 aliud
591 3270 740 3302 accidens
757 3275 804 3301 est
822 3271 922 3300 virtus
939 3279 1023 3309 quae
1047 3274 1095 3299 est
1117 3269 1151 3299 in
1173 3269 1258 3308 igne.
1283 3268 1339 3299 Illa

263 3323 374 3349 tamen
397 3318 508 3353 virtus,
531 3317 726 3356 inquantum
750 3320 798 3345 est
820 3315 919 3345 virtus
943 3314 1056 3349 activa,
1071 3322 1140 3343 non
1164 3318 1212 3343 est
1235 3312 1339 3344 deter-

264 3363 386 3393 minata
401 3361 443 3393 ad
458 3367 544 3392 certa
559 3361 696 3396 obiecta,
713 3359 861 3391 distincta
876 3359 915 3389 ab
932 3358 1066 3388 obiectis
1081 3357 1115 3388 in
1132 3366 1216 3397 quae
1231 3362 1341 3397 potest

225 3439 230 3441 s
264 3407 365 3437 virtus
380 3407 474 3447 ignis,
486 3407 530 3436 ita
546 3404 637 3446 quod
652 3405 686 3435 in
702 3404 829 3435 obiecta
840 3403 964 3434 virtutis
980 3402 1063 3442 ignis
1074 3411 1143 3432 non
1155 3402 1267 3442 possit,
1283 3400 1340 3432 sed

265 3452 300 3482 in
328 3451 390 3482 alia
411 3455 539 3481 tantum
566 3450 709 3481 obiecta:
733 3450 836 3479 immo
863 3448 898 3478 in
925 3447 1035 3477 omnia
1062 3451 1169 3486 potest
1194 3446 1230 3476 in
1256 3454 1341 3485 quae

264 3495 349 3536 ignis
363 3495 464 3526 virtus
480 3499 599 3534 potest,
616 3499 648 3525 et
670 3494 705 3524 in
720 3493 781 3524 alia
795 3493 830 3523 in
845 3501 929 3532 quae
944 3491 998 3522 illa
1013 3499 1081 3521 non
1104 3495 1221 3530 potest.
1246 3489 1342 3520 Unde

265 3549 380 3571 verum
396 3544 444 3570 est
466 3538 573 3570 dicere
587 3539 740 3569 virtutem
759 3537 835 3568 solis
852 3545 920 3567 esse
939 3536 1090 3566 virtutem
1105 3535 1188 3575 ignis
1203 3534 1342 3574 inquan-

265 3589 338 3615 tum
353 3584 454 3615 virtus
469 3588 531 3619 est,
555 3588 586 3614 et
609 3583 706 3614 etiam
730 3580 852 3622 aliquid
867 3580 1004 3620 amplius
1020 3588 1120 3619 quam
1135 3579 1234 3608 virtus
1248 3578 1341 3618 ignis.

268 3628 322 3660 Sic
338 3634 370 3659 et
385 3627 426 3659 de
441 3628 550 3668 specie
564 3627 757 3667 intelligibili
773 3625 932 3666 superiori
944 3623 1119 3655 dicendum
1132 3627 1189 3653 est.
1202 3622 1343 3662 Inquan-

2394 266 2469 314 589

1394 342 1464 368 tum
1489 339 1575 368 enim
1599 338 1748 370 accidens
1771 339 1952 370 intellectus
1968 346 2024 378 est,
2042 341 2247 387 distingqitur
2270 344 2309 375 ab
2325 343 2470 375 inferiori

1393 382 1516 421 specie:
1541 382 1598 413 sed
1614 384 1809 423 inquantum
1826 390 1873 415 est
1888 386 2011 425 species
2028 391 2059 416 et
2074 387 2252 419 similitudo
2268 389 2469 420 intellectua-

1394 426 1442 462 lis,
1466 431 1514 456 est
1535 428 1605 469 ipsa
1628 428 1751 467 species
1774 428 1907 459 inferior
1930 430 2118 461 eminenter.

1449 470 1533 501 XXI.
1557 472 1802 503 Attendendum
1817 473 1944 509 ultimo,
1962 474 2046 504 circa
2061 475 2142 505 illud
2162 475 2252 516 quod
2268 476 2392 514 dicitur,
2409 478 2467 508 ho-

1393 514 1521 550 minem,
1546 521 1668 556 quanto
1682 517 1795 558 suerit
1816 518 1945 548 altioris
1964 518 2153 555 intellectus,
2170 525 2261 550 tanto
2278 531 2320 551 ex
2329 523 2467 562 paucio—

1395 559 1484 590 ribus
1505 560 1607 599 plura
1637 570 1837 601 cognoscere
1852 571 1952 602 posse
1967 563 1993 598 ξ
2025 563 2115 603 quod
2142 564 2222 595 illud
2251 574 2320 596 non
2348 571 2395 596 est
2421 567 2467 597 sic

1394 604 1620 643 accipiendum
1645 606 1737 645 quasi
1760 606 1861 636 homo
1886 606 2005 636 altioris
2021 607 2143 647 ingenii
2162 618 2220 648 per
2242 610 2412 650 pauciores
2436 616 2468 641 et

1393 648 1640 679 universaliores
1655 650 1778 689 speeies
1793 649 1962 690 intelligat:
1980 650 2042 681 hoc
2059 653 2146 682 enim
2161 659 2319 693 repugnat
2331 655 2360 685 ei
2377 654 2467 694 quod

1393 693 1568 732 superius*
1593 693 1716 724 dictum
1740 699 1797 730 est,
1813 694 1848 724 in
1862 694 2029 725 intellectu
2052 696 2196 727 humano
2220 703 2371 738 oportere
2394 700 2467 730 uni-

1395 737 1514 776 cuique
1530 738 1742 777 cognoscibili
1764 739 1898 778 proprio
1914 740 2080 779 propriam
2095 746 2127 771 et
2149 741 2361 782 adaequatam
2379 744 2466 774 simi-

1393 781 1565 812 litudinem
1588 782 1794 822 respondere.
1811 782 1875 813 Sed
1891 782 1931 813 ad
1949 784 2107 824 principia
2131 786 2300 825 complexa
2323 793 2370 818 est
2385 787 2467 818 refe-

1394 825 1542 856 rendum.
1567 825 1700 864 Quanto
1731 827 1818 857 enim
1849 827 1965 867 aliquis
1994 829 2238 868 perspicacioris
2265 836 2312 861 est
2334 831 2466 871 ingenii,

1394 874 1483 900 tanto
1501 879 1539 900 ex
1551 880 1619 901 uno
1636 871 1797 911 principio
1810 871 1918 911 plures
1934 872 2162 903 conclusiones
2177 879 2284 913 potest
2296 873 2465 906 deducere.

1394 913 1443 944 Ex
1461 914 1525 944 hoc
1542 915 1630 955 enim
1645 915 1750 946 voluit
1765 915 1901 946 Sanctus
1918 916 2064 947 Thomas
2081 917 2251 948 ostendere
2267 919 2367 958 quod,
2385 920 2467 950 sicut

1394 968 1479 989 unus
1495 959 1608 995 homo,
1625 969 1664 989 ex
1680 960 1744 990 hoc
1760 959 1851 1000 quod
1867 966 1915 990 est
1936 961 2105 992 nobilioris
2123 962 2256 1002 ingenii,
2279 968 2387 1002 potest
2410 973 2468 1003 per

1394 1012 1498 1033 unum
1519 1004 1715 1043 principium
1731 1003 1940 1035 discurrendo
1955 1005 2073 1036 multas
2089 1007 2329 1046 propositiones
2345 1017 2467 1047 cogno-

1393 1056 1496 1083 scere;
1513 1048 1556 1078 ita
1571 1049 1890 1087 proportionabiliter
1906 1059 1970 1079 una
1993 1050 2169 1081 substantia
2188 1057 2343 1091 separata,
2363 1061 2402 1083 ex
2426 1061 2466 1083 eo

1395 1091 1486 1131 quod
1509 1097 1556 1122 est
1571 1092 1712 1122 nobilior
1729 1098 1760 1122 et
1783 1102 1840 1133 per
1856 1103 2060 1133 consequens
2079 1096 2210 1126 maioris
2226 1096 2350 1126 virtutis
2373 1096 2466 1127 intel-

1394 1136 1524 1176 ligendi,
1548 1141 1656 1176 potest
1683 1146 1740 1176 per
1763 1146 1862 1167 unam
1885 1138 2028 1178 speciem
2050 1139 2142 1178 plura
2165 1140 2342 1180 intelligere
2366 1149 2466 1180 quam

1394 1180 1527 1211 inferior
1549 1181 1735 1217 substantia,
1760 1191 1853 1221 quae,
1871 1183 1947 1221 quia
1970 1182 2134 1214 debilioris
2155 1189 2202 1214 est
2224 1185 2348 1215 virtutis
2372 1185 2465 1216 intel-

1393 1224 1537 1260 lectivae,
1561 1225 1708 1265 pluribus
1731 1226 1900 1265 speciebus
1923 1226 2055 1267 indiget.
2391 1260 2393 1262 ,

1448 1269 1547 1299 XXII.
1564 1269 1686 1307 Quarta
1699 1270 1715 1286 ὓ
1732 1270 1900 1301 conclusio
1918 1276 1979 1301 est:
2003 1271 2189 1302 Intellectus
2204 1272 2402 1303 substantiae
2417 1283 2466 1304 se-

1388 1319 1530 1354 paratae
1553 1314 1698 1344 totaliter
1708 1315 1880 1356 perficitur
1889 1325 1953 1355 per
1965 1316 2102 1357 formas
2118 1316 2346 1358 intelligibiles,
2363 1327 2465 1358 quan-

1394 1364 1461 1388 tum
1485 1358 1528 1388 ad
1551 1358 1771 1399 cognitionem
1796 1360 1990 1390 naturalem.
2226 1370 2229 1373 ’

1450 1402 1597 1439 Additur,
1613 1408 1769 1444 quantum
1794 1403 1837 1434 ad
1860 1405 2080 1445 cognitionem
2104 1405 2298 1441 naturalem,
2319 1406 2404 1445 quia,
2429 1411 2466 1436 ut

1394 1447 1512 1478 dicitur
1527 1447 1643 1484 Prima,
1657 1458 1688 1488 q.
1702 1458 1785 1483 Lvnt,
1797 1458 1824 1478 a.
1839 1456 1866 1478 1:
1886 1448 2052 1484 Quantum
2068 1449 2111 1479 ad
2127 1459 2164 1480 ea
2181 1459 2264 1490 quae
2278 1451 2466 1481 substantiis

1393 1492 1553 1532 separatis
1576 1492 1731 1523 divinitus
1761 1493 1959 1532 revelantur,
1984 1493 2066 1523 nihil
2090 1494 2243 1533 prohibet
2268 1494 2465 1525 intellectum

1394 1546 1508 1567 eorum
1532 1546 1600 1567 esse
1624 1537 1656 1567 in
1676 1537 1824 1577 potentia
1841 1538 1867 1567 ’ἢ

1450 1581 1608 1611 Probatur
1631 1582 1749 1621 primo.
1773 1581 1859 1619 Quia
1886 1591 1955 1612 non
1982 1587 2088 1621 potest
2118 1591 2187 1612 esse
2215 1582 2396 1614 denudatus
2426 1584 2465 1614 ab

1395 1626 1548 1655 omnibus
1571 1625 1760 1656 huiusmodi
1783 1626 2060 1656 similitudinibus:
2091 1626 2150 1656 ista
2174 1627 2260 1657 enim
2288 1632 2335 1657 est
2358 1627 2467 1667 dispo-

1394 1670 1468 1700 sitio
1491 1670 1674 1701 intellectus
1690 1670 1852 1710 possibilis
1867 1676 2042 1710 antequam
2057 1670 2223 1710 intelligat.
2240 1688 2262 1692 —
2277 1671 2347 1702 Nec
2370 1672 2467 1702 etiam

1395 1714 1518 1754 aliquas
1541 1714 1638 1745 habet
1660 1715 1694 1745 in
1718 1720 1801 1750 actu,
1826 1714 1948 1754 aliquas
1979 1715 2012 1744 in
2042 1715 2198 1754 potentia,
2225 1715 2308 1745 sicut
2337 1717 2468 1746 materia

1395 1759 1500 1799 prima
1516 1769 1550 1789 se
1566 1759 1663 1790 habet
1674 1765 1823 1799 respectu
1836 1768 1966 1790 suarum
1983 1758 2170 1795 formarum,
2185 1765 2216 1790 et
2231 1759 2313 1790 sicut
2325 1769 2358 1790 se
2373 1760 2469 1791 habet

1395 1804 1577 1834 intellectus
1600 1809 1710 1834 noster
1729 1813 1805 1834 cum
1828 1813 1941 1835 sumus
1957 1804 2109 1834 scientes:
2135 1803 2222 1842 alias,
2238 1804 2337 1834 exiret
2353 1803 2393 1835 de
2408 1814 2469 1844 po-

1394 1849 1494 1878 tentia
1516 1849 1550 1877 in
1574 1853 1700 1884 actum;
1725 1848 1816 1887 quod
1832 1848 2015 1878 substantiis
2038 1848 2190 1887 separatis
2212 1857 2281 1878 non
2305 1850 2466 1885 convenit,

1395 1901 1479 1932 quae
1502 1901 1570 1922 non
1593 1897 1769 1922 moventur
1783 1901 1891 1932 neque
1915 1901 1973 1932 per
1995 1901 2028 1922 se
2051 1901 2160 1932 neque
2183 1901 2240 1931 per
2263 1892 2421 1923 accidens.

1451 1934 1673 1967 Confirmatur
1688 1936 1805 1976 primo,
1821 1945 1879 1976 per
1894 1936 2170 1976 comparationem
2187 1935 2227 1966 ad
2243 1945 2380 1976 corpora
2395 1946 2466 1967 cae-

1392 1980 1493 2016 lestia,
1518 1980 1636 2020 quibus
1659 1981 1979 2020 proportionabiliter
1994 1980 2218 2010 assimilantur.
2235 1980 2319 2011 Nam
2343 1986 2375 2011 et
2397 1990 2465 2011 ma-

1392 2026 1471 2055 teria
1487 2025 1632 2064 corporis
1649 2025 1793 2055 caelestis
1809 2025 1853 2055 ita
1868 2024 2033 2065 perficitur
2044 2033 2102 2064 per
2117 2028 2208 2054 suam
2221 2024 2359 2055 formam
2375 2025 2466 2065 quod

1393 2069 1433 2100 ad
1456 2069 1579 2109 aliquas
1603 2068 1724 2099 formas
1746 2070 1780 2099 in
1803 2069 1950 2109 potentia
1972 2078 2040 2099 non
2063 2074 2218 2099 remanet.

1449 2113 1671 2144 Confirmatur
1693 2113 1849 2150 secundo,
1874 2114 2063 2144 auctoritate
2079 2113 2168 2143 Libri
2191 2113 2230 2144 de
2256 2113 2383 2149 Causis,
2408 2114 2465 2144 ubi

1393 2158 1510 2189 dicitur
1533 2158 1624 2198 quod
1647 2158 1863 2199 intelligentia
1888 2163 1935 2188 est
1952 2158 2052 2198 plena
2068 2157 2204 2199 formis.

1447 2202 1561 2233 XXIII.
1578 2201 1642 2233 Sed
1658 2203 1742 2233 circa
1757 2203 1813 2232 has
1830 2203 2036 2243 probationes
2053 2201 2226 2232 dubitatur.
2242 2201 2363 2238 Primo,
2381 2203 2465 2232 circa

1391 2247 1561 2278 rationem.
1575 2247 1667 2277 Licet
1682 2248 1769 2277 enim
1785 2247 1980 2277 substantiae
1993 2252 2165 2286 separatae,
2182 2245 2222 2276 ad
2237 2252 2382 2277 mentem
2394 2247 2465 2276 Ari-

1391 2292 1526 2328 stotelis,
1549 2292 1613 2322 sint
1635 2291 1820 2322 immobiles
1843 2301 1900 2332 per
1922 2301 1957 2321 se
1980 2297 2012 2321 et
2034 2300 2092 2330 per
2115 2290 2263 2321 accidens
2286 2291 2466 2321 mutatione

1392 2335 1568 2376 corporali;
1588 2345 1657 2366 non
1678 2341 1787 2366 tamen
1804 2345 1842 2366 ex
1864 2336 1929 2366 hoc
1945 2335 2052 2365 haberi
2069 2340 2177 2375 potest
2192 2334 2283 2375 quod
2305 2343 2374 2365 non
2390 2344 2466 2375 pos-

1392 2381 1456 2411 sint
1479 2381 1564 2411 exire
1588 2379 1628 2411 de
1651 2381 1798 2420 potentia
1813 2379 1854 2410 ad
1877 2385 1986 2411 actum
2009 2379 2253 2419 intelligibilem,
2277 2384 2310 2409 et
2332 2380 2377 2409 sic
2401 2380 2465 2420 spi-

1392 2425 1547 2455 ritualiter
1570 2425 1705 2455 alterari.

1450 2479 1480 2500 2.
1497 2468 1661 2505 Secundo,
1674 2469 1758 2499 circa
1770 2467 2053 2498 confirmationem
2066 2477 2104 2497 ex
2117 2467 2325 2498 similitudine
2337 2467 2377 2498 ad
2394 2477 2465 2498 cor-

1393 2523 1474 2554 pora
1485 2514 1642 2549 caelestia,
1659 2513 1831 2544 dubitatur.
1844 2513 1964 2548 Primo,
1978 2521 2016 2542 ex
2029 2511 2139 2548 Scoto,
2152 2512 2186 2542 in
2199 2511 2362 2547 Secundo,
2376 2511 2406 2542 d.
2420 2522 2464 2548 111,

1394 2567 1426 2598 q.
1444 2558 1502 2589 ult.
1519 2559 1550 2594 *3
1578 2563 1610 2588 et
1633 2556 1664 2587 d.
1681 2567 1723 2593 rx,
1745 2556 1785 2587 ad
1807 2566 1893 2596 argg.
1918 2555 2078 2599 secundae
2097 2556 2303 2595 -quaestionis
2319 2556 2364 2586 **.
2388 2555 2464 2586 Non

1394 2603 1492 2639 enim,
1509 2608 1546 2632 ut
1561 2603 1614 2638 ait,
1631 2606 1680 2632 est
1695 2601 1808 2632 eadem
1831 2601 1911 2631 ratio
1928 2600 1968 2631 de
1991 2600 2175 2630 substantiis
2191 2600 2342 2640 separatis
2368 2605 2400 2631 et
2423 2599 2463 2631 de

1393 2647 1585 2687 corporibus
1604 2646 1804 2676 caelestibus.
1824 2644 1922 2681 Quia,
1938 2644 1968 2675 si
1982 2644 2156 2685 qualitates
2175 2649 2207 2674 et
2215 2645 2354 2685 formae
2369 2649 2465 2675 natu-

1394 2692 1481 2722 rales
1497 2689 1553 2732 (de
1569 2691 1687 2730 quibus
1703 2695 1832 2730 oportet
1847 2688 2091 2719 similitudinem
2107 2689 2262 2728 accipere,
2284 2694 2320 2719 ut
2336 2689 2380 2718 ait
2394 2689 2463 2719 Du-

1393 2735 1512 2766 randus
1524 2736 1557 2765 *2
1582 2735 1672 2765 aliter
1691 2733 1868 2764 similitudo
1885 2743 1954 2764 non
1970 2733 2168 2773 acciperetur
2185 2732 2224 2763 ad
2243 2732 2462 2773 propositum)

1393 2790 1459 2811 non
1477 2784 1582 2810 essent
1596 2783 1791 2810 concreatae
1805 2778 1939 2818 corpori
1953 2777 2094 2812 caelesti,
2110 2787 2182 2807 cum
2199 2777 2281 2807 nihil
2295 2777 2338 2807 sit
2352 2777 2464 2807 datum

1393 2825 1424 2855 ei
1447 2824 1533 2855 unde
1541 2824 1649 2864 possit
1663 2823 1739 2854 illas
1754 2823 1927 2863 qualitates
1949 2822 2129 2862 acquirere,
2147 2831 2273 2862 semper
2294 2826 2375 2852 esset
2398 2831 2463 2851 non

1387 2869 1583 2909 perfectum,
1599 2877 1639 2898 eo
1651 2867 1739 2908 quod
1754 2867 1847 2898 nulla
1867 2876 1967 2897 causa
1984 2866 2146 2897 naturalis
2156 2871 2269 2906 posset
2284 2866 2359 2896 illas
2375 2866 2407 2895 in
2425 2875 2463 2896 eo

1387 2913 1584 2954 producere.
1597 2912 1673 2943 Non
1688 2912 1736 2943 sic
1751 2916 1858 2942 autem
1874 2916 1922 2942 est
1937 2912 1969 2941 in
1980 2911 2170 2951 proposito:
2189 2911 2367 2941 substantia
2380 2910 2464 2940 enim

1391 2963 1546 2998 separata
1568 2957 1663 2988 habet
1686 2956 1780 2992 unde,
1802 2966 1874 2986 cum
1898 2956 1974 2986 aliis
1997 2955 2103 2986 causis
2127 2955 2331 2985 naturalibus
2347 2963 2463 2994 coope-

1394 3002 1551 3037 rantibus,
1562 3001 1670 3041 possit
1684 3010 1795 3031 rerum
1812 3000 1956 3031 omnium
1972 2999 2191 3041 cognitionem
2210 2999 2380 3040 acquirere
2391 2999 2418 3028 ὓ.

1449 3046 1612 3082 Secundo,
1636 3055 1675 3076 ex
1698 3044 1854 3075 Durando
1867 3045 1884 3061 ⁴²
1908 3043 2080 3075 dubitatur.
2105 3043 2191 3081 Quia
2207 3043 2332 3074 videtur
2347 3042 2464 3073 falsum

1394 3090 1486 3131 quod
1501 3089 1617 3121 dicitur
1632 3089 1673 3120 de
1689 3089 1879 3129 corporibus
1895 3088 2095 3124 caelestibus,
2110 3088 2179 3128 ipsa
2195 3087 2235 3118 ad
2249 3087 2465 3128 perfectiones

1394 3134 1608 3166 accidentales
1632 3133 1864 3174 comparando.
1895 3133 1980 3163 Nam
2009 3133 2087 3163 luna
2111 3138 2143 3162 et
2169 3132 2278 3163 stellae
2301 3131 2466 3171 accipiunt

1393 3179 1505 3210 lumen
1529 3189 1547 3209 a
1563 3179 1656 3210 sole:
1681 3184 1713 3209 et
1735 3179 1780 3208 sic
1804 3186 1920 3208 eorum
1942 3177 2075 3207 materia
2097 3182 2242 3207 remanet
2264 3177 2296 3206 in
2320 3176 2466 3216 potentia

1394 3223 1434 3255 ad
1457 3223 1596 3254 formam
1619 3232 1718 3263 quam
1740 3232 1807 3253 non
1831 3221 1927 3252 habet
1950 3231 1968 3251 a
1990 3221 2160 3261 principio.

1449 3267 1563 3299 XXIV.
1588 3267 1640 3298 Ad
1663 3268 1806 3307 primum
1820 3266 1939 3296 horum
1962 3264 2176 3305 respondetur
2191 3263 2291 3304 quod,
2316 3273 2392 3295 cum
2406 3273 2466 3304 po-

1394 3313 1527 3343 steriora
1542 3322 1560 3343 a
1575 3312 1735 3352 prioribus
1752 3310 2000 3350 dependentiam
2012 3309 2151 3340 habeant
2167 3314 2198 3339 et
2213 3309 2246 3339 in
2262 3308 2339 3348 ipsis
2355 3308 2465 3348 aliquo

1393 3356 1495 3387 modo
1519 3355 1705 3392 fundentur,
1722 3359 1852 3395 oportet
1875 3363 2008 3384 omnem
2023 3358 2152 3384 motum
2169 3353 2226 3393 qui
2242 3357 2289 3383 est
2305 3353 2466 3383 existentis

1395 3402 1429 3432 in
1456 3402 1610 3441 potentia,
1634 3399 1762 3431 fundari
1791 3408 1887 3439 supra
1916 3403 2045 3428 motum
2073 3397 2165 3428 illum
2189 3397 2245 3437 qui
2268 3397 2391 3436 primus
2419 3402 2467 3427 est

1395 3446 1479 3476 inter
1500 3451 1610 3476 motus
1632 3443 1830 3479 huiusmodi,
1851 3448 1887 3474 ut
1909 3442 1989 3473 nihil
2012 3442 2114 3473 subsit
2135 3441 2182 3472 illi
2196 3441 2303 3472 motui
2325 3441 2385 3471 nisi
2409 3450 2467 3481 per

1395 3489 1460 3520 hoc
1484 3489 1574 3530 quod
1598 3489 1719 3520 substat
1741 3488 1848 3518 motui
1875 3488 1932 3527 qui
1963 3491 2010 3517 est
2039 3487 2162 3526 primus
2192 3486 2226 3516 in
2258 3485 2314 3516 illo
2338 3495 2465 3526 genere.

1396 3533 1484 3564 Talis
1500 3539 1608 3564 autem
1620 3538 1730 3563 motus
1742 3537 1790 3563 est
1807 3537 1917 3562 motus
1929 3540 2115 3571 corporum.
2128 3529 2205 3560 Ideo
2218 3539 2352 3560 omnem
2367 3530 2467 3560 alium

1396 3583 1526 3608 motum
1549 3577 1711 3608 existentis
1733 3577 1767 3607 in
1790 3576 1935 3616 potentia
1959 3580 2089 3615 oportet
2118 3573 2301 3614 dependere
2328 3584 2346 3604 a
2374 3579 2467 3605 motu

1397 3631 1572 3662 corporeo:
1586 3627 1622 3652 ut
1636 3621 1716 3651 nihil
1732 3626 1901 3651 moveatur
1914 3619 1969 3650 tali
1984 3624 2078 3650 motu
2090 3618 2130 3650 de
2145 3619 2292 3659 potentia
2303 3617 2344 3649 ad
2359 3623 2468 3649 actum

2495 568 2504 577 '¹
2513 567 2549 589 Cf.
2560 572 2624 589 num.
2633 572 2679 593 ιη,
2689 573 2710 596 3,

2494 593 2648 616 Declaratur.

2494 705 2503 714 '‘
2519 703 2555 726 Cf.
2570 704 2637 730 ibid.,
2659 711 2676 726 ι.

2492 1278 2501 1288 ·
2517 1277 2553 1300 Cf.
2568 1283 2633 1300 num.
2646 1284 2693 1300 xva

2494 1544 2502 1553 '¹
2518 1541 2552 1564 Cf.
2569 1547 2592 1564 n.
2602 1548 2624 1567 x,
2639 1541 2709 1573 l’onit

2495 1571 2571 1590 autem
2606 1574 2708 1596 qumque

2494 1595 2664 1617 conclusiones.

2491 2563 2511 2599 ἕ·
2516 2561 2567 2610 Ρὲἐῑ
2576 2562 2617 2616 3ξρ

2491 2740 2501 2749 ·
2517 2738 2553 2760 Cf.
2568 2739 2647 2760 locum
2661 2742 2706 2760 sta-

2492 2765 2534 2787 tim
2549 2765 2633 2787 citand.

2490 3007 2499 3017 ‘
2515 3006 2566 3028 1²01.
2579 3013 2619 3035 49.

2492 3050 2502 3059 ·
2510 3048 2580 3076 Greg.
2587 3049 2614 3070 de
2621 3048 2706 3074 Arina„

2491 3075 2512 3096 11
2526 3075 2601 3101 Sent„
2621 3074 2643 3096 d.
2663 3081 2697 3096 vn

2512 3118 2518 3123 .
2532 3108 2553 3128 v,
2567 3108 2590 3124 a.
2606 3108 2614 3124 1
2636 3100 2657 3129 (a
2675 3091 2706 3122 ud

2492 3129 2642 3156 capreolum,
2669 3133 2707 3149 oc.

2493 3155 2541 3181 cit„
2556 3161 2579 3182 p.
2594 3154 2653 3183 263).
