2768 4134
77 1383 85 1391 '⁴
100 1381 136 1403 Ct.
150 1386 172 1403 n.
184 1386 207 1402 η.

79 2852 87 2860 ·
103 2850 137 2873 Cf.
154 2851 204 2873 init.
223 2850 293 2873 Com-

79 2881 149 2900 ment.

321 310 396 357 534
663 305 850 342 SUMMA
880 302 1102 340 CONTRA
1129 300 1405 345 GENTILES,
1434 299 1529 336 LIB.
1549 300 1591 344 ΙΙ,
1621 298 1734 336 CAP.
1753 299 1948 345 LXXXV,
1967 300 2175 338 LXXXVI.

373 388 449 426 Sed
478 383 687 423 similitudo
716 381 911 431 praedicta
946 392 1027 417 non
1061 378 1228 416 ostendit
1261 378 1388 415 homi·
1444 379 1592 428 spiritus
1619 379 1717 415 vitae
1734 377 1876 415 dicitur
1903 380 2122 429 inspiratus.-
2144 378 2248 428 quia,
2268 391 2361 418 cum
2389 381 2429 419 jn
2449 383 2524 420 hac

318 453 410 479 nem
430 451 513 476 esse
533 436 678 486 aliquid
699 434 933 472 substantiae
952 433 1126 470 divinae:
1158 444 1250 470 cum
1269 432 1309 469 in
1332 431 1388 468 in·
1444 438 1552 481 parte
1572 430 1746 480 corporis
1775 430 1850 467 sint
1867 431 2042 480 plurium
2069 443 2258 470 sensuum
2278 445 2423 482 organa
2441 435 2523 482 sita,

318 492 521 542 telligendo
550 490 744 528 defectum
773 487 1033 537 multipliciter
1065 485 1242 536 patiatur,
1281 484 1389 535 quod
1446 485 1486 522 in
1501 483 1584 533 ipsa
1602 483 1698 521 facie
1718 484 1937 521 evidentius
1956 484 2035 522 vita
2054 492 2304 523 monstratur.
2327 485 2391 525 Sic
2410 487 2525 537 igitur

317 548 365 584 de
394 547 480 583 Deo
509 544 584 582 dici
617 554 697 580 non
733 549 870 591 potest.
900 540 1013 579 Unde
1047 541 1145 577 haec
1178 538 1389 576 similitudo
1446 538 1554 575 Deus
1569 536 1775 587 inspirasse
1794 537 1835 575 in
1853 537 1994 576 faciem
2013 538 2186 576 hominis
2209 539 2449 589 spiraculum
2468 540 2524 580 di-

317 599 438 648 magis
463 606 518 635 est
538 596 744 634 indicativa
764 594 970 632 cuiusdam
990 593 1237 643 imperfectae
1257 591 1390 640 imagi·
1415 610 1423 630 ς
1447 590 1555 636 citur,
1577 590 1670 640 quia
1689 590 1868 640 spiritum
1886 591 1989 629 vitae
2013 591 2167 630 homini
2185 592 2303 639 dedit,
2322 605 2406 631 non
2429 605 2525 632 eum

317 653 376 691 nis
391 664 511 702 quam
531 649 694 687 alicuius
709 647 1121 686 consubstantialitatis.
1139 645 1259 693 Quod
1274 644 1391 682 etiam
1448 656 1494 681 ex
1523 656 1594 681 sua
1622 644 1835 682 substantia
1854 644 2086 683 decidendo.
2111 647 2218 684 Nam
2236 654 2274 684 et
2297 647 2366 696 qui
2384 659 2524 697 corpo-

318 705 515 755 Scriptura
542 703 667 741 innuit
686 714 779 740 cum
807 701 898 739 dicit
917 702 968 739 ad
990 702 1195 750 imaginem
1225 698 1297 736 Dei
1320 699 1390 735 ho·
1447 697 1575 734 raliter
1598 696 1768 735 insufflat
1796 698 1836 736 in
1864 698 2003 736 faciem
2032 699 2206 746 alicuius,
2235 701 2342 738 unde
2370 700 2526 738 videtur

311 3695 316 3699 ”
375 3690 391 3713 b
407 3697 419 3714 2
438 3690 524 3725 habet]
543 3692 638 3718 habent
657 3694 685 3719 Z.

317 760 465 797 minem
493 759 649 795 sactum.
671 757 785 794 Unde
805 763 841 793 et
869 754 1066 804 inspiratio
1086 752 1282 803 praedicta
1301 763 1390 800 pro-

317 824 471 851 cessum
490 811 591 848 vitae
611 823 634 848 a
652 811 738 848 Deo
758 810 798 847 in
812 808 1016 845 hominem
1032 806 1250 843 secundum
1267 816 1390 854 quan-

1447 758 1604 800 sumpta
1623 763 1706 789 esse
1726 753 1969 801 metaphora,
1989 764 2122 790 aerem
2137 753 2177 790 in
2196 753 2334 791 faciem
2349 754 2434 792 eius
2453 753 2524 791 im-

1446 803 1561 853 pellit,
1591 815 1672 841 non
1701 812 1835 842 autern
1863 805 2036 854 aliquam
2056 818 2150 844 suae
2172 807 2408 846 substantiae
2437 819 2524 858 par-

318 868 410 904 dam
445 864 738 903 similitudinem
774 863 1024 906 demonstrat,
1053 872 1135 896 non
1170 858 1390 896 secundum
1406 875 1432 890 xo
1445 865 1525 895 tem
1554 857 1594 894 in
1622 857 1755 908 ipsum
1782 858 1964 896 immittit.

317 919 505 957 unitatem
535 917 779 956 substantiae.
801 917 965 964 Propter
983 913 1091 962 quod
1120 919 1156 949 et
1185 914 1222 949 in
1249 913 1389 958 faciem

373 1043 383 1060 1
406 1033 549 1066 hominem]
569 1033 681 1058 animam
700 1031 834 1055 hominem
855 1029 904 1058 ιΧ,
923 1029 1036 1054 animam
1056 1028 1198 1053 humanam
1218 1027 1250 1058 D,
1268 1027 1382 1052 animam
1402 1026 1516 1052 hominis
1537 1026 1580 1052 Pe.

372 1079 389 1102 4
408 1068 575 1103 spiraculum]
594 1068 662 1092 vitae
680 1066 786 1091 addunt
805 1065 950 1090 aDWXPc.
1043 1071 1077 1089 ιο
1095 1062 1219 1096 immittit]
1239 1062 1334 1087 emittit
1352 1062 1396 1088 Pe.

1672 1026 1688 1051 6
1707 1026 1993 1061 consubstantialitatis]
2013 1027 2237 1054 substantialitatis
2257 1029 2424 1055 aDWXZPc.

1076 1151 1415 1185 Commentario»
1445 1150 1759 1184 Fert-ariensis

367 1255 387 1275 x
417 1242 706 1285 praedeterminata
735 1242 869 1273 veritate
900 1241 1042 1272 excludit
1072 1240 1208 1272 Sanctus
1243 1241 1390 1271 Thomas

321 1256 509 1320 Eerrorem
532 1287 663 1318 illorum
687 1287 744 1327 qui
767 1287 909 1317 animam
933 1286 973 1318 de
997 1286 1173 1317 substantia
1197 1285 1305 1316 divina
1321 1295 1391 1317 esse

317 1334 475 1365 dicebant.
490 1332 584 1363 Circa
599 1332 664 1362 hoc
682 1337 792 1362 autem
808 1331 875 1362 duo
893 1330 984 1362 facit:
1002 1332 1119 1372 primo,
1135 1331 1252 1372 probat
1267 1339 1391 1371 propo-

317 1380 432 1415 situm;
449 1376 605 1414 secundo,
621 1376 709 1407 unde
724 1376 836 1407 habuit
852 1375 906 1407 ille
924 1385 1012 1406 error
1028 1376 1188 1416 originem
1205 1374 1347 1406 ostendit
1363 1376 1390 1406 *.

374 1423 397 1454 1.
422 1422 533 1452 Primo
558 1422 666 1462 itaque
695 1420 853 1463 arguitur
882 1421 938 1451 sic.
967 1420 1107 1451 Animae
1137 1420 1299 1451 humanae
1321 1429 1391 1451 non

317 1468 449 1499 fuerunt
464 1472 538 1497 ante
555 1475 703 1507 corpora,
720 1471 756 1496 ut
772 1471 820 1496 est
835 1470 1014 1496 ostensum.
1031 1465 1119 1506 Ergo
1135 1474 1204 1496 non
1221 1470 1269 1495 est
1284 1465 1392 1495 anima

317 1513 357 1543 de
381 1512 556 1543 substantia
572 1511 690 1542 divina.
706 1528 729 1532 —
744 1510 836 1542 Patet
851 1510 1095 1550 consequentia.
1112 1509 1199 1548 Quia
1214 1510 1392 1540 substantia

317 1557 425 1588 divina
449 1562 496 1587 est
519 1561 658 1592 aeterna,
682 1561 719 1586 ut
741 1555 891 1596 superius
915 1560 963 1586 est
985 1555 1171 1596 probatum.

373 1601 514 1633 Adverte
530 1600 622 1641 quod
636 1600 809 1640 dupliciter
824 1605 933 1640 potest
948 1599 1084 1640 intelligi
1099 1600 1242 1630 animam
1266 1608 1335 1630 esse
1351 1598 1391 1629 de

317 1646 493 1678 substantia
517 1644 634 1676 divina.
654 1645 731 1676 Uno
753 1644 867 1681 modo,
883 1650 920 1675 ut
943 1645 983 1675 sit
998 1643 1038 1675 de
1062 1643 1116 1674 illa
1139 1643 1316 1675 substantia
1330 1653 1392 1674 nu-

317 1701 409 1722 mero
434 1699 518 1731 quae
541 1695 589 1720 est
612 1690 712 1726 Deus,
737 1695 893 1730 tanquam
920 1698 958 1719 ex
985 1689 1128 1726 materia,
1156 1689 1240 1720 sicut
1263 1687 1303 1719 de
1327 1697 1393 1719 una

317 1742 407 1776 parte
421 1735 481 1766 luti
504 1734 623 1774 figulus
640 1733 772 1774 aliquod
787 1733 886 1764 fictile
909 1732 995 1764 facit.
1010 1733 1086 1764 Alio
1110 1732 1223 1770 modo,
1248 1733 1326 1773 quia
1345 1737 1394 1764 est

319 1780 359 1811 de
382 1779 497 1811 eadem
521 1779 629 1819 specie
652 1779 746 1809 cuius
770 1783 818 1809 est
840 1778 940 1815 Deus,
966 1787 1006 1809 eo
1033 1777 1136 1809 modo
1161 1787 1230 1818 quo
1255 1778 1393 1808 dicimus

319 1825 447 1856 Sortem
464 1830 495 1854 et
518 1823 687 1854 Platonem
712 1833 780 1854 esse
808 1823 848 1854 de
872 1823 986 1854 eadem
1009 1823 1127 1863 specie.
1152 1823 1234 1854 Utro
1256 1823 1393 1853 istorum

318 1869 496 1900 modorum
519 1868 724 1908 intelligatur,
740 1877 873 1899 necesse
892 1873 939 1898 est
962 1873 998 1898 ut
1013 1868 1139 1898 animae
1156 1873 1230 1898 ante
1254 1876 1394 1907 corpora

318 1913 446 1945 fuerint:
460 1912 537 1953 quia
549 1912 589 1943 de
601 1913 725 1943 ratione
740 1917 873 1943 naturae
885 1911 1023 1948 divinae,
1031 1912 1098 1942 sive
1110 1921 1168 1952 per
1180 1911 1316 1942 modum
1327 1911 1392 1942 sin-

317 1957 435 1999 gularis
447 1957 515 1987 sive
530 1966 589 1998 per
600 1955 737 1987 modum
750 1956 871 1997 speciei
882 1957 1068 1996 accipiatur,
1085 1961 1133 1986 est
1150 1962 1185 1986 ut
1201 1956 1241 1986 sit
1253 1961 1391 1987 aeterna.

373 2000 533 2032 Secundo.
557 2001 677 2031 Anima
705 2005 752 2032 est
774 1999 889 2031 forma.
915 2000 1002 2041 Ergo
1027 2005 1088 2031 etc.
1112 2018 1136 2023 —
1158 2000 1250 2031 Patet
1277 2009 1391 2031 conse-

317 2047 459 2088 quentia.
483 2045 570 2084 Quia
593 2045 682 2076 Deus
704 2045 827 2076 nullius
850 2046 897 2076 rei
920 2050 1029 2086 potest
1052 2054 1122 2076 esse
1145 2044 1261 2076 forma.

377 2091 496 2122 Tertio.
523 2090 707 2122 Substantia
730 2090 791 2120 Dei
814 2099 883 2121 non
908 2095 956 2121 est
978 2090 1011 2120 in
1036 2090 1183 2130 potentia
1198 2089 1239 2120 ad
1257 2088 1391 2130 aliquid.

317 2136 403 2176 Ergo
421 2141 481 2166 etc.
497 2153 521 2157 -
535 2135 626 2166 Patet
641 2135 885 2176 consequentia.
903 2134 990 2173 Quia
1006 2144 1106 2166 omne
1122 2144 1161 2166 ex
1186 2143 1253 2175 quo
1270 2133 1394 2175 aliquid

317 2179 363 2218 fit,
388 2186 435 2211 est
458 2180 492 2211 in
514 2180 661 2220 potentia
684 2179 724 2211 ad
747 2179 837 2210 illud.

376 2224 514 2262 Quarto.
539 2224 628 2255 Deus
645 2229 692 2255 est
708 2225 845 2255 omnino
869 2223 1057 2255 immobilis.
1082 2224 1169 2265 Ergo
1187 2229 1247 2255 etc.
1263 2241 1287 2246 —
1301 2223 1393 2254 Patet

319 2269 562 2310 consequentia.
596 2268 682 2308 Quia
711 2269 744 2300 id
775 2279 813 2300 ex
841 2278 908 2310 quo
933 2268 1056 2309 aliquid
1079 2268 1125 2306 fit,
1150 2268 1262 2310 aliquo
1289 2267 1392 2300 modo

318 2319 470 2345 mutatur.

378 2358 511 2395 Quinto.
527 2359 646 2390 Anima
662 2358 800 2389 variatur
816 2358 998 2389 secundum
1009 2358 1178 2389 scientiam
1192 2363 1223 2388 et
1239 2359 1391 2390 virtutem

319 2410 351 2434 et
374 2413 489 2434 eorum
513 2403 675 2444 opposita.
707 2403 794 2443 Ergo
823 2412 892 2434 non
924 2408 971 2434 est
999 2402 1039 2434 de
1067 2403 1244 2434 substantia
1272 2403 1390 2440 divina,

320 2457 403 2489 quae
427 2454 475 2478 est
498 2448 634 2478 omnino
658 2447 861 2478 invariabilis.

375 2492 485 2523 Sexto.
501 2491 546 2523 'In
570 2493 677 2523 anima
701 2498 748 2523 est
770 2492 917 2533 potentia
937 2498 968 2523 et
991 2497 1092 2529 actm,
1117 2492 1247 2534 scilice&
1265 2492 1390 2524 intelle-

320 2542 390 2568 ctus
413 2537 574 2577 possibilis
591 2542 622 2567 et
637 2537 820 2568 intellectus
835 2546 943 2577 agens.
968 2536 1056 2577 Ergo
1080 2541 1141 2568 etc.
1158 2555 1180 2559 —
1196 2536 1287 2568 Patet
1311 2547 1390 2568 con-

319 2582 497 2622 sequentia.
522 2581 608 2620 Quia
631 2581 721 2613 Deus
745 2587 792 2612 est
820 2588 911 2612 actus
940 2591 1052 2622 purus,
1075 2582 1109 2612 in
1134 2591 1202 2622 quo
1230 2582 1320 2613 nulla
1343 2588 1391 2613 est

319 2626 547 2667 potentialitas.

375 2670 526 2712 Septimo.
544 2670 633 2702 Deus
650 2676 697 2702 est
713 2671 850 2702 omnino
867 2671 1079 2712 impartibilis.
1096 2671 1183 2711 Ergo
1199 2672 1307 2703 anima
1322 2681 1390 2703 non

318 2721 427 2756 potest
450 2725 518 2747 esse
542 2715 665 2756 aliquid
689 2716 758 2747 eius
780 2716 842 2747 nisi
862 2716 901 2746 sit
924 2721 992 2746 tota
1017 2716 1085 2747 eius
1109 2715 1295 2747 substantia.
1316 2716 1391 2748 Hoc

319 2766 428 2791 autem
444 2766 492 2791 est
514 2760 728 2801 impossibile:
746 2761 823 2801 quia
838 2766 917 2791 tunc
933 2766 1016 2791 esset
1030 2770 1095 2791 una
1113 2761 1220 2792 anima
1241 2762 1391 2793 omnium

318 2805 501 2842 hominum,
522 2814 597 2836 cum
622 2805 798 2836 substantia
821 2805 928 2836 divina
943 2815 1011 2836 non
1032 2805 1134 2846 possit
1150 2814 1219 2836 esse
1234 2806 1294 2837 nisi
1315 2815 1390 2837 una.

375 2849 412 2880 ΙΙ.
441 2849 610 2888 Quantum
639 2850 679 2881 ad
709 2850 890 2882 secundum
909 2851 936 2887 ξ
965 2851 1099 2891 ponitur
1129 2850 1244 2891 triplex
1276 2850 1391 2882 funda·

318 2900 466 2925 mentum
490 2894 577 2926 unde
600 2894 782 2936 praedictus
807 2904 894 2926 error
917 2895 1076 2936 originem
1099 2895 1222 2927 habuit.
1245 2895 1391 2927 Primum

1444 1246 1502 1277 est,
1526 1241 1604 1281 quia
1628 1249 1744 1271 omnes
1759 1240 1794 1271 id
1810 1240 1902 1281 quod
1924 1242 2092 1282 ponebant
2106 1250 2216 1273 retum
2232 1242 2442 1284 principium,
2457 1243 2527 1276 ani-

1442 1295 1516 1316 mae
1543 1286 1770 1323 attribuebant‚
1794 1291 1831 1316 ut
1859 1290 1949 1326 patet
1971 1285 1985 1317 1
2011 1286 2052 1317 de
2078 1286 2209 1318 Anima.
2233 1287 2378 1326 Quidam
2403 1286 2526 1326 autent,

1443 1330 1567 1362 nullam
1594 1330 1807 1361 substantiam
1834 1330 2065 1372 incorpoream
2093 1341 2163 1363 esse
2191 1338 2368 1374 ponentes»,
2391 1332 2528 1366 nobilis-

1443 1375 1563 1406 simum
1580 1384 1768 1416 corporum,
1785 1375 1853 1406 sive
1877 1381 1960 1406 esset
1979 1385 2043 1413 aer,
2059 1376 2126 1407 sive
2141 1377 2235 1418 ignis,
2251 1377 2318 1408 sive
2342 1377 2527 1419 quodcum-

1444 1429 1510 1462 que
1534 1419 1622 1451 aliud
1646 1420 1845 1461 principium
1860 1426 2032 1461 ponerent,
2049 1419 2200 1452 dicebant
2215 1430 2285 1453 esse
2303 1421 2423 1454 Deum.
2439 1439 2463 1444 —
2476 1421 2528 1458 Ek

1445 1474 1510 1506 qua
1533 1464 1640 1495 radice
1657 1470 1689 1496 et
1713 1464 1896 1496 Manichaei
1913 1474 2002 1496 error
2016 1465 2199 1507 pullulavit,
2216 1467 2275 1508 qui
2289 1466 2399 1498 Deum
2422 1476 2527 1508 quan-

1445 1509 1521 1541 dam
1544 1510 1654 1541 lucem
1678 1518 1748 1540 esse
1771 1510 1966 1541 existimavit
1981 1519 2039 1551 per
2061 1509 2189 1542 infinita
2211 1512 2316 1552 spatia
2337 1511 2528 1550 distensam,

1446 1555 1540 1586 cuius
1563 1554 1730 1596 quandam
1752 1554 1945 1595 particulam
1969 1555 2113 1587 animam
2136 1565 2207 1588 esse
2229 1556 2367 1588 dicebat.
2506 1563 2523 1567 ”

1503 1599 1567 1631 Sed
1589 1599 1655 1630 hoc
1669 1598 1923 1632 fundamentum
1941 1600 2091 1641 superius
2110 1606 2158 1632 est
2173 1601 2407 1642 improbatum,
2422 1611 2526 1644 quan-

1446 1650 1518 1675 tum
1542 1643 1582 1675 ad
1604 1643 1638 1675 id
1666 1643 1758 1685 quod
1780 1645 1916 1684 ponitur
1945 1644 2055 1675 Deum
2079 1650 2111 1676 et
2133 1646 2277 1677 animam
2301 1655 2371 1678 esse
2394 1647 2527 1688 corpus-

1505 1698 1534 1719 2.
1559 1688 1750 1720 Secundum
1772 1687 2024 1720 fundamentum
2045 1695 2103 1727 est,
2120 1691 2197 1731 quia
2220 1690 2322 1732 aliqui
2344 1695 2527 1733 posuerunt

1446 1743 1552 1764 unum
1575 1742 1646 1765 esse
1669 1734 1820 1765 omnium
1835 1734 2010 1765 hominum
2025 1734 2238 1766 intellectum.
2262 1735 2401 1777 Ant-iqui
2415 1735 2527 1767 autem

1447 1778 1626 1819 quamlibet
1638 1779 1852 1809 substantiam
1866 1784 2045 1820 separatam
2055 1788 2126 1810 esse
2135 1779 2245 1811 Deum
2256 1779 2418 1812 dicebant.
2429 1779 2527 1813 Unde

1447 1823 1644 1864 sequebatur
1670 1823 1873 1855 intellectum
1895 1828 2056 1861 nostrum,
2080 1824 2148 1855 sive
2170 1824 2348 1857 humanam
2371 1825 2527 1864 animam,

1447 1867 1576 1898 divinae
1598 1873 1733 1899 naturae
1756 1877 1837 1898 esse.

1503 1911 1567 1943 Sed
1591 1917 1623 1943 et
1646 1912 1710 1943 hoc
1734 1913 1884 1952 superius
1907 1918 1956 1943 est
1977 1912 2211 1954 improbatum.

1505 1955 1535 1986 3.
1560 1955 1710 1987 Tertium
1739 1962 1797 1994 est,
1821 1956 1898 1997 quia
1933 1956 2123 1998 intelligere,
2156 1956 2248 1998 quod
2278 1958 2419 1990 maxime

1445 2000 1554 2041 prium
1571 2001 1631 2031 Dei
1648 2001 1860 2038 existimatur,
1876 2001 1958 2032 nulli
1974 2001 2171 2033 substantiae
2186 2002 2221 2033 in
2237 2001 2384 2034 inferiori
2397 2002 2526 2036 mundo

1446 2045 1623 2076 convenire
1646 2044 1775 2077 videtur
1801 2045 1864 2076 nisi
1894 2046 2031 2084 homini,
2051 2055 2109 2087 per
2137 2047 2291 2085 animam,
2315 2056 2402 2089 quae
2428 2048 2527 2080 etiam

1445 2090 1581 2130 ponitur
1603 2089 1807 2121 immortalis.
2520 2122 2521 2131 ,

1500 2134 1588 2166 Huic
1612 2133 1720 2166 favere
1743 2134 1871 2167 videtur
1887 2135 1979 2176 quod
1995 2135 2112 2167 dicitur
2130 2135 2211 2168 Gen.
2227 2146 2250 2174 ι.
2265 2137 2334 2175 ubi,
2349 2142 2527 2180 postquam

1446 2179 1571 2210 dictum
1595 2185 1653 2216 est,
1677 2179 1855 2211 Faciamus
1876 2179 2040 2211 hominem
2057 2180 2102 2212 ad
2123 2180 2302 2224 imaginem
2321 2186 2354 2213 et
2374 2177 2527 2214 sih-iutu-

1445 2224 1553 2255 dinem
1582 2229 1740 2261 nostram,
1768 2224 1962 2256 subditur':
1986 2225 2159 2256 For-mavit
2183 2225 2274 2258 Deus
2297 2226 2461 2258 hominem
2487 2226 2529 2259 de
2554 2231 2564 2244 ·

1446 2269 1524 2300 limo
1549 2274 1669 2306 terrae,
1686 2274 1718 2300 et
1733 2269 1908 2310 inspiravit
1922 2269 2092 2312 infaciem
2111 2270 2182 2302 eius
2203 2271 2406 2311 spiraculum
2429 2266 2527 2304 vitae.

1500 2313 1566 2346 Sed
1577 2313 1618 2344 ad
1630 2314 1696 2345 hoc
1711 2313 1829 2345 dicitur
1846 2314 1966 2355 primo,
1983 2314 2074 2356 quod
2089 2315 2270 2347 similitudo
2285 2316 2350 2354 illa,
2367 2322 2528 2358 quamue

1444 2358 1485 2390 ad
1507 2358 1766 2399 intelligendum,
1789 2369 1859 2390 non
1882 2358 2025 2391 ostendit
2047 2359 2189 2392 animam
2213 2369 2284 2393 esse
2297 2366 2432 2393 namrae
2447 2360 2528 2401 diui,

1444 2413 1519 2435 nae:
1551 2412 1628 2435 cum
1654 2404 1688 2435 in
1711 2404 1925 2446 intelligendo
1951 2404 2168 2446 multiplicem
2191 2404 2355 2437 defectum
2376 2406 2527 2448 pau'atux.

1501 2447 1627 2479 Dicitur
1653 2448 1811 2486 secundo,
1836 2448 1930 2491 quod
1953 2449 2121 2490 inspiratio
2148 2449 2311 2492 praedicta
2337 2447 2529 2494 processum

1444 2493 1528 2524 vitae
1544 2503 1562 2523 a
1574 2492 1647 2524 Deo
1667 2494 1702 2524 in
1717 2493 1888 2525 hominem
1904 2493 2086 2525 secundum
2102 2494 2267 2536 quandam
2283 2492 2529 2578 similibttffln

1444 2537 1661 2568 demonstrat:
1689 2547 1758 2569 non
1786 2544 1896 2570 autem
1922 2538 2106 2570 secundum
2133 2539 2291 2572 unitatem
2321 2549 2360 2571 su
2447 2538 2453 2545 “
2498 2549 2528 2572 e.

1444 2581 1546 2621 Quod
1560 2587 1658 2623 patet,
1675 2583 1752 2624 quia
1768 2589 1801 2615 et
1823 2584 1881 2624 qui
1897 2584 2108 2625 corporaliter
2122 2584 2158 2616 in
2181 2583 2298 2616 faciem
2320 2584 2458 2621 alicui&
2477 2584 2529 2618 h·

1443 2626 1560 2664 sufflat,
1583 2626 1672 2658 unde
1695 2627 1822 2659 videtur
1844 2634 1976 2670 sumpta
1998 2629 2200 2670 metaphora,
2223 2639 2332 2662 aerem
2353 2630 2388 2663 in
2410 2628 2530 2663 {adem

1445 2672 1515 2704 eius
1537 2671 1686 2713 impellit,
1709 2682 1778 2704 non
1802 2679 1913 2705 autem
1935 2674 2079 2715 aliquam
2095 2683 2172 2706 suae
2191 2674 2388 2709 substantiae
2402 2679 2529 2716 partem

1444 2717 1478 2748 in
1498 2717 1607 2758 ipsum
1631 2717 1749 2748 emittit
1764 2718 1792 2748 *.

1502 2760 1606 2792 Cch
1630 2771 1715 2792 amc
1739 2771 1979 2794 concrusxom
1999 2763 2080 2795 nihil
2107 2763 2249 2795 occurrit
2275 2763 2368 2806 quod
2390 2761 2528 2796 difficul-

1444 2810 1545 2837 tatem
1569 2805 1674 2843 faciat,
1691 2811 1808 2848 utpote
1824 2816 1909 2848 quae
1929 2807 1968 2838 ab
1991 2808 2084 2839 omni
2100 2809 2232 2840 veritate
2255 2809 2296 2840 sit
2315 2809 2430 2842 aliena.
2444 2808 2529 2842 Eun

1445 2856 1555 2882 autem
1579 2857 1751 2892 pertractat
1767 2851 1904 2884 Sanctus
1920 2851 2067 2884 Thomas
2083 2853 2181 2885 etiam
2198 2853 2316 2891 Prima,
2335 2862 2368 2895 q.
2382 2863 2433 2891 xc,
2449 2863 2479 2887 a.
2498 2861 2528 2891 ι,

1446 2901 1478 2927 et
1501 2895 1528 2926 11
1553 2895 1653 2933 Sena,
1677 2895 1708 2928 d.
1732 2906 1807 2934 xvn,
1831 2906 1862 2928 a.
1891 2905 1918 2928 ι.

1375 2992 1473 3037 mm

659 3141 1148 3199 CAPITULUM
1198 3141 1790 3200 OCTOGESIMUM
1834 3143 2184 3202 SEXTUM

535 3271 709 3323 QUOD
744 3272 943 3313 ANIMA
978 3271 1249 3313 HUMANA
1283 3271 1414 3312 NON

446 3419 461 3442 ν,
507 3409 510 3426 ;
528 3397 551 3422 x
570 3385 790 3434 praemissis
810 3394 941 3423 autern
960 3384 1112 3424 ostendi
1137 3392 1262 3435 potest
1281 3385 1390 3434 quod

350 3445 354 3449 ’
391 3449 411 3464 ῑ«
425 3438 433 3450 ’
483 3481 489 3484 ,
508 3437 513 3442 ‘
542 3438 673 3476 anima
693 3440 867 3477 humana
887 3451 967 3477 non
986 3437 1201 3477 traducitur
1219 3450 1311 3476 cum
1332 3451 1389 3476 se·

346 3497 363 3533 ἐ,
392 3486 511 3540 „ix-⁴22
542 3491 659 3537 mine,
689 3492 799 3541 quasi
827 3505 898 3542 per
925 3492 1073 3530 coitum
1102 3491 1302 3529 seminata.

345 3541 362 3568 '5
406 3536 518 3564 *⁶²
597 3545 953 3596 Quorumcumque
977 3546 1083 3584 enim
1106 3545 1388 3596 principiorum

1447 3272 1881 3315 TRADUCATUR
1916 3273 2048 3316 CUM
2081 3272 2310 3315 SEMINE

1446 3397 1586 3423 eorum
1614 3385 1770 3424 initium
1789 3385 1872 3424 sine
1890 3397 2057 3436 corpore
2076 3396 2159 3424 esse
2177 3392 2320 3435 potest:
2342 3384 2397 3423 sic
2415 3385 2523 3426 enim

1446 3451 1507 3476 res
1526 3440 1644 3477 habet
1663 3452 1746 3478 esse
1762 3439 1860 3478 sicut
1879 3447 1916 3478 et
1935 3446 2128 3489 operatur,
2148 3450 2241 3476 cum
2266 3439 2522 3490 unumquod-

1445 3505 1523 3542 que
1560 3501 1744 3543 operetur
1778 3493 2013 3543 inquantum
2047 3500 2105 3529 est
2140 3503 2222 3530 ens.
2259 3493 2293 3530 E
2327 3492 2522 3532 contrario

1445 3558 1551 3594 vero,
1572 3559 1746 3597 quorum
1759 3545 2043 3597 principiorum
2063 3546 2309 3596 operationes
2329 3554 2419 3585 sunt
2438 3545 2521 3585 sine

324 3595 564 3642 operationes
593 3609 673 3635 non
702 3608 865 3648 possunt
888 3612 971 3637 esse
1000 3600 1082 3638 sine
1110 3610 1286 3650 corpore,
1317 3611 1389 3638 nec
1411 3620 1421 3640 5
1444 3612 1622 3650 corpore,
1643 3612 1782 3639 eorum
1801 3599 1999 3650 generatio
2019 3611 2100 3637 non
2124 3606 2181 3637 est
2209 3611 2279 3650 per
2306 3599 2520 3650 generatio—

775 3696 904 3729 operatur]
925 3698 1026 3730 operari
1045 3698 1074 3723 Z.
