2768 4134
816 277 1016 315 SUMMA'
1034 280 1254 319 CONTRA
1283 284 1557 332 GENTILES,
1586 288 1680 324 LlB.
1702 289 1743 334 11,
1774 288 1884 326 CAP.
1906 290 1968 327 XI.

294 360 430 394 negatur
446 357 689 396 consequentia.
706 356 803 394 Quia,
825 366 901 387 cum
922 357 1060 388 dicimus
1075 359 1367 392 relativumtermi-

294 399 363 429 nari
386 398 426 430 ad
450 399 646 437 absolutum,
671 401 890 441 intelligimus,
916 401 979 431 nisi
1002 402 1072 442 ipsa
1096 404 1212 433 relatio
1233 406 1275 435 sit
1293 415 1367 446 sup-

289 443 435 483 positum
458 444 643 481 subsistens,
660 445 743 476 sicut
759 451 806 476 est
831 446 864 476 in
888 445 1004 476 divinis
1027 447 1236 478 relationibus
1258 459 1368 489 perso-

294 487 430 519 nalibus.
449 488 545 519 Tunc
562 489 650 520 enirn
666 489 753 520 idem
771 494 818 520 est
836 490 949 520 relatio
974 496 1005 521 et
1027 491 1148 521 habens
1168 493 1367 524 relationem.

296 532 373 563 Ideo
397 533 554 564 terminus
578 534 701 564 relativi
724 540 772 564 est
794 534 965 565 relativum
989 533 1175 565 formaliter.

351 577 391 608 V.
426 577 709 609 Considerandum
744 579 877 609 ulterius
913 578 1004 619 quod
1033 579 1213 610 secundum
1248 581 1370 612 dictum
1395 594 1397 604 ‹

51 624 143 673 ‘Pffl-
154 624 268 672 ¹¹¹239222·
294 621 477 662 praedictae
493 622 659 662 opinionis
675 624 692 639 ἃ
710 623 802 654 nullo
819 623 920 654 modo
937 623 1064 654 videtur
1079 623 1119 654 de
1138 630 1246 655 mente
1263 625 1370 656 Sancti

51 657 268 700 &on-mimici&
296 665 445 697 Thomae
469 676 549 697 esse.
574 667 652 698 Vult
681 667 769 698 enim
799 668 879 699 haec
903 669 1018 708 opinio
1042 668 1133 708 quod
1156 669 1254 705 Deus,
1278 670 1369 700 nullo

51 705 75 754 ¹⁸¹}
88 704 204 759 {quffi
217 710 267 730 ¹¹¹¹⁷
295 710 462 742 intellectu
485 711 720 748 considerante,
745 712 875 744 relative
903 713 1028 743 dicatur
1054 713 1179 743 ratione
1209 714 1370 745 relationis

296 755 459 786 existentis
482 756 516 786 in
539 762 699 794 creatura;
727 764 759 788 et
783 757 874 798 quod
896 757 1067 798 proprium
1095 763 1143 787 est
1165 758 1370 789 relativorum

295 799 379 830 tertii
395 800 487 831 modi
504 805 540 831 ut
555 801 678 842 aliquid
701 802 826 833 dicatur
848 802 1018 832 relativum
1034 801 1159 832 realiter
1174 808 1307 842 propter
1322 812 1370 833 re-

295 844 451 875 lationem
474 845 508 875 in
538 845 639 877 altero
670 852 815 878 extremo
847 847 973 877 realiter
1000 846 1189 877 existentem
1196 857 1204 883 ;
1230 853 1271 883 et,
1296 856 1371 878 cum

295 889 452 920 terminus
475 890 598 921 relativi
620 891 661 921 sit
685 891 922 928 correlativum,
945 891 1016 921 vult
1039 890 1147 921 Deum
1171 900 1239 922 esse
1263 893 1370 922 termi-

295 943 376 964 num
398 934 524 966 ratione
547 935 712 967 relationis
735 936 898 967 existentis
921 936 955 966 in
979 941 1133 966 creatura.
1162 935 1284 966 Contra
1307 936 1370 966 hoc

295 979 383 1008 enim
407 984 455 1009 est
478 988 628 1020 expresse
651 980 788 1011 Sanctus
804 980 950 1011 Thomas
969 978 1112 1016 inferius,
1138 989 1208 1020 cap.
1226 990 1290 1016 xm,
1316 982 1371 1011 ubi

294 1024 401 1063 inquit
427 1023 518 1064 quod
545 1034 566 1055 a
590 1025 751 1056 relatione
773 1025 918 1055 exterius
936 1024 1094 1055 existente
1117 1034 1183 1054 non
1208 1025 1372 1055 invenitur

295 1068 430 1109 aliquod
444 1068 662 1106 denominari,
678 1069 736 1101 sed
750 1070 790 1100 ab
807 1070 1013 1101 inhaerente:
1028 1075 1060 1100 et
1075 1069 1221 1110 loquitur
1236 1069 1276 1100 de
1292 1070 1371 1100 rela-

294 1113 438 1144 tionibus
462 1114 581 1154 quibus
608 1114 697 1145 Deus
720 1113 860 1145 refertur·
882 1114 923 1145 ad
946 1119 1116 1144 creaturas.
1143 1132 1165 1136 -
1193 1113 1261 1145 Nec
1288 1114 1371 1145 valet

295 1157 402 1188 dicere
424 1157 508 1189 hanc
524 1167 594 1189 esse
609 1164 754 1190 mentem
774 1158 883 1190 Sancti
899 1158 1059 1195 Thomae,
1075 1158 1166 1199 quod
1182 1168 1199 1188 a
1216 1159 1370 1190 relatione

295 1203 471 1233 extrinseca
487 1211 556 1233 non
570 1209 681 1243 potest
696 1202 820 1243 aliquid
834 1202 1012 1234 formaliter
1027 1203 1242 1240 denominari,
1260 1210 1295 1234 ut
1311 1205 1371 1234 sci-

294 1247 370 1277 licet
385 1255 443 1287 per
458 1246 546 1277 illam
558 1247 684 1278 dicatur
699 1247 876 1279 formaliter
891 1248 1075 1279 relativum:
1093 1248 1150 1279 sed
1165 1249 1247 1279 bene
1264 1254 1371 1289 potest

294 1292 334 1322 ab
350 1300 388 1322 ea
407 1290 680 1331 aliquidrealiter
703 1292 918 1330 denominari,
934 1299 971 1324 ut
994 1294 1034 1324 sit
1058 1293 1179 1324 scilicet
1202 1293 1371 1324 relativum

272 1335 484 1367 vsecundatur
498 1345 578 1367 rem.
599 1336 739 1377 Oportet
754 1338 853 1374 enim,
870 1337 1052 1369 secundum
1068 1338 1371 1369 determinationem

293 1381 396 1421 ipsius
410 1381 585 1421 opinantis,
601 1382 777 1413 terminum
794 1383 915 1413 relativi
933 1392 1002 1414 esse
1020 1383 1200 1419 relativum,
1218 1393 1286 1414 non
1302 1390 1371 1414 tan—

293 1430 366 1456 tum
379 1425 596 1463 materialiter,
609 1426 667 1458 sed
678 1427 775 1458 etiam
788 1426 979 1459 formaliter:
993 1428 1140 1469 alioquin
1155 1437 1225 1458 non
1237 1438 1372 1469 respon-

295 1470 384 1502 deret
406 1469 448 1500 ad
469 1471 687 1511 propositum.
710 1471 812 1502 Nullo
827 1478 936 1503 autem
952 1473 1119 1504 intellectu
1136 1472 1371 1510 considerante,

295 1515 395 1551 Deus,
419 1514 602 1546 secundum
623 1516 743 1557 ipsum,
767 1518 918 1548 terminat
940 1518 1132 1549 relationem
1156 1523 1320 1548 creaturae
1336 1523 1372 1548 ut

294 1559 465 1597 relativum
489 1566 546 1591 est.
570 1560 669 1601 Ergo,
693 1561 719 1592 si
750 1571 819 1592 non
843 1567 892 1594 est
915 1563 1085 1594 relativum
1115 1563 1175 1594 nisi
1204 1572 1263 1604 per
1293 1563 1371 1594 rela-
1398 1570 1400 1577 ⁸

295 1605 420 1635 tionem
443 1610 618 1642 creaturae,
642 1611 774 1647 oportet
796 1607 906 1647 ipsum
937 1607 1044 1639 dicere
1068 1607 1159 1648 quod
1184 1607 1371 1644 formaliter,

0 1686 2 1689 Ι
294 1657 364 1680 non
386 1654 514 1680 tantum
537 1650 672 1687 realiter,
697 1650 814 1682 dicitur
836 1652 968 1684 relative
991 1662 1030 1684 ex
1053 1653 1210 1684 relatione
1234 1652 1372 1683 exterius

0 1694 7 1725 f
295 1694 460 1724 existente.
485 1693 590 1725 Cuius
613 1697 804 1736 oppositum
832 1696 910 1728 dicit
933 1698 1070 1729 Sanctus
1093 1698 1250 1734 Thomas,
1275 1698 1372 1728 etiam

0 1750 1 1755 =
294 1738 476 1769 secundum
499 1739 600 1780 ipsius
624 1741 873 1782 expositionem.

352 1793 381 1814 2.
407 1783 541 1815 Videtur
564 1791 674 1816 autem
698 1787 795 1817 huius
819 1788 985 1828 opinionis
1001 1794 1115 1818 auctor
1130 1787 1287 1827 deceptus
1303 1796 1372 1818 esse

19 1846 22 1848 -
295 1837 334 1858 ex
357 1828 445 1859 malo
468 1829 634 1861 intellectu
658 1832 833 1862 verborum
849 1831 958 1864 Sancti
974 1832 1123 1864 Thomae
1147 1832 1253 1863 Prima
1269 1832 1371 1868 Parte,
1398 1829 1401 1847 ²

0 1882 3 1884 ·
52 1875 63 1886 ·
76 1872 125 1900 Οι-
140 1878 194 1899 ¹¹¹¹·
208 1878 230 1895 ⁸·
245 1878 267 1900 ⁷·
294 1872 371 1903 loco
394 1873 611 1915 praeallegato
628 1876 655 1912 *ζ
679 1875 719 1906 ad
735 1886 767 1915 4,
791 1877 847 1907 ubi
871 1877 989 1908 dicitur
1019 1877 1111 1918 quod
1134 1878 1224 1908 Deus
1251 1877 1372 1907 dicitur
1398 1893 1400 1906 s

295 1917 432 1948 relative
455 1918 499 1949 ad
521 1924 708 1950 creaturam
732 1921 809 1962 quia
841 1928 995 1953 creatura
1020 1923 1167 1964 refertur
1189 1922 1233 1953 ad
1256 1922 1370 1962 ipsum,

294 1962 379 1993 sicut
406 1963 511 2004 inquit
539 1964 765 2006 Philosophus,
790 1966 828 1997 V'
842 1967 998 2008 Metaplm
1022 1967 1063 2000 de
1089 1967 1196 1998 scibili
1225 1971 1371 2008 respectu
1391 1990 1394 1992 -

294 2007 458 2038 scientiae.
484 2008 556 2049 lpse
573 2010 660 2040 enim
684 2010 763 2041 haec
780 2012 877 2042 verba
891 2012 1041 2053 intelligit
1056 2013 1148 2052 quasi
1165 2011 1241 2042 velit
1264 2012 1371 2043 dicere

295 2053 433 2083 Sanctus
463 2052 609 2084 Thomas
639 2056 731 2095 quod
760 2056 830 2096 ipsa
860 2057 973 2088 relatio
997 2063 1160 2089 creaturae
1188 2057 1227 2087 ad
1252 2057 1370 2094 Deum,

294 2097 438 2137 praecise
462 2104 601 2139 sumpta,
626 2105 673 2130 est
696 2106 764 2131 tota
795 2103 876 2132 ratio
908 2111 1007 2143 quare
1038 2102 1127 2133 Deus
1155 2101 1280 2132 dicatur
1303 2102 1371 2132 Do-

294 2141 403 2172 minus
419 2148 583 2174 creaturae
602 2150 658 2175 aut
673 2144 810 2177 Creator
825 2147 957 2178 relative
972 2147 1108 2184 realiter,
1121 2147 1166 2178 ita
1181 2147 1271 2187 quod
1291 2147 1371 2178 nihil

295 2186 383 2217 aliud
405 2188 587 2228 requiratur
609 2188 650 2219 ad
673 2190 737 2221 hoc
762 2197 799 2221 ut
821 2191 945 2223 dicatur
968 2191 1131 2223 Dominus
1155 2200 1193 2222 ex
1216 2197 1306 2233 parte
1322 2201 1372 2222 re-

294 2231 434 2268 lationis,
452 2232 529 2263 licet
551 2234 733 2274 requiratur
756 2245 794 2266 ex
818 2242 908 2277 parte
932 2237 993 2268 Dei
1016 2231 1159 2278 potestas
1181 2236 1370 2268 coercendi:

294 2284 371 2306 cum
394 2282 504 2308 tamen
525 2277 610 2308 dicat
629 2279 663 2309 in
684 2280 803 2311 eodem
817 2281 895 2312 loco
912 2282 1003 2322 quod
1019 2292 1040 2312 a
1064 2281 1278 2312 relationibus
1299 2292 1371 2313 rea-

294 2321 370 2351 liter
392 2321 603 2353 existentibus
633 2324 666 2354 in
697 2334 733 2355 re
756 2335 822 2356 non
854 2331 902 2357 est
931 2327 1162 2358 inconveniens
1184 2326 1290 2357 Deum
1317 2327 1371 2358 de—
1398 2347 1399 2359 t

295 2366 471 2402 nominari,
487 2367 663 2398 secundum
689 2374 796 2400 tamen
823 2371 913 2412 quod
935 2371 1223 2413 co-intelliguntur
1238 2381 1303 2412 per
1322 2372 1371 2402 ὶη-
1397 2368 1399 2402 ἓ

293 2410 455 2442 tellectum
480 2418 628 2443 nostrum
645 2415 813 2455 oppositae
828 2416 1006 2448 relationes
1029 2417 1062 2447 in
1079 2416 1162 2447 Deo.
1180 2416 1228 2446 Ex
1253 2417 1371 2457 quibus
1397 2410 1399 2445 Ῡ

293 2454 387 2487 datur
408 2456 546 2497 intelligi
571 2458 657 2498 ipsas
687 2459 822 2500 quidem
851 2461 1025 2493 relationes
1053 2467 1271 2493 creaturarum
1302 2471 1370 2493 esse
1396 2479 1398 2489 ι

294 2509 425 2531 causam
448 2501 734 2541 denominationis,
759 2505 815 2536 sed
843 2505 983 2537 formam
1010 2506 1277 2537 denominantem
1301 2516 1370 2538 esse

293 2544 484 2577 relationem
506 2547 640 2578 rationis
663 2549 811 2581 relationi
842 2556 1007 2582 creaturae
1035 2551 1303 2588 co-intellectam;
1328 2557 1368 2588 et,

293 2595 418 2621 remota
442 2592 633 2632 operatione
665 2593 847 2626 intellectus
878 2605 937 2637 per
964 2605 1063 2637 quam
1094 2596 1207 2627 relatio
1238 2597 1369 2627 rationis
1395 2609 1397 2621 ι

293 2634 366 2665 Deo
389 2635 581 2674 attribuitur,
605 2647 674 2669 non
697 2649 794 2680 posse
818 2640 927 2671 Deum
951 2642 990 2671 ab
1014 2641 1082 2682 ipsa
1104 2641 1258 2672 relatione
1283 2651 1369 2671 crea-
1395 2637 1397 2656 ³
1424 2637 1515 2667 datur
1538 2637 1721 2677 exemplum
1746 2636 1784 2667 de
1808 2635 1919 2667 scibili.
1945 2635 2133 2675 Intelligitur
2155 2634 2241 2664 enim
2265 2633 2355 2672 quod
2382 2633 2482 2663 deno—

1394 2684 1396 2721 j
1422 2683 1562 2712 minatur
1577 2681 1638 2711 tale
1655 2681 1821 2711 causaliter
1843 2690 1881 2710 ex
1905 2679 2058 2710 relatione
2074 2679 2226 2709 existente
2249 2678 2283 2708 in
2307 2678 2416 2714 altero,
2433 2678 2482 2707 in-

292 2685 383 2710 tutae
406 2680 537 2712 relative
561 2681 739 2715 formaliter
761 2684 975 2716 denominari.

348 2724 500 2757 Adducta
523 2733 633 2759 autem
656 2730 754 2760 verba
769 2729 879 2761 Sancti
902 2731 1052 2762 Thomae
1075 2731 1121 2760 sic
1138 2740 1199 2770 ego
1223 2730 1367 2769 intelligo

292 2769 384 2810 quod
405 2769 497 2802 Deus
512 2771 635 2803 dicitur
649 2774 785 2806 relative
799 2775 845 2806 ad
858 2781 1047 2810 creaturam
1062 2775 1140 2816 quia
1156 2780 1308 2805 creatura
1324 2774 1368 2804 ad
1394 2793 1395 2803 1

292 2813 396 2854 ipsum
421 2815 576 2857 refertur,
600 2818 696 2849 idest:
721 2820 817 2850 habet
832 2830 871 2851 ex
895 2830 935 2851 eo
955 2820 1046 2861 quod
1069 2820 1218 2850 terminat
1240 2819 1366 2850 relatio·

291 2868 369 2890 nem
392 2866 555 2892 creaturae
579 2863 620 2893 ad
643 2864 761 2904 ipsum,
778 2870 815 2895 ut
838 2866 1041 2906 concipiatur
1057 2874 1133 2895 cum
1153 2864 1303 2905 opposita
1318 2873 1366 2893 re-

291 2903 414 2935 latione
435 2906 568 2937 rationis
593 2907 634 2939 ad
653 2909 768 2950 ipsam,
785 2915 818 2940 et
840 2909 886 2940 sic
908 2910 1039 2940 relative
1055 2910 1187 2940 dicatur.
1212 2908 1287 2939 Non
1310 2917 1366 2938 au-

292 2952 359 2979 tem
374 2949 467 2990 quod
481 2960 500 2980 a
515 2958 680 2984 creaturae
694 2954 851 2986 relatione
866 2954 1044 2986 formaliter
1060 2954 1301 2985 denominetur:
1319 2957 1366 2982 est

292 2994 381 3024 enim
391 2994 505 3026 relatio
517 3003 681 3029 creaturae
693 3009 790 3030 causa
801 2999 1045 3036 denominandi,
1057 3008 1126 3029 non
1138 3004 1246 3028 tamen
1262 2996 1365 3027 forma

291 3039 439 3079 proxime
462 3039 688 3074 denominans.
713 3043 818 3081 Unde,
834 3045 927 3075 nullo
950 3044 1115 3075 intellectu
1133 3041 1364 3077 considerante,

291 3093 360 3114 non
383 3084 519 3116 refertur
541 3086 631 3118 Deus
655 3089 822 3120 actualiter
837 3089 878 3120 ad
894 3095 1084 3120 creaturam.
1101 3087 1157 3118 Est
1172 3093 1279 3117 tamen
1296 3095 1364 3115 rea-

290 3129 362 3159 liter
385 3129 549 3161 Dominus
571 3134 785 3171 terminative,
816 3134 892 3165 licet
917 3143 987 3164 non
1016 3133 1146 3163 relative
1176 3130 1362 3161 formaliter:

291 3174 367 3214 quia
397 3175 548 3206 terminat
577 3177 769 3209 relationem
799 3179 918 3210 realem
948 3178 1108 3209 servitutis
1138 3181 1300 3206 creaturae
1324 3173 1363 3204 ad

290 3219 409 3259 ipsum.
432 3239 456 3242 —
476 3220 578 3258 Quod
601 3229 711 3253 autem
740 3233 809 3254 non
837 3224 940 3264 possit
970 3232 1007 3253 ex
1031 3221 1186 3252 relatione
1210 3219 1362 3249 existente

290 3263 324 3294 iu
340 3265 441 3296 altero
458 3267 650 3298 correlativo
666 3268 790 3308 aliquid
805 3267 982 3299 formaliter
997 3266 1060 3297 dici
1080 3265 1259 3299 relativum,
1275 3268 1363 3302 patet

289 3309 460 3342 manifeste
483 3320 522 3341 ex
545 3312 610 3342 hoc
633 3312 724 3354 quod
748 3312 881 3343 effectus
905 3311 1046 3342 formalis
1069 3309 1231 3340 relationis
1250 3312 1297 3337 est
1320 3306 1363 3336 ad

290 3353 383 3386 aliud
405 3355 551 3397 referre:
575 3363 702 3388 constat
724 3363 835 3388 autem
858 3356 949 3397 quod
971 3363 1075 3386 unum
1098 3353 1265 3384 relativum
1293 3360 1361 3381 non

289 3398 425 3431 refertur
447 3399 489 3430 ad
511 3401 649 3433 alterum
672 3411 730 3443 per
750 3403 940 3433 relationem
958 3400 1145 3430 existentem
1168 3397 1202 3427 in
1225 3405 1285 3426 suo
1302 3403 1361 3434 op-

289 3445 409 3483 posito,
434 3445 580 3486 alioquin
604 3446 691 3477 idem
723 3453 806 3477 esset
834 3446 1013 3476 subiectum
1042 3449 1074 3473 et
1103 3441 1258 3472 terminus
1281 3439 1361 3469 rela-

289 3488 386 3520 tionis
410 3489 567 3521 eiusdem.

344 3534 446 3572 Quod
461 3534 557 3565 sitde
573 3541 684 3566 mente
701 3535 809 3566 Sancti
820 3535 968 3565 Thomae
982 3531 1072 3572 quod
1088 3530 1234 3564 diximus,
1252 3533 1360 3558 osten·

45 3577 181 3626 :nffumstvs
192 3578 262 3600 '’1¹¹“
289 3578 374 3610 ditur
390 3589 428 3610 ex
444 3580 482 3610 iis
507 3589 590 3620 quae
614 3581 763 3620 superius
779 3579 916 3610 adducta
932 3582 1006 3607 sunt
1017 3577 1034 3592 ὓ
1053 3585 1090 3605 ex
1107 3573 1360 3622 Quaestionibus

88 3610 132 3626 Μ’
288 3623 327 3654 de
342 3624 502 3660 Potentia,
520 3625 576 3655 ubi
601 3625 708 3665 inquit
729 3624 794 3654 hoc
817 3632 939 3654 nomen
962 3620 1123 3650 Dominus
1146 3617 1184 3648 de
1209 3617 1280 3647 Deo
1297 3615 1360 3646 dlcl

287 3675 444 3710 quantum
469 3669 513 3699 ad
530 3669 712 3709 potentiam
729 3667 900 3698 coercendi
921 3665 1064 3696 subditos
1086 3668 1117 3693 et
1138 3666 1292 3702 quantum
1317 3660 1360 3690 ad

431 3732 524 3755 Summa
545 3731 656 3755 CONTRA
676 3730 810 3754 (ἳῐ-ῑκτιιεε
831 3729 860 3753 D.
880 3728 994 3752 Tuomr
1014 3725 1083 3749 Tou,
1103 3724 1119 3748 l.

2410 293 2483 340 289

1422 366 1679 396 terminationem
1705 367 1830 398 ordinis
1851 368 2052 399 subditorum
2076 370 2120 400 ad
2142 370 2317 407 dominum,
2338 382 2402 403 non
2427 382 2486 403 au-

1423 413 1483 438 tem
1506 416 1661 449 quantum
1683 411 1726 441 ad
1749 411 1895 442 ordinem
1925 413 1968 443 ad
1994 413 2145 445 subditos.
2174 415 2269 452 Ecce,
2295 417 2370 457 quia
2392 418 2486 457 ponit

1423 452 1529 483 Deum
1545 454 1608 484 dici
1623 455 1748 485 realiter
1763 456 1943 487 Dominum
1961 458 2052 488 nullo
2068 459 2232 491 intellectu
2252 461 2484 498 considerante,

1423 497 1545 528 ratione
1568 500 1731 538 potentiae
1756 505 1787 530 et
1816 501 1940 531 ratione
1963 503 2196 534 terminationis
2219 504 2339 536 ordinis
2362 512 2484 537 creatu-

1423 550 1474 571 rae
1499 541 1538 572 ad
1561 543 1678 582 ipsum,
1695 553 1763 574 non
1786 550 1895 575 autem
1917 546 2041 576 ratione
2064 547 2197 578 alicuius
2217 549 2378 580 relationis
2393 551 2484 581 realis

1423 585 1529 624 ipsum
1545 586 1719 618 formaliter
1735 588 1982 620 denominantis.
2003 590 2096 621 Unde
2113 601 2197 628 cum,
2213 594 2304 624 nullo
2320 595 2484 626 intellectu

1425 630 1654 668 considerante,
1670 632 1759 663 nulla
1782 634 1823 663 sit
1845 634 1877 663 in
1901 634 1973 664 Deo
1996 635 2107 665 relatio
2126 636 2166 666 ad
2182 644 2348 675 creaturas,
2366 649 2483 679 neque,

1424 673 1567 713 inquam,
1580 676 1758 707 secundum
1769 687 1838 708 rem
1849 687 1958 718 neque
1969 679 2148 710 secundum
2160 682 2327 719 rationem,
2340 684 2484 723 sequitur

1425 718 1514 757 quod
1540 725 1617 750 tunc
1640 721 1731 751 nullo
1755 721 1856 752 modo
1880 722 1995 752 dicitur
2019 723 2193 755 formaliter
2224 726 2383 757 Dominus
2405 728 2484 758 rela-

1424 762 1498 798 tive,
1522 773 1628 803 neque
1643 765 1768 796 realiter
1782 775 1891 806 neque
1907 767 2087 798 secundum
2101 769 2273 800 rationem:
2298 771 2354 802 sed
2369 771 2483 802 dicitur

1425 806 1552 838 relative
1569 814 1694 839 tantum
1711 809 1992 841 fundamentaliter
2004 817 2035 842 et
2050 814 2261 850 terminative,
2275 816 2350 854 quia
2365 816 2484 847 scilicet

1425 851 1573 882 terminat
1595 853 1783 885 relationem
1807 860 1969 886 creaturae
1993 855 2033 886 ad
2055 857 2172 897 ipsum,
2197 864 2228 888 et
2252 868 2289 889 ex
2312 860 2375 890 hoc
2390 861 2484 891 habet

1397 894 1398 924 i
1425 900 1461 924 ut
1484 897 1584 934 possit
1606 898 1739 938 intelligi
1763 906 1838 930 cum
1863 900 2013 939 opposita
2029 901 2183 932 relatione
2199 902 2238 932 ad
2254 909 2439 934 creaturam.

1481 939 1567 970 Cum
1590 950 1666 981 ergo
1691 943 1806 974 dicitur
1823 953 1840 974 a
1855 944 1974 974 Sancto
1987 944 2116 975 Thoma
2138 946 2242 976 Deum
2266 947 2330 978 dici
2353 949 2486 979 relative

1425 982 1468 1012 ad
1483 990 1666 1016 creaturam
1682 987 1758 1027 quia
1775 993 1926 1019 creatura
1948 989 2093 1030 refertur
2107 990 2151 1020 ad
2166 990 2278 1031 ipsum,
2296 1001 2406 1023 sensus
2429 999 2485 1029 est,

1426 1028 1501 1067 quia
1516 1030 1663 1060 terminat
1685 1032 1873 1063 relationem
1889 1039 2060 1070 creaturae,
2077 1041 2109 1064 et
2125 1044 2163 1065 ex
2178 1035 2241 1066 hoc
2257 1045 2332 1066 cum
2348 1037 2485 1076 quadam

1425 1072 1578 1104 relatione
1601 1076 1731 1106 rationis
1755 1078 1945 1117 concipitur,
1963 1084 1994 1109 et
2016 1078 2145 1109 relative
2161 1079 2276 1110 dicitur
2297 1080 2484 1112 formaliter:

1425 1125 1491 1146 non
1521 1123 1629 1149 autem
1653 1121 1727 1159 quia
1754 1130 1811 1160 per
1839 1122 1941 1162 ipsam
1971 1123 2160 1154 relationem
2185 1130 2345 1156 creaturae
2368 1125 2485 1156 forma-

1424 1160 1495 1191 liter
1517 1162 1679 1194 referatur.
1704 1165 1790 1195 Cum
1810 1166 1896 1196 enim
1919 1167 1950 1196 in
1976 1167 2047 1198 Deo
2071 1177 2138 1198 non
2166 1169 2205 1199 sit
2227 1169 2318 1200 realis
2342 1170 2422 1200 ordo
2446 1170 2486 1200 ad

1426 1211 1612 1244 creaturam,
1636 1218 1730 1239 causa
1754 1219 1852 1250 quare
1875 1211 1989 1241 habeat
2012 1213 2140 1252 concipi
2163 1223 2238 1244 cum
2261 1214 2414 1245 relatione
2437 1225 2485 1245 ra—

1425 1251 1522 1280 tionis
1539 1251 1578 1281 ad
1593 1252 1695 1292 ipsam
1711 1259 1742 1283 et
1762 1264 1779 1284 a
1799 1255 1853 1285 tali
1874 1255 2027 1286 relatione
2043 1257 2173 1288 rationis
2196 1257 2370 1289 formaliter
2385 1259 2485 1290 deno-

1425 1295 1549 1332 minari,
1567 1302 1614 1327 est
1629 1298 1704 1337 quia
1727 1305 1869 1330 creatura
1892 1301 1987 1331 habet
2010 1301 2156 1332 ordinem
2180 1302 2220 1332 ad
2241 1303 2348 1343 ipsum
2371 1313 2485 1334 secun—

1397 1372 1399 1382 ,
1426 1339 1503 1370 dum
1527 1346 1684 1372 naturam.

1482 1384 1514 1415 Si
1531 1391 1639 1416 autem
1658 1387 1791 1418 instetur
1810 1389 1885 1428 quia
1903 1389 2036 1419 Sanctus
2056 1389 2209 1427 Thomas,
2221 1391 2337 1428 Tertia,
2354 1401 2384 1432 q.
2394 1403 2484 1429 xxxv,

1426 1439 1453 1458 a.
1473 1430 1502 1465 5,
1525 1430 1631 1470 inquit
1654 1432 1743 1471 quod
1766 1432 1855 1462 Deus
1878 1433 1997 1463 dicitur
2012 1434 2144 1464 realiter
2158 1435 2318 1466 Dominus
2341 1446 2382 1467 ex
2404 1438 2486 1468 reali

1426 1474 1621 1505 subiectione
1643 1481 1814 1507 creaturae
1837 1477 1880 1507 ad
1903 1478 2004 1517 ipsum
2011 1485 2023 1514 ,·
2046 1483 2076 1508 et
2101 1479 2248 1510 Christus
2270 1480 2388 1510 dicitur
2415 1491 2486 1512 rea-

1427 1518 1501 1548 liter
1519 1519 1616 1559 filius
1653 1521 1795 1561 Virginis
1825 1531 1866 1551 ex
1896 1522 2054 1552 relatione
2083 1524 2165 1553 reali
2199 1525 2410 1555 maternitatis
2444 1526 2487 1556 ad

1429 1562 1610 1594 Christum:
1631 1583 1653 1586 —
1677 1565 1888 1605 respondetur
1909 1567 2002 1606 quod
2026 1576 2118 1597 mens
2139 1567 2244 1598 Sancti
2271 1568 2418 1600 Thomae
2441 1576 2488 1600 est

1428 1607 1517 1646 quod
1541 1618 1579 1638 ex
1602 1609 1757 1640 relatione
1781 1610 1857 1640 reali
1881 1616 2042 1641 creaturae
2066 1610 2105 1641 ad
2135 1611 2242 1642 Deum
2271 1619 2301 1643 et
2332 1613 2372 1643 ad
2395 1614 2487 1644 Chri-

1427 1657 1513 1682 stum
1537 1652 1688 1684 dicuntur
1710 1654 1835 1685 realiter
1857 1655 1934 1685 tales
1950 1660 2103 1695 tanquam
2124 1665 2160 1685 ex
2178 1665 2272 1686 causa
2287 1666 2384 1696 quare
2400 1658 2488 1688 Deus

1427 1695 1551 1727 dicatur
1581 1698 1706 1729 realiter
1729 1699 1889 1729 Dominus
1917 1700 2116 1730 terminative
2144 1706 2175 1730 et
2201 1700 2488 1738 fundamentaliter,

1399 1775 1400 1778 Ἰ
1427 1747 1459 1771 et
1482 1742 1626 1773 similiter
1650 1742 1795 1774 Christus
1818 1743 1903 1774 filius
1926 1744 2074 1783 Virginis,
2106 1749 2140 1773 ut
2170 1746 2391 1785 exposuimus:
2422 1756 2489 1777 non

1427 1791 1536 1817 autem
1561 1787 1661 1827 quod,
1694 1794 1817 1819 remota
1847 1788 2002 1819 relatione
2029 1788 2170 1825 rationis,
2195 1799 2212 1819 a
2240 1790 2391 1820 relatione
2415 1791 2490 1821 reali

1427 1830 1556 1861 alterius
1588 1832 1711 1863 dicatur
1738 1833 1868 1864 relative
1898 1832 2073 1864 formaliter
2104 1833 2236 1864 realiter.
2269 1834 2362 1865 Unde
2392 1836 2488 1875 paulo

1427 1877 1574 1916 superius
1598 1882 1672 1908 ante
1696 1878 1774 1908 haec
1797 1878 1902 1913 verba,
1927 1878 2032 1918 inquit
2060 1877 2099 1908 de
2123 1877 2250 1908 Christo
2268 1879 2357 1919 quod
2372 1879 2491 1910 dicitur

1427 1921 1562 1951 relative
1573 1922 1672 1963 filius
1694 1923 1853 1953 relatione
1871 1932 1954 1963 quae
1977 1922 2226 1963 co-intelligitur
2249 1923 2400 1954 relationi
2422 1934 2489 1955 ma-

1427 1966 1589 1997 ternitatis
1618 1967 1662 1997 ad
1694 1967 1866 2002 Christum,
1891 1967 1977 1998 ⁴sicut
2007 1973 2038 1997 et
2068 1967 2157 1997 Deus
2186 1967 2305 1997 dicitur
2329 1968 2488 1999 Dominus

1427 2004 1588 2041 relatione
1610 2021 1692 2052 quae
1706 2012 1956 2053 co-intelligitur
1978 2012 2060 2042 reali
2083 2012 2236 2041 relationi
2250 2022 2313 2052 qua
2337 2018 2487 2043 creatura

1425 2055 1596 2086 subiicitur
1618 2057 1699 2087 Deo.

1484 2100 1663 2131 Dicendum
1680 2101 1775 2141 igitur
1790 2107 1845 2137 est,
1863 2101 2040 2131 secundum
2052 2106 2193 2130 mentem
2211 2100 2316 2131 Sancti
2329 2100 2485 2138 Thomae,

1427 2144 1517 2184 quod
1533 2146 1573 2175 ab
1588 2146 1655 2186 ipsa
1676 2146 1828 2176 relatione
1848 2151 2008 2176 creaturae
2025 2144 2065 2175 ad
2080 2144 2186 2175 Deum
2202 2145 2342 2185 praecise
2359 2151 2486 2186 sumpta

1426 2188 1543 2220 dicitur
1577 2190 1664 2221 Deus
1702 2191 1824 2221 realiter
1854 2190 2013 2220 Dominus
2040 2189 2238 2220 terminative
2268 2194 2420 2229 tanquam
2448 2200 2485 2220 ex

1427 2243 1531 2271 causa,
1556 2244 1622 2265 non
1647 2241 1754 2266 autem
1782 2235 1909 2266 relative
1933 2234 2120 2265 formaliter:
2145 2235 2227 2264 sicut
2248 2239 2279 2264 et
2302 2243 2319 2263 a
2342 2235 2484 2274 potentia

1427 2279 1596 2309 coercitiva
1621 2279 1735 2310 dicitur
1750 2279 2029 2310 fundamentaliter
2043 2278 2214 2315 Dominus,
2239 2279 2278 2308 ab
2294 2279 2361 2318 ipsa
2378 2285 2484 2309 autem

1426 2323 1580 2354 relatione
1604 2325 1828 2361 co-intellecta,
1853 2333 1936 2364 quae
1960 2330 2007 2354 est
2030 2323 2170 2360 rationis,
2188 2322 2302 2353 dicitur
2325 2323 2484 2354 Dominus

1426 2367 1600 2399 formaliter
1622 2369 1758 2400 relative.
1784 2369 1824 2399 Et
1846 2369 1890 2399 sic
1914 2369 1954 2399 de
1977 2368 2045 2398 aliis
2069 2367 2234 2398 similibus.

1481 2413 1534 2444 Sic
1564 2414 1658 2444 etiam
1689 2413 1930 2454 intelligendum
1961 2418 2008 2443 est
2038 2411 2127 2452 quod
2158 2412 2292 2442 habetur
2321 2422 2338 2442 a
2366 2411 2483 2443 Sancto

1425 2457 1553 2488 Thoma
1570 2458 1581 2488 1
1598 2458 1695 2494 Sent„
1714 2458 1743 2489 d.
1761 2468 1808 2494 xr,
1826 2468 1856 2498 q.
1874 2468 1893 2493 1,
1911 2468 1938 2487 a.
1962 2466 1987 2494 ι,
2005 2457 2044 2487 ad
2067 2466 2096 2493 2,
2120 2457 2175 2487 ubi
2200 2456 2316 2487 dicitur
2338 2456 2427 2496 quod
2450 2456 2482 2486 in

1425 2503 1569 2533 relativis
1591 2503 1819 2533 denominatur
1840 2502 2032 2543 quandoque
2059 2501 2183 2542 aliquid
2209 2510 2247 2531 eo
2271 2501 2358 2541 quod
2378 2501 2483 2531 solum

1396 2543 1397 2575 1
1425 2548 1457 2578 in
1482 2547 1586 2578 altero
1610 2553 1664 2583 est,
1689 2548 1772 2578 sicut
1795 2548 1827 2577 in
1849 2547 1914 2577 illis
1937 2547 1970 2577 in
1992 2555 2130 2587 quorum
2152 2555 2217 2575 uno
2238 2550 2285 2575 est
2305 2545 2420 2575 relatio
2435 2555 2483 2575 se-

1424 2592 1563 2623 cundum
1591 2601 1657 2622 rem
1684 2597 1715 2622 et
1746 2592 1777 2622 in
1805 2592 1872 2622 alio
1898 2591 2072 2622 secundum
2100 2589 2258 2620 rationem
2290 2594 2423 2625 tantum,
2452 2594 2483 2619 et

1423 2732 1594 2766 quantum,
1619 2731 1655 2755 ut
1685 2725 1806 2755 dictum
1837 2730 1898 2760 est,
1928 2734 1966 2755 ex
1989 2733 2037 2754 ·e0
2068 2722 2158 2763 quod
2184 2721 2305 2762 aliquid
2334 2722 2482 2752 terminat

1421 2771 1609 2801 relationem
1632 2769 1760 2800 alterius
1783 2769 1823 2800 ad
1845 2770 1962 2809 ipsum,
1986 2768 2081 2798 habet
2103 2772 2140 2797 ut
2163 2775 2237 2797 cum
2261 2766 2410 2806 opposita
2432 2775 2481 2796 re-

1421 2816 1540 2846 latione
1564 2814 1779 2854 concipiatur:
1803 2823 1871 2844 non
1896 2818 2003 2843 autem
2020 2811 2110 2852 quod
2126 2821 2143 2841 a
2158 2811 2312 2841 relatione
2329 2810 2480 2840 existente

1421 2860 1454 2890 in
1477 2859 1576 2890 altero
1601 2858 1826 2889 denominetur
1849 2857 1969 2898 aliquid
1993 2856 2168 2887 formaliter
2190 2855 2327 2885 relative.

1476 2903 1528 2934 VI.
1545 2902 1596 2933 Ad
1615 2903 1753 2933 rationes
1769 2902 1857 2933 Scoti
1869 2903 1896 2938 ἡ
1920 2902 2112 2941 inquantum
2128 2900 2237 2939 aliquo
2254 2898 2354 2929 modo
2371 2903 2480 2928 contra

1420 2948 1628 2979 determinata
1644 2956 1712 2977 esse
1727 2951 1873 2987 possunt,
1889 2944 2116 2986 respondendo
2133 2944 2248 2974 dicitur
2263 2943 2306 2973 ad
2319 2943 2481 2982 primum:

1418 2994 1535 3034 primo,
1559 2991 1649 3032 quod
1671 3001 1763 3021 mens
1778 2990 1958 3021 Aristotelis
1973 2990 2002 3020 V
2019 2989 2161 3029 Metaph.
2178 2993 2225 3018 est
2248 2987 2337 3027 quod
2360 2985 2479 3027 aliquid

1419 3037 1534 3069 dicitur
1556 3036 1686 3066 relative
1709 3041 1740 3066 et
1763 3035 1803 3065 ad
1826 3034 1922 3071 aliud,
1946 3043 2014 3065 non
2037 3039 2169 3074 propter
2191 3032 2331 3072 aliquam
2353 3031 2479 3061 relatio-

1418 3091 1493 3112 nem
1517 3081 1636 3111 realem
1659 3080 1847 3110 existentem
1870 3079 1904 3109 in
1927 3079 2008 3119 ipso,
2033 3077 2090 3108 sed
2113 3082 2244 3117 propter
2266 3075 2384 3106 realem
2399 3075 2478 3105 rela-

1417 3127 1540 3156 tionem
1565 3125 1752 3155 existentem
1776 3124 1809 3154 in
1833 3123 1943 3159 altero,
1966 3127 2120 3161 tanquam
2144 3130 2182 3151 ex
2205 3129 2299 3150 causa
2323 3128 2421 3160 quare
2444 3119 2476 3149 in

1417 3171 1488 3210 ipso
1512 3170 1552 3199 sit
1574 3169 1686 3199 relatio
1709 3168 1850 3204 rationis,
1875 3177 1892 3197 a
1916 3176 1980 3207 qua
2002 3165 2177 3196 formaliter
2200 3163 2315 3194 dicitur
2338 3163 2476 3199 relative,

1417 3221 1449 3245 et
1471 3223 1570 3254 quare
1594 3213 1717 3243 dicatur
1739 3212 1937 3243 terminative
1961 3210 2086 3241 realiter
2108 3209 2274 3239 relativum
2303 3213 2333 3238 et
2363 3206 2477 3237 funda-

1416 3258 1606 3289 mentaliter.

1471 3303 1596 3333 Dicitur
1618 3301 1772 3338 secund0‚
1789 3299 1879 3341 quod
1894 3299 2048 3330 terminus
2064 3298 2194 3333 relativi,
2211 3301 2247 3327 ut
2269 3305 2327 3336 per
2339 3295 2476 3326 modum

1416 3347 1597 3378 definientis
1628 3346 1787 3386 concepti,
1819 3344 1934 3375 dicitur
1963 3343 2059 3373 etiam
2088 3341 2263 3372 formaliter
2297 3339 2475 3375 relativum,

1414 3401 1483 3422 non
1508 3391 1583 3431 quia
1608 3390 1692 3421 dicat
1714 3390 1902 3420 relationem
1926 3387 2053 3422 realem,
2070 3386 2126 3417 sed
2141 3386 2216 3426 quia
2231 3384 2327 3415 habet
2348 3383 2476 3414 relatio-

1414 3445 1490 3467 nem
1513 3436 1655 3471 rafionis,
1680 3439 1712 3464 et
1734 3442 1854 3464 nomen
1871 3430 2052 3472 significans
2067 3431 2175 3470 ipsum
2190 3429 2319 3459 relative
2341 3427 2477 3458 includit

1415 3480 1563 3511 ordinem
1586 3480 1619 3509 in
1643 3488 1703 3509 suo
1727 3482 1887 3517 conceptu
1911 3475 1951 3506 ad
1974 3475 2207 3510 correlativum,
2233 3473 2298 3503 sive
2326 3472 2366 3502 sit
2395 3471 2476 3502 ordo

1414 3525 1507 3555 realis
1523 3524 1589 3554 sive
1605 3523 1686 3553 ordo
1702 3522 1842 3552 rationis.
1859 3520 1900 3551 Et
1916 3520 1961 3549 sic
1977 3519 2010 3549 in
2027 3518 2164 3549 relativis
2180 3518 2276 3548 etiam
2288 3516 2371 3547 tertii
2386 3516 2477 3546 modi

1414 3571 1447 3600 in
1478 3574 1618 3608 utroque
1647 3572 1863 3597 extremorum
1892 3563 2066 3594 includitur
2091 3562 2215 3598 relatio,
2238 3567 2275 3591 ut
2298 3561 2444 3601 superius
2459 3561 2477 3577 *

1415 3620 1462 3645 est
1485 3612 1677 3653 expositum.
1702 3610 1840 3641 Scientia
1864 3609 1950 3639 enim
1972 3606 2107 3638 refertur
2134 3606 2174 3637 ad
2196 3605 2315 3642 scibile,
2335 3610 2367 3635 et
2389 3614 2476 3636 crea-

1414 3665 1484 3689 tura
1508 3656 1547 3687 ad
1571 3655 1772 3686 Creatorem:
1797 3657 1922 3684 constat
1948 3657 2055 3682 autem
2086 3655 2263 3691 conceptus
2285 3649 2476 3689 importatos

2302 3711 2332 3743 37

2508 2903 2515 2910 “
2531 2900 2600 2922 Num.
2612 2907 2637 2921 ιι.

2505 3563 2511 3571 ·
2528 3561 2597 3583 Num.
2614 3566 2689 3588 praec.
