2768 4134
692 287 881 324 SUMMA
910 287 1132 325 CONTRA
1160 286 1435 332 GENTILES,
1463 286 1558 323 LIB.
1579 286 1621 331 ΙΙ,
1651 285 1762 323 CAP.
1782 286 1894 331 LVII,
1923 286 2051 323 LVIII.

274 368 358 398 hanc
382 366 575 407 opinionem
604 367 696 406 sequi
728 367 875 403 velimus,
900 367 941 397 de
972 367 1095 397 semine
1126 372 1285 407 quantum
1309 365 1348 396 ad

275 412 344 442 eius
360 411 586 451 corpulentam
602 412 824 448 substantiam,
840 421 908 442 non
928 416 1038 442 autem
1053 417 1212 451 quantum
1229 410 1270 441 ad
1285 411 1350 451 spi-

274 456 372 486 ritum
396 456 430 486 in
452 456 525 496 ipso
550 461 753 486 contentum.
770 455 812 486 Et
827 457 872 486 sic
888 461 976 496 patet
1000 455 1091 496 quod
1113 465 1181 486 non
1205 455 1349 495 sequitur

275 501 442 531 materiam
467 505 498 530 et
521 509 618 540 agens
643 499 827 530 coincidere
850 501 884 530 in
907 500 994 531 idem
1018 510 1168 531 numer0.

330 544 399 575 VII.
424 544 584 575 Secundo.
601 544 718 575 Vivere
734 550 765 574 et
788 545 905 575 sentire
921 546 1103 576 attribuitur
1126 545 1251 575 animae
1268 544 1350 574 sicut

274 589 436 630 principio
452 590 536 619 vitae
553 594 585 619 et
601 598 722 619 sensus.
742 589 830 629 Ergo
847 590 953 620 anima
969 595 1016 620 est
1033 589 1137 620 forma
1157 589 1312 630 corporis.
1330 606 1351 610 —

274 635 432 665 Probatur
449 634 693 674 consequentia.
711 633 807 672 Quia,
825 643 899 665 cum
917 644 986 665 esse
1010 640 1042 665 et
1066 634 1192 675 operari
1215 634 1255 663 sit
1271 642 1350 663 con-

274 679 387 715 iuncti,
411 677 540 709 duobus
565 678 756 715 attribuitur,
773 688 915 719 quorum
938 689 1043 710 unum
1066 688 1100 709 se
1123 679 1219 709 habet
1242 678 1282 708 ad
1305 677 1350 707 al-

274 729 380 754 terum
397 724 480 753 sicut
495 722 601 753 forma
625 722 665 753 ad
680 724 857 754 materiam.
882 724 980 764 Ergo,
997 724 1023 754 si
1038 723 1146 754 vivere
1169 723 1351 753 attribuitur

275 768 402 798 animae
426 768 509 798 sicut
528 768 700 808 principio,
717 769 847 809 corpori
864 774 973 799 autem
997 769 1080 799 sicut
1103 768 1266 804 materiae,
1282 768 1351 808 ipsa

275 812 383 842 anima
406 813 465 842 erit
489 813 635 853 corporis
659 812 773 843 forma.

331 857 452 887 Tertio.
477 857 552 887 Pars
575 857 701 888 animae
718 867 752 888 se
775 858 871 888 habet
887 857 927 888 ad
950 862 1075 897 partem
1099 857 1244 897 corporis
1267 857 1350 886 sicut

275 900 380 932 forma
408 907 439 932 et
469 907 560 932 actus
583 902 668 932 eius:
694 903 780 933 visus
809 902 896 932 enim
924 908 971 932 est
998 901 1103 932 forma
1135 901 1232 932 oculi.
1262 901 1349 941 Ergo

274 946 382 976 anima
395 952 442 976 est
455 946 559 977 forma
575 951 607 976 et
622 952 712 977 actus
728 947 884 987 corporis.
898 964 920 968 —-
931 946 1090 976 Probatur
1105 946 1349 986 consequentia.

275 989 361 1028 Quia
384 991 427 1021 ita
451 1000 483 1021 se
507 991 603 1021 habet
626 996 694 1022 tota
718 991 826 1022 anima
857 991 1006 1021 sensitiva
1037 990 1076 1021 ad
1099 996 1206 1021 totum
1231 1000 1350 1030 corpus

275 1035 357 1066 sicut
380 1045 453 1076 pars
478 1035 517 1066 ad
541 1041 674 1076 partem.

2395 298 2472 334 409

1458 365 1599 396 Adverte
1623 365 1714 405 quod
1736 366 1882 406 loquitur
1906 365 2043 397 Sanctus
2067 366 2212 397 Thomas
2235 366 2275 397 de
2302 372 2390 407 parte
2413 376 2474 407 po-

1401 410 1525 441 tentiali
1549 410 1687 446 animae,
1711 419 1780 440 non
1807 416 1916 441 autem
1943 411 2090 450 integrali
2118 417 2173 442 aut
2197 411 2372 442 essentiali:
2397 412 2474 451 quia

1402 455 1509 485 anima
1532 454 1721 484 huiusmodi
1744 461 1849 494 partes
1873 465 1940 485 non
1965 456 2070 492 habet,
2095 456 2207 486 saltem
2235 456 2342 486 anima
2369 455 2474 496 perfe-

1403 504 1531 530 ctorum
1555 499 1753 529 animalium.

1457 542 1597 573 Adverte
1611 543 1706 573 etiam
1719 543 1810 583 quod
1826 543 1941 574 oculus
1958 543 2128 583 dupliciter
2145 544 2339 574 considerari
2355 549 2473 584 potest.

1402 587 1478 618 Uno
1502 587 1615 623 modo,
1639 587 1860 617 materialiter:
1887 594 2044 628 quantum
2061 589 2182 619 scilicet
2202 589 2241 619 ad
2265 589 2475 619 substantiam

1402 641 1505 662 suam.
1530 632 1571 662 Et
1595 632 1640 662 sic
1665 632 1750 662 visus
1773 641 1841 662 non
1873 638 1919 662 est
1943 632 2046 663 forma
2075 639 2106 663 et
2136 639 2226 664 actus
2250 634 2318 664 eius
2343 634 2475 674 (loquor

1403 676 1443 707 de
1467 676 1571 707 forma
1592 676 1679 706 oculi
1696 676 1927 716 constitutiva),
1945 677 2001 707 sed
2025 677 2093 717 ipsa
2109 678 2234 708 animae
2251 679 2436 709 substantia.
2452 695 2475 699 -
2514 677 2517 679 ’

1402 721 1478 751 Alio
1501 719 1613 757 modo,
1638 720 1815 751 formaliter
1845 727 1880 751 ut
1904 727 1951 751 est
1982 731 2140 761 organum
2165 728 2196 753 et
2224 723 2475 754 instrumentum

1403 766 1529 796 animae
1545 774 1612 805 quo
1630 766 1748 796 animal
1765 764 1861 796 videt.
1882 765 1923 796 Et
1945 766 1989 795 sic
2005 766 2092 796 visus
2109 772 2155 797 est
2171 766 2274 797 forma
2291 768 2378 798 oculi
2395 777 2474 798 con·

1402 810 1560 840 stitutiva:
1578 815 1625 840 est
1649 810 1736 840 enim
1759 810 1876 840 oculus
1895 809 1935 840 ad
1950 810 2126 840 videndum
2146 817 2239 851 aptus
2262 817 2394 852 propter
2414 821 2474 852 po—

1402 855 1536 885 tentiam
1560 855 1704 885 visivam.
1721 854 1826 891 Unde,
1844 855 1870 885 si
1893 856 1961 895 ipsa
1985 856 2131 895 potentia
2146 856 2245 886 visiva
2268 857 2307 886 sit
2323 857 2473 896 privatus,

1402 909 1471 930 non
1495 905 1603 939 potest
1626 909 1694 930 esse
1725 899 1977 930 instrumentum
2001 899 2041 930 ad
2065 899 2251 936 videndum,
2276 906 2307 931 et
2336 910 2403 931 non
2428 905 2475 931 est

1403 944 1541 984 amplius
1564 943 1741 974 formaliter
1757 944 1886 974 oculus:
1911 944 1986 974 licet
2009 945 2111 985 possit
2126 945 2330 975 materialiter
2345 954 2475 975 manere

1403 989 1528 1020 oculus.
1541 1007 1564 1011 -
1580 989 1742 1029 Loquitur
1754 998 1831 1029 ergo
1844 988 1981 1020 Sanctus
1994 989 2139 1020 Thomas
2150 989 2215 1020 hoc
2231 989 2306 1020 loco
2320 989 2359 1020 de
2376 989 2474 1020 oculo

1404 1033 1548 1064 secundo
1572 1033 1684 1069 mod0‚
1709 1043 1776 1063 non
1801 1039 1909 1064 autem
1933 1034 2050 1073 primo.

1329 1130 1403 1172 aaa·
1412 1137 1430 1162 a:

516 1278 1004 1336 CAPITULUM
1041 1279 1237 1357 QUIN
1242 1277 1787 1354 QUAGESIMUM
1826 1277 2225 1333 OCTAVUM

1262 1396 1291 1426 A
1323 1396 1394 1436 46r
1428 1396 1491 1434 b4.

621 1486 796 1539 QUOD
831 1485 1183 1533 NUTRITIVA,
1220 1484 1543 1526 SENSITIVA
1578 1485 1657 1525 ET
1690 1485 2141 1526 INTELLECTIVA

796 1547 926 1588 NON
960 1547 1123 1588 SUNT
1157 1547 1218 1586 IN
1253 1546 1495 1587 HOMINE
1528 1546 1686 1588 TRES
1720 1546 1960 1588 ANIMAE

427 1679 452 1703 ³,
489 1672 607 1698 o’rEsT
628 1667 765 1698 autem·
786 1659 990 1710 praedictis
1018 1658 1265 1696 rationibus*
1293 1671 1350 1696 se-
1406 1666 1442 1695 et
1470 1658 1697 1695 sensitivum
1731 1658 1913 1696 nutritivo
1946 1659 2136 1709 posterius
2171 1661 2387 1697 secundum
2415 1656 2477 1709 gess

343 1743 361 1765 3
382 1744 402 1758 s
443 1715 473 1742 ³⁴⁴¹
502 1714 678 1751 cundum
716 1713 945 1763 opinionem
982 1711 1152 1750 Platonis
1190 1711 1350 1758 obviari,

289 1764 308 1808 ’ἵ
344 1776 377 1791 “’
407 1780 409 1782 ·
502 1774 695 1817 quantum
728 1767 778 1804 ad
815 1773 1061 1816 praesentem
1096 1765 1351 1803 intentionem

301 1846 305 1849 ›
501 1820 676 1871 pertinet.
706 1820 820 1857 Ponit
848 1819 954 1857 enim
983 1820 1091 1856 Plato
1106 1819 1126 1841 *
1159 1831 1238 1856 non
1268 1830 1351 1856 esse

238 1874 248 1926 J
275 1875 444 1913 eandem
471 1874 645 1912 animam
678 1873 718 1911 in
746 1873 860 1911 nobis
893 1872 1175 1919 intellectivam,
1203 1871 1352 1909 nutriti-

191 1928 198 1940 ’
239 1928 245 1938 '
275 1940 369 1966 vam
388 1936 425 1965 et
444 1927 680 1965 sensitivam.
705 1927 830 1973 Unde,
851 1926 919 1964 etsi
948 1926 1080 1963 anima
1106 1925 1286 1963 sensitiva
1306 1924 1352 1962 sit

275 1981 402 2019 forma
420 1980 606 2031 corporis,
627 1992 708 2018 non
728 1979 922 2030 oportebit
949 1987 1108 2029 propter
1126 1980 1202 2016 hoc
1223 1979 1351 2016 dicere

275 2035 384 2086 quod
418 2034 548 2084 aliqua
580 2033 842 2071 intellectualis
875 2032 1087 2070 substantia
1114 2032 1239 2070 forma
1267 2044 1351 2070 cor-

275 2087 382 2139 poris
410 2100 494 2126 esse
522 2087 654 2138 possit.
1045 2097 1049 2101 ·

330 2142 451 2189 Quod
471 2149 603 2179 autem
623 2141 699 2178 hoc
719 2140 765 2177 sit
793 2139 1043 2190 impossibile,
1063 2139 1117 2176 sic
1145 2139 1351 2177 ostenden-

275 2195 374 2233 dum
403 2203 469 2232 est.

329 2249 443 2296 Quae
471 2247 733 2286 attribuuntur
750 2246 863 2284 alicui
892 2245 1020 2284 eidem
1049 2247 1267 2284 secundum
1296 2246 1351 2283 di-

274 2314 407 2340 versas
434 2302 590 2348 formas,
619 2300 892 2351 praedicantur
914 2300 963 2337 de
991 2299 1160 2337 invicem
1187 2312 1258 2350 per
1291 2312 1351 2337 ac-

275 2355 408 2394 cidens
418 2358 431 2392 :'
456 2356 584 2393 album
605 2355 710 2392 enim
729 2354 868 2391 dicitur
887 2365 970 2390 esse
998 2355 1182 2390 musicum
1201 2365 1272 2403 per
1290 2365 1351 2391 ac-

275 2409 419 2455 cidens,
449 2408 542 2458 quia
570 2407 718 2445 Socrati
746 2407 882 2445 accidit
905 2407 1044 2444 albedo
1064 2414 1100 2444 et
1128 2406 1288 2444 musica.
1311 2406 1352 2444 Si

275 2462 389 2512 igitur
407 2461 537 2499 anima
557 2460 796 2507 intellectiva,
817 2459 997 2498 sensitiva
1012 2467 1048 2497 et
1061 2459 1244 2498 nutritiva
1263 2468 1352 2497 sunt

275 2516 452 2553 diversae
480 2515 640 2552 virtutes
668 2522 735 2552 aut
761 2514 910 2551 formae
939 2513 979 2551 in
1007 2513 1132 2560 nobis,
1169 2526 1215 2552 ea
1249 2525 1350 2563 quae

276 2569 495 2606 secundum
515 2569 585 2605 has
612 2569 757 2605 formas
775 2567 890 2605 nobis
908 2566 1157 2613 conveniunt,
1187 2567 1236 2604 de
1255 2566 1351 2603 invi-

276 2635 363 2660 cem
383 2621 711 2671 praedicabuntur
728 2633 799 2671 per
821 2620 1011 2658 accidens.
1034 2621 1111 2658 Sed
1131 2620 1350 2657 secundum

276 2675 449 2713 animam
491 2674 761 2712 intellectivam
798 2673 1176 2720 dicimur‘homines,
1215 2684 1350 2710 secun·
1366 2695 1392 2709 ,ο

276 2729 374 2766 dum
403 2728 626 2766 sensitivam
656 2728 849 2774 animalia,
879 2727 1098 2764 secundum
1126 2725 1350 2763 nutritivam

276 2784 447 2822 viventia.
469 2781 551 2819 Erit
570 2780 683 2829 igitur
702 2782 798 2818 haec
816 2779 1051 2829 praedicatio
1070 2791 1141 2829 per
1159 2779 1349 2824 accidens,

275 2837 408 2873 Homo
444 2841 495 2872 est
526 2834 671 2872 animal
677 2847 690 2878 ;
723 2835 797 2879 vel,
831 2834 988 2870 Animal
1022 2839 1072 2870 est
1106 2834 1243 2870 vivum.
1282 2833 1350 2869 Est

276 2897 408 2926 autem
435 2900 507 2938 per
534 2899 590 2925 se:
624 2899 717 2924 nam
753 2887 876 2923 homo
912 2886 1130 2923 secundum
1158 2885 1266 2935 quod
1295 2892 1351 2922 est

276 2943 412 2988 homo,
432 2941 575 2979 animal
594 2948 666 2986 est;
696 2947 732 2977 et
759 2939 904 2977 animal
923 2939 1141 2976 secundum
1160 2939 1268 2988 quod
1295 2946 1351 2975 est

277 2996 432 3041 animal,
460 2995 598 3032 vivum
627 3001 694 3031 est.
725 2994 792 3030 Est
820 2992 933 3041 igitur
960 2992 1098 3042 aliquis
1130 2992 1179 3029 ab
1208 2992 1350 3029 eodem

276 3047 467 3099 principio
497 3048 631 3093 homo,
661 3046 804 3084 animal
832 3053 869 3083 et
896 3045 1045 3083 vivum.
1334 3042 1336 3046 ’

333 3101 373 3140 Si
401 3109 533 3139 autem
563 3100 711 3138 dicatur
744 3100 863 3149 quod,
893 3099 1010 3136 etiam
1037 3097 1240 3148 praedictis
1269 3097 1349 3135 ani-

277 3156 418 3193 mabus
446 3153 607 3192 diversis
636 3152 895 3198 existentibus,
924 3164 1005 3189 non
1041 3151 1214 3201 sequitur
1241 3163 1350 3201 prae-

278 3209 397 3246 dictas
425 3206 730 3258 praedicationes
758 3206 838 3243 fore
857 3218 927 3255 per
948 3205 1137 3251 accidens,
1166 3217 1214 3242 eo
1242 3204 1350 3254 quod

278 3262 431 3300 animae
461 3262 545 3299 illae
581 3261 630 3298 ad
666 3259 833 3297 invicem
867 3258 1046 3297 ordinem
1078 3258 1237 3295 habent:
1275 3258 1352 3295 hoc

278 3315 418 3353 iterum
447 3322 682 3352 removetur.
707 3314 812 3350 Nam
832 3312 929 3349 ordo
950 3310 1119 3348 sensitivi
1138 3311 1187 3348 ad
1209 3310 1351 3348 intelle-

278 3369 437 3415 ctivum‚
462 3376 499 3406 et
526 3366 698 3405 nutritivi
717 3367 766 3404 ad
786 3365 1024 3410 sensitivum‚
1046 3371 1102 3401 est
1129 3364 1226 3401 sicut
1254 3364 1351 3402 ordo

277 3421 471 3472 potentiae
491 3422 541 3459 ad
569 3429 718 3458 aetum:
749 3432 841 3457 nam
864 3417 1138 3456 intellectivum
1158 3417 1351 3463 sensitivo,

333 3528 365 3553 13
386 3528 419 3553 de
437 3526 558 3560 invicem}
578 3526 688 3552 invicem
707 3526 740 3557 G,
759 3527 792 3551 de
811 3533 841 3550 se
859 3524 970 3550 invicem
990 3524 1020 3554 Ρ;
1039 3531 1086 3556 per
1104 3522 1223 3548 accidens
1242 3530 1286 3548 om
1304 3522 1333 3548 Z.

278 3564 337 3589 talis
355 3563 513 3596 praedicatio
531 3562 579 3587 Pa.
671 3561 702 3587 25
723 3561 818 3587 animal
833 3569 879 3593 pr.
897 3561 955 3585 loco
969 3562 1034 3592 post
1052 3564 1092 3584 est
1110 3556 1266 3584 DENZch.

278 3601 302 3624 A
319 3599 405 3630 εοῖιιες
424 3606 467 3624 om
486 3599 518 3628 D,
533 3601 598 3630 post
615 3597 711 3623 animal
729 3596 821 3622 ceteri.

334 3642 348 3659 2
368 3635 394 3660 in
413 3632 588 3667 generatione]
608 3632 775 3665 generatione
794 3632 838 3660 Pe.

280 3678 295 3696 e
313 3677 440 3696 converso
459 3669 514 3695 Gz.
606 3668 638 3693 23
657 3673 788 3701 ponantur
802 3671 866 3700 post
883 3668 909 3692 in
927 3666 1034 3692 homine
1053 3665 1198 3690 aDWXPc.

422 3723 517 3748 Surum
536 3722 647 3747 Conru
666 3721 799 3747 Garri-mis
818 3721 850 3746 D.
868 3721 984 3746 ’raonis
1003 3720 1072 3744 Tou.
1091 3719 1108 3743 1.

1364 3557 1398 3583 26
1416 3558 1505 3583 vivum
1522 3561 1585 3590 post
1603 3562 1644 3582 est
1663 3557 1754 3582 GNPc.

913 3595 943 3620 32
965 3593 1158 3627 intellectivum]
1178 3594 1339 3619 intellectum
1358 3592 1456 3619 «EXY.

919 3639 935 3664 9
954 3631 980 3656 in
998 3629 1056 3664 isto]
1077 3630 1127 3654 isto
1146 3629 1292 3660 oeDWXPc,
1310 3629 1337 3654 in
1356 3629 1440 3661 primo
1459 3628 1491 3653 N.

1406 1711 1647 1749 nerationem
1683 1720 1758 1758 est;
1802 1712 1909 1761 prius
1944 1712 2049 1749 enim
2084 1712 2123 1749 in
2156 1714 2399 1761 generatione
2435 1713 2479 1750 fit

1407 1764 1550 1802 animal
1570 1776 1691 1814 quam
1711 1765 1845 1802 homo.
1868 1765 1908 1802 Si
1928 1764 2040 1813 igitur
2057 1765 2125 1802 iste
2145 1766 2242 1803 ordo
2266 1766 2352 1803 facit
2370 1778 2478 1816 prae-

1407 1817 1619 1855 dicationes
1646 1818 1859 1868 praedictas
1888 1831 1971 1855 esse
1999 1831 2070 1868 per
2104 1831 2155 1865 se,
2192 1820 2267 1856 hoc
2302 1831 2382 1857 non
2410 1819 2479 1856 erit

1374 1891 1383 1911 ς
1408 1872 1626 1911 secundum
1655 1871 1764 1909 illum
1792 1872 1958 1909 modum
1982 1872 2135 1910 dicendi
2158 1884 2230 1922 per
2255 1885 2295 1910 se
2322 1873 2389 1923 qui
2418 1885 2478 1910 ac-

1407 1925 1547 1975 cipitur
1574 1925 1792 1962 secundum
1820 1925 1998 1972 formam,
2028 1925 2095 1962 sed
2124 1926 2341 1963 secundum
2369 1926 2478 1963 illum

1407 1978 1475 2028 qui
1503 1978 1688 2028 accipitur
1716 1979 1934 2015 secundum
1953 1978 2155 2016 materiam
2184 1987 2220 2016 et
2248 1979 2476 2026 subiectum,

1407 2032 1504 2070 sicut
1524 2031 1661 2069 dicitur
1680 2031 1903 2081 superficies
1923 2033 2091 2069 colorata
2104 2031 2135 2069 *.
2166 2033 2253 2069 Hoc
2272 2040 2402 2070 autem
2422 2040 2478 2070 est

1407 2084 1656 2135 impossibile.
1691 2084 1795 2132 Quia
1823 2085 1863 2122 in
1895 2085 1967 2122 isto
1995 2085 2116 2123 modo
2151 2085 2303 2123 dicendi
2326 2098 2399 2136 per
2425 2099 2475 2132 se,

1367 2165 1393 2180 ,ο
1407 2139 1445 2176 id
1474 2139 1582 2188 quod
1610 2146 1666 2176 est
1692 2138 1853 2176 formale
1880 2138 2124 2188 praedicatur
2149 2151 2219 2188 per
2247 2151 2286 2175 se
2315 2139 2363 2176 de
2387 2140 2476 2176 sub-

1407 2193 1525 2230 iecto:
1555 2199 1598 2229 ut
1625 2204 1718 2229 cum
1745 2191 1921 2238 dicimus,
1951 2194 2172 2242 Superficies
2199 2198 2250 2229 est
2277 2193 2375 2238 alba,
2402 2194 2475 2238 vel,

1407 2247 1601 2283 Numerus
1629 2251 1680 2282 est
1693 2258 1780 2295 par.
1802 2245 1851 2282 Et
1870 2245 2009 2282 iterum
2029 2245 2068 2282 in
2088 2246 2164 2282 hoc
2182 2245 2304 2282 modo
2323 2245 2477 2282 dicendi

1402 2312 1475 2350 per
1500 2311 1540 2336 se
1568 2298 1786 2336 subiectum
1814 2298 1972 2348 ponitur
1999 2298 2039 2335 in
2071 2298 2295 2336 definitione
2327 2298 2476 2348 praedi-

1407 2353 1498 2390 cati:
1520 2352 1617 2390 sicut
1636 2364 1814 2389 numerus
1832 2352 1872 2388 in
1891 2351 2115 2389 definitione
2129 2354 2247 2402 paris.
2271 2351 2327 2388 Ibi
2346 2359 2476 2389 autem

1368 2430 1390 2450 ,ς
1407 2419 1428 2443 e
1457 2405 1649 2443 contrario
1678 2404 1825 2443 accidit.
1846 2406 1940 2442 Non
1965 2405 2070 2442 enim
2089 2407 2200 2442 homo
2220 2417 2290 2455 per
2309 2417 2348 2442 se
2367 2417 2476 2454 prae-

1408 2459 1557 2497 dicatur
1585 2459 1633 2496 de
1661 2459 1830 2505 animali,
1860 2459 1927 2495 sed
1963 2470 1983 2495 e
2019 2470 2228 2495 converso:
2267 2466 2303 2495 et
2337 2458 2476 2495 iterum

1407 2525 1489 2550 non
1517 2512 1676 2562 ponitur
1703 2512 1921 2548 subiectum
1945 2510 1985 2548 in
2013 2511 2238 2549 definitione
2256 2511 2475 2560 praedicati,

1407 2566 1476 2603 sed
1504 2578 1525 2603 e
1553 2577 1755 2603 converso.
1785 2565 1878 2601 Non
1907 2564 2020 2612 igitur
2046 2564 2261 2614 praedictae
2280 2563 2475 2613 praedica-

1406 2619 1531 2656 tiones
1559 2618 1740 2655 dicuntur
1765 2629 1837 2666 per
1864 2629 1904 2654 se
1932 2617 2078 2654 ratione
2106 2617 2195 2654 dicti
2224 2616 2379 2654 ordinis.

1460 2673 1672 2708 Praeterea.
1693 2671 1754 2707 Ab
1774 2670 1915 2707 eodem
1934 2669 2077 2719 aliquid
2098 2670 2214 2707 habet
2234 2682 2315 2707 esse
2335 2677 2371 2706 et
2389 2669 2474 2706 uni-

1406 2733 1541 2762 tatem:
1582 2736 1697 2760 unum
1737 2723 1841 2760 enim
1884 2723 2134 2772 consequitur
2170 2723 2219 2760 ad
2257 2735 2331 2760 ens.
2371 2723 2474 2759 Cum

1406 2777 1519 2826 igitur
1550 2789 1573 2814 a
1604 2777 1729 2814 forma
1763 2788 2023 2826 unaquaeque
2057 2789 2116 2813 res
2149 2776 2288 2813 habeat
2319 2787 2413 2821 esse,
2451 2787 2475 2812 a

1405 2831 1531 2868 forma
1549 2829 1664 2867 etiam
1684 2829 1841 2867 habebit
1858 2830 2055 2867 unitatem.
2077 2829 2117 2867 Si
2145 2828 2256 2877 igitur
2280 2836 2475 2878 ponantur

1405 2885 1445 2921 in
1473 2883 1635 2921 homine
1662 2884 1792 2932 plures
1820 2883 1971 2920 animae
1996 2882 2092 2920 sicut
2115 2882 2288 2919 diversae
2314 2882 2473 2928 formae,

1365 2959 1389 2980 ,ς
1406 2939 1529 2975 homo
1558 2949 1638 2974 non
1668 2935 1737 2974 erit
1764 2948 1891 2973 unum
1920 2948 1999 2982 enS,
2029 2936 2096 2973 sed
2125 2937 2246 2985 plura.
2267 2958 2291 2961 —
2312 2936 2397 2972 Nec
2424 2935 2473 2972 ad

1406 2990 1593 3028 unitatem
1622 2988 1791 3027 hominis
1816 2990 1913 3027 ordo
1941 2990 2157 3027 formarum
2176 2988 2348 3026 sufficiet.
2370 2987 2474 3034 Quia

1406 3056 1489 3081 esse
1508 3056 1635 3081 unum
1650 3043 1868 3080 secundum
1888 3042 2066 3080 ordinem
2081 3054 2161 3080 non
2177 3049 2231 3079 est
2250 3053 2332 3078 esse
2347 3053 2474 3078 unum

1406 3097 1647 3147 simpliciter:
1678 3108 1770 3134 curn
1798 3096 1923 3133 unitas
1953 3095 2098 3133 ordinis
2126 3095 2171 3132 sit
2199 3094 2361 3132 minima
2388 3093 2473 3130 uni·

1405 3158 1541 3188 tatum.

1459 3205 1567 3241 Item.
1583 3203 1725 3240 Adhuc
1744 3202 1881 3240 redibit
1899 3201 2140 3251 praedictum
2155 3200 2433 3238 inconveniens
2442 3200 2473 3246 ³¹⁸,

1407 3265 1449 3294 ut
1477 3257 1617 3294 scilicet
1644 3269 1691 3294 ex
1719 3256 1849 3294 anima
1876 3254 2102 3292 intellectiva
2130 3263 2166 3291 et
2202 3266 2364 3303 corpore
2392 3265 2474 3290 non

1406 3310 1474 3347 fiat
1510 3322 1636 3348 unum
1675 3308 1905 3360 simpliciter,
1943 3308 2011 3345 sed
2047 3308 2263 3345 secundum
2298 3306 2474 3343 accidens

1406 3371 1570 3401 tantum.
1605 3364 1735 3401 Omne
1769 3362 1874 3400 enim
1907 3362 2014 3410 quod
2047 3360 2202 3398 advenit
2238 3359 2351 3397 alicui
2386 3367 2475 3409 post

1409 3429 1490 3454 esse
1520 3418 1770 3466 completum,
1803 3415 1958 3452 advenit
1991 3414 2024 3451 ei
2057 3413 2351 3451 accidentaliter:
2382 3425 2474 3450 cum

1366 3223 1392 3244 30

1426 3522 1459 3548 16
1478 3521 1611 3556 sensitiva]
1631 3527 1658 3547 et
1675 3521 1798 3546 sensitiva
1815 3520 1863 3545 Pd.
1960 3526 1994 3550 24
2011 3526 2060 3552 per
2078 3518 2116 3553 se]
2137 3526 2184 3551 per
2202 3526 2231 3544 se
2249 3526 2310 3544 vera
2327 3518 2361 3550 Y,
2379 3526 2427 3551 per
2444 3526 2474 3543 se

1851 3554 1954 3588 aliquis]
1981 3554 2077 3587 aliquid
2097 3554 2181 3579 Dch.
2281 3562 2313 3587 27
2332 3553 2414 3579 homo
2432 3553 2475 3579 hic

1574 3635 1605 3652 12
1626 3628 1652 3652 in
1671 3627 1721 3652 hoc
1739 3628 1761 3651 A
1779 3627 1866 3658 solus;
1886 3626 1943 3651 hoc.
2027 3625 2059 3650 15
2079 3633 2094 3650 e
2113 3624 2250 3658 contrario]
2271 3625 2427 3650 contrarium
2441 3625 2474 3656 D,

2298 3713 2329 3738 52

2504 2041 2513 2049 ·
2533 2038 2568 2061 Cf.
2585 2039 2596 2060 1
2614 2039 2714 2066 Foster„

2504 2065 2644 2093 iv,4;s.Th.
2654 2066 2669 2088 1.
2679 2072 2714 2088 ιο.

2502 3210 2510 3219 ·
2524 3209 2560 3231 Cf.
2571 3215 2622 3237 cap.
2638 3215 2712 3237 praec.
