2768 4134
56 409 66 420 ·
92 407 145 430 Lib.
168 406 191 435 1,
218 412 268 434 cap.

55 440 144 458 unu.

54 1066 66 1078 ·
80 1064 118 1088 ct
134 1064 269 1088 commem.

55 1097 109 1122 Q·
117 1097 204 1121 m,
217 1091 269 1114 init.

811 270 1000 308 SUMMA
1029 271 1250 309 CONTRA
1279 274 1552 322 GENTlLES,
1581 278 1674 314 LlB.
1700 279 1741 324 ll,
1771 279 1881 316 CAP.
1903 281 1981 316 XII.

298 350 348 387 ad
367 362 413 387 ea
441 363 542 400 quae
572 358 660 388 sunt
688 348 875 399 potentia:
906 348 998 397 quia
1026 361 1106 386 non
1136 359 1306 388 mutatur
1325 365 1371 389 ex

297 405 374 441 hoc
403 404 510 453 quod
541 403 669 453 aliqua
697 402 878 453 producit
891 401 922 438 ²⁸.
951 403 1052 439 Non·
1074 402 1187 450 igitur
1214 405 1373 442 refertur

298 458 347 499 ad
367 457 440 494 alia
459 469 530 507 per
548 457 775 494 relationem
795 455 945 493 realiter
963 455 1003 492 in
1024 455 1110 505 ipso
1134 456 1370 494 existentem.

352 511 543 561 Amplius.
576 510 824 560 Cuicumque
844 508 990 558 aliquid
1010 509 1058 546 de
1079 520 1185 546 novo
1206 510 1372 557 advenit,

2413 294 2483 331 291

1427 354 1607 414 bernator
1626 356 1742 394 huius
1762 358 1815 394 rei
1835 371 1934 407 quae
1958 360 2007 396 de
2033 372 2138 398 novo
2167 361 2296 411 incipit
2324 375 2418 400 esse.
2449 363 2489 401 Si

1426 415 1539 454 igitur
1566 409 1848 457 praedicaretur
1876 412 2002 462 aliqua
2030 414 2160 451 relatio
2180 415 2328 452 realiter
2346 416 2384 453 in
2404 417 2490 454 Deo

1428 459 1602 506 existens,
1632 471 1855 510 sequeretur
1883 466 1989 514 quod
2022 466 2164 515 aliquid
2193 469 2277 506 Deo
2307 469 2355 506 de
2383 482 2489 508 novo

1429 512 1637 559 adveniret,
1666 523 1702 552 et
1731 515 1783 552 sic
1811 518 1917 565 quod
1947 527 2157 559 mutaretur
2184 523 2245 558 vel
2272 534 2341 572 per
2365 535 2404 560 se
2428 525 2490 560 vel

298 577 454 603 necesse
475 573 531 602 est
550 563 643 602 illud
672 563 824 610 mutari,
844 563 906 600 vel
933 574 1003 612 per
1031 574 1071 599 se
1099 563 1161 599 vel
1189 575 1259 612 per
1278 563 1373 600 acci·
1397 578 1405 597 x
1429 577 1498 614 per
1527 566 1714 604 accidens.
1746 568 1866 606 Cuius
1895 572 2128 610 contrarium
2149 574 2186 610 in
2206 575 2332 623 primo
2358 576 2490 614 libro*

297 619 405 656 dens.
443 618 665 656 Relationes
699 625 831 655 autem
863 615 1058 666 quaedam
1094 616 1143 652 de
1179 628 1285 653 novo
1319 617 1374 653 di-

297 680 439 709 cuntur
457 672 506 709 de
526 672 627 708 Deo:
658 671 756 708 sicut
784 670 893 720 quod
921 677 977 707 est
997 668 1192 706 Dominus
1220 678 1285 706 aut
1306 682 1374 718 gu—

1429 627 1629 656 OStessSllm
1659 629 1724 657 eSt.

352 794 367 819 7
388 785 437 819 εει]
456 785 528 811 Deus
547 792 587 811 est
606 785 679 811 NPd.
770 785 825 819 aut]
842 785 885 810 vel
905 783 953 816 Pc;
973 783 1102 808 Dominus
1120 789 1166 808 aut
1184 790 1227 808 om
1248 784 1278 808 N.

1061 871 1399 906 Commentaria
1429 873 1739 907 Fer-ramensis

365 983 408 1003 uu
432 978 601 1004 ostensum
624 973 664 1003 sit
688 971 811 1013 aliquid
834 972 965 1002 relative
988 970 1028 1001 ad
1052 976 1212 1001 creaturas
1236 971 1275 1001 de
1304 972 1375 1002 Deo

301 983 438 1054 Cdici,
462 1023 559 1048 restat
582 1017 815 1058 inquirendum
839 1015 930 1057 quod
954 1025 1023 1046 esse
1050 1015 1158 1046 dicant
1187 1016 1375 1047 huiusmodi

297 1062 472 1094 relationes
495 1062 600 1093 dictae
624 1061 665 1092 de
688 1061 761 1092 Deo
777 1062 804 1091 ‘.
829 1060 925 1092 Circa
948 1060 1040 1101 quod
1070 1059 1150 1091 duas
1179 1061 1274 1100 ponit
1297 1070 1375 1092 con-

297 1107 461 1138 clusiones
476 1107 614 1138 Sanctus
629 1106 792 1137 Thomas:
817 1105 955 1146 primam
979 1105 1012 1136 in
1036 1104 1196 1146 praesenti
1218 1106 1375 1146 capitulo;

297 1152 475 1183 secundam
497 1152 532 1182 in
555 1151 716 1192 sequenti.

297 1196 299 1198 ’
353 1197 376 1228 1.
400 1197 508 1227 Prima
531 1195 702 1227 conclusio
718 1200 780 1225 est:
805 1194 995 1225 Relationes
1010 1194 1074 1225 Dei
1089 1194 1133 1225 ad
1147 1204 1225 1225 suos
1243 1196 1377 1235 effectus

297 1241 433 1273 realiter
443 1241 477 1272 in
489 1241 562 1271 Deo
576 1250 646 1272 esse
661 1250 728 1271 non
740 1244 889 1281 possunt.
907 1239 1066 1270 Probatur
1072 1239 1194 1280 primo.
1208 1239 1284 1270 Non
1301 1250 1376 1281 pos-

297 1292 372 1319 sunt
387 1287 422 1318 in
438 1295 479 1317 eo
496 1294 567 1317 esse
579 1291 618 1322 ut
634 1284 827 1320 accidentia:
853 1294 928 1316 cum
953 1285 987 1315 in
1003 1284 1076 1325 ipso
1093 1284 1221 1315 nullum
1238 1285 1278 1315 sit
1293 1287 1376 1317 acci—

268 1368 280 1370 -
292 1331 386 1371 dens.
403 1330 528 1362 —-Ne‘c'
549 1336 586 1361 ut
607 1330 785 1362 substantia
813 1329 885 1360 Dei.
913 1328 1001 1367 Quia
1023 1330 1200 1360 substantia
1224 1329 1285 1360 Dei
1312 1331 1375 1362 hoc

295 1375 406 1417 ipsum
430 1375 521 1417 quod
545 1381 592 1406 est
616 1375 656 1406 ad
680 1374 767 1406 aliud
790 1374 969 1405 diceretur:
993 1380 1030 1405 ut
1054 1380 1142 1414 patet
1174 1383 1211 1405 ex
1242 1375 1376 1406 Praedi-

295 1421 453 1452 camentis
475 1419 668 1452 Aristotelis.
693 1420 735 1451 Et
757 1420 803 1450 sic
826 1418 1024 1460 dependeret
1053 1419 1094 1450 ab
1124 1419 1235 1460 aliquo
1260 1421 1376 1451 extrin-

296 1475 384 1498 seco.
409 1465 511 1504 Quod
535 1466 624 1496 enim
647 1466 712 1496 hoc
735 1465 844 1506 ipsum
867 1464 960 1505 quod
988 1469 1036 1495 est
1066 1463 1107 1494 ad
1137 1464 1225 1495 aliud
1249 1464 1375 1502 dicitur,

296 1510 336 1543 ab
359 1511 432 1552 ipso
457 1509 634 1551 dependet:
658 1519 735 1541 cum
759 1519 821 1541 nec
844 1519 915 1540 esse
937 1518 998 1540 nec
1022 1508 1159 1549 intelligi
1181 1510 1284 1550 possit
1307 1510 1376 1541 sine

297 1565 349 1588 eo.
374 1555 415 1587 Et
438 1565 496 1596 per
519 1564 727 1596 consequens
750 1564 819 1586 non
844 1560 928 1586 esset
951 1563 1009 1585 ens
1032 1563 1164 1585 necesse
1189 1563 1268 1585 esse.

353 1600 418 1632 Sed
434 1600 561 1631 videtur
583 1601 644 1631 ista
665 1600 748 1631 ratio
773 1609 842 1631 non
857 1598 1066 1630 concludere.
1087 1598 1148 1630 Per
1167 1599 1271 1640 ipsam
1289 1600 1376 1631 enim

295 1645 443 1677 similiter
457 1645 650 1685 probaretur
665 1645 790 1676 nullam
812 1644 1005 1676 relationem
1021 1644 1227 1685 personalem
1247 1645 1280 1675 in
1304 1645 1376 1676 Deo

296 1699 366 1721 esse
389 1689 477 1720 idem
505 1690 633 1721 realiter
663 1699 740 1721 cum
767 1690 906 1721 essentia
931 1689 1048 1720 divina.
1077 1688 1174 1727 Quia,
1203 1699 1279 1720 curn
1307 1699 1376 1720 esse

295 1734 460 1766 relationis
482 1735 523 1766 sit
545 1734 587 1766 ad
609 1734 698 1766 aliud
721 1744 755 1766 se
778 1735 906 1771 habere,
926 1735 952 1764 si
977 1734 1090 1765 relatio
1106 1735 1166 1765 erit
1187 1734 1275 1766 idem
1301 1744 1376 1766 cum

296 1779 445 1816 essentia,
469 1780 635 1820 oportebit
650 1780 758 1811 Deum
782 1779 966 1811 secundum
989 1778 1023 1810 id
1038 1779 1131 1819 quod
1153 1784 1202 1810 est
1225 1779 1265 1810 ad
1289 1779 1377 1811 aliud

295 1834 331 1856 se
353 1825 481 1856 habere.
506 1824 548 1856 Et
570 1826 615 1856 sic
638 1834 708 1856 non
728 1825 787 1856 erit
810 1834 868 1856 ens
891 1833 949 1865 per
972 1824 1117 1865 seipsum
1140 1833 1272 1855 necesse
1295 1833 1375 1856 esse.

350 1869 581 1910 Respondemr
603 1869 695 1911 quod
718 1879 788 1901 non
811 1869 930 1901 eodem
954 1868 1056 1900 modo
1080 1868 1272 1910 procederet
1294 1870 1376 1900 ratio

296 1913 337 1946 de
359 1914 571 1946 relationibus
595 1915 831 1958 personalibus¹
843 1915 927 1946 sicut
941 1914 1091 1955 procedit
1106 1913 1147 1945 de
1166 1914 1377 1946 relationibus

296 1958 337 1991 ad
364 1966 535 1991 creaturas.
572 1960 608 1991 ln
638 1960 706 1991 istis
736 1960 825 1991 enim
854 1959 969 1991 relatio
998 1959 1188 1990 terminatur
1221 1959 1262 1990 ad
1289 1959 1376 1991 aliud

296 2005 436 2036 omnino
459 2011 648 2036 extraneum
678 2015 696 2036 a
723 2004 832 2036 divina
854 2010 979 2036 natura.
1004 2003 1093 2040 ldeo,
1117 2005 1143 2035 si
1167 2005 1305 2036 essentia
1329 2004 1376 2036 di-

296 2050 372 2080 vina
394 2055 478 2081 esset
500 2050 572 2081 talis
595 2050 720 2086 relatio,
744 2049 942 2091 dependeret
958 2050 999 2080 ab
1021 2049 1134 2089 aliquo
1153 2055 1318 2081 extraneo.
1335 2050 1377 2081 Et

296 2095 343 2126 sic
366 2103 436 2126 non
458 2101 542 2126 esset
564 2094 656 2126 Deus
678 2104 810 2126 necesse
835 2104 905 2126 esse
927 2103 986 2135 per
1005 2094 1164 2135 seipsum:
1181 2093 1272 2134 quod
1288 2095 1375 2126 enirn

297 2146 345 2171 est
367 2149 426 2181 per
448 2149 483 2171 se
505 2149 639 2171 necesse
663 2149 743 2177 esse,
772 2143 841 2170 non
865 2138 1027 2180 dependet
1054 2139 1088 2170 in
1119 2148 1177 2170 sua
1209 2139 1376 2170 existentia

297 2185 337 2216 ab
359 2185 472 2226 aliquo
495 2190 659 2216 extraneo.
684 2184 871 2216 Relationes
894 2189 1004 2215 autem
1019 2183 1206 2224 personales
1229 2191 1297 2215 non
1314 2190 1376 2216 ter—

295 2230 462 2261 minantur
484 2229 526 2261 ad
549 2229 637 2260 aliud
661 2229 878 2260 extrinsecum
902 2239 919 2259 a
943 2228 1052 2260 divina
1076 2229 1224 2266 essentia,
1248 2229 1305 2260 sed
1335 2230 1376 2260 ad

295 2283 471 2315 personam
494 2284 579 2315 quae
604 2279 653 2306 est
675 2274 763 2306 idem
788 2284 865 2306 cum
895 2274 1034 2305 essentia
1066 2273 1185 2310 divina,
1214 2280 1298 2314 quae
1329 2280 1376 2305 est

296 2320 394 2351 etiam
417 2320 555 2351 essentia
578 2320 710 2351 alterius
732 2329 901 2360 personae.
926 2318 1003 2350 Non
1025 2325 1185 2359 repugnat
1211 2325 1320 2350 autem
1346 2319 1375 2350 ei

1429 972 1521 1002 nullo
1537 972 1701 1003 intellectu
1718 973 1950 1011 considerante,
1973 975 2044 1005 illae
2068 985 2118 1006 res
2140 977 2222 1007 inter
2245 987 2278 1008 se
2298 980 2393 1010 talem
2410 981 2493 1012 ordi·

1429 1026 1505 1046 nem
1517 1017 1646 1048 habent.
1659 1017 1711 1048 Ad
1723 1018 1786 1048 hoc
1803 1024 1911 1049 autem
1923 1019 2014 1059 quod
2029 1020 2125 1051 talem
2138 1021 2284 1053 ordinem
2296 1023 2402 1064 aliqua
2413 1026 2494 1056 inter

1429 1070 1462 1091 se
1477 1062 1625 1098 habeant,
1639 1068 1769 1102 oportet
1785 1063 1875 1103 quod
1886 1069 2063 1105 utrumque
2075 1066 2114 1095 sit
2130 1074 2187 1096 ens
2202 1072 2286 1098 actu.
2303 1067 2393 1099 Sicut
2408 1070 2494 1101 enim

1429 1106 1508 1137 aliae
1524 1106 1647 1138 formae
1664 1107 1875 1139 accidentales
1891 1114 1965 1140 actu
1983 1119 2051 1140 non
2067 1111 2266 1142 conveniunt
2283 1113 2344 1143 nisi
2359 1114 2494 1145 existen·

1428 1151 1524 1187 tibus,
1548 1153 1591 1182 ita
1615 1152 1696 1183 ordo
1720 1152 1846 1183 medius
1869 1154 1951 1184 inter
1973 1154 2081 1194 aliqua
2103 1155 2164 1186 illis
2186 1157 2311 1187 realiter
2326 1167 2392 1188 non
2416 1168 2493 1189 con-

1429 1197 1518 1226 venit
1540 1198 1600 1227 nisi
1625 1198 1768 1228 existant.
1793 1198 1876 1229 Illud
1891 1199 1978 1229 enim
2001 1199 2090 1239 quod
2114 1200 2238 1231 realiter
2252 1201 2395 1239 refertur,
2418 1204 2492 1234 ideo

1429 1241 1553 1272 realiter
1576 1240 1710 1273 refertur
1734 1243 1810 1282 quia
1832 1243 1927 1273 habet
1951 1243 2090 1284 aliquam
2114 1246 2231 1276 realem
2254 1246 2390 1277 formam
2406 1248 2440 1278 in
2460 1258 2493 1278 se

1429 1286 1470 1316 ad
1493 1295 1592 1326 quam
1616 1287 1686 1318 talis
1710 1286 1791 1317 ordo
1816 1289 2039 1328 consequitur;
2063 1289 2095 1319 id
2120 1291 2215 1321 etiam
2239 1291 2329 1331 quod
2346 1293 2494 1323 terminat

1429 1330 1617 1362 huiusmodi
1652 1331 1816 1368 ordinem,
1847 1333 1942 1363 habet
1971 1339 2007 1363 ut
2039 1335 2187 1366 terminet
2218 1345 2255 1366 ex
2283 1336 2390 1376 aliqua
2419 1337 2494 1367 reali

1430 1374 1534 1406 forma
1556 1376 1763 1413 inexistente;
1788 1382 1823 1407 ut
1851 1383 1937 1417 patet
1960 1377 2167 1409 discurrendo
2195 1389 2252 1420 per
2282 1390 2394 1411 omnes
2423 1391 2494 1412 mo-

1430 1420 1488 1451 dos
1504 1420 1720 1453 relativorum.
1737 1421 1823 1459 Quia
1839 1431 1915 1462 ergo
1932 1431 1988 1452 ens
2011 1423 2044 1453 in
2063 1425 2207 1463 potentia
2222 1434 2289 1455 non
2312 1426 2406 1455 habet
2421 1431 2494 1456 actu

1430 1465 1640 1502 existentiam,
1665 1466 1739 1496 ideo
1764 1467 1845 1498 entis
1868 1468 1902 1497 in
1926 1472 1999 1497 actu
2015 1467 2054 1498 ad
2078 1477 2135 1498 ens
2158 1469 2191 1499 in
2207 1470 2350 1508 potentia
2365 1479 2432 1500 non
2448 1476 2494 1500 est

1429 1510 1540 1540 relatio
1565 1511 1666 1541 realis.

1487 1564 1516 1585 2.
1542 1554 1575 1586 Si
1599 1561 1708 1586 autem
1732 1555 1901 1586 obiiciatur
1925 1556 2000 1595 quia
2024 1556 2146 1596 aliquid
2170 1563 2216 1587 est
2240 1558 2362 1588 realiter
2386 1559 2494 1599 imago

1430 1609 1497 1630 non
1522 1600 1694 1636 existentis,
1720 1605 1751 1629 et
1775 1600 1941 1635 memoria,
1959 1605 1990 1630 et
2007 1601 2247 1640 productivum,
2264 1607 2295 1632 et
2310 1602 2495 1633 huiusmodi

1431 1653 1515 1684 quae
1538 1644 1668 1675 relative
1692 1643 1842 1674 dicuntur
1858 1644 1898 1674 ad
1921 1653 1989 1674 non
2013 1654 2085 1681 em,
2095 1651 2131 1676 ut
2146 1647 2248 1686 arguit
2267 1646 2440 1686 Gregorius
2462 1647 2495 1676 in

1431 1688 1559 1724 ISent.,
1584 1689 1670 1729 apud
1695 1688 1904 1729 Capreolum,
1929 1688 1958 1719 d.
1976 1699 2037 1719 xxx
2053 1690 2083 1718 *2
2108 1707 2128 1712 -
2151 1690 2372 1730 respondetur,
2397 1696 2428 1721 et
2450 1690 2495 1721 di-

1431 1734 1513 1764 citur
1536 1734 1653 1774 primo,
1679 1733 1769 1773 quod
1784 1733 1900 1764 dicitur
1919 1733 2040 1773 aliquid
2060 1734 2184 1764 realiter
2199 1734 2426 1774 productivum
2442 1735 2496 1765 ali-

1430 1779 1533 1814 cuius,
1557 1784 1613 1809 aut
1635 1779 1743 1818 imago
1768 1784 1822 1809 aut
1845 1779 2012 1814 memoria,
2033 1787 2101 1809 non
2125 1785 2256 1819 propter
2279 1779 2396 1810 realem
2419 1779 2497 1810 rela-

1430 1824 1555 1854 tionem
1588 1823 1620 1853 in
1652 1824 1728 1864 ipsis
1760 1824 1958 1859 existentem,
1991 1823 2047 1854 sed
2076 1829 2208 1864 propter
2238 1833 2351 1854 eorum
2380 1824 2496 1854 realem

1430 1868 1596 1899 entitatem
1629 1868 1757 1898 relative
1788 1873 1991 1908 conceptam.
2023 1867 2164 1898 Nomina
2195 1869 2280 1899 enim
2310 1868 2496 1899 relationem

1429 1913 1637 1953 importantia
1661 1912 1839 1943 secundum
1855 1913 2013 1943 rationem
2034 1922 2268 1952 saepenumero
2293 1912 2441 1943 dicuntur
2457 1913 2496 1943 de

1429 1958 1525 1989 rebus
1550 1963 1635 1988 extra
1659 1958 1799 1988 animam
1824 1957 2041 1993 existentibus,
2058 1966 2098 1987 eo
2122 1957 2212 1997 quod
2235 1956 2413 1997 significent
2428 1967 2495 1988 rem

1429 2003 1611 2033 absolutam
1634 2002 1794 2033 mediante
1818 2007 1981 2041 conceptu
2004 2002 2146 2032 relativo.
2171 2002 2245 2032 Non
2273 2002 2358 2032 enim
2382 2002 2494 2032 incon-

1429 2048 1517 2078 venit
1533 2046 1664 2087 aliquod
1680 2046 1859 2077 secundum
1875 2056 1908 2076 se
1924 2046 2108 2077 absolutum
2126 2046 2254 2086 concipi
2278 2047 2316 2076 ab
2330 2046 2493 2076 intellectu

1429 2093 1463 2123 in
1487 2091 1599 2123 ordine
1623 2091 1663 2122 ad
1686 2091 1771 2122 aliud
1796 2097 1827 2122 et
1850 2090 1984 2130 intelligi
2008 2090 2166 2127 collative,
2190 2091 2310 2130 sicque,
2334 2090 2492 2121 mediante

1429 2137 1484 2168 tali
1508 2142 1680 2177 conceptu,
1705 2136 1836 2167 relativo
1860 2135 1970 2175 aliquo
1994 2136 2128 2166 nomine
2151 2134 2330 2175 significari.

1485 2182 1609 2212 Dicitur
1631 2180 1785 2217 secundo,
1803 2181 1828 2210 si
1845 2185 1994 2220 arguatur
2009 2180 2064 2216 sic,
2082 2180 2198 2221 Imago
2222 2180 2371 2210 convenit
2393 2179 2493 2210 alicui

1430 2227 1573 2258 realiter.
1598 2225 1640 2256 Et
1667 2231 1714 2256 est
1744 2225 1924 2255 relativum.
1956 2224 2050 2266 Ergo
2081 2230 2127 2255 est
2158 2225 2327 2254 relativum
2351 2224 2491 2259 realiter,

1430 2271 1519 2312 quod
1544 2271 1755 2301 committitur
1771 2269 1892 2300 fallacia
1908 2269 2150 2309 compositionis
2172 2274 2203 2299 et
2222 2269 2397 2299 divisionis.
2417 2268 2492 2298 Non

1431 2317 1518 2347 enim
1541 2325 1609 2346 esse
1632 2315 1800 2346 relativum
1830 2313 2020 2344 determinat
2050 2314 2113 2344 hoc
2137 2313 2226 2353 quod
2251 2319 2297 2344 est
2320 2313 2492 2343 convenire

296 2364 387 2405 quod
411 2370 459 2395 est
481 2374 539 2405 per
562 2373 596 2394 se
619 2373 752 2395 necesse
775 2373 855 2400 esse,
879 2363 989 2395 referri
1013 2362 1054 2394 ad
1069 2363 1192 2404 aliquid
1216 2363 1306 2404 quod
1329 2370 1375 2394 est
1402 2365 1404 2399 Ι
1428 2362 1563 2397 realiter,
1580 2369 1640 2390 nec
1664 2370 1681 2390 e
1702 2368 1869 2394 converso,
1887 2364 1922 2388 ut
1938 2358 2031 2388 liceat
2048 2368 2086 2389 ex
2102 2358 2210 2388 divisis
2225 2357 2341 2388 inferre
2357 2357 2492 2387 coniun-

295 2409 383 2441 idem
406 2409 467 2440 sibi
489 2408 671 2442 secundum
695 2409 917 2446 substantiam,
934 2414 966 2439 et
989 2408 1035 2439 sic
1057 2407 1099 2440 ad
1121 2409 1230 2449 ipsum
1254 2408 1375 2449 depen-
1402 2403 1404 2438 ἰ
1429 2412 1532 2437 ctum:
1558 2405 1730 2435 convenire
1753 2404 1839 2435 enim
1863 2403 1987 2433 realiter
2008 2403 2103 2434 alicui
2126 2412 2195 2433 non
2219 2402 2398 2432 attribuitur
2413 2401 2492 2431 ima-

296 2454 371 2491 dere
395 2453 488 2496 quod
503 2454 627 2495 absque
641 2454 700 2485 illo
716 2463 786 2485 esse
801 2463 870 2485 non
886 2454 998 2494 possit.
1015 2453 1132 2494 Neque
1156 2454 1244 2484 enim
1268 2459 1376 2494 potest

297 2508 366 2533 esse
390 2499 480 2531 Deus
503 2499 627 2540 absque
650 2499 810 2540 personis,
833 2508 895 2530 nec
918 2508 984 2530 una
1002 2507 1142 2539 persona
1158 2499 1280 2539 absque
1303 2499 1374 2529 alia.

354 2544 391 2575 11.
416 2544 577 2576 Secundo.
602 2543 693 2576 Sicut
724 2554 758 2575 se
786 2544 883 2575 habet
912 2543 1024 2574 scibile
1053 2542 1094 2574 ad
1124 2544 1290 2574 scientiam
1314 2553 1374 2574 no-

297 2594 405 2626 stram,
427 2589 472 2621 ita
495 2589 586 2621 Deus
608 2588 649 2621 ad
667 2597 718 2620 res
733 2594 870 2620 creatas:
887 2589 974 2629 quia,
991 2588 1075 2619 sicut
1090 2588 1200 2619 scibile
1217 2594 1264 2619 est
1282 2597 1373 2618 men—

297 2636 371 2664 su'ra
393 2634 557 2671 scientiae,
580 2634 625 2665 ita
648 2633 738 2665 Deus
761 2639 810 2665 est
833 2633 984 2664 omnium
1003 2633 1129 2664 entium
1152 2642 1314 2668 mensura,
1338 2638 1374 2663 ut

297 2684 465 2710 ostensum
488 2684 536 2710 est
559 2679 594 2710 in
616 2678 738 2710 Primo.
762 2677 827 2710 Sed
849 2678 961 2710 scibile
981 2688 1049 2709 non
1065 2677 1200 2709 refertur
1215 2677 1255 2708 ad
1271 2678 1373 2708 scien-

265 2744 270 2747 ·
295 2724 375 2755 tiam
399 2724 556 2755 relatione
571 2724 650 2756 reali
672 2724 707 2754 in
722 2724 796 2764 ipso
815 2724 983 2760 existente,
999 2729 1036 2754 ut
1051 2728 1141 2764 patet
1155 2723 1184 2753 V
1202 2722 1373 2762 Metaphy-

54 2906 271 2932 'amaran

54 2997 65 3009 ²
80 2996 118 3020 Cf.
132 3002 157 3019 n.
171 3003 204 3019 vr.

295 2768 393 2800 sicae.
418 2769 505 2809 Ergo
528 2778 590 2800 nec
614 2768 704 2800 Deus
727 2768 767 2800 ad
790 2774 980 2800 creaturam.

352 2813 404 2845 De
426 2814 530 2845 scibili
553 2813 726 2855 quomodo
750 2812 916 2850 referatur,
937 2819 969 2844 et
993 2812 1033 2844 de
1049 2813 1118 2843 aliis
1141 2813 1174 2843 in
1191 2811 1308 2851 quibus
1324 2820 1372 2841 re-

297 2858 375 2889 latio
398 2858 492 2890 realis
515 2864 563 2890 est
586 2859 620 2889 in
643 2865 713 2889 uno
736 2864 882 2890 extremo
906 2864 1044 2894 tanturn,
1061 2857 1309 2888 determinatum
1326 2861 1373 2886 est

296 2903 332 2934 in
347 2902 555 2944 praecedenti
569 2903 715 2944 capitulo
730 2904 758 2934 ³.
782 2903 824 2934 Et
840 2910 888 2934 est
903 2909 1071 2934 ostensum
1088 2899 1258 2942 quomodo
1278 2901 1373 2931 verba

297 2947 480 2979 Aristotelis
503 2948 568 2979 sint
589 2948 810 2989 intelligenda.

357 2992 468 3024 Tertio
483 2993 510 3024 *.
535 2992 735 3025 Huiusmodi
757 2993 931 3024 relationes
947 2992 1099 3023 dicuntur
1117 3000 1185 3021 non
1201 2990 1308 3020 solum
1323 2998 1372 3019 re-

298 3043 412 3078 spectu
436 3046 552 3068 eorum
575 3047 660 3079 quae
678 3043 755 3069 sunt
776 3038 811 3069 in
835 3043 920 3074 actu,
945 3037 1001 3068 sed
1025 3037 1121 3067 etiam
1145 3039 1292 3075 respectu
1317 3043 1372 3064 eo-

297 3091 371 3113 rum
395 3091 480 3122 quae
503 3088 579 3113 sunt
601 3083 635 3114 in
659 3083 819 3123 potentia:
845 3092 920 3113 cum
945 3088 976 3112 et
1000 3090 1114 3112 eorum
1135 3089 1218 3120 quae
1241 3083 1315 3108 sunt
1337 3078 1371 3107 in

297 3127 445 3167 potentia
468 3127 635 3158 scientiam
658 3128 784 3164 habeat,
809 3133 841 3158 et
863 3132 1013 3167 respectu
1030 3134 1144 3156 eorum
1168 3124 1207 3154 sit
1230 3124 1370 3163 primum

299 3181 356 3202 ens
380 3177 412 3202 et
435 3181 603 3203 summum
626 3173 763 3203 bonum.
788 3171 852 3203 Sed
877 3172 945 3203 eius
969 3170 1059 3211 quod
1090 3175 1137 3200 est
1166 3174 1238 3198 actu
1270 3166 1309 3197 ad
1338 3165 1370 3196 id

297 3216 388 3257 quod
413 3222 460 3247 est
483 3217 516 3248 in
540 3218 687 3257 potentia
709 3227 777 3248 non
802 3222 850 3248 est
873 3217 985 3247 relatio
1002 3215 1106 3245 realis:
1131 3212 1275 3252 alioquin
1299 3209 1370 3240 infi-

297 3262 382 3292 nitae
405 3262 578 3293 relationes
601 3268 707 3293 essent
731 3268 805 3293 actu
832 3262 864 3292 in
890 3260 1021 3295 eodem;
1046 3258 1186 3289 binarius
1213 3256 1299 3286 enim
1324 3260 1370 3284 est

298 3306 386 3346 prior
408 3305 542 3338 infinitis
557 3307 701 3341 numeris
717 3307 790 3348 ipso
806 3306 982 3336 maioribus
999 3304 1054 3344 qui
1071 3307 1145 3333 sunt
1164 3302 1197 3331 in
1214 3299 1367 3340 potentia.

298 3350 385 3391 Ergo
408 3360 478 3382 non
492 3351 629 3392 refertur
644 3351 733 3382 Deus
754 3351 795 3382 ad
811 3356 970 3381 creaturas
986 3357 1068 3388 quae
1084 3352 1159 3377 sunt
1174 3351 1246 3375 actu
1263 3344 1368 3383 aliqua

298 3395 454 3426 relatione
477 3396 564 3427 reali.
588 3414 610 3419 -
632 3396 791 3427 Probatur
814 3393 1057 3434 consequentia.
1081 3391 1166 3428 Quia
1190 3389 1277 3419 Deus
1300 3396 1368 3418 non

298 3440 389 3470 aliter
412 3440 548 3472 refertur
571 3440 611 3471 ad
635 3451 672 3472 ea
700 3451 784 3482 quae
816 3445 891 3470 sunt
921 3444 995 3468 actu
1027 3445 1124 3476 quam
1155 3433 1195 3464 ad
1225 3443 1262 3463 ea
1285 3441 1368 3472 quae

298 3491 373 3515 sunt
395 3485 429 3516 in
453 3486 608 3526 potentia.
1341 3520 1347 3526 ⁶

354 3529 406 3560 111.
420 3529 515 3561 Circa
530 3530 624 3561 istam
640 3530 911 3571 propositionem,
927 3527 1008 3556 Eius
1024 3523 1110 3565 quod
1126 3527 1172 3553 est
1187 3526 1261 3552 actu
1278 3520 1320 3550 ad
1336 3519 1369 3549 ui

298 3575 386 3615 quod
401 3580 448 3605 est
464 3575 496 3606 in
508 3575 658 3616 potentia
674 3585 740 3605 non
757 3579 804 3604 est
819 3572 936 3603 relatio
955 3570 1062 3604 realis,
1076 3565 1317 3601 advertendum,
1331 3573 1369 3594 ex

299 3619 445 3650 doctrina
469 3619 578 3651 Sancti
599 3620 748 3650 Thomae
772 3617 931 3652 Potentia,
957 3625 986 3655 q.
1008 3624 1061 3649 vn,
1086 3622 1112 3642 a·
1134 3619 1183 3647 ¹¹,
1208 3609 1297 3650 quod
1320 3618 1368 3639 re·

298 3663 376 3694 latio
399 3664 492 3695 realis
509 3670 557 3695 est
573 3664 655 3695 ordo
671 3664 717 3694 rei
732 3663 772 3693 ad
795 3671 863 3692 rem
880 3667 965 3692 extra
981 3657 1180 3689 intellectum
1204 3655 1246 3684 ita
1268 3653 1367 3693 quod,

1428 2451 1494 2492 gini
1518 2451 1711 2490 inquantum
1734 2447 1902 2479 relativum
1926 2453 1983 2483 est,
2007 2447 2063 2478 sed
2086 2448 2280 2487 inquantum
2310 2446 2492 2476 absolutum

1427 2495 1511 2527 reale
1535 2495 1695 2534 importat,
1713 2494 1786 2524 licet
1809 2493 1869 2523 sub
1892 2497 2056 2532 conceptu
2079 2486 2211 2522 relativ'o
2230 2490 2309 2521 illud
2325 2488 2490 2530 significet.

1484 2539 1535 2570 1V.
1552 2539 1645 2570 Circa
1660 2538 1747 2568 illam
1763 2537 2031 2578 propositionem,
2050 2536 2139 2567 Deus
2155 2545 2220 2565 non
2237 2535 2334 2565 aliter
2348 2534 2492 2575 refertur

1427 2585 1470 2616 ad
1493 2592 1530 2614 ea
1554 2592 1637 2624 quae
1660 2587 1736 2613 sunt
1757 2587 1831 2612 actu
1855 2590 1951 2621 quam
1975 2580 2019 2610 ad
2042 2590 2080 2610 ea
2099 2589 2182 2620 quae
2197 2584 2273 2610 sunt
2288 2579 2320 2608 in
2332 2578 2489 2618 potentia,

1427 2628 1696 2660 considerandum
1713 2626 1803 2667 quod
1817 2626 1897 2656 ratio
1922 2634 2020 2665 quare
2044 2623 2165 2664 aliquid
2187 2624 2275 2664 prius
2298 2622 2491 2653 referebatur

1426 2680 1500 2704 actu
1523 2671 1702 2703 secundum
1725 2672 1882 2702 rationem
1910 2674 2045 2705 tantum,
2069 2674 2180 2709 postea
2204 2677 2281 2698 vero
2305 2667 2401 2697 etiam
2423 2675 2490 2696 rea-

1426 2719 1496 2749 liter
1519 2716 1662 2752 refertur,
1687 2723 1734 2747 est
1757 2716 1833 2756 quia
1855 2714 1891 2745 fit
1914 2715 2020 2754 aliqua
2043 2713 2180 2744 mutatio
2203 2714 2236 2743 in
2259 2721 2302 2748 re,
2319 2720 2376 2751 per
2392 2719 2489 2750 quam

1426 2764 1506 2795 alius
1521 2763 1580 2793 sibi
1596 2761 1714 2792 modus
1736 2760 1899 2791 relationis
1923 2759 2089 2789 convenit:
2114 2758 2196 2788 sicut
2220 2757 2337 2792 Sortes,
2353 2756 2489 2794 inquan-

1425 2815 1495 2839 tum
1517 2807 1719 2847 generativus
1742 2805 1894 2840 Platonis,
1918 2803 2112 2834 referebatur
2135 2801 2314 2833 secundum
2332 2800 2489 2830 rationem

1425 2853 1465 2884 ad
1485 2852 1652 2883 Platonem
1675 2849 1823 2881 nondum
1847 2849 2049 2884 existentem;
2070 2853 2243 2887 postquam
2267 2850 2375 2875 autem
2392 2852 2488 2883 gene-

1425 2898 1513 2933 ravit,
1537 2895 1671 2927 refertur
1693 2894 1827 2929 realiter,
1852 2894 1928 2933 quia
1950 2897 2092 2923 mutatus
2116 2898 2164 2922 est
2186 2890 2225 2921 de
2249 2894 2361 2930 agente
2379 2888 2414 2918 in
2429 2897 2488 2927 po-

1425 2942 1524 2973 tentia
1539 2940 1578 2971 ad
1594 2949 1691 2979 agens
1707 2939 1738 2969 in
1755 2944 1838 2969 actu.
1864 2937 1897 2968 Si
1920 2943 2028 2967 autem
2051 2936 2140 2967 nulla
2159 2940 2241 2966 esset
2257 2934 2338 2964 facta
2352 2932 2487 2962 mutatio

1424 2988 1456 3017 in
1481 2985 1583 3021 Sorte,
1607 2985 1719 3015 saltem
1747 2982 1786 3013 de
1810 2983 1878 3012 otio
1903 2981 1943 3012 ad
1966 2990 2059 3021 opus,
2084 2990 2151 3011 non
2175 2984 2258 3010 esset
2280 2982 2421 3008 mutatus
2439 2985 2488 3006 re-

1424 3031 1552 3061 lationis
1575 3028 1702 3059 modus.
1731 3027 1839 3058 Potest
1867 3027 1954 3056 enim
1981 3035 2066 3056 nova
2088 3025 2199 3055 relatio
2223 3022 2371 3054 advenire
2394 3021 2488 3050 alicui

1425 3076 1533 3115 aliquo
1557 3073 1658 3104 modo
1683 3073 1804 3112 absque
1828 3072 1896 3101 eius
1919 3071 2109 3105 mutatione,
2134 3074 2169 3099 ut
2191 3067 2305 3098 dicitur
2329 3066 2356 3095 V
2373 3064 2487 3105 Physi-

1424 3129 1537 3150 corum
1551 3119 1578 3148 *.
1603 3117 1691 3148 Idem
1714 3123 1821 3147 tamen
1844 3124 1912 3145 non
1935 3120 2042 3155 potest
2056 3114 2144 3154 prius
2160 3112 2199 3142 ad
2215 3111 2300 3142 idem
2316 3109 2424 3140 referri
2438 3118 2488 3139 re-

1423 3165 1543 3195 latione
1573 3162 1714 3198 rationis,
1738 3166 1769 3191 et
1799 3165 1911 3200 postea
1940 3159 2018 3189 reali
2045 3158 2209 3192 relatione,
2233 3156 2293 3186 nisi
2317 3164 2355 3184 ex
2377 3153 2486 3193 aliquo

1423 3209 1482 3239 sibi
1505 3206 1694 3238 adveniente
1718 3204 1808 3245 quod
1830 3205 1918 3244 prius
1941 3213 2009 3233 non
2032 3204 2141 3233 inerat.
2166 3201 2253 3231 Deus
2272 3204 2379 3229 autem
2395 3197 2486 3227 nullo

1423 3252 1523 3283 modo
1548 3257 1698 3287 mutatur,
1724 3250 1819 3280 etiam
1843 3248 1882 3279 de
1906 3249 1974 3278 otio
1999 3247 2038 3278 ad
2062 3245 2299 3287 operationem:
2325 3243 2400 3282 quia
2430 3251 2487 3272 sua

1423 3297 1569 3338 operatio
1586 3302 1633 3326 est
1648 3305 1705 3326 sua
1721 3293 1904 3324 substantia.
1930 3291 2006 3322 Ideo
2030 3301 2097 3322 non
2122 3290 2211 3320 aliter
2234 3287 2367 3318 refertur
2383 3285 2423 3316 ad
2437 3295 2486 3336 res

1423 3342 1501 3372 dum
1525 3346 1599 3371 sunt
1622 3346 1695 3371 actu
1720 3348 1818 3379 quarn
1842 3337 2036 3367 referebatur
2059 3335 2137 3366 dum
2161 3338 2249 3364 erant
2272 3333 2304 3362 in
2332 3335 2485 3370 potentia.

1422 3385 1516 3417 Unde
1539 3386 1675 3417 Sanctus
1692 3384 1835 3415 Thomas
1851 3391 1910 3422 pro
1927 3382 2049 3411 ratione
2066 3379 2167 3410 dictae
2183 3375 2413 3418 propositionis
2432 3374 2486 3404 ad-

1422 3431 1524 3461 ducit:
1548 3430 1625 3470 quia
1650 3439 1715 3460 non
1739 3432 1884 3458 mutatur
1906 3436 1948 3456 ex
1970 3426 2031 3456 hoc
2047 3423 2133 3465 quod
2148 3423 2258 3462 aliqua
2277 3419 2441 3461 producit.

1477 3475 1516 3505 V.
1542 3474 1636 3505 Circa
1658 3474 1746 3504 illam
1769 3471 2043 3510 consequentiam,
2061 3469 2096 3499 Si
2118 3467 2204 3508 quod
2227 3470 2274 3496 est
2293 3469 2367 3495 actu
2383 3463 2487 3504 reser-

1423 3524 1514 3550 retur
1538 3519 1671 3549 realiter
1693 3518 1736 3548 ad
1759 3517 1792 3547 id
1813 3516 1900 3557 quod
1922 3520 1969 3545 est
1991 3515 2024 3544 in
2043 3512 2199 3554 potentia,
2217 3514 2321 3541 essent
2343 3507 2488 3549 infinitae

1423 3564 1597 3594 relationes
1612 3568 1686 3593 actu
1711 3563 1743 3592 in
1768 3560 1887 3595 eodem,
1905 3564 1941 3589 ut
1960 3559 1992 3589 in
2016 3557 2144 3588 binario
2169 3559 2311 3595 respectu
2337 3561 2486 3583 numero-

1423 3617 1505 3643 rum,
1523 3607 1695 3638 dubitatur.
1717 3606 1802 3644 Quia
1824 3603 2003 3635 secundum
2019 3602 2172 3633 Sanctum
2189 3600 2352 3630 Thomam
2368 3598 2486 3634 Tertia,

1423 3662 1454 3692 q.
1479 3662 1570 3688 xxxv,
1594 3652 1623 3688 5,
1648 3657 1679 3681 et
1703 3650 1742 3680 111
1769 3649 1865 3684 Sem„
1888 3648 1918 3678 d.
1935 3658 2000 3684 vnn,
2023 3657 2050 3677 a.
2077 3647 2105 3682 5,
2131 3645 2238 3676 unitas
2261 3648 2292 3674 et
2309 3643 2487 3684 pluralitas

2517 574 2526 584 ·
2541 573 2596 601 Cap.
2613 579 2664 595 xm.

2524 1690 2532 1699 '
2546 1690 2596 1710 Art.
2607 1696 2626 1713 2:
2643 1689 2729 1711 Turon.

2526 1722 2590 1743 1900,
2606 1716 2652 1737 vol.
2668 1722 2692 1742 u,
2708 1722 2731 1743 p.

2524 1748 2568 1770 3¹3-

2516 3110 2524 3118 '¹
2539 3109 2596 3136 Cap.
2612 3113 2636 3135 n,
2653 3116 2672 3130 ι.
