2768 4134
42 1706 51 1716 '¹
66 1704 124 1732 Cap.
135 1710 190 1727 xxn.

42 1921 52 1930 '
68 1919 125 1947 Cap.
136 1925 186 1940 xux.

41 2135 49 2143 '
68 2133 126 2160 Cap.
138 2139 185 2154 xvi.

44 2605 53 2614 ‘
69 2603 106 2625 Cf.
122 2603 257 2634 Commeat.

44 2636 96 2658 cap.
108 2637 145 2655 xx,
159 2634 210 2651 mn.

47 2824 56 2832 '¹
71 2821 126 2850 Cap.
143 2828 191 2849 seq,

878 245 1065 282 SUMMA
1096 245 1318 283 CONTRA
1347 246 1622 296 GENTlLES,
1655 249 1765 287 CAP.
1787 251 1923 288 XXIV.

296 261 351 296 >74

671 403 1160 462 CAPITULUM
1199 406 1670 465 VIGESIMUM
1709 410 2117 486 QUARTUM

369 530 547 584 >QUOD
582 532 846 574 DIVINUM
882 532 1031 574 ESSE
1064 534 1196 589 NON
1230 536 1469 578 POTEST
1503 537 1838 580 DESIGNARI
1872 540 1990 581 PER
2024 538 2422 582 ADDITIONEM

742 602 1030 645 ALICUIUS
1064 605 1522 648 DIFFERENTIAE
1556 607 2042 653 SUBSTANTIALIS

321 751 335 757 v
416 743 479 775 fs·
503 746 628 772 suanm
657 734 772 771 etiam
801 746 848 771 ex
875 734 1081 785 praedictis
1104 744 1231 786 potest
1255 738 1364 788 quod

370 786 433 802 J
473 785 489 805 z
1475 738 1668 789 Amplius.
1691 739 1823 777 Omne
1841 738 1936 777 illud
1955 752 2026 790 per
2043 742 2153 791 quod
2172 754 2232 780 res
2247 742 2500 792 consequitur

516 800 633 838 supra
662 787 792 837 ipsum
821 787 1001 826 divinum
1030 801 1113 826 esse
1137 802 1220 828 non
1239 799 1365 841 potest
1421 804 1504 829 esse
1533 792 1573 829 in
1601 800 1690 830 actu
1719 801 1756 830 et
1784 800 1841 831 est
1867 792 2122 831 intrinsecum
2150 795 2216 843 rei,
2240 798 2303 834 vel
2331 804 2387 833 est
2418 804 2497 833 tota

487 853 490 858 ·
515 841 659 891 aliquid
681 841 890 891 superaddi
909 843 1019 892 quod
1039 842 1213 892 designet
1231 844 1363 894 ipsum
1420 845 1585 883 essentia
1605 846 1671 893 rei,
1692 847 1754 883 vel
1781 858 1872 896 pars
1899 846 2099 884 essentiae.
2129 848 2250 895 Quod
2279 857 2411 887 autem
2431 850 2497 887 de-

348 926 352 927 .
437 927 441 930 .
514 894 778 943 designatione
798 896 1002 943 essentiali,
1023 895 1122 934 sicut
1140 897 1364 946 designatur
1419 898 1542 947 signat
1579 899 1726 949 aliquid
1762 899 2028 948 designatione
2060 900 2261 949 essentiali,
2294 903 2382 940 facit
2413 915 2495 940 rem

282 960 407 997 genus
435 960 506 997 per
533 947 779 985 differentias.
1386 963 1395 983 ς
1419 963 1502 989 esse
1522 959 1610 990 actu
1630 960 1668 990 et
1690 960 1747 990 est
1774 952 2028 991 intrinsecum
2056 952 2111 990 rei
2139 953 2374 1004 designatae:
2404 956 2496 993 alias

339 1001 578 1051 Impossibile
607 1009 663 1039 est
691 1001 796 1039 enim
825 1001 971 1052 aliquid
1001 1015 1085 1040 esse
1113 1002 1154 1041 in
1182 1012 1270 1042 actu
1289 1003 1363 1042 nisi
1417 1017 1489 1055 per
1506 1005 1547 1043 id
1565 1005 1759 1055 designari
1786 1019 1869 1044 non
1896 1015 2028 1057 posset
2056 1006 2364 1046 substantialiter.
2393 1009 2496 1059 Ergo

282 1054 469 1092 omnibus
488 1054 737 1093 existentibus
757 1055 900 1105 quibus
921 1069 1004 1094 esse
1023 1056 1272 1095 substantiale
1297 1058 1362 1095 de·
1418 1066 1571 1109 oportet
1599 1059 1708 1108 quod
1737 1059 1784 1097 sit
1811 1061 1874 1097 vel
1906 1056 1990 1110 ipsa
2023 1060 2188 1098 essentia
2220 1060 2288 1108 rei,
2317 1062 2381 1099 vel
2407 1073 2496 1111 pars

281 1108 469 1156 signatur:
499 1121 580 1146 non
609 1108 716 1146 enim
748 1117 875 1159 potest
907 1122 989 1147 esse
1023 1109 1169 1148 animal
1201 1110 1241 1148 in
1275 1119 1363 1149 actu
1418 1111 1617 1150 essentiae.
1649 1113 1727 1150 Sed
1753 1112 1785 1150 si
1809 1113 1955 1164 aliquid
1975 1113 2251 1164 superadditur
2267 1114 2318 1152 ad
2337 1126 2421 1152 esse
2441 1115 2496 1152 di-

281 1162 379 1211 quin
412 1162 458 1199 sit
490 1162 634 1200 animal
667 1162 852 1200 rationale
886 1165 948 1201 vel
982 1163 1212 1202 irrationale.
1248 1165 1361 1203 Unde
1417 1165 1569 1212 vinum,
1587 1166 1664 1203 hoc
1678 1178 1760 1203 non
1774 1174 1901 1216 potest
1915 1179 1998 1205 esse
2013 1174 2093 1205 tota
2112 1167 2276 1205 essentia
2295 1167 2383 1205 Dei:
2405 1167 2497 1218 quia

280 1215 400 1254 etiam
429 1215 626 1263 Platonici,
656 1224 846 1266 ponentes
880 1216 997 1265 ideas,
1028 1229 1111 1255 non
1143 1226 1363 1268 posuerunt
1378 1237 1403 1252 ιο
1417 1219 1496 1257 iam
1524 1226 1726 1257 ostensum
1755 1227 1812 1257 est
1829 1219 1851 1242 ⁸³
1877 1220 1987 1270 quod
2015 1233 2099 1258 esse
2123 1220 2197 1258 Dei
2215 1232 2298 1259 non
2317 1229 2374 1259 est
2391 1221 2497 1259 aliud
2523 1225 2533 1235 ‘

283 1269 389 1307 ideas
408 1281 479 1319 per
497 1282 537 1307 se
557 1270 762 1307 existentes
776 1281 978 1319 generum,
994 1283 1096 1321 quae
1111 1270 1362 1320 designantur
1417 1272 1466 1310 ab
1495 1273 1660 1311 essentia
1688 1273 1784 1311 eius.
1814 1273 2061 1324 Relinquitur
2088 1286 2180 1323 ergo
2208 1274 2318 1325 quod
2342 1274 2388 1312 sit
2407 1287 2497 1324 pars

280 1323 332 1360 ad
365 1335 448 1360 esse
481 1323 623 1374 speciei
656 1336 727 1374 per
758 1323 994 1362 differentias
1026 1324 1263 1371 essentiales;
1293 1325 1362 1363 sed
1417 1326 1604 1364 essentiae
1636 1325 1804 1364 divinae.
1843 1327 1893 1365 Et
1924 1327 1979 1366 sic
2011 1328 2121 1366 Deus
2152 1327 2223 1366 erit
2254 1327 2498 1378 compositus

282 1385 499 1427 posuerunt
527 1377 633 1415 ideas
661 1390 732 1428 per
759 1390 800 1415 se
833 1377 1036 1416 existentes
1069 1380 1240 1418 solarum
1276 1391 1361 1429 spe·
1417 1391 1464 1417 ex
1479 1379 1654 1430 partibus
1673 1380 1934 1418 essentialiter.
1956 1381 2080 1419 Cuius
2094 1381 2331 1419 contrarium
2348 1382 2498 1431 supra*

281 1431 444 1476 cierum,
465 1443 566 1481 quae
596 1431 646 1469 ad
674 1431 734 1469 sui
762 1431 1070 1480 designationem
1089 1444 1171 1470 non
1191 1432 1362 1482 indigent
1417 1441 1620 1471 ostensum
1647 1441 1715 1471 est.

282 1484 550 1522 essentialibus
578 1484 814 1522 differentiis.
851 1485 891 1523 Si
923 1485 1037 1535 igitur
1069 1486 1249 1524 divinum
1278 1498 1362 1524 esse
1378 1506 1401 1526 ις
1471 1488 1580 1525 Item.
1616 1487 1738 1535 Quod
1770 1487 1927 1525 additur
1957 1487 2072 1526 alicui
2105 1488 2156 1526 ad
2188 1487 2497 1537 designationem

282 1551 354 1588 per
381 1538 526 1588 aliquid
555 1538 660 1578 aliud
688 1538 982 1589 superadditum
1013 1539 1236 1588 designetur
1263 1539 1362 1577 desi·
1417 1539 1579 1578 alicuius
1599 1540 1863 1590 designatione
1883 1541 2087 1587 essentiali,
2102 1553 2185 1580 non
2199 1541 2395 1580 constituit
2414 1541 2497 1580 eius

281 1592 465 1641 gnatione
493 1592 696 1638 essentiali,
726 1592 857 1642 ipsum
885 1605 969 1630 esse
997 1605 1079 1630 non
1107 1593 1245 1634 eritin
1273 1601 1362 1631 actu
1418 1594 1621 1641 rationem,
1641 1594 1709 1632 sed
1729 1595 1859 1632 solum
1880 1607 1964 1632 esse
1984 1594 2024 1633 in
2043 1603 2146 1633 actu:
2177 1596 2363 1633 rationale
2389 1594 2497 1633 enim

283 1645 357 1683 nisi
390 1646 454 1683 illo
489 1646 740 1696 superaddito
774 1646 969 1684 existente.
1006 1647 1085 1685 Sed
1118 1646 1250 1697 ipsum
1278 1659 1361 1684 esse
1417 1647 1595 1686 additum
1610 1648 1770 1686 animali
1781 1647 1945 1698 acquirit
1959 1648 2117 1686 animali
2136 1660 2220 1686 esse
2239 1648 2281 1686 in
2299 1656 2398 1695 actu,
2414 1661 2496 1687 non

285 1699 464 1737 divinum
497 1707 553 1737 est
585 1712 656 1737 sua
689 1700 912 1747 substantia,
943 1708 986 1738 ut
1019 1708 1222 1738 ostensum
1255 1708 1311 1737 est
1329 1700 1360 1738 ³¹⁸.
1417 1709 1549 1739 autem
1564 1700 1760 1739 constituit
1779 1701 1970 1739 rationem
1989 1701 2167 1740 animalis
2186 1701 2422 1752 inquantum
2441 1709 2497 1740 est

285 1754 388 1802 Ergo
418 1753 630 1791 substantia
658 1753 790 1791 divina
818 1766 899 1791 non
928 1762 1054 1804 potest
1081 1766 1165 1792 esse
1198 1754 1237 1791 in
1273 1761 1362 1792 actu
1377 1769 1404 1784 ²⁰
1417 1754 1577 1801 animal;
1607 1767 1700 1792 nam
1729 1754 1948 1793 differentia
1975 1767 2056 1793 non
2085 1755 2199 1793 intrat
2226 1755 2495 1794 definitionem

285 1807 358 1844 nisi
377 1807 508 1857 aliquo
529 1807 839 1857 superveniente.
861 1808 920 1845 Ex
936 1820 1016 1857 quo
1036 1815 1162 1858 potest
1181 1807 1362 1845 concludi
1416 1808 1580 1857 generis.
1611 1808 1688 1846 Sed
1709 1807 1740 1846 si
1764 1807 1804 1846 in
1824 1809 1911 1846 Deo
1939 1808 2105 1846 addatur
2132 1807 2279 1859 aliquid
2298 1821 2369 1859 per
2387 1809 2496 1860 quod

285 1861 393 1910 quod
413 1873 494 1898 non
514 1860 560 1898 sit
582 1873 653 1910 per
680 1873 720 1898 se
748 1873 906 1898 necesse
935 1873 1030 1898 esse.
1061 1861 1184 1898 Cuius
1211 1869 1362 1899 contra·
1417 1861 1640 1911 designetur
1671 1860 1936 1910 designatione
1969 1861 2173 1907 essentiali,
2202 1870 2356 1912 oportet
2387 1862 2496 1912 quod

285 1914 388 1951 rium
416 1927 534 1964 supra
553 1914 574 1936 ’¹‘
601 1922 803 1952 ostensum
833 1922 900 1952 est.
1417 1915 1512 1952 illud
1540 1914 1747 1953 constituat
1765 1914 1800 1952 ei
1824 1915 1887 1952 cui
1915 1915 2071 1953 additur
2098 1914 2289 1953 rationem
2317 1915 2496 1966 propriae

337 1969 444 2005 Item.
476 1968 607 2006 Omne
636 1967 730 2005 illud
758 1968 867 2017 quod
896 1966 1040 2016 indiget
1067 1967 1199 2017 aliquo
1228 1979 1362 2018 super·
1418 1967 1501 2005 eius
1529 1967 1752 2018 quidditatis
1771 1979 1842 2005 seu
1862 1976 2042 2006 naturae:
2069 1980 2163 2006 nam
2182 1968 2292 2019 quod
2311 1968 2365 2007 sic
2389 1968 2498 2007 addi-

284 2020 415 2059 addito
444 2021 492 2059 ad
522 2022 600 2059 hoc
627 2021 736 2071 quod
764 2020 886 2071 possit
915 2033 1010 2068 esse,
1042 2028 1098 2058 est
1126 2020 1166 2058 in
1189 2021 1362 2071 potentia
1377 2038 1401 2059 as
1417 2029 1492 2068 tur,
1513 2021 1676 2072 acquirit
1700 2021 1763 2064 rei,
1778 2033 1862 2059 esse
1887 2021 1927 2059 in
1951 2030 2056 2068 actu3
2086 2022 2163 2060 hoc
2191 2029 2335 2069 autem,
2357 2021 2499 2061 scilicet

284 2083 461 2125 respectu
489 2074 600 2112 illius.
633 2075 710 2113 Sed
736 2074 869 2113 divina
888 2074 1102 2112 substantia
1121 2086 1202 2112 non
1221 2082 1278 2112 est
1296 2075 1362 2113 ali·
1418 2087 1501 2113 esse
1530 2074 1570 2113 in
1598 2083 1700 2121 actu,
1729 2083 1786 2114 est
1813 2074 1897 2125 ipsa
1924 2074 2058 2114 divina
2086 2075 2262 2121 essentia,
2283 2083 2326 2114 ut
2345 2074 2499 2127 supra‘

283 2141 364 2179 quo
393 2128 516 2166 modo
545 2127 585 2166 in
614 2128 798 2178 potentia,
818 2136 862 2166 ut
885 2140 1003 2179 supra
1022 2128 1042 2151 ³⁸
1071 2136 1270 2166 ostensum
1292 2137 1360 2167 est.
1418 2136 1620 2167 ostensum
1649 2137 1717 2167 est.
1752 2128 2000 2179 Relinquitur
2031 2141 2123 2178 ergo
2151 2129 2261 2180 quod
2293 2141 2412 2180 supra
2440 2129 2497 2167 di-

284 2183 361 2220 Sed
378 2195 448 2220 sua
462 2182 676 2220 substantia
691 2190 746 2219 est
761 2195 879 2220 suum
894 2195 989 2220 esse.
1011 2181 1126 2231 Igitur
1141 2194 1224 2219 esse
1244 2195 1362 2220 suum
1417 2182 1557 2220 vinum
1576 2195 1660 2220 esse
1680 2182 1776 2220 nihil
1795 2182 1916 2233 possit
1934 2182 2026 2221 addi
2045 2182 2154 2233 quod
2173 2182 2347 2232 designet
2365 2183 2498 2233 ipsum·

284 2248 365 2273 non
383 2244 510 2286 potest
528 2235 718 2284 designari
738 2236 868 2286 aliqua
891 2235 1156 2284 designatione
1185 2236 1362 2274 substan·
1417 2235 1680 2285 designatione
1714 2235 1915 2283 essentiali,
1945 2235 2043 2274 sicut
2075 2236 2292 2274 differentia
2323 2236 2497 2286 designat

283 2289 361 2327 tiali
389 2302 459 2340 per
487 2289 632 2339 aliquid
662 2289 733 2327 sibi
763 2289 1071 2340 superadditum.
1378 2307 1403 2328 ιο
1417 2301 1551 2339 genus.

338 2404 376 2430 b3
397 2405 511 2430 essentia
528 2404 573 2430 rei.
595 2404 637 2429 Ita
656 2403 789 2434 DZsGW;
809 2403 955 2429 substantia
973 2404 1010 2429 rei
1029 2404 1228 2437 ENXYpGWb,
1247 2403 1360 2429 essentia
1380 2403 1442 2430 arc.

1050 2473 1389 2508 Commentario,
1418 2474 1731 2508 Feri-ariensis

353 2567 449 2589 mmo
481 2557 556 2588 loco
588 2556 729 2588 excludit
757 2556 893 2588 Sanctus
917 2556 1063 2587 Thomas
1087 2566 1105 2587 a
1130 2557 1201 2587 Deo
1226 2565 1363 2598 compo-

290 2569 505 2634 Usitionem
535 2602 661 2643 generis
697 2607 728 2633 et
760 2601 956 2632 differentiae
972 2602 999 2632 θ.
1033 2600 1127 2632 Circa
1158 2602 1222 2632 hoc
1254 2606 1363 2632 autem

286 2647 353 2679 duo
378 2646 466 2678 facit:
491 2647 609 2688 primo,
627 2646 768 2677 excludit
784 2646 1059 2687 compositionem
1076 2646 1298 2687 potentialem,
1315 2655 1364 2677 se-

1417 2555 1707 2592 indeterminatam,
1736 2565 1794 2597 per
1823 2556 1966 2596 aliquam
1997 2555 2211 2587 differentiam
2240 2555 2441 2587 limitabilem
2465 2561 2497 2588 et

1418 2601 1665 2632 conti-ahibilem
1688 2600 1728 2632 ad
1751 2601 2028 2642 particulariorem
2051 2606 2201 2631 naturam
2224 2600 2285 2631 sub
2299 2601 2373 2642 ipso
2389 2609 2447 2642 per
2461 2609 2496 2633 ae

1418 2651 1615 2682 contentam,
1639 2651 1676 2677 ut
1699 2645 1800 2686 aliqui
1822 2645 1906 2676 male
1929 2650 2138 2686 posuerunt(

287 2691 432 2723 cundum
455 2691 547 2733 quod
569 2701 672 2732 genus
692 2691 838 2722 continet
856 2691 974 2722 multas
994 2690 1187 2722 differentias
1203 2691 1364 2732 potentia-

286 2737 357 2768 liter
373 2746 431 2778 per
447 2746 526 2778 quas
543 2735 748 2767 determinari
772 2741 893 2777 potest;
915 2735 1071 2771 secundo,
1089 2736 1364 2776 compositionem

286 2781 455 2818 actualem,
481 2780 662 2812 secundum
693 2780 785 2822 quod
815 2781 939 2821 species
969 2779 1085 2811 dicitur
1115 2789 1152 2811 ex
1183 2789 1300 2821 genere
1332 2785 1364 2811 et

287 2826 464 2858 differentia
488 2826 645 2867 componi
660 2826 687 2856 ’ἢ

343 2871 366 2902 1.
391 2870 560 2910 Quantum
580 2869 620 2901 ad
638 2871 792 2911 primum,
809 2869 943 2910 ponitur
958 2869 1037 2900 haec
1053 2870 1237 2901 conclusio:
1255 2870 1363 2911 Supra

286 2916 431 2947 divinum
455 2924 524 2946 esse
547 2924 612 2945 non
631 2919 740 2956 potest
762 2914 888 2956 aliquid
909 2914 1085 2955 superaddi
1107 2914 1195 2956 quod
1217 2914 1364 2957 designet

287 2961 391 3002 ipsum
415 2959 643 3002 designatione
665 2959 839 2994 essentiali,
864 2959 949 2990 sicut
971 2959 1165 3001 designatur
1186 2969 1292 3001 genus
1302 2969 1366 3001 per

287 3005 499 3047 differentias.

343 3050 406 3080 Pro
430 3049 527 3080 huius
550 3048 771 3089 intelligentia,
796 3053 971 3088 antequam
1002 3048 1157 3089 probetur
1184 3048 1364 3085 conclusio,

288 3093 491 3125 considerare
516 3098 646 3135 oportet
670 3092 761 3134 quod
784 3102 887 3133 genus
911 3092 1026 3123 dicitur
1042 3093 1212 3135 designari
1228 3094 1294 3124 sive
1311 3093 1364 3124 de-

289 3139 460 3169 terminari
491 3138 699 3170 essentialiter
729 3146 786 3178 per
817 3136 1024 3173 differentias,
1055 3147 1123 3168 non
1154 3138 1247 3179 quasi
1277 3138 1364 3179 ipsae

289 3183 485 3214 differentiae
509 3184 572 3214 sint
595 3182 635 3213 de
660 3182 795 3213 essentia
818 3183 944 3222 generis
964 3187 995 3212 et
1011 3182 1199 3222 quidditate‚
1217 3181 1273 3213 sed
1289 3183 1366 3223 quia

290 3229 392 3268 ipsam
415 3228 541 3268 generis
571 3233 718 3258 naturam
750 3226 898 3257 dividunt
929 3227 961 3257 in
992 3226 1131 3258 diversas
1158 3228 1310 3259 essentias
1334 3233 1366 3258 et

290 3278 417 3303 naturas
434 3282 491 3313 per
507 3282 540 3303 se
557 3272 616 3303 sub
635 3281 753 3312 genere
777 3276 955 3302 contentas.
981 3271 1092 3302 Genus
1112 3272 1199 3302 enim
1218 3277 1366 3302 naturam

291 3316 452 3357 quandam
468 3317 660 3348 illimitatam
684 3322 715 3347 et
738 3315 1018 3347 indeterminatam
1034 3316 1110 3347 dicit
1126 3322 1274 3357 respectu
1294 3325 1365 3356 spe-

292 3361 427 3397 cierum;
452 3371 509 3402 per
533 3360 731 3392 additionem
756 3366 864 3391 autem
895 3361 991 3391 unius
1020 3360 1215 3392 differentiae
1240 3366 1366 3391 contra-

292 3405 377 3435 hitur
400 3405 439 3436 ad
464 3415 562 3436 unam
587 3406 739 3446 speciem,
765 3404 803 3436 de
829 3414 893 3445 qua
917 3405 1125 3436 essentialiter
1154 3404 1366 3446 praedicatur,

293 3454 325 3479 et
348 3459 404 3490 per
427 3450 624 3481 additionem
649 3449 777 3481 alterius
802 3450 999 3480 contrahitur
1023 3449 1062 3480 ad
1087 3450 1181 3480 aliam
1208 3450 1365 3490 speciem;

294 3498 324 3523 et
348 3494 392 3524 sic
416 3493 530 3525 dicitur
554 3494 722 3536 designari
748 3494 975 3536 designatione
998 3495 1170 3529 essentiali,
1195 3494 1287 3530 idest,
1312 3493 1366 3525 de-

293 3538 455 3568 terminati
486 3538 525 3569 ad
556 3540 725 3570 essentiam
757 3539 875 3580 speciei
906 3539 965 3569 sub
990 3539 1061 3579 ipso
1093 3544 1276 3570 contentae.
1308 3538 1368 3569 Per

294 3581 380 3612 hunc
405 3591 480 3622 ergo
504 3583 639 3614 modum
663 3583 820 3624 designari
844 3583 989 3614 divinum
1015 3593 1083 3614 esse
1107 3588 1251 3624 negatur,
1275 3583 1367 3623 quasi

293 3625 414 3656 scilicet
438 3627 476 3656 sit
500 3627 663 3667 quoddam
689 3638 874 3663 commune,
900 3628 1009 3659 dicens
1033 3633 1179 3659 naturam
1203 3627 1366 3669 quandam

1473 2691 1638 2722 Probatur
1660 2695 1769 2721 autem
1787 2691 1909 2731 primo.
1935 2690 2024 2721 Deus
2047 2694 2095 2721 est
2117 2699 2176 2731 per
2198 2698 2232 2721 se
2255 2698 2387 2721 necesse
2415 2699 2494 2721 esse.

1418 2735 1505 2776 Ergo
1529 2745 1586 2766 sua
1610 2736 1747 2766 essentia
1769 2744 1838 2766 non
1861 2740 1909 2766 est
1931 2735 1966 2766 in
1989 2740 2063 2766 actu
2094 2734 2205 2775 aliquo
2235 2735 2494 2775 superveniente.

1418 2780 1504 2821 Ergo
1521 2789 1582 2811 nec
1598 2789 1695 2811 suum
1711 2789 1790 2811 esse.
1816 2779 1904 2821 Ergo
1919 2788 2017 2811 suum
2033 2788 2102 2810 esse
2117 2788 2186 2810 non
2210 2777 2395 2821 designatur
2413 2778 2496 2810 desi-

1417 2826 1570 2866 gnatione
1595 2825 1764 2856 essentiali.
1780 2842 1804 2847 -—
1818 2824 1925 2856 Prima
1940 2824 2175 2865 consequentia
2195 2829 2293 2864 patet.
2308 2841 2332 2847 -
2347 2823 2496 2855 Secunda

1417 2870 1582 2911 probatur,
1607 2870 1683 2911 quia
1706 2878 1803 2900 suum
1826 2878 1896 2900 esse
1920 2874 1968 2900 est
1990 2878 2048 2900 sua
2071 2868 2218 2900 essentia.
2233 2885 2257 2892 -
2275 2867 2384 2899 Tertia
2406 2877 2495 2905 vero,

1418 2915 1495 2955 quia
1517 2913 1718 2955 impossibile
1743 2919 1790 2945 est
1813 2913 1935 2955 aliquid
1958 2923 2028 2945 esse
2058 2918 2133 2945 actu
2162 2913 2224 2944 nisi
2253 2913 2406 2944 omnibus
2429 2913 2496 2944 exi-

1417 2960 1575 2990 stentibus
1599 2959 1717 3000 quibus
1747 2968 1816 2990 esse
1845 2958 2053 2990 substantiale
2083 2957 2281 2998 designatur:
2309 2966 2378 2989 non
2408 2957 2495 2989 enim

1418 3004 1537 3035 animal
1553 3009 1601 3035 est
1617 3009 1690 3035 actu
1710 3004 1771 3034 nisi
1786 3004 1826 3034 sit
1841 3003 1996 3034 rationale
2020 3008 2075 3034 aut
2098 3002 2289 3033 irrationale.
2314 3002 2383 3033 Nec
2398 3002 2495 3033 etiam

1418 3049 1577 3079 Platonici
1601 3054 1782 3089 posuerunt
1801 3047 1888 3079 ideas
1903 3048 1965 3079 nisi
1981 3047 2164 3088 specierum
2183 3046 2494 3088 specialissimarum.

1419 3093 1517 3134 Ergo,
1530 3093 1557 3124 si
1569 3092 1788 3134 designaretur
1800 3102 1868 3124 esse
1881 3091 2102 3133 designatione
2115 3091 2284 3128 essentiali,
2297 3100 2366 3122 non
2377 3091 2495 3132 poterit

1419 3147 1488 3169 esse
1504 3142 1578 3168 actu
1594 3138 1655 3168 nisi
1671 3146 1729 3178 per
1744 3137 1823 3168 illud
1840 3137 1930 3178 quod
1946 3138 2054 3178 ipsum
2077 3136 2266 3178 designaret.
2290 3135 2332 3166 Et
2351 3136 2396 3166 sic
2413 3140 2495 3166 esset

1419 3183 1452 3213 in
1476 3188 1550 3213 actu
1574 3191 1631 3223 per
1654 3181 1776 3223 aliquid
1799 3182 2039 3223 superveniens.

1477 3235 1506 3257 2.
1524 3226 1619 3258 Circa
1635 3227 1833 3267 positionem
1850 3226 2003 3262 Platonis,
2016 3224 2248 3257 advertendum
2267 3223 2358 3265 quod
2377 3224 2410 3265 ly
2425 3233 2494 3265 spe·-

1419 3271 1541 3302 cierum
1558 3271 1866 3312 specialissimarum
1882 3280 1950 3302 non
1967 3269 2043 3302 facit
2058 3268 2270 3301 differentiam
2286 3269 2326 3299 ab
2342 3269 2495 3300 omnibus

1419 3316 1652 3347 universalibus
1676 3315 1872 3357 simpliciter,
1896 3324 1983 3351 nam,
2006 3319 2043 3345 ut
2065 3319 2153 3355 patet
2177 3313 2310 3344 [Ethic.
2328 3314 2355 3349 *‚
2380 3319 2412 3344 et
2435 3322 2495 3354 po·

1419 3361 1506 3391 nitur
1530 3370 1547 3391 a
1571 3360 1656 3391 Divo
1676 3360 1806 3391 Thoma
1829 3360 1946 3396 Prima,
1970 3368 2002 3400 q.
2018 3368 2060 3395 vt,
2082 3367 2109 3389 a.
2126 3367 2158 3398 4,
2180 3363 2212 3389 et
2231 3357 2271 3389 de
2289 3358 2369 3394 Ver„
2387 3367 2419 3399 q.
2431 3367 2493 3394 xxi,

1420 3414 1447 3435 a.
1464 3415 1496 3445 4,
1520 3404 1612 3435 Plato
1636 3413 1704 3435 non
1728 3405 1837 3436 solum
1859 3404 1970 3445 posuit
1992 3402 2079 3434 ideas
2103 3403 2285 3443 specierum
2306 3402 2494 3443 specialissi—

1419 3458 1557 3486 marum,
1581 3448 1637 3480 sed
1661 3450 1757 3480 etiam
1781 3449 1873 3484 entis,
1897 3448 1994 3479 unius
2015 3453 2047 3478 et
2067 3448 2159 3478 boni:
2184 3447 2241 3479 sed
2256 3447 2331 3478 facit
2347 3446 2494 3478 differen-

1420 3494 1497 3524 tiam
1520 3503 1538 3524 a
1562 3494 1731 3534 speciebus
1755 3492 1954 3528 subalternis,
1979 3491 2101 3523 scilicet
2116 3502 2134 3522 a
2149 3492 2331 3533 generibus.
2348 3491 2392 3523 Ut
2407 3491 2494 3522 enim

1420 3537 1536 3569 dicitur
1556 3538 1663 3574 Verit.¹
1682 3547 1713 3579 q.
1731 3547 1775 3574 m,
1792 3546 1820 3568 a.
1838 3536 1868 3573 8,
1892 3537 1983 3568 Plato
2006 3546 2075 3567 non
2099 3537 2210 3578 posuit
2225 3535 2312 3568 ideas
2327 3545 2493 3576 generum,

1421 3582 1476 3613 sed
1507 3588 1633 3613 tantum
1663 3582 1843 3623 specierum
1874 3581 2185 3622 specialissimarum,
2210 3581 2296 3622 quia,
2321 3589 2397 3611 cum
2424 3579 2494 3611 idea

1420 3637 1487 3658 non
1504 3628 1543 3658 sit
1559 3627 1619 3658 nisi
1637 3635 1751 3658 eorum
1768 3635 1851 3667 quae
1867 3635 1925 3666 per
1941 3635 1974 3657 se
1991 3631 2065 3657 sunt
2081 3626 2212 3662 intenta,
2229 3625 2366 3656 intentio
2386 3630 2494 3655 autem

2524 1384 2534 1394 ·
2548 1383 2608 1411 Cap.
2618 1387 2683 1405 anu.

2523 2074 2534 2085 ·
2549 2072 2608 2102 etp.
2618 2078 2675 2097 un.

2522 3310 2532 3358 1·
2547 3308 2605 3364 (⁶:⁵32
2614 3314 2645 3336 w
2659 3314 2679 3331 ι.
2689 3307 2736 3331 Th.
