2768 4134
82 430 91 439 ⁶
107 429 231 456 Cap.xv1n

81 643 282 696 iletaphyTh
262 670 290 692 V

78 804 86 811 “
102 801 158 829 Cap.
169 807 234 822 xxm.

324 246 375 292 64
890 238 1078 275 SUMMA
1107 237 1330 274 CONTRA
1359 235 1636 285 GENTILES,
1667 237 1779 274 CAP.
1801 238 1901 279 XXI.
1935 258 1938 261 ·

324 321 557 371 significatur
568 331 639 369 per
652 317 817 355 modum
833 316 962 366 partis,
979 323 1021 352 ut
1039 314 1275 352 humanitas
1266 327 1306 352 1n
1320 315 1391 351 ho·
1446 323 1513 352 aut
1531 315 1640 364 ignis,
1661 315 1708 353 sit
1727 328 1798 354 sua
1815 316 1952 354 forma.
1983 318 2091 367 Ipsae
2112 316 2228 354 etiam
2247 318 2434 356 essentiae
2459 320 2523 356 vel

323 376 438 412 mine.
469 375 681 411 Ostensum
710 378 766 407 est
793 377 925 407 autem
953 369 993 406 in
1022 369 1107 406 Deo
1136 369 1282 405 nullam
1307 379 1390 405 esse
1446 367 1678 417 quidditates
1701 380 1891 417 generum
1909 372 1972 408 vel
1991 370 2211 420 specierum
2229 370 2524 410 individuantur

323 423 695 476 compositionem&
725 425 832 461 Deus
852 423 964 472 igitur
984 430 1039 460 est
1059 434 1129 459 sua
1148 421 1322 459 essentia.
1445 433 1517 471 per
1534 421 1739 458 materiam
1758 422 1946 471 signatam
1969 423 2087 461 huius
2106 425 2168 461 vel
2194 421 2294 462 illius
2317 424 2520 472 individui,

374 480 525 517 Adhuc
548 479 687 516 Solum
706 476 800 515 illud
819 477 973 514 videtur
991 487 1073 513 esse
1092 482 1245 525 praeter
1263 486 1390 512 essen·
1446 474 1532 512 licet
1556 474 1672 512 etiam
1695 474 1892 525 qnidditas
1915 477 2065 526 generis
2093 479 2156 515 vel
2168 477 2326 538 ‘speciei
2353 477 2519 516 formam

321 533 413 570 tiam
440 533 502 569 vel
529 531 784 581 quidditatem
812 531 866 567 rei
895 529 1002 590 quod
1022 540 1103 566 non
1122 528 1235 566 intrat
1254 527 1391 566 defini·
1413 544 1422 563 ς
1446 527 1618 565 includat
1637 535 1674 565 et
1693 528 1895 568 materiam
1916 530 1956 567 in
1974 530 2194 568 communi:
2224 531 2330 568 unde
2355 543 2438 569 non
2466 531 2522 568 di-

319 586 466 623 tionem
493 585 630 635 ipsius:
661 583 834 621 definitio
863 584 969 621 enim
996 581 1184 631 significat
1211 581 1307 632 quid
1335 589 1392 618 est
1446 581 1544 619 citur
1558 581 1666 631 quod
1682 581 1872 630 Socrates,
1890 585 1954 621 vel
1972 584 2107 631 homo,
2123 583 2170 622 sit
2188 584 2422 630 humanitas.
2444 585 2522 622 Sed

320 639 419 676 res*.
442 640 534 676 Sola
552 646 684 676 autem
699 637 909 675 accidentia
928 636 982 674 rei
1002 643 1091 673 sunt
1115 647 1216 685 quae
1236 635 1275 673 in
1295 635 1390 672 defi·
1445 634 1579 672 divina
1605 634 1771 672 essentia
1799 644 1855 672 est
1881 647 1953 685 per
1971 649 2012 675 se
2036 638 2276 687 singulariter
2301 637 2467 676 existens
2486 646 2523 675 et

318 692 463 730 nitione
483 704 565 729 non
584 692 738 729 cadunt.
769 692 859 729 Sola
878 690 991 739 igitur
1009 688 1221 727 accidentia
1241 697 1331 726 sunt
1350 688 1389 726 in
1445 688 1484 726 in
1504 688 1631 738 seipsa
1649 687 1906 726 individuata:
1927 701 2019 727 cum
2038 703 2119 728 non
2134 691 2181 728 sit
2199 691 2239 729 in
2253 691 2383 742 aliqua
2401 699 2522 736 mate-

319 758 359 783 re
388 745 516 795 aliqua
544 752 695 795 praeter
722 745 927 782 essentiam
956 742 1050 780 eius.
1080 743 1123 779 In
1151 743 1237 780 Deo
1257 750 1390 780 autem
1445 742 1511 789 ria,
1532 750 1575 780 ut
1594 749 1792 780 ostensum
1815 741 1915 779 est*.
1936 742 2107 782 Divina
2097 745 2211 793 igitur
2229 745 2394 784 essentia
2411 757 2522 796 prae-

2549 742 2633 771 'Cap.
2643 749 2702 766 xvn.
2718 739 2720 741 ¹

72 1964 81 1972 '
97 1962 132 1983 Cf.
152 1961 285 1994 qunmenr.

70 2817 77 2825 “
100 2814 136 2837 Cf.
161 2820 182 2835 n.
203 2819 227 2839 ιι,
248 2820 284 2842 ιιι,

71 2849 102 2865 lx,
119 2848 139 2862 x.

67 3525 75 3533 ·
101 3524 138 3544 ΑΙ.
161 3523 228 3550 Quot.
253 3520 284 3545 H.

67 3556 87 3572 a.
98 3558 120 3577 4,
136 3550 164 3571 ad
182 3557 198 3572 ι.

318 811 399 837 non
419 807 508 836 sunt
527 798 655 848 aliqua
674 798 895 844 accidentia,
917 805 958 834 ut
978 796 1202 834 ostendetur
1219 795 1251 833 ²⁸.
1281 796 1431 834 Nihilo

318 852 430 913 igitur
449 861 504 889 est
522 852 562 889 in
581 864 629 889 eo
648 860 800 912 praeter
827 850 1032 889 essentiam
1061 849 1155 886 eius.
1186 850 1254 887 Est
1277 849 1391 899 igitur

318 906 399 956 ipse
428 918 498 943 sua
526 905 699 943 essentia.

371 958 560 1008 Amplius.
581 959 748 996 Formae
756 970 868 1018 ‘quae
888 958 937 995 de
957 957 1074 994 rebus
1093 955 1390 994 subsistentibus

316 1024 398 1049 non
424 1012 706 1062 praedicantur,
735 1011 816 1048 sive
844 1011 884 1048 in
913 1009 1122 1048 universali
1149 1009 1230 1048 sive
1253 1010 1294 1047 in
1313 1009 1389 1048 sin-

315 1066 436 1114 gulari
464 1065 640 1115 acceptis,
662 1073 751 1102 sunt
768 1065 916 1102 formae
936 1076 1038 1114 quae
1057 1076 1139 1101 non
1158 1075 1229 1114 per
1247 1076 1288 1102 se
1313 1063 1388 1101 sin-

315 1119 494 1167 gulariter
521 1118 732 1156 subsistunt
759 1118 799 1155 in
827 1117 961 1168 seipsis
989 1117 1265 1155 individuatae.
1295 1118 1389 1155 Non

315 1172 419 1209 enirn
435 1172 574 1209 dicitur
587 1172 695 1221 quod
711 1172 898 1218 Socrates,
915 1179 981 1209 aut
995 1172 1130 1219 homo,
1147 1179 1214 1209 aut
1232 1171 1387 1219 animal,

315 1225 361 1262 sit
379 1226 530 1272 albedo,
551 1225 642 1275 quia
662 1226 800 1263 albedo
820 1237 902 1263 non
922 1233 978 1262 est
995 1237 1067 1276 per
1084 1236 1125 1262 se
1149 1224 1390 1274 singulariter

314 1278 535 1325 subsistens,
557 1279 624 1316 sed
644 1278 909 1317 individuatur
926 1291 998 1330 per
1016 1278 1236 1317 subiectum
1265 1279 1388 1317 subsi-

1445 795 1595 834 dicatur
1613 796 1662 833 de
1682 796 1780 842 Deo,
1801 803 1844 833 ut
1861 795 2027 835 dicatur:
2056 798 2160 840 Deus
2185 805 2237 836 est
2259 811 2329 838 sua
2352 801 2519 837 essentia.

1498 850 1713 887 Praeterea.
1744 849 1921 887 Essentia
1947 849 2003 888 rei
2030 852 2094 888 vel
2121 859 2178 888 est
2205 864 2266 889 res
2283 852 2379 902 ipsa,
2398 854 2462 890 vel
2479 865 2521 890 se

1445 903 1562 941 habet
1590 904 1639 941 ad
1668 903 1794 953 ipsam
1822 903 1954 954 aliquo
1977 904 2101 942 modo
2120 912 2164 941 ut
2181 916 2314 943 eausa:
2338 917 2433 944 cum
2460 918 2522 944 res

1444 968 1516 1006 per
1534 969 1647 994 suam
1667 956 1875 995 essentiam
1903 957 2075 1007 speciem
2103 958 2294 996 sortiatur.
2316 959 2395 997 Sed
2413 959 2521 1010 nullo

1445 1011 1567 1048 modo
1594 1018 1722 1060 potest
1758 1022 1842 1048 esse
1879 1010 2025 1060 aliquid
2064 1023 2181 1049 causa
2218 1011 2311 1050 Dei:
2350 1024 2443 1051 cum
2475 1012 2523 1050 sit

1405 1063 1617 1113 §primurn
1648 1076 1728 1111 ens,
1758 1072 1802 1102 ut
1828 1072 2030 1102 ostensum
2059 1072 2115 1102 est
2133 1063 2164 1102 ²¹⁸.
2194 1061 2303 1103 Deus
2330 1063 2445 1115 igitur
2467 1074 2524 1109 est

1444 1130 1517 1155 sua
1543 1117 1720 1156 essentia.

1498 1173 1605 1209 Item.
1636 1171 1759 1219 Quod
1785 1183 1868 1209 non
1895 1179 1952 1209 est
1979 1183 2052 1209 sua
2070 1171 2247 1220 essentia,
2268 1184 2308 1209 se
2327 1172 2446 1210 habet
2464 1183 2522 1210 se*

1444 1225 1622 1263 cundum
1657 1225 1803 1275 aliquid
1839 1225 1899 1262 sui
1936 1225 1986 1262 ad
2023 1225 2150 1275 ipsam
2183 1233 2227 1263 ut
2261 1225 2435 1276 potentia
2471 1225 2522 1264 ad

1444 1286 1587 1317 actum.
1616 1279 1731 1317 Unde
1759 1285 1797 1316 et
1822 1291 1895 1330 per
1922 1279 2091 1317 modum
2118 1279 2266 1318 formae
2286 1278 2524 1329 significatur

314 1340 427 1369 stens.
450 1332 632 1370 Similiter
649 1332 765 1371 etiam
784 1333 932 1371 formae
951 1334 1145 1370 naturales
1163 1345 1246 1370 non
1265 1332 1388 1370 subsi-
1403 1351 1430 1366 ιο
1444 1331 1622 1380 essentia,
1651 1340 1694 1370 ut
1720 1340 1828 1383 puta,
1857 1334 2082 1370 humanitas.
2122 1332 2200 1370 Sed
2228 1332 2269 1371 in
2297 1333 2384 1371 Deo
2413 1331 2523 1372 ‘nulla

314 1393 416 1422 stunt
430 1398 500 1435 per
514 1398 555 1423 se
575 1386 823 1435 singulariter,
840 1387 908 1424 sed
928 1386 1223 1424 individuantur
1240 1386 1280 1424 in
1298 1399 1388 1437 pro—

313 1438 405 1488 priis
432 1439 618 1477 materiis:
648 1441 754 1478 unde
781 1453 861 1478 non
881 1440 1048 1478 dicimus
1067 1439 1176 1490 quod
1197 1440 1260 1477 hic
1278 1439 1387 1489 ignis,

367 1563 382 1588 7
402 1556 438 1580 rei
447 1558 513 1588 post
524 1560 586 1580 sunt
599 1563 626 1586 α,
640 1557 704 1580 ante
719 1553 868 1580 definitione
881 1553 904 1580 b.
991 1562 1024 1580 10
1043 1554 1183 1580 accidentia
1197 1561 1240 1579 om
1257 1562 1282 1580 α.

1367 1554 1521 1579 ostendetur
1537 1554 1579 1579 Ita
1593 1554 1626 1585 Ρ;
1639 1553 1705 1579 infra
1718 1553 1872 1579 ostendetur
1883 1553 1954 1584 sGN,
1967 1558 2106 1580 ostensum
2120 1559 2161 1580 est
2171 1555 2264 1582 ceteri.

1444 1394 1501 1424 est
1518 1386 1786 1436 potentialitas,
1805 1394 1849 1424 ut
1866 1398 1985 1436 supra
1998 1386 2019 1408 *
2046 1393 2248 1424 ostensum
2267 1394 2338 1424 est.
2357 1387 2523 1438 Oportet
2548 1384 2558 1394 ‘

1444 1439 1559 1489 igitur
1585 1440 1695 1490 quod
1723 1440 1806 1490 ipse
1834 1439 1882 1477 sit
1909 1452 1981 1478 sua
2007 1440 2183 1478 essentia.

2349 1561 2382 1581 aa
2401 1551 2522 1602 hidffgni‘a

314 1596 357 1616 aut
374 1590 441 1623 ignis
462 1591 504 1616 Ita
523 1590 728 1621 BHXZsGWY;
747 1590 790 1616 hic
808 1591 849 1616 vel
870 1590 936 1624 ignis
955 1595 1001 1615 aut
1018 1589 1086 1623 ignis
1105 1589 1284 1622 CDFpGWY,
1303 1589 1345 1615 hic
1362 1590 1405 1615 vel
1423 1590 1492 1622 ignis
1512 1589 1541 1620 E,
1561 1589 1603 1615 hic
1621 1589 1689 1622 ignis
1708 1594 1754 1614 aut
1769 1589 1814 1614 ille
1832 1589 1900 1621 ignis
1919 1589 1944 1620 b,
1962 1589 2005 1614 hic
2021 1590 2065 1615 vel
2083 1590 2128 1616 ille
2146 1590 2214 1633 ignis
2233 1595 2278 1616 aut
2295 1590 2363 1624 ignia
2382 1590 2438 1617 Pe.

369 1626 383 1651 3
402 1626 458 1660 per]
478 1627 624 1652 secundum
644 1610 797 1652 EGW'YPc.

310 1701 400 1730 perat.
491 1706 551 1723 cum
571 1706 624 1724 non
643 1698 676 1724 sit
695 1698 720 1723 in
739 1698 825 1731 aliqua
843 1698 952 1723 materia
969 1705 1013 1723 om
1033 1697 1124 1730 BHPc,
1144 1698 1170 1722 in
1189 1705 1232 1723 om
1252 1697 1329 1723 (ΞΡΧ.

887 1625 904 1651 8
922 1625 1090 1660 individuata]
1110 1626 1170 1651 licet
1182 1626 1261 1651 etiam
1274 1625 1405 1658 quidditas
1418 1626 1522 1658 generis
1536 1625 1647 1651 addunt
1658 1625 1720 1659 CFp
1720 1625 1830 1656 YsGW,
1842 1625 1904 1651 licet
1921 1625 2054 1658 quidditas
2073 1625 2198 1652 materiae
2208 1626 2313 1660 generis
2329 1626 2403 1659 (cim
2415 1627 2471 1669 ont)
2485 1627 2522 1659 Ξῖ

1357 1661 1400 1687 ,8
1419 1661 1585 1692 individuam,
1596 1661 1670 1694 quod
1687 1661 1870 1694 transcriptor
1881 1661 2048 1694 autographi
2057 1669 2112 1694 per
2129 1669 2250 1688 errorem
2268 1662 2416 1692 rescribere

1420 1705 1437 1731 9
1455 1702 1593 1723 ostensum
1613 1696 1662 1731 est]
1682 1698 1836 1722 ostendetur
1855 1697 1883 1722 Ρ.

2432 1670 2522 1691 m

1075 1786 1413 1820 Commentario
1442 1785 1757 1820 Ferrariemis

369 1883 515 1904 osmunt
548 1874 682 1904 exclusit
713 1873 849 1904 Sanctus
877 1873 1022 1904 Thomas
1054 1883 1073 1903 a
1108 1873 1180 1904 Deo
1221 1873 1384 1914 composi-

317 1885 492 1949 ptionem
515 1918 769 1958 quantitativam‚
793 1927 882 1949 nunc
915 1918 983 1949 vult
1006 1918 1281 1958 compositionem
1307 1927 1385 1959 sup-

312 1963 411 2003 positi
434 1967 466 1993 et
488 1968 620 1994 naturae
644 1962 814 1994 excludere
830 1963 857 1992 *.

368 2007 410 2039 Et
425 2007 518 2047 ponit
533 2007 616 2038 hanc
632 2007 893 2038 conclusionem:
918 2006 1008 2037 Deus
1022 2012 1070 2037 est
1084 2016 1146 2037 sua
1161 2007 1311 2043 essentia,
1327 2016 1385 2038 seu

311 2051 474 2091 quidditas
497 2057 556 2082 aut
579 2056 710 2082 natura.

367 2096 429 2127 Pro
445 2096 538 2127 cuius
553 2095 769 2127 declaratione
784 2094 953 2127 sciendum
969 2094 1060 2136 quod
1075 2095 1139 2127 hoc
1155 2105 1279 2127 nomen
1294 2096 1386 2127 Deus

311 2140 400 2171 aliter
423 2151 441 2171 a
463 2140 668 2182 philosophis
691 2141 857 2181 accipitur.
882 2145 914 2171 et
937 2140 1026 2171 aliter
1054 2150 1072 2171 a
1095 2140 1267 2181 theologis.
1298 2140 1385 2180 Quia

311 2185 397 2216 enim
421 2185 608 2226 philosophi
628 2185 800 2216 trinitatem
817 2184 998 2216 divinarum
1013 2184 1228 2216 Personarum
1243 2195 1312 2217 non
1328 2195 1384 2217 co-

310 2235 503 2269 gnoverunt,
519 2229 576 2260 sed
587 2230 621 2261 in
633 2229 739 2261 divina
754 2235 867 2261 natura
883 2239 987 2260 unum
998 2228 1163 2260 dumtaxat
1177 2231 1384 2271 suppositum

310 2280 501 2314 posuerunt,
523 2273 599 2305 ideo
626 2274 761 2305 nomine
790 2274 853 2305 Dei
881 2273 1062 2313 significant
1091 2274 1210 2305 habens
1239 2274 1384 2307 divinam

312 2324 476 2355 naturam,
501 2324 532 2349 et
555 2329 654 2349 unum
679 2318 762 2350 illud
783 2319 984 2359 suppositum
1001 2318 1089 2360 quod
1103 2319 1280 2350 secundum
1297 2320 1384 2361 ipsos

311 2364 344 2393 in
369 2363 480 2394 divina
505 2368 625 2396 natura
648 2363 810 2395 subsistit:
832 2364 916 2394 sicut
938 2363 1073 2394 nomine
1095 2363 1176 2394 solis
1205 2364 1386 2404 significant

312 2408 403 2448 quod
425 2414 572 2439 naturam
595 2408 672 2440 solis
695 2408 792 2439 habet
808 2413 839 2439 et
855 2407 946 2448 quod
961 2408 994 2439 in
1010 2413 1124 2439 natura
1138 2408 1216 2439 solis
1231 2410 1383 2440 subsistit.

310 2452 410 2493 Apud
425 2452 597 2493 theologos
612 2462 700 2489 vei-0,
717 2453 773 2493 qui
790 2452 969 2483 divinarum
981 2452 1196 2484 Personarum
1211 2453 1384 2486 trinitatem

310 2503 450 2538 ponunt,
473 2497 607 2528 nomine
630 2496 692 2528 Dei
714 2496 911 2538 significatur
933 2497 1054 2528 habens
1069 2503 1222 2528 naturam
1238 2498 1383 2530 divinam

311 2541 505 2578 indistincte,
529 2551 598 2572 non
621 2547 730 2573 autem
753 2541 949 2582 significatur
979 2541 1230 2574 determinatum
1260 2553 1383 2584 suppo-

311 2587 409 2617 situm
431 2586 516 2617 illius
539 2591 685 2617 naturae:
709 2586 792 2617 sicut
815 2592 846 2617 et
869 2586 1004 2618 nomine
1022 2587 1163 2618 hominis
1185 2587 1384 2628 significatur

310 2631 431 2662 habens
454 2631 687 2662 humanitatem
709 2630 902 2662 indistincte.
926 2631 968 2662 Et
983 2632 1059 2673 quia
1074 2631 1223 2663 nondum
1239 2631 1279 2664 de
1295 2633 1383 2664 trini-

310 2680 374 2706 tate
396 2675 610 2706 Personarum
634 2674 856 2707 determinavit
879 2675 1016 2707 Sanctus
1032 2676 1188 2714 Thomas,
1208 2675 1294 2715 ideo,
1311 2678 1382 2719 phi-

309 2720 524 2760 losophorum
547 2719 685 2750 admissa
708 2720 880 2761 positione,
905 2719 1046 2752 ostendit
1069 2721 1275 2762 suppositum
1303 2722 1383 2753 illud

311 2763 435 2795 deitatis
459 2765 498 2794 ab
522 2764 591 2804 ipsa
615 2764 731 2796 deitate
754 2774 822 2795 non
847 2764 983 2796 differre.
1008 2765 1049 2796 Et
1072 2766 1175 2806 arguit
1198 2766 1254 2797 sic.

366 2808 388 2839 1.
413 2809 524 2839 Primo
537 2810 563 2839 ⁹.
589 2808 622 2840 Si
638 2809 727 2840 Deus
742 2819 810 2840 non
826 2815 908 2840 esset
924 2819 982 2841 sua
999 2811 1145 2846 essentia,
1163 2816 1246 2842 esset
1260 2811 1293 2842 in
1309 2811 1382 2852 ipso

310 2853 417 2894 aliqua
440 2854 646 2894 compositio.
671 2853 735 2885 Sed
758 2854 854 2885 huius
875 2855 1066 2895 oppositum
1082 2861 1249 2886 ostensum
1266 2861 1313 2887 est
1328 2866 1382 2887 su-

310 2898 428 2938 perius.
441 2898 528 2938 Ergo
542 2903 601 2928 etc.
616 2915 638 2920 -
649 2897 806 2929 Probatur
822 2900 1055 2940 consequentia
1067 2898 1247 2940 dupliciter.
1260 2900 1381 2938 Primo,

310 2942 386 2983 quia
410 2951 449 2972 ex
471 2942 625 2983 opposito
649 2944 879 2984 consequentis
909 2943 1044 2976 infertur
1071 2945 1262 2985 oppositum
1291 2951 1381 2977 ante-

310 2986 462 3018 cedentis.
487 2987 571 3017 Nam
598 2987 624 3017 si
651 2997 719 3018 non
742 2993 793 3018 est
819 2988 854 3019 in
880 2988 952 3029 ipso
975 2988 1183 3030 compositiO,
1208 2998 1285 3030 ergo
1312 2999 1381 3021 non

311 3037 357 3062 est
380 3031 413 3061 in
437 3031 509 3072 ipso
533 3031 654 3072 aliquid
685 3032 724 3062 ab
752 3033 888 3063 essentia
911 3033 1108 3064 distinctum.
1138 3033 1224 3074 Ergo
1254 3039 1301 3065 est
1323 3044 1381 3066 sua

310 3076 456 3106 essentia.
472 3094 494 3098 —
511 3074 739 3113 Confirmatur,
756 3077 911 3109 secundo.
929 3077 1038 3117 Quia
1028 3087 1063 3109 tn
1079 3079 1269 3119 compositis
1284 3079 1381 3120 signi-

310 3119 422 3150 ficatur
446 3121 581 3151 essentia
603 3130 661 3162 per
683 3120 821 3152 modum
835 3122 942 3162 partis.
967 3122 1054 3163 Ergo
1070 3123 1199 3163 signum
1216 3128 1263 3154 est
1278 3123 1379 3164 quod,

310 3165 365 3195 ubi
390 3170 437 3195 est
459 3164 580 3205 aliquid
603 3171 727 3206 praeter
751 3167 932 3203 essentiam,
949 3167 992 3198 ibi
1009 3173 1056 3198 est
1071 3167 1283 3208 compositio:
1302 3168 1381 3200 alio-

310 3209 389 3249 quin
412 3218 480 3240 non
503 3209 735 3250 significaretur
756 3220 815 3252 per
836 3210 974 3242 modum
998 3212 1106 3252 partis.

368 3262 396 3284 2.
421 3253 484 3285 Sed
511 3255 650 3286 occurrit
674 3254 810 3287 dubium
833 3256 917 3287 circa
942 3255 1028 3287 istud
1051 3256 1191 3308 signum.
1220 3256 1253 3288 Si
1281 3257 1379 3294 enim,

311 3298 386 3337 quia
409 3299 545 3329 essentia
563 3298 762 3350 'significatur
778 3309 836 3352 per
850 3299 988 3332 modum
1004 3300 1111 3341 partis,
1128 3301 1274 3353 arguitur
1290 3301 1380 3342 quod

309 3341 353 3371 ibi
369 3342 408 3372 sit
424 3343 629 3383 compositio,
644 3353 720 3384 ergo
738 3345 814 3375 etin
826 3344 898 3376 Deo
915 3345 1112 3386 compositio
1129 3345 1201 3376 erit.
1219 3346 1295 3386 quia
1312 3346 1380 3377 eius

311 3387 446 3417 essentia
476 3396 533 3427 per
562 3388 700 3419 modum
728 3389 826 3429 partis
854 3388 1065 3429 significatum
1089 3394 1138 3420 est
1166 3390 1253 3421 enim
1277 3389 1381 3421 deitas

311 3439 375 3470 qua
398 3430 486 3462 Deus
509 3437 556 3462 est
580 3432 680 3469 Deus,
701 3433 783 3464 sicut
806 3433 988 3465 humanitas
1004 3443 1069 3474 qua
1083 3434 1187 3465 homo
1204 3440 1252 3465 est
1266 3435 1380 3466 homo.

366 3474 417 3505 Ad
432 3475 528 3507 huius
544 3476 736 3508 evidentiam
753 3477 1035 3514 considerandum,
1052 3487 1090 3509 ex
1111 3477 1257 3510 doctrina
1273 3478 1380 3511 Sancti

311 3517 458 3549 Thomae
478 3519 655 3558 Quo!ib.11‚
674 3531 704 3562 q.
719 3532 751 3558 ιι,
768 3532 795 3553 a.
812 3532 841 3559 2,
858 3523 898 3554 ad
919 3531 929 3553 1
948 3523 975 3559 *,
1000 3521 1101 3564 quod,
1119 3533 1195 3554 cum
1211 3523 1325 3564 triplex
1341 3524 1381 3554 sit

311 3563 515 3602 suppositum
538 3565 571 3594 in
595 3566 732 3602 entibus,
757 3567 877 3598 scilicet
901 3567 1092 3603 increatum,
1110 3567 1201 3608 quod
1217 3573 1264 3599 est
1280 3568 1379 3605 Deus,

308 3611 454 3639 creatum
479 3607 701 3645 immateriaIe,
726 3620 809 3651 quae
833 3617 908 3643 sunt
931 3611 1170 3652 intelligentiae,
1188 3617 1219 3643 et
1235 3617 1380 3643 creatum

1440 1873 1620 1910 materiale,
1645 1882 1730 1914 quae
1753 1878 1829 1904 sunt
1852 1871 2046 1904 substantiae
2063 1872 2265 1913 compositae
2281 1883 2320 1905 ex
2338 1874 2520 1916 materia&

1438 1917 1554 1955 forma,
1579 1917 1745 1959 tripliciter
1767 1919 1801 1949 in
1825 1917 1870 1948 eis
1894 1926 1928 1948 se
1950 1916 2048 1948 habet
2069 1917 2278 1959 suppositum
2298 1917 2340 1950 ad
2358 1924 2518 1960 nami-am,

1438 1962 1524 1994 Nam
1553 1962 1755 2004 suppositum
1783 1966 1930 1994 creatum
1959 1962 2133 1994 materiale
2162 1963 2222 1994 tria
2250 1962 2445 2002 includit-in
2465 1973 2516 2005 re:

1439 2007 1561 2039 scilicet
1583 2007 1770 2044 essentiam
1793 2006 1953 2048 principia
1974 2007 2219 2046 individuantia,
2239 2015 2338 2050 quae
2346 2008 2518 2050 essentiam

1438 2052 1577 2084 limitum
1600 2057 1637 2084 ut
1659 2052 1700 2083 sit
1721 2052 1803 2084 haec
1830 2057 1862 2083 et
1891 2051 2051 2090 distincta,
2075 2053 2160 2084 sicut
2181 2052 2264 2084 hanc
2292 2053 2516 2094 quantitatem,

1438 2097 1522 2128 hanc
1538 2095 1685 2137 figuram,
1699 2102 1775 2133 etc.;
1793 2102 1825 2127 et
1840 2095 2028 2134 accidentia,
2045 2106 2131 2149 quae
2143 2097 2226 2129 nihil
2240 2095 2363 2129 faciunt
2378 2097 2420 2137 ad
2429 2097 2517 2149 ιιιᾴὶτ

1438 2141 1662 2174 viduationem
1683 2146 1828 2179 naturae,
1852 2147 1888 2173 ut
1911 2141 2039 2179 albedo,
2063 2141 2197 2174 scientia
2220 2146 2252 2174 et
2278 2136 2478 2177 huiusmodi.
2493 2160 2518 2168 -

1438 2185 1646 2228 Suppositum
1663 2196 1741 2217 vero
1758 2186 1976 2218 immateriale
1990 2186 2058 2218 duo
2073 2191 2202 2220 tantum
2221 2186 2371 2221 includit:
2395 2187 2518 2228 scilicet

1439 2231 1626 2268 essentiam,
1650 2237 1682 2262 et
1705 2231 1813 2272 aliqua
1834 2237 1961 2272 praeter
1983 2231 2175 2270 essentiam,
2183 2239 2267 2273 quae
2290 2231 2370 2264 nihil
2393 2223 2517 2274 faciunt

1438 2275 1479 2307 ad
1501 2275 1793 2308 individuationem
1816 2280 1960 2313 natiuae,
1985 2281 2022 2306 ut
2045 2285 2114 2308 esse
2127 2281 2163 2307 et
2178 2275 2239 2309 alia
2254 2275 2419 2318 quaedam
2428 2277 2516 2318 acei-

1439 2319 1546 2352 dentia
1569 2320 1609 2352 ad
1632 2321 1839 2361 suppositum
1867 2320 2072 2361 pertinentia.
2099 2320 2185 2352 Nam
2214 2321 2250 2352 in
2280 2320 2342 2352 illis
2369 2329 2451 2362 non,
2466 2326 2516 2358 est

1438 2374 1570 2396 necesse
1594 2375 1717 2406 ponere
1739 2365 1938 2406 principium
1960 2364 2096 2406 aliquod
2121 2364 2408 2405 individuativum:
2438 2374 2515 2400 etan

1438 2410 1508 2451 ipsa
1528 2415 1641 2441 natura
1656 2409 1696 2441 de
1713 2419 1747 2441 se
1762 2410 1803 2440 sit
1817 2410 1898 2441 haec
1913 2414 1945 2442 et
1959 2409 2137 2441 individua.
2149 2428 2171 2433 —
2182 2406 2395 2452 Suppositum.
2406 2415 2516 2451 autent

1438 2454 1583 2486 divinum
1599 2454 1678 2486 nihil
1701 2453 1790 2486 aliud
1811 2454 1846 2486 in
1868 2464 1904 2486 re
1926 2453 2005 2485 dicit
2027 2463 2126 2495 quam
2151 2455 2336 2486 essentiam:
2361 2463 2438 2487 cum
2457 2465 2515 2492 ne,-

1439 2508 1504 2540 que
1533 2499 1578 2530 ibi
1611 2499 1675 2531 sint
1702 2499 1861 2540 principia
1888 2498 2133 2536 individuantia,
2157 2508 2198 2530 eo
2222 2499 2314 2541 quod
2343 2498 2444 2532 deitas
2474 2499 2516 2542 4⁴

1437 2553 1472 2574 se
1495 2543 1535 2574 sit
1557 2543 1638 2575 haec
1661 2548 1693 2575 et
1715 2542 1930 2580 indivisibilis;
1954 2553 2063 2585 neque
2093 2543 2138 2574 ibi
2166 2543 2227 2575 alia
2250 2543 2431 2579 accidentia
2451 2543 2516 2585 aiat

1438 2588 1614 2619 extrinseca
1644 2598 1663 2619 a
1690 2593 1803 2619 natura
1835 2587 2044 2625 individuata,
2075 2597 2152 2620 cum
2182 2587 2263 2620 nihil
2293 2589 2334 2621 sit
2365 2587 2516 2631 accidens

1436 2633 1470 2664 in
1498 2632 1583 2664 Deo.

1493 2677 1541 2708 Ex
1565 2678 1628 2708 hoc
1652 2677 1798 2718 sequitur
1814 2676 1915 2718 quod,
1931 2682 2092 2718 quantum
2109 2682 2156 2709 est
2172 2686 2210 2709 ex
2225 2683 2317 2719 parte
2331 2677 2389 2716 rei,
2405 2677 2515 2715 divina

1437 2722 1574 2753 essentia
1597 2723 1630 2753 in
1654 2722 1826 2763 supposito
1850 2721 1961 2753 divino
1985 2721 2077 2753 nullo
2101 2721 2203 2753 modo
2226 2722 2386 2754 rationem
2416 2723 2515 2764 partis

1435 2766 1554 2798 habere
1577 2772 1698 2814 potest·
1725 2775 1800 2797 cum
1824 2775 1882 2807 per
1905 2767 2064 2798 rationem
2088 2765 2258 2798 formalem
2282 2767 2440 2808 suppositi
2465 2766 2513 2800 di-

1435 2811 1502 2842 vini
1527 2821 1565 2842 ex
1589 2811 1678 2852 parte
1702 2811 1747 2842 rei
1763 2811 1843 2842 nihil
1859 2811 1899 2842 ab
1924 2812 1993 2842 eius
2017 2812 2154 2843 essentia
2177 2811 2303 2843 realiter
2325 2811 2513 2844 distinctum

1436 2855 1639 2896 importetur,
1663 2865 1724 2887 nec
1748 2856 1781 2886 in
1805 2864 1839 2886 re
1867 2855 1963 2887 alicui
1994 2856 2211 2897 coniungatur
2238 2855 2406 2888 accidenti.
2429 2874 2453 2879 —
2475 2856 2512 2888 ln

1435 2901 1612 2952 supposito
1635 2905 1745 2932 autem
1774 2900 1976 2931 immateriali
2006 2905 2114 2932 creato
2142 2901 2253 2942 aliquo
2283 2900 2386 2932 modo
2416 2901 2514 2933 habet

1434 2945 1532 2986 partis
1555 2946 1730 2978 rationem:
1753 2944 1948 2990 inquantum
1971 2945 2179 2987 suppositum
2201 2946 2235 2976 in
2258 2954 2292 2976 re
2313 2951 2345 2977 et
2360 2946 2464 2986 ipsam
2480 2951 2513 2978 et

1435 2989 1636 3021 accidentia·
1627 2999 1661 3022 in
1676 2990 1747 3031 ipsa
1762 2984 1930 3020 existentia
1945 2987 2091 3021 includit.
2108 2989 2184 3021 Non
2200 2995 2309 3021 tamen
2326 2990 2513 3032 simpliciter

1436 3039 1483 3065 est
1506 3035 1666 3076 suppositi
1689 3043 1777 3075 pars:
1803 3034 1961 3074 quoniam
1991 3034 2045 3065 illa
2076 3034 2264 3072 accidentia,
2289 3044 2327 3066 ex
2355 3043 2396 3066 eo
2420 3034 2512 3076 quod

1434 3084 1582 3110 naturam
1605 3088 1674 3110 non
1696 3077 1908 3115 individuam,
1933 3088 2000 3110 non
2024 3084 2100 3110 sunt
2123 3078 2164 3110 de
2186 3079 2358 3110 intrinseca
2386 3078 2512 3110 ratione

1434 3122 1562 3154 formali
1585 3124 1755 3164 suppositi.
1780 3141 1802 3146 —
1826 3122 1862 3154 ln
1884 3123 2040 3154 materiali
2064 3128 2174 3155 autem
2197 3123 2368 3165 supposito
2387 3123 2510 3165 simpli-

1435 3168 1513 3199 citer
1536 3168 1695 3200 rationem
1718 3167 1816 3208 partis
1838 3167 1950 3199 habet:
1975 3177 2016 3199 eo
2041 3167 2132 3209 quod
2154 3168 2195 3199 sit
2213 3177 2287 3209 pars
2302 3166 2446 3199 formalis
2461 3176 2511 3198 ra-

1433 3213 1531 3244 tionis
1564 3213 1644 3244 eius.
1675 3212 1890 3254 suppositum
1921 3213 2009 3244 enim
2035 3212 2199 3244 materiale
2229 3212 2264 3243 in
2294 3221 2354 3244 sua
2384 3212 2510 3244 ratione

1434 3255 1561 3288 formali
1585 3257 1756 3289 intrinsece
1780 3261 1812 3288 et
1834 3257 1938 3298 ipsam
1963 3256 2133 3288 essentiam
2157 3261 2189 3288 et
2210 3255 2369 3299 principia
2393 3255 2510 3289 indivi-

1435 3300 1565 3332 duantia
1588 3301 1740 3333 includit:
1765 3309 1834 3332 non
1858 3300 1991 3342 quidem
2010 3306 2166 3342 tanquam
2181 3300 2392 3332 substantiam
2407 3298 2510 3334 80185

1435 3346 1674 3383 constituentia,
1699 3355 1774 3377 cum
1798 3345 1974 3376 substantia
1997 3354 2035 3377 ex
2059 3344 2278 3376 accidentibus
2300 3353 2369 3376 non
2390 3345 2509 3376 consti-

1434 3395 1558 3427 tuatur-3
1575 3390 1632 3422 sed
1647 3396 1803 3432 tanquam
1819 3390 1990 3421 essentiam
2005 3389 2173 3420 limitantia
2189 3388 2230 3420 ad
2245 3389 2309 3420 hoc
2324 3394 2361 3420 ut
2375 3389 2416 3420 sit
2429 3388 2511 3421 haec

1434 3441 1466 3466 et
1489 3434 1664 3471 individua,
1688 3435 1772 3467 sicut
1794 3443 1853 3476 per
1874 3433 2082 3475 suppositum
2104 3434 2306 3474 importatur.

1490 3479 1539 3511 Ex
1561 3480 1626 3511 hoc
1649 3478 1783 3511 ulterius
1805 3478 1952 3519 sequitur
1974 3477 2066 3519 quod
2087 3477 2207 3510 modus
2230 3477 2431 3520 significandi
2451 3488 2510 3521 per

1434 3523 1572 3555 modum
1587 3524 1685 3565 partis
1700 3523 1734 3554 in
1750 3523 1886 3554 essentia
1902 3527 2007 3553 creata
2022 3527 2088 3553 tam
2104 3522 2258 3554 materiali
2276 3531 2375 3564 quam
2393 3522 2508 3554 imma—

1434 3568 1535 3599 teriali
1557 3568 1654 3599 habet
1677 3566 1812 3608 aliquod
1834 3565 2083 3598 fundamentum
2106 3567 2140 3598 in
2164 3576 2208 3604 re,
2233 3572 2265 3598 et
2287 3576 2355 3598 non
2371 3576 2405 3598 se
2420 3573 2509 3599 tenet

1433 3618 1560 3644 tantum
1585 3621 1623 3643 ex
1646 3617 1736 3654 parte
1759 3611 1901 3643 nominis
1925 3610 2143 3652 significantis,
2167 3610 2223 3643 sed
2248 3611 2343 3643 etiam
2361 3620 2398 3642 ex
2418 3618 2508 3654 parte

2550 1065 2558 1074 ·
2575 1063 2632 1093 Cap.
2642 1070 2697 1086 xm.
