2768 4134
23 2029 38 2041 ⁶
43 2028 82 2052 Po.
87 2034 136 2056 ui.
141 2034 244 2056 vus-io,

23 2082 39 2095 ⁶
52 2062 161 2111 ’ν’..ἶνιιῃ
171 2087 209 2112 3⁰·

27 2189 40 2202 ”
53 2188 112 2218 Cup.
123 2194 175 2216 av,
185 2193 224 2211 u.

56 3391 96 3416 cf.
112 3393 248 3425 comment.

79 3435 88 3443 .
100 3425 140 3448 xc,
152 3423 204 3443 mit.

4 3555 6 3557 .
47 3525 96 3549 U.
110 3532 179 3549 mix.

0 3571 3 3573 ’
48 3559 96 3596 *Gt
111 3580 195 3597 mviii.

37 3638 43 3690 ,j
59 3652 96 3676 G.
110 3659 132 3676 n.
144 3661 167 3676 x.

867 285 1055 324 SUMMA
1085 289 1306 328 CONTRA
1334 291 1609 341 GENTILES,
1640 295 1750 333 CAP.
1771 297 1868 334 XCI.

271 366 429 416 aliquod
445 365 597 402 bonurn
611 366 808 410 volumus,
820 365 1039 402 secundum
1055 368 1220 405 modum
1234 381 1343 418 prae-

270 419 430 457 dictum.
460 419 572 456 Unde
601 425 638 455 et
666 430 712 455 ea
735 429 836 466 quae
856 418 1179 467 concupiscimus,
1201 420 1343 470 simpli-

270 472 364 511 citer
391 472 552 522 quidem
581 479 618 509 et
644 469 800 521 proprie
830 470 1043 507 desiderare
1067 472 1243 520 dicimur,
1264 485 1344 511 non

271 534 404 565 autem
431 537 576 571 amare,
605 523 674 562 sed
709 523 839 574 potius
873 535 946 560 nos
981 523 1098 573 ipsos,
1128 526 1271 574 quibus
1299 539 1344 564 ea

270 578 601 629 concupiscimus:
632 585 670 614 et
702 589 749 615 ex
781 578 858 614 hoc
891 576 974 626 ipsa
1007 589 1076 626 per
1103 578 1282 616 accidens
1309 588 1345 617 et

271 632 484 683 improprie
512 631 696 668 dicuntur
723 630 856 667 amari.
882 652 908 657 —
934 630 1041 667 Aliae
1070 630 1183 679 igitur
1210 644 1345 681 opera-

270 686 396 724 tiones
423 684 643 722 secundum
668 685 798 722 solum
825 683 985 721 actionis
1006 683 1182 732 vigorem
1210 697 1345 722 secun-

271 740 370 777 dum
388 736 511 787 magis
531 744 568 775 et
587 736 718 774 minus
738 736 931 774 dicuntur.
960 736 1080 784 Quod
1107 735 1147 774 in
1173 737 1259 775 Deo
1285 751 1345 775 ac-

270 791 398 830 cidere
417 803 500 829 non
517 798 655 840 potest.
685 790 792 828 Nam
811 789 922 839 vigor
939 789 1100 828 actionis
1128 790 1347 829 secundum

270 845 455 883 virtutem
483 857 563 894 qua
597 844 722 893 agitur
756 851 1019 882 mensuratur:
1054 843 1184 881 omnis
1215 853 1347 882 autem
1363 860 1387 874 ιο

270 898 404 937 divina
423 898 522 936 actio
537 898 656 935 unius
675 906 712 934 et
731 897 908 935 eiusdem
927 897 1077 934 virtutis
1096 905 1163 934 est.
1180 919 1205 924 —
1225 899 1348 935 Amor

271 959 404 991 autem
428 951 648 989 secundum
677 950 799 1000 magis
827 959 864 988 et
892 949 1023 988 minus
1046 950 1250 1000 dupliciter
1272 951 1346 988 dici

270 1013 408 1057 potest.
436 1004 528 1044 Uno
557 1003 719 1055 quidem
747 1003 883 1051 modo,
904 1014 950 1041 ex
975 1004 1082 1041 bono
1102 1003 1210 1054 quod
1235 1003 1347 1041 alicui

270 1061 474 1098 volumus:
511 1058 730 1096 secundum
759 1057 867 1108 quod
896 1057 1006 1095 illum
1042 1056 1163 1106 magis
1192 1055 1346 1106 diligere

271 1113 440 1152 dicimur
457 1112 521 1151 cui
539 1114 726 1150 volumus
751 1111 878 1150 maius
901 1111 1066 1149 bonum.
1096 1111 1183 1148 Alio
1212 1111 1371 1157 mod0,¹

271 1179 319 1205 ex
346 1166 480 1216 vigore
508 1165 684 1204 actionis:
722 1164 942 1203 secundum
971 1164 1079 1215 quod
1108 1164 1275 1202 dicimur
1307 1164 1347 1201 il-

272 1221 355 1259 lum
384 1219 505 1268 magis
534 1219 689 1268 diligere
718 1218 794 1266 cui,
819 1218 888 1256 etsi
917 1229 998 1255 non
1026 1217 1154 1255 maius
1182 1218 1346 1263 bonum,

271 1273 434 1324 aequale
471 1280 603 1311 tamen
640 1272 793 1310 bonurn
830 1271 1041 1310 ferventius
1079 1279 1116 1309 et
1153 1270 1348 1309 efficacius

271 1327 470 1371 volumus.
581 1327 597 1329 ’“

325 1379 460 1423 Primo
489 1379 652 1429 quidem
671 1379 786 1428 igitur
804 1379 939 1426 modo,
958 1378 1055 1417 nihil
1073 1378 1256 1428 prohibet
1273 1378 1348 1416 dici
1364 1395 1389 1409 πο

270 1433 380 1484 quod
418 1434 526 1470 Deus
563 1432 709 1482 aliquid
746 1433 822 1471 alio
860 1432 984 1482 magis
1025 1432 1168 1481 diligat,
1211 1444 1349 1469 secun·

270 1486 369 1525 dum
395 1486 507 1536 quod
525 1485 561 1523 ei
580 1486 708 1524 maius
726 1488 809 1524 vult
828 1486 992 1524 bonum.
1014 1485 1199 1524 Secundo
1218 1492 1349 1523 autem

270 1538 393 1587 modo
421 1539 497 1578 dici
525 1550 607 1577 non
640 1546 781 1590 potest:
819 1539 958 1577 eadem
994 1538 1142 1577 ratione
1171 1550 1271 1589 quae
1301 1538 1349 1576 de

270 1593 354 1633 aliis
380 1592 482 1632 dicta
510 1601 577 1631 est.

324 1644 434 1688 Patet
465 1646 579 1696 igitur
614 1659 662 1684 ex
699 1646 904 1697 praedictis
931 1646 952 1668 *
983 1646 1093 1696 quod
1125 1646 1174 1684 de
1211 1645 1350 1683 nostris

270 1700 542 1740 affectionibus
567 1702 674 1738 nulla
699 1708 755 1738 est
783 1713 885 1750 quae
911 1699 951 1737 in
979 1700 1066 1737 Deo
1085 1699 1241 1750 proprie
1260 1712 1349 1749 pos-

271 1753 320 1793 sit
341 1764 432 1801 esse
457 1754 531 1791 nisi
558 1753 747 1803 gaudium
776 1762 813 1791 et
840 1764 968 1791 amor:
994 1775 1020 1780 -
1043 1753 1226 1803 quamvis
1253 1754 1350 1790 haec

270 1806 388 1857 etim
416 1806 457 1845 in
485 1819 533 1845 eo
562 1819 643 1846 non
672 1806 892 1845 secundum
919 1806 1156 1858 passionem,
1183 1806 1281 1844 sicut
1309 1806 1349 1844 in

270 1858 397 1909 nobis,
426 1861 512 1899 sint.

310 1912 447 1963 Quod
462 1923 594 1953 autem
613 1914 653 1952 in
672 1915 759 1952 Deo
779 1913 826 1951 sit
843 1913 1034 1962 gaudium
1052 1915 1116 1951 vel
1134 1913 1349 1961 delectatio,

271 1967 497 2007 metodtate
526 1967 746 2018 Scripturae
775 1967 1044 2005 confirmatur.
1066 1967 1216 2005 Dicitur
1244 1967 1349 2004 enim

272 2020 313 2059 in
341 2021 498 2059 Psalmo
520 2021 557 2058 *ε
587 2022 859 2059 Delectationes
886 2023 925 2058 in
959 2021 1115 2058 dextera
1142 2027 1206 2058 tua
1235 2033 1350 2071 usque

273 2076 311 2113 in
328 2077 466 2125 finem'.
494 2075 607 2113 Prov.
629 2087 663 2112 ix
677 2074 709 2120 *,
737 2073 963 2112 Delectabar
981 2086 1056 2125 per·
1078 2073 1248 2126 singulos
1273 2073 1349 2112 dies

271 2128 403 2168 ludens
417 2141 548 2167 coram
568 2141 624 2175 eo,
641 2126 732 2166 dicit
745 2126 888 2166 Divina
898 2126 1108 2178 Sapientia,
1124 2140 1226 2178 quae
1241 2127 1349 2165 Deus

273 2190 342 2228 est,
361 2190 406 2221 ut
431 2189 633 2220 ostensum
659 2189 716 2219 est
729 2181 760 2219 ³⁸.
790 2183 881 2219 Luc.
899 2184 1000 2219 xv'⁰:
1031 2181 1220 2219 Gaudium
1240 2187 1291 2219 est
1310 2183 1348 2218 in

272 2236 378 2274 eaelo
404 2248 518 2286 super
542 2248 618 2274 uno
641 2241 842 2285 peccatore
862 2236 1131 2285 poenitentiam
1155 2241 1302 2285 agente.
1324 2257 1349 2262 -

237 2301 244 2321 ³
273 2289 537 2339 Philosophus
556 2288 672 2326 etiam
692 2288 795 2335 dicit,
812 2289 851 2325 in
866 2289 932 2325 Vll
944 2288 1103 2334 Ethic.*,
1119 2288 1228 2338 quod
1248 2290 1350 2325 Deus

271 2353 422 2394 semper
445 2343 587 2394 gaudet
614 2355 692 2380 una
717 2347 754 2379 et
779 2342 941 2392 simplici
967 2342 1217 2380 delectatione.

279 2395 282 2398 ’
304 2394 305 2398 ’
326 2398 518 2435 Amorem
557 2395 673 2434 etiam
711 2395 784 2434 Dei
820 2394 1017 2446 Scriptura
1051 2403 1348 2442 commemorat,

273 2448 383 2489 Dent.
403 2453 546 2488 xxxiii³z
567 2450 709 2487 Dilexit
729 2449 906 2500 populas,-
925 2451 1062 2487 Ierem.
1077 2454 1200 2487 xxxi³z
1220 2451 1266 2487 In
1287 2462 1350 2487 ca-

274 2506 383 2542 reate
390 2509 574 2554 perpetua
588 2503 706 2541 dilexi
719 2509 772 2549 te,·
785 2505 1011 2541 Ioan.xvi²⁷:
1026 2505 1114 2553 Ipse
1127 2505 1226 2540 enim
1237 2505 1351 2541 Pater

2387 312 2462 349 247

1453 372 1663 411 Sciendum
1691 382 1820 412 tamen
1849 376 1964 414 etiarn
1993 377 2084 415 alias
2108 378 2341 427 affectiones,
2362 391 2463 429 quae

1399 426 1614 462 secundum
1643 427 1810 476 speeiem
1839 441 1950 466 suam
1979 430 2131 468 divinae
2159 432 2382 481 perfectioni
2406 445 2462 470 rea

1399 486 1582 525 pugnant,
1602 478 1641 515 in
1662 480 1777 517 Sacra
1792 482 1987 532 Scriptura
2006 483 2054 520 de
2067 483 2158 522 ›Deo
2177 482 2262 532 dici,
2278 496 2359 523 non
2378 483 2462 535 qui-

1399 529 1492 566 dem
1511 530 1676 580 proprie,
1693 541 1734 570 ut
1752 535 1960 583 probatum
1979 544 2034 573 est
2047 535 2078 583 ²¹²,
2099 537 2166 575 sed
2186 539 2460 588 metaphorice,
2490 542 2499 551 ‘

1367 591 1375 610 ⁵
1400 590 1557 631 propter
1585 584 1872 625 similitudinem
1895 590 1956 626 vel
1975 589 2197 637 effectuum,
2218 593 2279 629 vel
2302 590 2462 630 alicuius

1401 635 1612 673 affectionis
1641 640 1911 687 praecedentis.

1454 689 1555 749 Dico·
1580 699 1709 728 autern
1733 693 1939 741 effectuum,
1961 694 2052 744 quia
2071 695 2264 733 interdum
2283 698 2461 735 voluntas

1401 753 1447 778 ex
1476 743 1682 791 sapientiae
1711 746 1844 783 ordine
1871 746 1910 783 in
1941 745 2048 784 illum
2077 746 2258 786 effectum
2285 750 2403 787 tendit
2422 750 2461 788 in

1402 806 1520 842 quem
1539 795 1676 846 aliquis
1695 810 1741 834 ex
1760 798 1938 847 passione
1957 798 2143 838 defectiva
2162 800 2379 840 inclinatur:
2404 802 2461 840 iu—

1402 847 1475 906 dex
1504 848 1608 886 enim
1636 862 1682 887 ex
1711 851 1849 889 iustitia
1877 852 1998 901 punit,
2020 853 2116 890 sicut
2135 861 2171 890 et
2190 853 2306 891 iratus
2330 867 2377 892 ex
2395 856 2460 893 ira.

1402 900 1549 938 Dicitur
1577 902 1687 950 igitur
1712 904 1920 954 aliquando
1943 906 2051 943 Deus
2078 908 2204 952 iratus,
2231 906 2462 956 inquantum

1402 965 1448 990 ex
1477 954 1611 992 ordine
1640 969 1731 994 suae
1760 958 1966 1007 sapientiae
1994 958 2163 1008 aliquem
2195 961 2278 996 vult
2309 961 2460 1009 punire:

1403 1008 1618 1045 secundum
1644 1009 1735 1046 illud
1755 1011 1896 1048 Psalmi
1914 1011 1951 1048 *z
1986 1013 2080 1049 Cum
2105 1014 2286 1050 exarserit
2304 1015 2341 1050 in
2362 1015 2466 1051 brevi

1403 1061 1460 1097 ira
1479 1061 1566 1098 eius.
1592 1085 1616 1088 —
1637 1063 1856 1101 Misericors
1876 1077 1969 1102 vero
1994 1062 2131 1102 dicitur
2153 1065 2384 1115 inquantum
2417 1079 2463 1104 ex

1377 1124 1472 1150 ⁵sua
1500 1114 1768 1153 benevolentia
1795 1117 1964 1155 miserias
1991 1118 2199 1156 hominum
2230 1118 2338 1156 tollit:
2367 1119 2463 1157 sicut

1403 1175 1439 1203 et
1467 1179 1538 1204 nos
1566 1177 1723 1217 propter
1748 1169 2029 1208 misericordiae
2056 1171 2276 1220 passionem
2302 1171 2463 1210 facimus

1403 1219 1518 1257 idem.
1550 1222 1661 1258 Unde
1681 1222 1719 1258 iri
1740 1223 1892 1260 Psalmo
1911 1223 1946 1260 *t
1976 1226 2180 1261 Mserator
2198 1231 2231 1261 et
2255 1227 2463 1262 misericors

1405 1273 1598 1320 Dominus,
1614 1277 1759 1324 patiens
1778 1282 1811 1312 et
1830 1277 1983 1313 multum
2004 1277 2223 1315 misericors.
2236 1278 2464 1316 —Poenitens

1404 1326 1518 1363 etiam
1555 1326 1749 1365 interdum
1787 1328 1940 1376 dicitur,
1977 1329 2207 1379 inquantum
2246 1331 2463 1379 secundum

1404 1388 1606 1417 aeternum
1632 1388 1668 1418 et
1695 1381 1977 1420 immutabilem
2005 1382 2266 1432 providentiae
2286 1397 2378 1421 suae
2403 1397 2463 1422 or-

1405 1433 1537 1470 dinem
1564 1434 1651 1470 facit
1678 1446 1778 1483 quae
1810 1435 1916 1484 prius
1943 1436 2190 1481 destruxerat,
2219 1438 2280 1473 vel
2308 1437 2464 1474 destruit

1404 1498 1506 1535 quae
1525 1487 1632 1536 prius
1659 1487 1760 1524 fecit:
1791 1488 1887 1525 sicut
1914 1495 1950 1525 et
1977 1489 2210 1538 poenitentia
2230 1490 2322 1526 moti
2342 1490 2464 1527 facere

1405 1540 1665 1577 inveniuntur.
1699 1541 1810 1578 Unde
1843 1542 1934 1578 Gen.
1961 1545 2033 1579 v1⁷:
2063 1542 2226 1579 Paenitet
2253 1554 2312 1579 me
2328 1543 2466 1592 fecisse

2523 540 2580 568 Cap.
2602 547 2700 566 Lxxxu:

2490 567 2519 589 cf.
2535 573 2587 595 cap.
2597 573 2651 589 xiix.

2490 1017 2500 1026 ·
2515 1016 2551 1038 Pu.
2562 1022 2587 1043 ii,
2598 1022 2656 1038 vers.
2669 1023 2699 1045 ¹3·

2490 1227 2500 1236 ·
2511 1226 2546 1247 Ps.
2558 1231 2597 1252 cii,
2610 1232 2667 1248 vers.
2679 1227 2701 1249 8.

1404 1595 1604 1632 hominem.
1635 1594 1755 1641 Quod
1783 1602 1912 1631 autem
1941 1595 2016 1631 hoc
2044 1595 2197 1644 proprie
2216 1592 2368 1644 intelligi
2385 1608 2466 1633 non
2492 1640 2494 1642 ¹

1364 1662 1386 1682 25
1404 1646 1535 1697 possit,
1565 1655 1668 1696 patet
1695 1659 1764 1696 per
1792 1648 1867 1684 hoc
1895 1648 2003 1696 quod
2031 1648 2193 1685 habetur
2220 1649 2351 1698 lReg.
2370 1653 2464 1686 xv29:

1409 1703 1444 1738 T
1442 1702 1678 1750 riumphator
1695 1703 1732 1737 in
1754 1702 1873 1738 Israel
1892 1713 1966 1738 non
1983 1707 2124 1750 parcet,
2146 1713 2213 1738 nec
2231 1702 2468 1750 poenitudine

1395 1756 1580 1804 flectetur.
2321 1799 2323 1802 .

1459 1807 1556 1845 Dico
1595 1815 1726 1844 autem
1759 1813 1915 1857 propter
1950 1806 2223 1844 similitudinem
2265 1806 2469 1856 affectionis

1401 1860 1668 1911 praecedentis.
1708 1861 1813 1898 Nam
1848 1873 1959 1898 amor
1995 1867 2031 1897 et
2066 1860 2278 1911 gaudium„
2298 1872 2396 1909 quae
2429 1860 2468 1898 in

1365 1927 1390 1947 ³0
1404 1915 1490 1952 Deo
1523 1914 1679 1964 proprie
1714 1922 1813 1959 sunt,
1842 1913 2028 1963 principia
2055 1922 2144 1951 sunt
2172 1912 2350 1950 omnium
2378 1913 2468 1951 affe-

1404 1968 1596 2005 ctionum:
1618 1979 1730 2005 amor
1747 1968 1907 2017 quidem
1927 1979 1996 2017 per
2013 1967 2178 2004 modum
2197 1966 2372 2016 principii
2384 1979 2468 2003 mo-

1404 2022 1546 2066 ventis;
1575 2021 1762 2070 gaudium
1798 2033 1891 2058 vero
1926 2031 1996 2070 per
2030 2020 2194 2057 modum
2227 2019 2334 2065 finis,
2363 2020 2467 2056 unde

1404 2074 1520 2113 etiam
1540 2074 1623 2112 irati
1643 2074 1846 2124 punientes
1874 2073 2052 2123 gaudent,
2082 2072 2191 2123 quasi
2220 2070 2340 2109 finem
2368 2084 2467 2110 asse-

1404 2128 1494 2166 cuti.
1524 2127 1674 2166 Dicitur
1701 2127 1813 2177 igitur
1838 2127 1944 2165 Deus
1972 2128 2120 2173 tristari,
2150 2126 2379 2176 inquantum
2407 2138 2467 2163 ac-

1365 2195 1387 2215 ³⁵
1404 2182 1538 2220 cidunt
1565 2181 1694 2231 aliqua
1727 2180 1914 2219 contraria
1949 2180 2008 2218 his
2045 2192 2144 2229 quae
2182 2179 2262 2228 ipse
2299 2186 2401 2216 amat
2433 2187 2468 2215 et

1405 2236 1610 2285 approbat:
1645 2235 1742 2272 sicut
1774 2243 1810 2272 et
1846 2234 1885 2271 in
1923 2233 2035 2271 nobis
2068 2241 2123 2270 est
2154 2232 2298 2269 tristitia
2328 2232 2376 2269 de
2409 2231 2468 2268 his

1405 2301 1507 2338 quae
1535 2289 1648 2326 nobis
1677 2288 1895 2326 nolentibus
1923 2287 2152 2324 acciderunt.
2190 2286 2238 2323 Et
2266 2286 2341 2322 hoc
2366 2292 2469 2334 patet

1405 2345 1530 2380 Isaiae
1549 2339 1700 2380 Lix'⁵‘¹⁶:
1740 2340 1834 2379 Vidit
1860 2340 1972 2386 Deus,
2002 2346 2035 2377 et
2062 2340 2202 2377 malum
2232 2335 2403 2389 apparuit
2430 2339 2468 2374 in

1405 2397 1521 2434 oculis
1539 2397 1628 2442 eius,
1646 2397 1731 2445 quia
1752 2408 1825 2433 non
1847 2401 1897 2431 est
1916 2394 2102 2431 iudicium.
2123 2393 2169 2430 Et
2187 2392 2275 2430 vidit
2289 2393 2374 2441 quia
2394 2402 2467 2428 non

1368 2467 1390 2484 ιο
1405 2456 1457 2488 est
1475 2451 1543 2495 vir,
1565 2455 1598 2486 et
1623 2451 1814 2499 aporiatus
1837 2454 1898 2493 est,
1920 2449 2006 2497 quia
2031 2459 2104 2484 non
2129 2452 2179 2483 est
2204 2446 2267 2494 qui
2283 2450 2466 2482 occurrat.

1459 2504 1518 2540 Ex
1546 2502 1748 2552 praedictis
1775 2509 1906 2538 autem
1934 2499 2147 2537 excluditur
2174 2510 2280 2535 error
2297 2509 2468 2546 quorun-

274 2564 379 2596 amat
396 2569 473 2596 vos.
493 2578 520 2584 -
540 2556 770 2606 Philosophi
797 2556 914 2595 etiam
944 2556 1107 2606 quidam
1135 2563 1351 2606 posuerunt
1405 2557 1496 2594 dam
1525 2556 1758 2593 Iudaeorum
1787 2553 2074 2591 attribuentium
2107 2553 2191 2588 Deo
2223 2551 2330 2596 iram,
2359 2549 2468 2586 tristi-

275 2623 408 2649 rerum
435 2609 672 2660 principium
700 2610 774 2648 Dei
798 2622 976 2648 amorem
995 2610 1026 2648 ⁸.
1058 2610 1132 2648 Cui
1161 2620 1350 2648 consonat
1405 2609 1509 2655 tiam,
1539 2607 1826 2658 poenitentiam,
1847 2614 1883 2643 et
1907 2617 2043 2643 omnes
2071 2603 2296 2641 huiusmodi
2322 2602 2467 2651 passio-

274 2663 453 2716 Dionysii
475 2663 656 2709 verbum,
675 2676 711 2702 iv
729 2676 813 2715 cap.
834 2664 881 2702 de
898 2665 984 2702 Div.
1006 2665 1123 2702 Nom.
1138 2664 1170 2711 ³¹²,
1190 2663 1349 2701 dicentis
1404 2675 1484 2707 nes,
1521 2661 1736 2699 secundum
1769 2658 2053 2710 proprietatem,
2082 2669 2162 2694 non
2194 2655 2466 2713 distinguentes

274 2718 384 2768 quod
411 2717 559 2756 divinus
585 2730 698 2756 amor
725 2731 802 2756 non
825 2719 996 2768 permisit
1023 2719 1144 2768 ipsum
1164 2719 1245 2755 sine
1262 2730 1349 2767 ger·
1364 2731 1387 2750 ις
1404 2715 1499 2765 quid
1526 2715 1566 2752 in
1595 2712 1797 2763 Scripturis
1827 2711 1950 2750 Sacris
1978 2709 2132 2760 proprie
2152 2716 2188 2746 et
2206 2708 2465 2756 metaphorice

274 2773 378 2810 miste
403 2784 492 2809 esse.
1404 2769 1562 2806 dicatur.

1000 2882 1017 2908 6
1037 2885 1156 2909 dicuntur
1181 2882 1271 2917 amari]
1295 2883 1405 2908 dicimur
1428 2889 1516 2907 amare
1535 2881 1582 2906 Pd.
1683 2886 1716 2911 14
1735 2879 1808 2904 illum
1833 2878 1889 2908 NZ;
1912 2877 1984 2901 illud.
2084 2874 2116 2900 16
2135 2873 2218 2906 illurn}
2242 2873 2304 2898 illud
2327 2872 2464 2901 DEGWY,

1186 2926 1218 2951 27
1238 2926 1298 2944 esse
1315 2926 1379 2944 casu
1400 2919 1473 2943 deest
1492 2918 1519 2943 in
1537 2918 1574 2947 Α;
1594 2916 1617 2940 Υ
1636 2916 1716 2949 legit:
1733 2922 1801 2948 quae
1819 2914 1844 2939 in
1863 2914 1918 2938 Deo
1937 2912 2039 2945 proprie
2058 2915 2140 2941 esset3
2165 2910 2255 2935 NWZ:
2274 2916 2340 2941 quae
2358 2908 2390 2932 de
2410 2908 2464 2931 Deo

274 2956 383 2990 proprie
399 2956 449 2981 dici
466 2956 562 2988 possit.
654 2956 682 2981 31
705 2955 860 2990 scripum-e]
881 2963 972 2981 sacrae
988 2956 1135 2988 Scripturae
1154 2955 1297 2980 DENYPd.
1391 2954 1423 2979 33
1442 2953 1476 2987 ix]
1495 2961 1542 2978 vm
1561 2953 1603 2982 Pc,
1622 2952 1654 2976 X.
1668 2952 1694 2976 d.
1781 2950 1811 2982 37
1830 2948 1875 2982 vn]
1894 2947 2113 2988 viu—EGNN-vV'Yb.
2156 2981 2162 2986 ·

329 2998 343 3018 ι
364 2991 443 3017 etim
461 2999 506 3017 om
524 2991 562 3023 G,
578 2992 650 3025 quod
667 2991 765 3022 «Der,
777 2995 843 3025 poet
858 3000 876 3024 4
890 2992 996 3025 proprie
1010 2991 1033 3016 Y
1046 2992 1126 3016 addit
1138 2996 1259 3024 possunt.
1357 2988 1514 3023 affectiones]
1534 2987 1707 3021 perfectiones
1728 2985 1775 3010 Pd.
1872 2991 1901 3009 11
1925 2984 2021 3008 Dicitur
2037 2988 2113 3015 igitur
2131 2980 2268 3013 aliquando
2286 2979 2356 3003 Deus
2376 2978 2463 3007 GWb;

275 3026 374 3052 Dicitur
392 3028 462 3052 enim
481 3026 622 3061 aliquando
634 3026 706 3052 Deus
721 3026 770 3052 EY
782 3031 809 3052 et
820 3027 877 3053 sine
891 3026 962 3052 Deus
977 3026 1030 3058 ΝΖ,
1044 3027 1115 3051 Deus
1130 3027 1199 3052 enim
1220 3026 1311 3051 dicitur
1328 3025 1468 3058 aliquando
1481 3032 1513 3050 αε
1531 3027 1557 3049 et
1576 3022 1706 3048 mutando
1718 3021 1858 3054 aliquando
1877 3019 1967 3044 dicitur
1981 3018 2027 3044 Pd.
2115 3015 2147 3042 28
2166 3013 2278 3057 propter]
2297 3021 2343 3047 per
2357 3012 2464 3038 aDEPc.

275 3062 416 3088 affectionis
430 3066 497 3095 post
561 3062 692 3088 ecedentis
711 3062 797 3088 «Dec.
890 3062 923 3088 36
942 3069 969 3087 et
987 3062 1022 3096 in]
1042 3062 1067 3087 in
1088 3070 1127 3092 ac,
1145 3068 1171 3087 et
1189 3062 1218 3093 E,
1238 3069 1280 3086 om
1300 3061 1331 3086 D.
1422 3066 1463 3085 est
1480 3067 1522 3085 om
1544 3059 1569 3088 d,
1584 3062 1648 3091 post
1665 3057 1765 3083 tristitia
1783 3056 1812 3081 P.
1897 3054 1928 3087 37
1948 3052 2100 3085 acciderunt]
2121 3051 2237 3091 accidunt
2254 3047 2464 3090 DDWYZsNbP,

553 3098 587 3123 Et
604 3099 668 3124 vidit
686 3098 760 3130 ⁸203
780 3103 806 3124 et
822 3105 877 3131 seq.
895 3099 1012 3131 spatium
1032 3098 1086 3129 ΒΥ,
1106 3098 1132 3122 in
1149 3103 1219 3123 tei-ra
1237 3098 1266 3127 C,
1285 3102 1311 3122 et
1329 3105 1362 3121 na
1380 3097 1409 3127 F,
1429 3101 1455 3121 et
1474 3094 1609 3124 DEGXcd,
1628 3101 1670 3118 om
1690 3093 1758 3123 HW,
1777 3097 1803 3116 et
1821 3091 1884 3115 vidit
1900 3090 1971 3115 Deus
1990 3090 2018 3114 P.
2049 3123 2054 3129 .
2098 3094 2133 3118 4ο
2152 3084 2248 3127 estvir]
2267 3085 2366 3123 videtur
2381 3083 2412 3113 G,
2425 3087 2465 3124 est

523 3134 656 3168 aporiatus
673 3134 819 3166 quPc;
839 3142 903 3160 rma
922 3135 974 3168 pG,
992 3134 1144 3167 aquoriatus
1162 3133 1195 3164 N,
1213 3138 1370 3166 appi-ovatus
1389 3132 1479 3157 ceteri.
1568 3129 1602 3161 43
1621 3136 1715 3154 omnes
1738 3135 1781 3153 om
1807 3126 1904 3156 BEGZ,
1925 3128 1987 3157 post
2012 3123 2158 3148 huiusmodi
2177 3122 2208 3146 N.
2295 3126 2328 3150 4³
2349 3118 2381 3151 et]
2402 3118 2464 3151 quid

329 2883 344 2910 5
364 2889 391 2910 et
407 2883 550 2918 improprie
568 2886 590 2909 Α
609 2884 695 2912 sotus:
715 2891 768 2909 non
787 2884 900 2916 proprie.

273 2921 363 2954 ἔρωτι
381 2921 409 2946 δι
497 2926 533 2945 ao
550 2921 630 2953 igitur
645 2926 689 2945 om
708 2920 802 2950 Gde,
817 2923 882 2946 ante
900 2920 1007 2953 quidem
1026 2920 1094 2945 NZc.

274 3170 319 3202 W,
338 3175 364 3195 et
382 3152 445 3204 quid
464 3170 493 3196 P.

1038 3249 1375 3283 Commentaria
1404 3245 1711 3279 Fer-ramensis

1459 3344 1482 3374 1.
1503 3343 1671 3381 Quantum
1687 3340 1726 3371 ad
1743 3341 1892 3380 primum,
1909 3337 2064 3379 arguitur
2080 3336 2189 3376 primo
2212 3335 2268 3365 sic.
2292 3335 2380 3364 Deus
2396 3334 2465 3365 vult

1403 3389 1528 3419 bonum
1551 3396 1646 3417 suum
1663 3391 1695 3416 et
1710 3385 1856 3415 aliorum.
1880 3381 1965 3422 Ergo
1981 3382 2013 3411 in
2030 3382 2101 3420 ipso
2117 3385 2164 3410 eet
2179 3388 2270 3409 amor
2284 3378 2464 3409 secundum

1403 3438 1512 3463 actum
1535 3431 1708 3461 voluntatis
1733 3430 1811 3459 eius.
1827 3445 1849 3449 —
1871 3427 2027 3456 Probatur
2050 3424 2290 3463 consequentia.
2314 3423 2400 3460 Quia
2423 3422 2463 3453 de

1402 3478 1526 3507 ratione
1550 3475 1668 3505 amoris
1691 3479 1738 3504 est
1761 3471 1849 3512 quod
1873 3479 1981 3500 amans
2004 3469 2128 3499 bonum
2151 3468 2247 3497 amati
2270 3467 2356 3497 velit.

1458 3520 1598 3550 Adverte
1622 3517 1712 3558 quod
1738 3517 1842 3556 inquit
1873 3522 2016 3544 amorem
2047 3521 2114 3542 esse
2138 3512 2171 3542 in
2194 3512 2265 3542 Deo
2288 3511 2464 3542 secundum

1404 3570 1511 3595 actum
1528 3562 1712 3597 voluntatis,
1733 3566 1769 3591 ut
1784 3563 1962 3600 praeservet
1984 3566 2018 3587 se
2034 3557 2073 3586 ab
2097 3564 2205 3586 amore
2222 3556 2280 3596 qui
2295 3561 2342 3586 est
2357 3556 2464 3596 passio

1405 3609 1564 3649 appetitus
1588 3606 1738 3637 sensitivi.

1460 3651 1608 3682 Secundo
1622 3651 1648 3680 θ.
1669 3650 1756 3679 Deus
1773 3647 1840 3677 vult
1855 3647 1979 3676 bonum
1995 3644 2250 3684 uniuscuiusque
2266 3649 2302 3674 ut
2317 3649 2365 3674 est
2380 3644 2463 3674 eius:

278 3359 457 3423 sucinum,
473 3349 615 3380 ostendit
628 3348 721 3390 quod
743 3349 776 3380 in
796 3350 868 3380 Deo
885 3350 982 3380 etiam
1003 3357 1100 3378 amor
1113 3347 1156 3378 sit
1172 3345 1350 3376 secundum

319 3394 499 3435 propriam
528 3394 690 3424 rationem
713 3404 795 3425 suae
825 3394 943 3434 speciei
965 3393 992 3422 *.
1023 3391 1119 3422 Circa
1149 3391 1214 3421 hoc
1241 3396 1350 3420 autem

277 3443 418 3479 quatuor
440 3437 530 3470 facit:
554 3439 674 3479 primo,
690 3438 833 3469 ostendit
855 3437 1060 3478 propositum
1084 3435 1278 3470 rationibus;
1302 3443 1351 3463 se·

277 3482 387 3514 cundo
410 3483 548 3523 (tertio),
570 3489 637 3513 tam
658 3483 745 3514 hanc.
765 3483 1012 3514 conclusionem
1035 3489 1134 3519 quam
1156 3477 1351 3518 praeceden-

276 3533 345 3558 tem
371 3527 617 3558 auctoritatibus
644 3527 860 3563 confirmat*;
882 3526 977 3556 tertio
1001 3523 1182 3564 (secundo),
1206 3527 1352 3552 removet

277 3571 445 3612 quoddam
468 3571 606 3603 dubium
622 3573 657 3608 *;
679 3578 808 3612 quarto,
824 3570 965 3602 ostendit
988 3567 1158 3609 quomodo
1179 3567 1259 3596 aliae
1279 3576 1351 3606 pas÷

277 3617 399 3654 stenes,
419 3626 505 3657 quae
528 3616 711 3647 secundum
732 3617 893 3646 rationem
922 3623 1000 3644 suae
1029 3612 1148 3652 speciei
1171 3615 1352 3650 repugnant

277 3660 405 3692 divinae
426 3660 630 3702 perfectioni,
650 3661 726 3691 Deo
747 3661 780 3690 in
805 3659 902 3690 Saea-a
919 3658 1081 3697 Scriptura
1097 3655 1308 3685 attribuantur
1324 3654 1350 3683 ἦ

2491 3645 2501 3655 '
2517 3644 2552 3666 ef.
2569 3650 2590 3666 n.
2603 3650 2639 3666 iii.
