2768 4134
746 291 936 329 SUMMA
965 292 1187 331 CONTRA
1216 293 1492 343 GENTILES,
1525 295 1636 333 CAP.
1657 297 1827 344 LXXIV,
1848 297 2002 336 LXXV.

272 370 360 409 Quia
382 380 598 412 unaquaeque
622 372 722 402 virtus
745 370 786 402 ad
809 381 905 402 suum
925 372 1090 403 obiectum
1106 374 1283 414 principale
1299 384 1348 405 se-

0 439 5 458 ÷·
272 415 419 446 cundum
434 416 662 456 aequalitatem
677 416 957 457 proportionatur:
976 426 1050 447 cum
1062 418 1161 448 virtus
1172 419 1218 449 rei
1233 428 1348 449 secun-

0 459 6 496 ἶ
272 459 353 491 dum
376 461 504 491 obiecta
526 466 741 497 mensuretur,
765 465 802 491 ut
825 460 941 491 dicitur
965 461 976 491 1
999 462 1100 498 Caeli,
1118 468 1193 493 text.
1211 463 1283 493 116.

329 504 424 536 Circa
453 505 682 546 probationem
711 506 973 546 consequentiae,
998 507 1229 538 attendendum
1259 507 1349 548 quod

272 549 331 580 ista
355 550 531 590 aequalitas
554 550 637 580 inter
659 550 811 580 virtutem
835 555 866 581 et
890 551 1055 582 obiectum
1074 561 1142 582 non
1159 557 1207 582 est
1222 562 1350 593 semper

273 594 460 634 accipienda
484 594 666 625 secundum
696 594 922 635 aequalitatem
955 596 1211 635 praedicationis,
1235 596 1292 627 sed
1315 597 1349 627 in

272 639 436 679 aliquibus
460 639 616 679 accipitur
639 639 820 670 secundum
845 640 1070 680 aequalitatem
1095 641 1230 671 alicuius
1246 641 1350 671 conti-

272 684 417 714 nentiae:
442 689 479 713 ut
501 683 623 714 scilicet
647 693 745 714 omne
762 684 801 714 ad
818 684 907 724 quod
931 685 1121 716 terminatur
1143 686 1253 721 virtus,
1271 695 1349 716 con-

272 728 412 759 tineatur
439 728 474 758 in
504 728 672 768 principali
703 729 847 765 obiect0;
873 736 904 760 et
928 729 1083 770 quicquid
1108 731 1293 760 continetur
1316 731 1349 761 in

273 772 443 813 principali
467 772 607 808 obiecto,
627 778 739 803 natum
760 774 800 804 sit
816 774 927 814 attingi
951 784 969 804 a
992 775 1148 814 potentia.
1172 774 1225 805 Sic
1241 780 1350 805 autem

273 816 412 848 dicimus
440 816 582 848 divinam
613 819 784 848 essentiam
814 818 986 859 adaequari
1016 818 1143 849 divinae
1173 819 1349 849 voluntati:

273 862 350 902 quia
374 871 473 893 omne
498 872 710 903 quocumque
734 862 835 894 modo
860 863 997 893 volitum
1014 863 1053 893 ab
1069 864 1148 903 ipsa,
1166 864 1350 894 continetur

272 907 307 937 in
331 906 439 937 divina
463 907 599 938 essentia
622 913 778 948 tanquam
801 908 834 938 in
859 917 989 938 summo
1008 908 1098 938 bono
1122 913 1154 938 et
1176 908 1350 948 exemplari

273 952 381 982 omnis
405 952 566 982 bonitatis.
591 952 727 983 Nullum
751 958 860 983 autem
883 952 1009 982 bonum
1033 957 1175 982 creatum
1207 953 1351 983 continet

409 1575 414 1579 «
456 1577 465 1606 ,¹
487 1569 545 1594 mc
574 1564 706 1594 autem
726 1555 878 1593 ostendi
897 1564 1023 1605 potest
1042 1556 1162 1605 quod,
1183 1556 1354 1593 volendo

454 1611 462 1632 ³
500 1622 553 1657 se,
583 1611 667 1646 vult
695 1609 812 1646 etiam
841 1609 925 1647 alia.

290 1708 297 1715 .
454 1705 457 1709 ,
554 1663 677 1701 Cuius
706 1662 812 1700 enim
840 1671 896 1700 est
924 1664 1022 1700 velle
1058 1662 1180 1699 finem
1215 1662 1354 1712 princi-

283 1720 298 1731 “’
337 1710 423 1762 ‘'ef'‘
500 1716 646 1767 paliter‚
677 1716 760 1754 eius
789 1725 845 1753 est
873 1717 970 1754 velle
999 1728 1045 1753 ea
1073 1728 1174 1766 quae
1197 1723 1287 1753 sunt
1305 1716 1355 1753 ad

275 1770 399 1811 finem
420 1770 568 1809 ratione
596 1770 697 1808 finis.
728 1771 797 1808 Est
815 1778 948 1808 autem
967 1769 1048 1819 ipse
1068 1770 1176 1807 Deus
1195 1769 1355 1807 ultimus

275 1837 409 1864 rerum
437 1824 539 1870 finis,
560 1832 603 1862 ut
630 1836 676 1861 ex
705 1824 910 1874 praedictis
928 1823 949 1846 *
977 1823 1220 1873 aliquatenus
1238 1831 1352 1873 patet.

276 1879 336 1921 Ex
365 1879 442 1916 hoc
469 1878 583 1927 igitur
610 1878 719 1927 quod
738 1879 821 1914 vult
844 1889 884 1914 se
909 1889 1005 1922 esse,
1026 1877 1142 1914 etiam
1166 1876 1239 1914 alia
1258 1878 1353 1924 vult,

275 1944 378 1984 quae
407 1932 447 1969 in
475 1932 606 1981 ipsum
635 1930 732 1968 sicut
759 1930 799 1967 in
827 1930 949 1967 finem
978 1930 1217 1967 ordinantur.

330 1987 438 2024 Item.
459 1984 739 2034 Unusquisque
759 1983 842 2021 eius
857 1984 965 2034 quod
981 1991 1037 2020 est
1051 1991 1210 2033 propter
1223 1983 1354 2033 ipsum

276 2039 326 2078 ab
354 2039 440 2090 ipso
469 2038 635 2076 volitum
670 2046 706 2075 et
734 2045 921 2083 amatum,
951 2036 1227 2087 perfectionem
1255 2036 1354 2074 desi-

276 2093 399 2131 derat:
430 2105 531 2142 quae
560 2091 666 2129 enim
695 2098 853 2141 propter
881 2103 921 2128 se
950 2103 1142 2136 amamus,
1168 2091 1354 2127 volumus

277 2159 360 2185 esse
389 2146 548 2196 optima,
579 2153 616 2182 et
644 2157 800 2194 semper
827 2143 1021 2182 meliorari
1041 2151 1077 2180 et
1097 2143 1352 2193 multiplicari,

276 2207 471 2250 quantum
498 2198 682 2249 possibile
711 2206 777 2235 est.
814 2199 899 2248 Ipse
928 2205 1059 2234 autem
1088 2198 1195 2234 Deus
1227 2209 1354 2234 essen-

275 2253 370 2292 tiam
399 2265 513 2290 suam
541 2260 701 2302 propter
734 2251 902 2301 seipsam
931 2252 1013 2288 vult
1046 2259 1082 2288 et
1115 2258 1230 2288 amat.
1260 2251 1355 2288 Non

276 2315 410 2346 autem
438 2306 657 2344 secundum
686 2318 726 2342 se
755 2304 1048 2354 augmentabilis
1072 2312 1107 2341 et
1127 2303 1355 2353 multiplica-

276 2360 363 2399 bilis
382 2368 449 2407 est,
470 2368 513 2398 ut
537 2372 584 2397 ex
604 2372 722 2409 supra
740 2358 760 2381 *
788 2358 898 2396 dictis
917 2366 973 2396 est
991 2357 1255 2395 manifestum:
1286 2357 1354 2394 sed

277 2415 406 2452 solum
434 2413 733 2463 multiplicabilis
761 2420 818 2449 est
845 2412 1064 2449 secundum
1083 2423 1196 2448 suam
1225 2410 1355 2448 simili-

277 2467 467 2514 tudinem,
487 2479 590 2517 quae
609 2479 632 2503 a
651 2466 781 2504 multis
808 2465 1059 2515 participatur
1071 2465 1102 2501 ²¹².
1132 2465 1224 2502 Vult
1243 2464 1356 2512 igitur

30 2365 45 2376 .
58 2363 184 2393 amm.

22 2463 46 2482 ³*
59 2469 119 2499 Cup.
129 2475 193 2492 xxix.

277 2522 386 2559 Deus
423 2532 554 2558 rerum
589 2519 880 2558 multitudinem
914 2531 960 2556 ex
997 2519 1072 2556 hoc
1105 2518 1212 2568 quod
1242 2530 1355 2555 suam

278 2573 484 2612 essentiam
514 2582 551 2610 et
578 2573 856 2623 perfectionem
884 2573 967 2610 vult
995 2580 1032 2609 et
1059 2579 1174 2609 amat.

332 2627 524 2677 Amplius.
555 2627 809 2676 Quicumque
837 2634 942 2664 amat
970 2625 1116 2675 aliquid
1136 2625 1355 2662 secundum

279 2693 320 2719 se
340 2690 376 2719 et
395 2688 555 2730 propter
572 2680 716 2730 ipsum,
737 2687 842 2717 amat
864 2691 936 2729 per
958 2690 1204 2728 consequens
1223 2677 1356 2715 omnia

278 2735 319 2773 in
333 2735 478 2785 quibus
497 2733 591 2771 illud
610 2733 821 2771 invenitur:
843 2740 885 2770 ut
903 2732 971 2782 qui
991 2739 1095 2769 amat
1108 2731 1356 2768 dulcedinem

278 2796 439 2839 propter
461 2788 599 2837 ipsam,
625 2794 777 2837 oportet
801 2786 909 2836 quod
937 2785 1070 2823 omnia
1089 2784 1216 2822 dulcia
1240 2790 1354 2821 amet.

281 2842 360 2881 Sed
387 2843 495 2879 Deus
531 2853 650 2878 suum
684 2852 767 2877 esse
803 2839 1022 2877 secundum
1058 2851 1097 2876 se
1131 2845 1167 2874 et
1199 2844 1358 2887 propter

280 2895 411 2946 ipsum
445 2896 529 2932 vult
566 2902 603 2932 et
639 2901 756 2938 amat,
785 2901 828 2930 ut
865 2904 983 2942 supra
1002 2891 1023 2913 '¹‘
1050 2899 1251 2929 ostensum
1288 2897 1354 2927 est.

281 2950 413 2988 Omne
437 2956 570 2986 autem
593 2947 698 2985 aliud
722 2958 805 2983 esse
829 2954 886 2983 est
903 2945 1099 2995 quaedam
1119 2943 1178 2981 sui
1197 2955 1280 2980 esse
1299 2955 1357 2980 se-

34 2884 36 2886 *
62 2900 120 2930 Cup.
133 2906 210 2930 praec.

338 3070 349 3087 ι
371 3061 494 3094 volendo]
514 3060 585 3085 Deus
603 3060 717 3085 volendo
734 3058 820 3084 WPd.
920 3058 933 3082 3
953 3058 1127 3090 principaliter
1145 3058 1167 3081 Α
1186 3057 1273 3088 solus;
1291 3063 1344 3082 om.

282 3104 308 3124 et
326 3099 359 3130 Z;
379 3105 484 3130 semper
502 3096 611 3122 meliora
629 3101 656 3121 et
673 3095 740 3120 YPd
757 3098 783 3119 et
801 3094 859 3119 sine
877 3098 903 3118 et
921 3093 1029 3123 DGWb,
1049 3099 1091 3118 om
1111 3093 1175 3119 «Ec.

337 3142 366 3162 ιι
389 3139 520 3159 remotum
539 3133 562 3157 A
581 3133 667 3162 solus;
686 3136 796 3156 remota.
888 3128 921 3154 18
939 3128 999 3161 sint]
1019 3133 1081 3154 sunt
1099 3127 1147 3153 «E.

359 3331 474 3352 sranso
491 3319 583 3361 quod
602 3321 642 3350 sit
665 3318 841 3359 principale
864 3317 1001 3348 volitum
1026 3315 1152 3346 divinae
1175 3315 1360 3351 voluntatis,

286 3331 494 3398 Oulterius
513 3365 650 3396 Sanctus
662 3364 807 3394 Thomas
823 3361 963 3392 ostendit
975 3359 1066 3401 quod
1087 3365 1162 3390 sunt
1177 3360 1247 3390 eius
1264 3361 1360 3390 etiam

285 3412 393 3452 aliqua
426 3409 615 3442 secundaria
641 3408 741 3439 volita
756 3409 783 3438 *.
814 3407 908 3438 Circa
937 3406 1002 3436 hoc
1032 3409 1141 3435 autem
1172 3404 1238 3434 duo
1270 3403 1359 3434 facit:

284 3457 404 3498 primo,
421 3456 486 3496 agit
501 3455 542 3486 de
562 3454 698 3484 obiectis
720 3452 917 3483 secundariis
940 3451 974 3480 in
998 3449 1180 3484 communi;
1205 3447 1360 3484 secundo,

285 3502 320 3532 in
342 3500 528 3542 particulari
552 3498 591 3529 de
616 3497 811 3539 quibusdam
833 3496 973 3531 illorum,
999 3503 1068 3534 cap.
1086 3503 1188 3523 Lxxxx.

343 3545 439 3576 Circa
461 3545 605 3585 primum
629 3542 696 3573 duo
720 3541 809 3572 facit:
835 3541 951 3581 primo,
969 3539 1032 3579 agit
1048 3538 1087 3569 de
1111 3538 1188 3577 ipsis
1212 3537 1360 3573 obiectis3

286 3589 443 3625 secundo,
468 3588 508 3620 de
532 3587 634 3619 modo
657 3586 790 3617 volendi
813 3586 954 3620 illorum,
979 3583 1083 3623 capite
1106 3582 1264 3621 sequenti.

344 3634 366 3664 1.
391 3633 561 3672 Quantum
585 3631 625 3663 ad
647 3632 801 3672 primum,
818 3630 950 3671 ponitur
965 3629 1043 3658 haec
1060 3626 1242 3657 conclusio:
1261 3625 1360 3662 Deus,

287 3678 426 3709 volendo
449 3688 493 3714 se,
518 3677 588 3708 vult
610 3677 707 3707 etiam
731 3676 809 3706 alia.

47 3425 50 3426 .
68 3407 105 3430 Cf.
122 3407 256 3439 Commeat.

45 3462 47 3467 .
88 3450 95 3457 .
105 3440 191 3463 praec.¹
205 3438 256 3457 mn.

9 3775 39 3908 ,Ξ

12 3908 38 4012 ξ

21 4011 34 4024 b

19 4083 38 4134 *37*-

2397 302 2470 338 215

1373 372 1377 452 ἱ
1402 384 1500 405 omne
1524 375 1615 416 quod
1638 376 1722 407 cadit
1745 377 1805 407 sub
1836 377 1943 408 divina
1965 379 2147 410 voluntate:
2172 381 2233 411 nisi
2256 379 2338 411 forte
2370 382 2474 412 conti-

1400 420 1509 450 nentia
1524 421 1657 451 rationis
1673 426 1705 451 et
1720 421 1896 462 analogiae.
1910 422 1973 453 Ubi
1989 423 2220 455 advertendum
2235 425 2336 465 quod,
2353 425 2428 456 licet
2439 427 2473 457 in

1402 463 1471 494 aliis
1482 463 1687 495 inferioribus
1703 474 1763 505 pro
1775 465 1956 507 adaequato
1972 467 2100 498 obiecto
2116 469 2281 509 potentiae
2297 470 2474 510 assignetur

1402 507 1525 548 aliquid
1544 518 1720 539 commune
1737 510 1917 541 secundum
1934 512 2103 548 rationem,
2115 518 2244 553 oportet
2261 519 2370 545 tamen
2389 515 2471 551 Deo,

1402 557 1561 592 quantum
1595 552 1635 583 ad
1667 554 1872 593 operationes
1904 555 2131 593 immanentes,
2162 558 2319 598 assignare
2346 559 2473 590 obiecta

1402 598 1592 627 communia
1614 599 1847 629 communitate
1863 599 2005 630 virtualis
2029 602 2254 632 continentiae.
2280 602 2375 641 Quia,
2396 613 2472 635 cum

1373 635 1376 675 Ι
1401 642 1501 671 virtus
1524 641 1631 672 divina
1655 643 1695 672 sit
1718 641 1958 682 perfectissima,
1983 644 2246 684 perfectissimam
2269 647 2329 677 sibi
2354 649 2473 679 obiecti

1403 687 1671 717 communitatem
1683 692 1813 727 oportet
1828 688 1996 728 assignare.
2013 689 2189 720 Perfectior
2201 696 2247 721 est
2263 696 2370 722 autem
2383 702 2472 723 com-

1402 731 1542 761 munitas
1564 731 1707 762 virtualis
1731 732 1948 763 continentiae
1972 742 2070 773 quam
2101 736 2315 766 communitas
2341 738 2472 767 rationis

1402 774 1583 806 secundum
1598 775 1886 816 praedicationem:
1903 786 1979 807 cum
1996 777 2048 808 illa
2065 778 2104 808 sit
2117 779 2315 810 continentia
2330 781 2471 816 actualis,

1402 820 1461 850 ista
1477 825 1586 850 autem
1602 820 1642 850 sit
1657 821 1856 851 continentia
1880 822 2062 861 potentialis
2083 828 2114 853 et
2136 824 2315 854 materialis.
2332 824 2408 855 Ideo
2425 825 2473 855 di-

1402 865 1495 895 vinae
1511 865 1669 895 voluntati
1694 866 1871 905 assignatur
1885 866 1938 896 hic
1954 866 2061 897 divina
2077 868 2212 898 essentia
2228 873 2382 909 tanquam
2397 879 2473 910 pro-

1402 909 1625 949 portionatum
1637 910 1814 946 obiectum,
1827 916 1941 951 utpote
1958 920 2040 951 quae
2057 912 2232 943 virtualiter
2248 918 2279 943 et
2294 913 2474 944 secundum

1404 954 1735 989 eminentiamssmne
1759 955 1897 986 volitum
1921 956 2094 986 contineat.

1352 1069 1405 1110 Ψ.

551 1214 1036 1272 CAPITULUM
1074 1217 1789 1274 SEPTUAGESIMUM
1827 1219 2020 1295 QUIN
2022 1219 2202 1275 TUM

1143 1336 1174 1366 A
1204 1345 1274 1366 22v
1311 1337 1382 1366 b15
1415 1337 1484 1367 sine
1508 1337 1614 1367 titulo.

649 1425 825 1478 QUOD
860 1425 1038 1474 DEUS,
1074 1426 1373 1466 VOLENDO
1409 1426 1494 1474 SE,
1529 1427 1696 1468 VULT
1730 1428 1922 1468 ETIAM
1956 1429 2102 1469 ALIA

1410 1557 1585 1594 cundum
1621 1556 1911 1594 similitudinem
1946 1558 2196 1607 participatio,
2226 1567 2267 1596 ut
2295 1571 2342 1596 ex
2369 1572 2478 1609 prae-

1409 1609 1518 1647 dictis
1535 1610 1556 1632 '¹‘
1575 1610 1816 1659 aliquatenus
1835 1619 1949 1660 patet.
1979 1611 2223 1661 Relinquitur
2241 1612 2353 1660 igitur
2371 1613 2477 1662 quod
2506 1618 2514 1626 ·

1410 1663 1528 1710 Deus,
1559 1675 1604 1700 ex
1634 1664 1710 1700 hoc
1738 1663 1822 1713 ipso
1851 1665 1958 1713 quod
1987 1666 2070 1702 vult
2089 1673 2125 1701 et
2144 1673 2247 1702 amat
2266 1677 2317 1713 se,
2338 1667 2420 1703 vult
2443 1673 2480 1703 et

1410 1724 1514 1753 amat
1542 1716 1625 1754 alia.

1377 1783 1387 1803 ε
1463 1770 1615 1807 Adhuc.
1646 1770 1766 1816 Deus,
1791 1771 1960 1808 volendo
1983 1783 2036 1818 se,
2057 1772 2139 1808 vult
2162 1771 2295 1808 omnia
2317 1784 2417 1821 quae
2441 1771 2481 1809 in

1410 1823 1494 1872 ipso
1523 1831 1623 1861 sunt.
1654 1824 1798 1862 Omnia
1826 1832 1957 1861 autem
1986 1824 2282 1874 quodammodo
2311 1824 2481 1874 praeexi-

1410 1884 1514 1914 stunt
1528 1877 1567 1914 in
1583 1876 1668 1926 ipso
1683 1889 1753 1926 per
1766 1877 1942 1926 proprias
1957 1878 2132 1924 rationes,
2144 1886 2186 1915 ut
2201 1878 2345 1927 supra*
2355 1886 2481 1915 osten-

1410 1942 1499 1967 sum
1523 1938 1589 1967 est.
1618 1931 1725 1967 Deus
1749 1930 1872 1979 igitur,
1893 1931 2063 1968 volendo
2083 1943 2134 1977 se,
2156 1931 2270 1968 etiam
2295 1931 2367 1968 alia
2386 1932 2478 1968 vult.

1464 1984 1570 2020 Item.
1601 1983 1760 2031 Quanto
1789 1983 1933 2033 aliquid
1969 1992 2024 2021 est
2058 1984 2290 2033 perfectioris
2318 1983 2478 2026 virtutis,

1370 2049 1395 2064 ιο
1408 2044 1514 2074 tanto
1534 2049 1605 2074 sua
1623 2036 1823 2074 causalitas
1841 2037 1890 2074 ad
1910 2038 2021 2086 plura
2040 2049 2080 2074 se
2100 2037 2267 2074 extendit
2285 2045 2321 2074 et
2340 2037 2379 2074 in
2398 2049 2479 2075 ma-

1408 2089 1464 2138 gis
1492 2097 1700 2136 remotum,
1729 2098 1771 2127 ut
1803 2102 1920 2139 supra
1941 2090 1962 2112 '¹‘
1989 2090 2136 2127 dictum
2165 2099 2230 2127 est.
2270 2090 2480 2128 Causalitas
2507 2098 2516 2105 ·

1409 2151 1540 2180 autem
1564 2143 1652 2180 finis
1675 2143 1714 2180 in
1739 2144 1814 2180 hoc
1837 2143 2007 2180 consistit
2030 2144 2137 2192 quod
2165 2151 2323 2193 propter
2350 2144 2479 2192 ipsum

1409 2196 1482 2233 alia
1500 2196 1778 2233 desiderantur.
1795 2197 1953 2244 Quanto
1973 2196 2085 2245 igitur
2099 2196 2187 2234 finis
2206 2204 2262 2234 est
2279 2196 2481 2246 perfectior

1410 2257 1447 2287 et
1466 2249 1587 2299 magis
1612 2249 1765 2295 volitas,
1786 2257 1892 2287 tanto
1911 2251 2090 2287 voluntas
2108 2250 2271 2287 volentis
2290 2249 2411 2287 finem
2430 2249 2480 2287 ad

1371 2317 1393 2338 ις
1410 2304 1522 2353 plura
1541 2303 1757 2341 extenditur
1780 2303 1925 2340 ratione
1950 2302 2038 2340 finis
2057 2303 2166 2340 illius.
2190 2302 2332 2341 Divina
2350 2311 2481 2340 autem

1410 2356 1574 2394 essentia
1606 2364 1661 2394 est
1693 2356 1967 2406 perfectissima
1994 2356 2033 2393 in
2062 2356 2208 2394 ratione
2239 2356 2418 2394 bonitatis
2445 2363 2482 2393 et

1410 2410 1509 2447 finis.
1538 2410 1654 2458 Igitur
1679 2410 1871 2447 diffundet
1894 2422 2006 2447 suam
2029 2409 2289 2447 causalitatem
2314 2409 2481 2447 maxime

1411 2464 1460 2501 ad
1486 2465 1619 2510 multa,
1647 2471 1689 2500 ut
1714 2471 1872 2513 propter
1899 2463 2022 2513 ipsam
2047 2465 2167 2500 multa
2193 2463 2266 2500 sint
2290 2463 2420 2506 volita;
2445 2470 2482 2499 et

1410 2516 1618 2567 praecipue
1637 2529 1660 2554 a
1679 2518 1776 2563 Deo⁷
1801 2516 1867 2566 qui
1887 2520 1975 2553 eam
1994 2517 2210 2553 secundum
2230 2523 2349 2553 totam
2369 2528 2481 2553 suam

1370 2587 1396 2601 ιο
1410 2570 1592 2607 virtutem
1614 2570 1779 2619 perfecte
1802 2570 1895 2606 vult.

1465 2624 1676 2660 Praeterea.
1715 2624 1902 2660 Voluntas
1944 2621 2193 2671 consequitur
2233 2622 2477 2659 intellectum.

1412 2676 1490 2714 Sed
1518 2677 1624 2712 Deus
1651 2676 1841 2712 intellectu
1866 2687 1938 2712 suo
1965 2674 2133 2723 intelligit
2158 2687 2197 2711 se
2223 2674 2481 2724 principaliter

1412 2737 1448 2766 et
1467 2729 1505 2766 in
1521 2740 1560 2765 se
1581 2728 1749 2777 intelligit
1767 2728 1840 2766 alia
1851 2728 1882 2765 ²⁸.
1904 2727 2018 2776 Igitur
2037 2727 2207 2765 similiter
2225 2726 2482 2777 principaliter

1411 2783 1495 2819 vult
1513 2794 1565 2829 se,
1586 2790 1634 2827 et,
1654 2782 1823 2819 volendo
1843 2793 1896 2826 se,
1916 2782 1999 2818 vult
2018 2781 2150 2818 omnia
2169 2780 2251 2818 alia.
2288 2792 2291 2794 ·

1465 2836 1553 2872 Hoc
1580 2843 1712 2872 autem
1740 2834 1962 2872 auctoritate
1987 2835 2125 2872 Sacrae
2150 2833 2365 2883 Scripturae
2389 2845 2479 2871 con-

1412 2888 1600 2926 firmatur.
1616 2888 1765 2926 Dicitur
1778 2887 1883 2925 enim
1898 2889 1984 2937 Sap.
1993 2891 2073 2924 X125:
2090 2887 2225 2937 Diligis
2240 2889 2337 2924 enim
2353 2888 2480 2924 omnia

1413 2954 1508 2993 quae
1525 2948 1621 2988 sunt,
1641 2948 1675 2979 et
1695 2942 1785 2979 nihil
1803 2953 1934 2978 eorum
1952 2942 2061 2978 odisti
2077 2953 2173 2990 quae
2188 2941 2323 2989 fecisti.

1371 2855 1394 2875 25

1441 3063 1458 3090 9
1477 3055 1565 3089 ipsum
1583 3057 1607 3080 A
1625 3056 1710 3085 solun
1730 3063 1759 3080 se
1778 3056 1826 3088 pA‚
1847 3056 1963 3089 seipsum
1981 3062 2081 3079 omnes.
2179 3061 2209 3078 12
2230 3061 2334 3086 semper
2354 3053 2481 3078 meliorari

1267 3091 1298 3117 25
1319 3091 1475 3124 secundum]
1495 3097 1521 3117 et
1539 3092 1682 3116 secundum
1702 3091 1765 3116 αΡε.

1240 3127 1272 3153 23
1292 3127 1352 3160 alia}
1370 3128 1459 3152 omnia
1477 3127 1526 3152 alia
1545 3127 1588 3152 Pc.

1053 3217 1390 3251 Commentaria
1416 3216 1727 3249 Fen-ariensis

1469 3315 1634 3344 Probatur
1650 3314 1771 3354 primo.
1797 3313 1885 3343 Deus
1904 3311 1972 3342 vult
1987 3320 2020 3341 se
2037 3315 2072 3341 ut
2087 3309 2186 3340 finem
2209 3309 2370 3339 ultimum.
2394 3308 2480 3348 Ergo

1415 3365 1446 3389 et
1477 3359 1537 3389 alia
1567 3369 1586 3388 a
1615 3368 1648 3388 se
1682 3358 1760 3393 vult,
1783 3356 1925 3387 volendo
1949 3365 1993 3386 se.
2016 3372 2039 3376 —
2061 3354 2216 3384 Probatur
2239 3353 2480 3392 consequentia.

1415 3403 1501 3441 Quia
1525 3404 1616 3433 cuius
1640 3408 1687 3433 est
1709 3402 1791 3432 velle
1813 3400 1923 3436 finem,
1948 3401 2016 3430 eius
2040 3399 2136 3429 etiam
2160 3403 2206 3428 est
2228 3397 2309 3428 velle
2338 3406 2375 3427 ea
2398 3406 2481 3437 quae

1415 3454 1489 3478 sunt
1512 3447 1551 3478 ad
1574 3446 1684 3483 finem,
1709 3446 1832 3476 ratione
1854 3444 1937 3475 finis.

1470 3491 1618 3522 Secundo
1629 3492 1655 3521 *.
1681 3490 1910 3530 Unusquisque
1934 3488 2002 3518 eius
2025 3485 2115 3527 quod
2131 3491 2178 3516 est
2193 3491 2325 3526 propter
2340 3485 2482 3526 seipsum

1415 3536 1454 3566 ab
1465 3537 1538 3576 ipso
1551 3536 1698 3571 volitum,
1711 3533 1942 3574 perfectionem
1958 3531 2114 3562 desiderat
2129 3536 2160 3560 et
2179 3529 2483 3570 multiplicationem

1415 3586 1574 3621 quantum
1597 3579 1750 3620 possibile
1775 3583 1835 3608 est:
1861 3586 1935 3607 cum
1959 3586 1996 3606 ea
2020 3584 2102 3615 quae
2125 3580 2257 3615 propter
2272 3583 2306 3604 se
2326 3582 2482 3610 amamus,

1414 3625 1551 3655 velimus
1575 3625 1698 3664 optima
1722 3632 1799 3653 esse.
1833 3621 1896 3652 Sed
1919 3620 2025 3650 divina
2055 3619 2191 3650 essentia
2218 3624 2265 3649 est
2294 3623 2427 3658 propter
2449 3627 2482 3648 se

1415 3669 1513 3699 volita
1537 3678 1555 3699 a
1577 3669 1659 3698 Deo.
1684 3667 1759 3697 Non
1784 3672 1830 3696 est
1853 3670 1960 3696 autem
1979 3663 2159 3694 secundum
2182 3672 2216 3694 se
2240 3662 2484 3703 augmentabilis

2508 1886 2517 1895 ·
2532 1885 2589 1912 Cap.
2598 1890 2644 1906 mv.

2507 2731 2516 2739 '
2530 2728 2587 2756 Cap.
2602 2734 2663 2749 uix.

2509 3487 2518 3496 ‘
2535 3485 2571 3507 Cf.
2587 3491 2608 3506 n.
2621 3491 2640 3506 ν.
