2768 4134
22 2678 32 2689 ·
42 2677 175 2701 commen
185 2684 236 2707 cup.

22 2710 86 2734 mv,
99 2710 124 2728 n.
134 2710 187 2728 xm.

830 270 1019 308 SUMMA
1048 271 1269 310 CONTRA
1298 273 1573 322 GENTILES,
1604 274 1716 312 CAP.
1742 275 1892 313 XLVII.

256 349 390 387 divina
408 358 464 387 est
482 349 523 387 in
542 351 628 388 Deo
647 361 719 400 per
737 350 904 387 modum
923 349 1214 399 intelligibilem:
1235 364 1328 390 nam

257 415 340 440 esse
368 405 542 441 naturale
578 403 654 441 Dei
681 411 718 440 et
753 414 836 441 esse
872 402 1102 453 intelligibile
1137 417 1267 444 unum
1292 414 1329 443 et

257 455 363 494 idem
391 465 458 504 est,
479 467 572 494 cum
594 467 679 494 esse
707 467 827 494 suum
854 455 902 493 sit
929 469 1047 494 suum
1075 457 1282 507 intelligere
1295 459 1326 496 *.

256 510 365 547 Deus
398 510 512 559 igitur
543 509 713 559 intelligit
745 509 950 547 essentiam
981 524 1105 549 suam.
1139 512 1242 561 Ergo
1272 524 1329 549 se-

256 563 408 614 ipsum:
439 575 532 601 cum
560 563 642 613 ipse
671 563 717 600 sit
745 575 816 601 sua
844 564 1019 602 essentia.

310 617 502 667 Amplius.
541 618 663 654 Actus
699 616 923 664 intellectus,
962 618 1059 656 sicut
1096 626 1133 656 et
1165 618 1331 657 aliarum

256 670 411 708 animae
445 669 722 720 petendarum,
760 672 977 708 secundum
1015 671 1165 709 obiecta
1199 672 1330 709 distin-

256 730 440 775 guuntur.
476 724 606 761 Tanto
635 723 749 773 igitur
783 725 852 762 erit
888 725 1091 776 perfectior
1118 724 1330 763 intellectus

256 777 432 828 operatio
464 785 613 827 quanto
647 777 717 815 erit
743 778 947 829 perfectius
980 777 1222 827 intelligibile.
1253 779 1330 816 Sed

255 828 579 882 perfectissimum
616 829 847 881 intelligibile
885 840 940 870 est
977 831 1142 869 essentia
1177 831 1329 869 divina:
1347 850 1373 865 ιο

242 895 350 922 >cum
364 883 412 922 sit
424 883 724 935 perfectissimus
743 894 851 923 actus
866 893 903 922 et
916 883 1043 935 prima
1057 884 1208 922 veritas.
1226 885 1330 935 Ope-

257 937 353 976 ratio
381 947 514 976 autem
549 937 761 976 intellectus
794 938 914 976 divini
943 946 1000 976 est
1032 937 1148 976 etiam
1176 938 1331 976 nobilis—

313 1054 327 1079 3
347 1054 396 1088 est]
417 1060 478 1080 sunt
496 1054 590 1080 GYPc.

312 1098 328 1123 7
346 1089 517 1124 praesnineatl
536 1090 714 1124 praeemineat
731 1089 862 1115 szwc.
955 1095 984 1116 ιι
1007 1090 1025 1114 l.
1044 1090 1092 1121 Pc3
1111 1097 1164 1116 om.

1023 1212 1360 1247 commentaria

374 1340 463 1361 ausu
489 1329 714 1361 determinavit
739 1329 876 1360 Sanctus
899 1328 1044 1360 Thomas
1074 1328 1114 1360 de
1145 1328 1333 1370 cognitione

314 1372 422 1408 divina
445 1383 484 1405 ex
507 1379 598 1415 parte
622 1374 861 1415 cognoscentis,
889 1383 979 1404 nunc
1006 1373 1046 1404 de
1075 1374 1144 1414 ipsa
1175 1383 1213 1404 ex
1244 1379 1334 1414 parte

15 1422 230 1479 kffiffimm·
258 1418 378 1451 obiecti
401 1418 595 1450 determinat
610 1419 637 1449 ⁶.
662 1417 758 1450 Circa
780 1419 845 1450 hoc
873 1423 983 1449 autem
1007 1418 1074 1449 duo
1100 1417 1190 1449 facit:
1215 1419 1333 1458 primo,

258 1464 324 1506 agit
345 1464 387 1496 de
409 1464 519 1505 primo
542 1469 574 1495 et
597 1472 656 1505 per
683 1473 718 1494 se
741 1464 874 1495 obiecto
896 1463 1093 1504 cognitionis
1117 1462 1258 1499 &vinae3
1284 1472 1335 1494 se-

259 1508 381 1547 nde,
405 1509 446 1541 de
469 1508 662 1540 secundario
686 1509 756 1540 eius
779 1509 923 1545 obiecto,
947 1517 1019 1549 cap.
1043 1517 1126 1539 xrrx.

315 1553 412 1589 cirea
434 1554 580 1596 primum
605 1553 675 1584 duo
701 1552 791 1585 facit:
816 1554 934 1594 primo,
958 1552 1101 1584 ostendit
1130 1551 1222 1594 quod
1246 1552 1336 1583 Deus

258 1599 404 1643 “speum
426 1598 570 1642 perfecte
585 1598 770 1640 cognoscin
787 1597 945 1635 secundo,
962 1597 1052 1638 quod
1068 1597 1176 1628 solum
1193 1597 1336 1638 seipsum

29 1674 51 1687 ,,
106 1674 149 1686 ,,.,
168 1677 169 1681 ,
258 1643 368 1721 Ρῐίῗιο
391 1650 424 1676 et
445 1653 504 1686 per
527 1653 573 1681 se,
597 1642 703 1684 capite
726 1643 886 1684 sequenti.

362 1688 474 1721 Primo
490 1697 568 1730 ergo
583 1689 680 1730 ponit
694 1688 779 1719 hanc
795 1687 1058 1719 conclusionem:
1083 1687 1173 1718 Deus
1196 1687 1336 1727 seipsum

254 1734 404 1778 perfeeto
425 1733 592 1776 intelligit.

315 1779 477 1812 Probatur
490 1784 608 1814 ,autem
625 1778 749 1819 primo.
773 1777 906 1819 Species
932 1776 1142 1817 intelligibilis
1157 1785 1222 1816 qua
1244 1775 1339 1806 intel—

259 1823 367 1862 lem*
387 1823 519 1867 div'mus
539 1823 700 1863 intelliffit,
724 1828 772 1854 est
800 1823 864 1863 ipsi
886 1822 959 1853 Deo
982 1821 1112 1863 penitus
1133 1820 1236 1852 idem:
1261 1820 1338 1861 quia

260 1875 310 1905 est
328 1869 467 1903 essentia
485 1868 603 1900 divina.
627 1867 670 1899 Et
689 1872 738 1898 est
761 1867 899 1899 omnino
922 1866 1010 1899 idem
1033 1865 1222 1897 intellectui,
1249 1865 1338 1906 Ergo

260 1911 406 1958 seipsum
426 1910 662 1955 perfectissime
685 1911 846 1953 intelligit.
868 1930 891 1934 -
913 1911 1070 1942 Probatur
1093 1910 1337 1951 consequentia.

261 1954 359 1998 Quia,
383 1966 460 1991 cum
483 1957 668 1989 intellectus
689 1965 749 1998 per
778 1956 921 1998 speciem
946 1955 1183 1996 intelligibilem
1206 1955 1239 1986 in
1268 1963 1338 1986 rem

260 2002 381 2036 hatur
403 2002 612 2039 intellectam,
628 2000 786 2043 perfectio
801 2000 1029 2032 intellectionis
1053 2005 1107 2031 est-
1123 2009 1163 2031 ex
1187 2009 1228 2030 eo
1246 1998 1338 2039 quod

261 2049 387 2091 apodes
415 2047 626 2089 inteliigibilis
654 2045 799 2088 perfecte
827 2046 876 2077 rei
905 2045 1086 2077 intellectae
1116 2043 1339 2075 conformatur

262 2091 506 2136 (conformitate
517 2093 641 2124 scilicet
655 2090 981 2132 repraesentationis),
995 2095 1027 2121 et
1041 2088 1185 2131 perfecte
1200 2089 1338 2133 coniun-

262 2139 348 2180 gitur
362 2137 551 2170 intellectui.
575 2137 653 2168 Non
676 2141 784 2178 potest
807 2140 917 2167 autem
932 2135 1035 2176 magis
1051 2133 1248 2166 conformari
1266 2142 1339 2174 spe-

263 2183 328 2215 cies
342 2180 552 2224 intelligibilis
567 2181 615 2213 rei
626 2180 809 2212 intellectae
820 2189 919 2222 quam
932 2180 958 2211 si
969 2179 1016 2211 illi
1031 2180 1071 2210 sit
1086 2178 1223 2210 omnino
1235 2178 1337 2217 idem;

261 2236 324 2260 nec
346 2227 450 2269 magis
471 2226 557 2258 uniri
572 2225 751 2258 intellectui
767 2233 866 2266 quam
882 2225 909 2256 si
924 2225 964 2256 sit
982 2224 1029 2255 illi
1050 2223 1140 2256 idem
1158 2223 1338 2255 secundum

262 2280 343 2305 rem.
366 2272 455 2312 Ergo
479 2276 543 2302 etc.
1065 2276 1071 2282 »

319 2317 357 2349 11.
382 2316 544 2348 Secundo.
569 2315 659 2347 Deus
675 2320 723 2346 est
738 2314 874 2346 omnino
897 2313 1128 2350 immaterialis,
1145 2319 1178 2344 et
1196 2313 1257 2344 sibi
1277 2313 1339 2354 ipsi

263 2363 405 2394 maxime
420 2370 536 2393 unum.
552 2360 640 2401 Ergo
657 2360 801 2400 seipsum
816 2359 958 2390 maxime
972 2358 1131 2399 intelligit.
1143 2376 1167 2381 -
1181 2358 1340 2390 Probatur

264 2407 511 2449 consequentia.
535 2405 623 2444 Quia
645 2414 684 2435 ex
707 2404 772 2435 hoc
795 2403 919 2445 aliquid
934 2410 982 2435 est
999 2403 1200 2445 intelligibile
1224 2413 1339 2435 secun-

230 2469 233 2471 >
264 2451 345 2494 dum
367 2461 402 2483 se
425 2449 518 2492 quod
540 2455 589 2481 est
610 2448 836 2481 immateriale:
857 2458 935 2480 cum
957 2458 1008 2480 res
1030 2447 1204 2480 materialis
1222 2448 1340 2479 intelli-

263 2497 369 2538 gibilis
386 2495 541 2528 efficiamr
561 2503 620 2536 per
637 2494 887 2525 abstractionem
907 2504 925 2524 a
947 2493 1081 2524 materia
1097 2498 1129 2524 et
1151 2502 1169 2523 a
1192 2493 1338 2524 materia-

263 2542 349 2573 libus
365 2540 619 2572 conditionibus.
644 2538 836 2580 intelligitur
851 2544 960 2570 autem
981 2537 1162 2570 secundum
1180 2537 1271 2578 quod
1292 2543 1340 2568 est

264 2595 371 2618 unum
393 2591 468 2617 actu
492 2594 569 2616 curn
591 2583 802 2625 intelligente.

320 2629 503 2670 Quomodo
527 2628 728 2669 intelligibile
746 2629 787 2659 sit
804 2637 910 2659 unum
931 2634 1006 2658 actu
1029 2636 1106 2658 cum
1128 2626 1338 2667 intelligente,

265 2676 390 2708 dictum
408 2681 457 2706 est
475 2674 624 2714 superius
635 2674 663 2703 ⁹.
685 2672 749 2704 Sed
763 2678 873 2703 tamen
893 2671 1127 2703 advertendum
1151 2671 1241 2711 quod
1262 2671 1339 2702 dixit

265 2721 403 2753 Sanctus
415 2720 561 2751 Thomas
576 2718 686 2758 ipsum
701 2717 772 2748 fieri
787 2723 940 2758 oportere
954 2726 1059 2748 unum
1074 2721 1160 2747 actu.
1182 2715 1268 2754 Quia
1283 2725 1340 2746 an-

263 2772 399 2807 tequam
416 2764 599 2796 intellectus
616 2761 811 2793 informetur
823 2762 932 2802 specie
950 2760 1153 2801 intelligibili,
1172 2765 1221 2790 est
1234 2769 1339 2791 unum

265 2820 343 2842 cum
364 2810 533 2841 intellectu
555 2807 703 2848 potentia
721 2812 860 2843 tantum,
875 2807 1072 2847 inquantum
1094 2804 1277 2836 intellectus
1292 2810 1342 2835 est

264 2857 299 2887 in
322 2855 471 2896 potentia
492 2853 534 2884 ad
557 2853 627 2883 eius
649 2852 883 2892 receptione..
907 2851 972 2882 Sed
991 2860 1050 2891 per
1066 2850 1131 2880 hoc
1153 2859 1222 2880 non
1244 2849 1339 2880 intel·

264 2900 388 2941 ligitur:
413 2901 516 2931 immo
535 2897 710 2937 requiritur
728 2902 764 2927 ut
783 2901 858 2927 actu
880 2897 1011 2926 uniatur
1033 2894 1222 2925 intellectui.
1243 2894 1339 2925 Simi—

264 2945 336 2976 liter
357 2944 542 2976 intellectus
563 2941 756 2972 informatus
779 2941 899 2981 specie,
920 2940 947 2970 si
970 2949 1038 2970 non
1063 2939 1228 2970 actualiter
1246 2938 1340 2969 intel-

264 2990 352 3030 ligat,
375 2995 424 3020 est
439 2987 574 3029 quidem
588 2995 693 3017 unum
709 2991 784 3016 actu
800 2994 876 3016 cum
891 2984 1094 3024 intelligibili,
1111 2983 1168 3014 sed
1181 2992 1251 3014 non
1266 2988 1340 3014 actu

265 3033 422 3076 perfecto.
435 3033 514 3064 ldeo
525 3038 606 3063 tunc
621 3030 810 3070 intelligitur
821 3039 871 3060 res
882 3034 1009 3060 tantum
1020 3027 1212 3068 imperfecto
1225 3027 1340 3065 modo,

265 3079 389 3111 seilicet
410 3076 625 3109 habitualiter.
642 3074 784 3114 Quando
801 3079 911 3105 autem
928 3079 976 3104 est
997 3074 1032 3104 in
1052 3073 1171 3103 actuali
1191 3073 1340 3104 conside-
1371 3077 1374 3081 ’

265 3124 402 3161 ratione,
414 3121 614 3162 intelligibile
626 3125 675 3151 est
686 3129 790 3151 unum
801 3128 877 3150 cum
890 3118 1056 3149 intellectu
1068 3116 1213 3158 perfecto
1225 3117 1339 3148 modo.

267 3169 345 3201 Ideo
368 3175 447 3199 tunc
470 3165 614 3208 perfecte
638 3164 835 3204 intelligitur.

321 3213 374 3244 111.
404 3212 526 3243 Tertio.
549 3210 688 3241 Divinus
717 3209 901 3240 intellectus
931 3212 979 3238 est
1001 3215 1129 3247 semper
1157 3207 1341 3247 intelligens

267 3265 352 3290 actu.
377 3258 419 3289 Et
442 3256 580 3288 essentia
602 3254 711 3286 divina
729 3259 777 3284 est
794 3251 977 3284 secundum
1000 3260 1035 3282 se
1056 3250 1199 3292 perfecte
1222 3251 1340 3282 intelli—

266 3304 383 3344 gibilis.
396 3302 478 3334 Item
486 3300 670 3333 intellectus
681 3299 810 3330 divinus
822 3303 854 3328 et
866 3297 1003 3328 essentia
1015 3295 1124 3327 divina
1135 3303 1210 3326 sunt
1224 3305 1339 3327 unum.

267 3349 355 3389 Ergo
379 3348 469 3378 Deus
491 3345 635 3387 perfecte
662 3344 806 3384 seipsum
832 3341 991 3382 intelligit.
1008 3358 1030 3363 —
1043 3341 1203 3371 Probatur
1225 3350 1342 3372 conse-

268 3393 411 3434 quentia.
435 3392 523 3430 Quia
546 3401 585 3422 ex
600 3391 666 3421 hoc
684 3388 808 3429 aliquid
829 3393 905 3418 actu
926 3386 1115 3426 intelligitur
1133 3385 1225 3426 quod
1246 3386 1341 3416 intel-

267 3438 371 3469 lectus
393 3438 428 3468 in
450 3442 527 3467 actu
548 3441 582 3466 et
603 3434 806 3466 intellectum
829 3433 862 3463 in
885 3437 961 3462 actu
983 3436 1058 3462 sunt
1080 3439 1194 3461 unum.

323 3482 465 3513 Adverte
481 3480 573 3522 quod
594 3481 655 3511 ista
675 3479 757 3510 ratio
778 3488 797 3508 a
813 3476 1019 3519 praecedenti
1034 3474 1211 3506 formaliter
1230 3474 1341 3505 distin-

267 3528 386 3568 guitur.
403 3527 490 3565 Quia
505 3526 549 3556 ibi
566 3524 829 3556 considerabatur
843 3522 1024 3552 intellectus
1039 3520 1196 3556 absolute,
1213 3525 1246 3550 et
1259 3520 1340 3550 unio

267 3571 476 3612 intelligibilis
499 3570 541 3602 ad
562 3571 682 3611 ipsum.
707 3569 742 3600 In
766 3569 827 3598 hac
845 3572 955 3598 autern
973 3565 1194 3597 consideratur
1214 3564 1341 3595 intelle-

270 3621 341 3647 ctus
363 3622 400 3647 ut
426 3621 502 3647 actu
532 3622 662 3655 semper
689 3613 883 3653 intelligens,
907 3617 940 3642 et
966 3611 1046 3642 unio
1075 3609 1284 3650 intelligibilis
1306 3610 1340 3639 in

270 3667 344 3692 actu
366 3660 408 3692 ad
429 3660 631 3692 intellectum
655 3668 784 3699 semper
806 3663 881 3688 actu
903 3656 1146 3696 intelligentem.

2383 277 2454 326 ¹39

1385 352 1503 390 sima:
1533 365 1626 391 cum
1646 353 1693 391 sit
1716 353 1846 404 ipsum
1870 367 1953 392 esse
1976 355 2168 402 divinum,
2193 364 2236 394 ut
2255 364 2456 395 ostensum

1385 414 1442 444 est
1454 405 1487 444 *.
1516 407 1625 445 Deus
1653 406 1767 455 igitur
1794 407 1968 458 seipsum
1996 408 2176 458 intelligit.

1438 459 1591 505 Adhuc.
1621 459 1771 497 Rerum
1809 461 1990 498 omnium
2021 462 2274 511 perfectiones
2301 463 2341 501 in
2369 464 2455 502 Deo

1385 511 1556 550 maxime
1594 512 1847 550 inveniuntur
1865 513 1896 550 ⁸¹⁸.
1927 515 2028 551 Inter
2055 515 2147 553 alias
2175 524 2305 554 autem
2332 518 2455 567 perfe-

1385 564 1531 603 ctiones
1556 564 1596 603 in
1622 566 1738 603 rebus
1765 566 1901 604 creatis
1925 567 2100 605 inventas
2123 569 2294 607 maxima
2315 578 2371 607 est
2398 570 2454 608 in—

1385 618 1551 668 telligere
1585 619 1737 657 Deum:
1775 630 1868 657 cum
1906 627 2043 658 natura
2075 621 2337 660 intellectualis
2373 623 2455 661 aliis

1385 671 1637 722 praemineat,
1675 671 1787 710 cuius
1823 673 2007 723 perfectio
2041 683 2096 711 est
2134 674 2356 724 intelligere;
2385 689 2454 714 no-

1385 725 1618 763 bilissimum
1659 733 1792 763 autem
1830 726 2062 775 intelligibile
2098 728 2206 765 Deus
2243 737 2309 766 est.
2347 730 2455 768 Deus

1386 778 1499 828 igitur
1526 778 1697 817 maxime
1726 778 1899 829 seipsum
1928 779 2108 830 intelligit.

1439 831 1528 869 Hoc
1556 840 1687 870 autem
1711 832 1935 870 auctoritate
1958 833 2091 871 divina
2111 833 2375 873 confirmatur.
2395 835 2457 877 Ait

1387 897 1559 936 namque
1588 887 1810 936 Apostolus,
1831 887 1846 923 I
1870 887 1958 924 Cor.
1979 899 2000 924 11
2013 891 2052 935 ¹⁰,
2073 887 2180 938 quod
2209 889 2364 938 Spiritus
2386 889 2459 926 Dei

1386 945 1573 976 scrutatur
1600 941 1711 977 etiam
1738 940 1930 990 profunda
1959 941 2041 978 Dei.
2266 937 2269 939 ’
2295 950 2301 953 Α

1387 1211 1700 1247 Fer-ramensis

1443 1329 1496 1360 lv.
1524 1329 1663 1366 Quarto.
1687 1330 1776 1361 Deus
1799 1331 1947 1372 intelligit
1972 1332 2142 1363 essentiam
2169 1341 2270 1363 suam.
2300 1332 2386 1374 E1go
2409 1343 2458 1365 se·

1386 1375 1512 1414 ipsum:
1537 1375 1613 1415 quia
1636 1375 1706 1415 ipse
1725 1381 1773 1406 est
1793 1385 1850 1406 sua
1875 1376 2020 1407 essentia.
2036 1393 2059 1399 -
2075 1375 2231 1407 Probatur
2254 1377 2457 1410 antecedens.

1387 1419 1473 1458 Quia
1485 1420 1622 1451 essentia
1633 1418 1741 1450 divina
1753 1421 1846 1451 estin
1854 1419 1926 1451 Deo
1939 1429 1996 1460 per
2007 1420 2144 1451 modum
2156 1420 2403 1463 intelligibilem:
2417 1432 2457 1454 eo

1388 1464 1479 1506 quod
1488 1474 1558 1496 esse
1569 1465 1715 1496 naturale
1727 1470 1759 1495 et
1769 1474 1838 1496 esse
1849 1464 2050 1505 intelligibile
2058 1465 2119 1496 Dei
2130 1474 2234 1496 unum
2246 1471 2278 1496 et
2289 1465 2376 1497 idem
2385 1468 2458 1505 sint3

1389 1519 1466 1541 cum
1488 1518 1558 1541 esse
1587 1518 1684 1541 suum
1712 1510 1751 1540 sit
1773 1518 1870 1540 suum
1897 1510 2085 1550 intelligere.
2108 1509 2216 1540 Omne
2238 1515 2347 1541 autem
2369 1511 2460 1552 quod

1389 1560 1437 1586 est
1459 1555 1494 1585 in
1513 1555 1623 1595 aliquo
1639 1564 1696 1595 per
1716 1554 1854 1586 modum
1876 1554 2120 1595 intelligibilem,
2137 1554 2325 1596 intelligitur
2346 1557 2385 1588 ab
2407 1566 2459 1588 eo.

1443 1598 1689 1631 Advertendum
1705 1598 1796 1639 quod
1812 1607 1880 1630 esse
1896 1599 1930 1630 in
1953 1599 2065 1639 aliquo
2080 1598 2182 1629 modo
2202 1599 2394 1640 intelligibili
2413 1607 2461 1632 est

1390 1653 1460 1675 esse
1482 1644 1516 1674 in
1532 1644 1604 1684 ipso
1627 1649 1664 1675 ut
1679 1649 1754 1674 actu
1770 1642 1970 1683 intelligibile
1989 1643 2028 1674 ab
2052 1643 2135 1684 ipso.
2153 1643 2194 1674 Et
2209 1644 2286 1684 quia
2302 1653 2370 1676 esse
2386 1651 2461 1677 actu

1389 1687 1590 1729 intelligibile
1614 1688 1826 1728 consequitur
1849 1686 1889 1717 ad
1913 1697 1983 1718 esse
2005 1687 2227 1724 immateriale,
2251 1692 2288 1719 ut
2314 1690 2461 1731 superius

1391 1739 1439 1765 est
1462 1739 1629 1764 ostensum
1641 1734 1669 1770 ⁶,
1693 1732 1769 1764 ideo
1786 1731 1877 1773 quod
1901 1738 1949 1763 est
1963 1732 1998 1762 in
2013 1731 2124 1773 aliquo
2138 1732 2400 1770 immaterialiter,
2416 1738 2463 1765 est

1390 1779 1425 1809 in
1446 1779 1520 1820 ipso
1544 1777 1727 1809 secundum
1752 1776 1892 1808 modum
1922 1777 2167 1818 intelligibilem.
2192 1776 2228 1807 In
2258 1777 2330 1808 Deo
2353 1783 2462 1809 autem

1393 1824 1504 1855 omnia
1528 1828 1604 1854 sunt
1627 1828 1664 1854 ut
1686 1827 1760 1854 actu
1783 1821 1996 1862 intelligibilia
2026 1827 2059 1853 et
2087 1822 2351 1853 immaterialiter:
2375 1824 2462 1863 quia,

1391 1877 1468 1900 cum
1484 1866 1748 1910 unumquodque
1763 1867 1936 1908 recipiatur
1951 1865 2133 1898 secundum
2147 1865 2286 1898 modum
2304 1868 2463 1908 recipien-

1391 1912 1446 1950 tis;
1470 1918 1503 1943 et
1524 1922 1593 1943 esse
1612 1912 1757 1943 naturale
1776 1910 1923 1943 divinum
1942 1911 1982 1941 sit
2004 1909 2091 1942 idem
2114 1911 2240 1942 realiter
2263 1912 2354 1952 quod
2370 1912 2463 1944 intel-

1391 1956 1505 1997 ligere;
1528 1965 1597 1988 non
1619 1961 1729 1998 potest
1751 1955 1874 1996 aliquid
1896 1957 1931 1988 in
1951 1954 2023 1989 Deo
2044 1963 2113 1986 esse
2135 1955 2198 1987 nisi
2220 1954 2323 1987 modo
2346 1956 2462 1988 intelli-

1391 2001 1492 2042 gibili,
1513 2010 1553 2032 eo
1577 2001 1669 2042 quod
1691 2008 1741 2031 res
1759 2000 1923 2031 materiale
1942 2008 2012 2030 esse
2030 1999 2152 2030 habens
2174 2009 2244 2030 non
2266 2001 2370 2041 possit
2393 2009 2461 2032 esse

1391 2047 1426 2077 in
1448 2055 1490 2077 eo
1513 2045 1606 2087 quod
1629 2045 1768 2076 omnino
1790 2044 2001 2076 immateriale
2025 2049 2082 2080 est,
2106 2048 2139 2074 et
2161 2044 2252 2085 quod
2274 2053 2333 2085 per
2354 2046 2462 2086 ipsum

1391 2090 1569 2131 intelligere
1591 2090 1626 2121 in
1648 2099 1758 2121 rerum
1780 2094 1894 2121 natura
1916 2088 2043 2120 realiter
2066 2088 2180 2120 existit.

1447 2135 1487 2166 V.
1514 2135 1647 2172 Quinto.
1673 2134 1828 2176 Operatio
1852 2133 2036 2166 intellectus
2054 2133 2155 2164 divini
2179 2138 2226 2164 est
2248 2134 2461 2166 nobilissima:

1392 2189 1469 2211 cum
1492 2180 1532 2210 sit
1555 2180 1664 2221 ipsum
1687 2188 1756 2210 esse
1786 2178 1943 2210 divinum.
1974 2177 2061 2219 Ergo
2086 2177 2174 2208 Deus
2201 2177 2348 2219 intelligit
2370 2188 2416 2210 se.-
2440 2197 2462 2201 -

1392 2225 1549 2255 Probatur
1573 2224 1816 2266 consequentia.
1837 2223 1923 2262 Quia
1941 2227 2033 2253 tanto
2052 2226 2100 2253 est
2122 2220 2297 2264 perfectior
2316 2223 2462 2264 operatio

1392 2274 1516 2310 quanto
1540 2267 1636 2300 fuerit
1653 2267 1828 2310 perfectius
1850 2267 2065 2310 intelligibile:
2084 2275 2124 2297 eo
2143 2266 2236 2307 quod
2258 2273 2348 2299 actus
2370 2268 2463 2298 intel-

1392 2314 1506 2351 lectus,
1530 2314 1613 2345 sicut
1636 2319 1668 2345 et
1694 2313 1830 2344 aliarum
1852 2313 2072 2353 potentiarum
2095 2312 2232 2348 animae,
2255 2321 2314 2353 per
2337 2313 2464 2344 obiecta

1392 2359 1629 2399 distinguantur
1645 2368 1682 2389 ac
1699 2357 1935 2399 specificentur.
1953 2357 2016 2388 Sed
2033 2357 2170 2388 essentia
2190 2357 2298 2388 divina
2321 2363 2368 2388 est
2390 2367 2462 2398 per-

1392 2403 1605 2435 fectissimum
1627 2403 1842 2444 intelligibile:
1863 2412 1904 2433 eo
1925 2402 2016 2443 quod
2038 2403 2078 2433 sit
2100 2401 2352 2443 perfectissimus
2375 2408 2463 2434 actus

1393 2454 1426 2480 et
1449 2449 1553 2490 prima
1575 2449 1700 2479 veritas.
1730 2448 1817 2488 Ergo
1840 2446 2073 2488 perfectissima
2101 2447 2278 2478 intellectio
2306 2447 2402 2478 debet
2424 2447 2464 2479 ad

1394 2494 1565 2525 essentiam
1589 2493 1732 2524 divinam
1754 2492 1928 2523 terminari.

1449 2537 1639 2569 Notandum
1663 2537 1764 2578 quod,
1785 2547 1861 2568 cum
1883 2545 1940 2567 ens
1960 2541 1991 2567 et
2009 2544 2124 2568 verum
2147 2536 2211 2567 sint
2234 2536 2399 2567 obiectum
2414 2537 2463 2567 in-

1393 2583 1551 2619 tellectus,
1568 2591 1673 2613 unum
1689 2587 1726 2612 ut
1741 2581 1832 2622 quod
1848 2587 1938 2612 actus
1953 2581 2134 2612 intellectus
2150 2581 2310 2617 terminat,
2326 2581 2462 2612 alterum

1392 2632 1430 2658 ut
1452 2626 1544 2668 quod
1566 2635 1701 2657 omnem
1717 2632 1826 2657 actum
1841 2624 2040 2665 intelligendi
2056 2626 2304 2661 concomitatur,
2321 2631 2462 2666 utroque

1392 2671 1494 2702 modo
1510 2672 1666 2702 essentiae
1690 2670 1817 2701 divinae
1833 2670 1970 2701 Sanctus
1985 2669 2131 2700 Thomas
2146 2670 2289 2700 attribuit
2304 2671 2463 2701 rationem

1391 2715 1616 2757 perfectissimi
1646 2715 1779 2746 obiecti:
1805 2715 1891 2756 quia,
1915 2715 2060 2755 inquam,
2088 2719 2120 2744 et
2142 2714 2393 2754 perfectissimus
2415 2720 2463 2745 est

1392 2766 1492 2797 actus,
1517 2766 1549 2791 et
1571 2761 1676 2801 prima
1698 2765 1730 2790 et
1752 2769 1812 2800 per
1834 2768 2039 2800 consequens
2062 2767 2189 2790 summa
2211 2759 2327 2789 veritas
2350 2764 2409 2790 est.

1447 2804 1694 2836 Advertendum
1718 2813 1852 2845 quoque
1876 2803 1977 2844 quod,
1994 2812 2070 2835 cum
2090 2804 2196 2844 inquit
2221 2803 2356 2834 Sanctus
2371 2803 2462 2834 Tho-

1391 2858 1461 2880 mas
1473 2855 1563 2881 actus
1577 2849 1759 2880 intellectus
1774 2858 1832 2889 per
1848 2850 1974 2880 obiecta
1990 2848 2152 2888 distingui,
2165 2848 2219 2879 dat
2234 2849 2330 2879 etiam
2346 2848 2462 2879 intelli-

1392 2903 1468 2935 gere
1483 2894 1575 2935 quod
1589 2893 1816 2935 specificantur
1827 2899 1859 2925 et
1874 2894 1993 2924 habent
2007 2892 2242 2934 perfectionem
2258 2902 2296 2923 ex
2312 2893 2459 2923 obiectis:

1393 2944 1483 2970 actus
1507 2940 1595 2970 enim
1622 2945 1671 2970 est
1693 2939 1750 2979 qui
1774 2938 1940 2979 distinguit
1967 2937 2143 2968 formaliter
2166 2943 2197 2968 et
2226 2942 2359 2979 separat.
2384 2936 2461 2968 Ideo

1394 2984 1500 3015 dicere
1528 2983 1619 3025 quod
1646 2992 1704 3024 per
1734 2984 1861 3014 obiecta
1889 2983 2138 3023 distinguuntur,
2163 2988 2210 3013 est
2239 2982 2344 3013 dicere
2372 2981 2463 3022 quod

1394 3029 1521 3060 obicem
1544 3034 1620 3060 sunt
1641 3027 1766 3059 formae
1782 3028 1941 3068 ipsorum:
1964 3033 1996 3058 et
2019 3036 2057 3058 ex
2080 3027 2293 3067 consequenti
2309 3027 2348 3056 ab
2364 3027 2409 3057 eis
2430 3031 2463 3056 et

1393 3074 1536 3113 speciem
1559 3073 1679 3103 habent
1701 3078 1734 3103 et
1755 3072 2000 3113 perfectionem.
2022 3071 2085 3103 Sed
2101 3071 2141 3102 de
2163 3072 2227 3102 hoc
2251 3071 2390 3101 fortassis
2413 3071 2462 3101 in-

1393 3117 1492 3149 ferius
1510 3118 1697 3149 tractabitur
1720 3118 1823 3148 latius.
2471 3144 2474 3147 .

1449 3162 1502 3194 VI.
1521 3162 1631 3193 Sexto.
1649 3161 1828 3202 Intelligere
1844 3162 1951 3192 Deum
1967 3161 2106 3191 maxima
2121 3159 2276 3200 perfectio
2295 3165 2352 3190 est.
2374 3159 2462 3199 Ergo

1393 3208 1534 3237 maxime
1557 3207 1630 3238 Deo
1654 3207 1821 3237 convenit:
1846 3207 1923 3247 quia
1945 3214 2051 3236 rerum
2076 3205 2224 3235 omnium
2247 3203 2462 3244 perfectiones

1393 3252 1533 3282 maxime
1549 3251 1621 3282 Deo
1638 3252 1847 3282 conveniunt.
1863 3269 1887 3273 -
1902 3249 2105 3281 Antecedens
2121 3250 2284 3289 probatur.
2301 3247 2387 3286 Quia
2405 3256 2462 3279 na-

1393 3302 1464 3327 tura
1475 3296 1699 3327 intellectualis
1711 3296 1863 3326 omnibus
1877 3295 1944 3326 aliis
1956 3294 2167 3335 praeeminet3
2181 3298 2213 3323 et
2225 3293 2462 3323 nobilissimum

1394 3340 1593 3381 intelligibile
1617 3346 1664 3371 est
1687 3341 1786 3371 Deus.
1813 3340 1861 3371 Ex
1889 3348 1956 3380 quo
1984 3339 2137 3379 sequitur,
2162 3346 2238 3368 cum
2265 3346 2324 3377 per
2345 3337 2462 3368 intelli-

1393 3395 1469 3426 gere
1492 3386 1562 3416 aliis
1580 3386 1702 3416 naturis
1716 3385 1939 3415 intellectualis
1960 3389 2073 3414 natura
2088 3382 2318 3422 praeemineat;
2339 3387 2371 3412 et
2390 3390 2464 3422 per-

1393 3430 1606 3461 fectissimum
1630 3430 1807 3470 intelligere
1831 3430 1870 3459 sit
1893 3428 1983 3468 quod
2007 3427 2047 3458 ad
2076 3426 2346 3468 perfectissimum
2368 3427 2463 3457 intel-

1394 3475 1526 3515 ligibile,
1555 3474 1646 3515 quod
1671 3479 1720 3505 est
1742 3474 1842 3510 Deus,
1866 3473 2068 3508 terminatum
2098 3471 2188 3511 quod
2214 3477 2328 3502 natura
2354 3471 2464 3502 Deum

1393 3519 1574 3560 intelligens
1598 3519 1750 3550 omnibus
1777 3518 1964 3558 simpliciter
1986 3517 2194 3557 praeeminet.
2216 3516 2258 3546 Et
2280 3516 2325 3546 sic
2347 3516 2464 3547 intelli—

1394 3573 1470 3604 gere
1492 3564 1600 3594 Deum
1624 3569 1671 3594 est
1694 3563 1833 3593 maxima
1855 3561 2020 3602 perfectio.

1451 3608 1682 3639 Commium
1707 3613 1739 3638 et
1761 3607 1949 3638 auctoritate
1971 3606 2133 3646 Apostoli,
2150 3604 2162 3635 1
2182 3605 2258 3635 Cor.
2275 3614 2308 3641 11,
2330 3604 2464 3636 dicentis

1396 3653 1486 3693 quod
1509 3653 1651 3693 Spiritus
1673 3652 1736 3682 Dei
1757 3655 1925 3682 scrutatur
1946 3650 2042 3681 etiam
2061 3649 2233 3691 profunda
2257 3649 2330 3680 Dei.

2483 414 2492 422 ·
2510 412 2567 440 Cap.
2578 419 2630 434 nv.

2483 514 2491 523 ·
2507 512 2565 541 Cap.
2580 518 2662 534 xxvnr.

2490 1731 2498 1739 ”
2514 1729 2549 1752 Cf.
2565 1735 2628 1756 n.n;
2643 1733 2666 1751 et
2680 1735 2700 1752 c.

2490 1762 2552 1783 xuv,
2568 1755 2701 1778 Comment.

2491 1789 2538 1805 xiv.
