2768 4134
51 2494 61 2503 ·
75 2492 131 2520 Cap.
142 2498 209 2514 uni.

297 302 371 340 338

785 298 973 336 SUMMA
1002 296 1225 334 CONTRA
1254 295 1529 340 GENTILES,
1559 296 1653 332 LlB.
1676 296 1717 351 Il,
1748 295 1860 332 CAP.
1881 296 2002 333 XXX.

865 462 1354 518 CAPITULUM
1392 461 1923 518 TRIGESIMUM

1275 574 1305 604 Α
1337 574 1375 604 35
1389 584 1408 603 ν
1443 574 1462 604 b
1477 574 1506 604 8.

339 663 653 717 QUALITER
674 663 736 703 IN
758 662 959 704 REBUS
985 660 1246 702 CREATIS
1270 660 1423 703 ESSE
1446 660 1686 702 POTEST
1709 661 2088 703 NECESSITAS
2111 662 2447 704 ABSOLUTA

305 831 313 839 ἱ
487 800 569 826 ιεΕτ
597 796 729 825 autem
757 788 891 825 omnia
910 800 957 825 ex
976 786 1049 824 Dei
1077 788 1275 824 voluntate
1299 787 1364 824 de-

295 859 321 893 '2
499 841 695 891 pendeant
714 841 811 878 sicut
830 853 877 878 ex
896 841 1023 890 prima
1050 851 1179 886 causa,
1200 852 1301 890 quae
1325 840 1365 877 in

351 893 389 919 ’Ὀ
420 888 478 947 ’ξ’
458 894 701 954 operando
729 893 996 931 necessitatem
1029 905 1111 930 non
1144 893 1261 930 habet
1292 893 1366 931 nisi

500 960 547 985 ex
575 947 635 985 sui
667 947 856 997 propositi
889 946 1168 996 suppositione,
1199 959 1280 984 non
1311 954 1365 984 ta-

292 1015 383 1040 men
419 1009 578 1051 propter
614 1002 692 1038 hoc
729 1001 905 1038 absoluta
946 999 1151 1037 necessitas
1189 1012 1211 1037 a
1249 1000 1396 1037 rebuss

293 1055 515 1100 excluditur,
545 1061 588 1091 ut
616 1054 663 1091 sit
690 1053 954 1091 necessarium
987 1065 1059 1091 nos
1096 1053 1204 1090 fateri
1232 1053 1366 1091 omnia

292 1107 549 1157 contingentia
582 1120 683 1145 esse:
719 1129 744 1134 —
778 1107 887 1156 quod
919 1114 1051 1156 posset
1084 1106 1198 1144 alicui
1230 1106 1364 1152 videri,

292 1175 338 1199 ex
366 1163 443 1198 hoc
470 1161 579 1211 quod
609 1173 632 1197 a
659 1173 777 1197 causa
796 1172 867 1197 sua
885 1172 967 1197 non
986 1160 1035 1197 de
1055 1159 1280 1197 necessitate
1299 1160 1365 1198 ab·

293 1217 417 1252 soluta
435 1214 646 1252 fluxerunt:
668 1226 759 1251 cum
780 1215 901 1251 soleat
919 1212 960 1250 in
980 1213 1096 1251 rebus
1115 1225 1199 1250 esse
1218 1213 1365 1250 contin-

291 1281 384 1317 gens
412 1268 572 1305 effectus
591 1266 659 1316 qui
679 1279 725 1304 ex
745 1279 862 1304 causa
881 1279 953 1304 sua
972 1278 1054 1304 non
1073 1267 1122 1304 de
1141 1266 1366 1304 necessitate
1382 1285 1408 1300 ιο

293 1321 476 1370 procedit.
515 1321 615 1358 Sunt
652 1319 758 1357 enim
791 1320 988 1370 quaedam
1017 1319 1056 1357 in
1085 1320 1202 1357 rebus
1230 1319 1366 1357 creatis

293 1386 394 1424 quae
413 1373 635 1423 simpliciter
662 1381 699 1410 et
727 1373 902 1411 absolute
930 1385 1088 1411 necesse
1118 1381 1174 1410 est
1202 1385 1297 1410 esse.

346 1429 429 1465 Illas
457 1427 563 1464 enim
591 1439 651 1464 res
680 1426 901 1476 simpliciter
932 1434 969 1464 et
1001 1426 1176 1463 absolute
1210 1437 1366 1464 necesse

295 1490 349 1518 est
381 1493 464 1518 esse
498 1480 538 1517 in
570 1479 714 1530 quibus
741 1492 824 1517 non
852 1487 908 1517 est
935 1479 1166 1529 possibilitas
1201 1480 1251 1517 ad
1286 1491 1367 1517 non

294 1546 388 1571 esse.
419 1533 627 1580 Quaedam
655 1540 787 1570 autem
812 1545 872 1570 res
896 1533 950 1570 sic
969 1541 1058 1570 sunt
1077 1545 1099 1570 a
1118 1534 1204 1570 Deo
1225 1533 1264 1570 in
1284 1544 1366 1570 esse
1384 1550 1406 1570 ις

293 1587 505 1637 productae
526 1594 567 1624 ut
586 1586 626 1623 in
646 1598 782 1623 earum
802 1594 939 1623 natura
959 1586 1005 1623 sit
1023 1586 1198 1636 potentia
1217 1586 1266 1624 ad
1286 1597 1367 1623 non

295 1653 389 1678 esse.
421 1640 541 1687 Quod
570 1639 731 1689 quidem
759 1639 942 1688 contingit
971 1652 1017 1677 ex
1046 1640 1123 1677 hoc
1151 1639 1260 1689 quod
1285 1651 1367 1676 ma-

294 1693 387 1730 teria
406 1693 445 1730 in
465 1693 519 1729 eis
539 1701 595 1729 est
614 1692 653 1729 in
673 1692 844 1742 potentia
863 1693 912 1730 ad
932 1693 1047 1729 aliam
1070 1693 1250 1730 formam.
1279 1693 1367 1730 Illae

295 1746 407 1795 igitur
435 1757 494 1783 res
523 1745 562 1782 in
591 1745 734 1795 quibus
762 1747 824 1782 vel
851 1757 933 1782 non
962 1753 1018 1782 est
1046 1745 1216 1791 materia,
1242 1746 1316 1791 vel,
1337 1745 1368 1782 si

295 1807 360 1845 est,
386 1811 466 1836 non
486 1807 542 1835 est
560 1798 752 1847 possibilis
780 1798 830 1835 ad
858 1798 974 1836 aliam
993 1799 1173 1845 formam,
1194 1811 1275 1836 non
1300 1799 1367 1835 ha·
1383 1815 1409 1829 20

294 1853 386 1889 bent
410 1851 623 1901 potentiam
651 1852 699 1888 ad
729 1863 809 1888 non
839 1863 933 1888 esse.
964 1852 1040 1889 Eas
1061 1851 1174 1900 igitur
1192 1852 1367 1889 absolute

294 1913 330 1942 et
358 1904 579 1954 simpliciter
606 1916 762 1941 necesse
791 1911 847 1941 est
874 1916 969 1941 esse.

347 1956 388 1994 Si
417 1965 548 1994 autem
577 1957 726 1994 dicatur
744 1957 851 2006 quod
872 1970 918 1994 ea
937 1969 1038 2006 quae
1058 1965 1148 1994 sunt
1166 1969 1214 1994 ex
1234 1956 1366 2002 nihilo,

293 2017 485 2059 quantum
519 2017 574 2047 est
606 2010 655 2046 de
684 2021 736 2055 se,
766 2009 805 2046 in
839 2010 1006 2047 nihilum
1035 2010 1218 2055 tendunt;
1248 2018 1285 2047 et
1313 2009 1367 2047 sic

292 2062 476 2100 omnibus
504 2062 686 2099 creaturis
714 2062 812 2099 inest
840 2063 1011 2112 potentia
1036 2063 1085 2100 ad
1110 2075 1190 2100 non
1219 2075 1320 2100 esse:
1341 2085 1367 2090 —
1383 2079 1406 2099 ος

292 2115 539 2153 manifestum
568 2123 624 2152 est
652 2116 728 2152 hoc
756 2127 837 2152 non
870 2116 992 2165 sequi.
1032 2115 1226 2153 Dicuntur
1261 2115 1367 2153 enim

291 2181 351 2206 res
371 2177 519 2206 creatae
539 2181 587 2205 eo
608 2169 729 2205 modo
750 2168 788 2205 in
809 2169 976 2206 nihilum
995 2169 1153 2206 tendere
1173 2181 1254 2219 quo
1278 2176 1368 2207 sunt

291 2235 338 2259 ex
357 2221 490 2259 nihilo.
521 2221 642 2269 Quod
671 2221 832 2281 quidem
861 2234 942 2259 non
971 2230 1027 2259 est
1055 2222 1127 2260 nisi
1148 2223 1368 2260 secundum

291 2275 504 2335 potentiam
533 2274 689 2334 agentis
721 2274 783 2312 Sic
811 2274 924 2323 igitur
943 2283 979 2312 et
998 2275 1114 2312 rebus
1134 2275 1268 2313 creatis
1287 2287 1367 2313 non

292 2329 388 2365 inest
407 2327 577 2387 potentia
597 2328 646 2365 ad
666 2340 746 2365 non
766 2340 864 2365 esse:
896 2329 964 2365 sed
990 2328 1162 2366 Creatori
1182 2329 1279 2366 inest
1297 2340 1367 2379 po·
1384 2345 1410 2364 ιο

291 2381 408 2419 tentia
426 2388 468 2418 ut
488 2380 542 2418 eis
561 2381 625 2417 det
645 2393 727 2418 esse
747 2382 809 2418 vel
834 2381 888 2418 eis
915 2381 1065 2419 desinat
1082 2394 1165 2418 esse
1185 2381 1366 2427 influer'e;

292 2446 384 2471 cum
413 2446 494 2471 non
522 2445 569 2470 ex
598 2434 820 2471 necessitate
853 2442 1012 2472 naturae
1045 2442 1130 2482 agat
1158 2434 1208 2472 ad
1236 2447 1368 2472 rerum

292 2486 604 2537 productionem,
621 2487 688 2524 sed
703 2499 750 2524 ex
764 2487 975 2533 voluntate,
991 2495 1033 2525 ut
1048 2495 1250 2525 ostensum
1269 2487 1366 2526 est*.

345 2541 452 2577 Item.
483 2541 542 2577 Ex
570 2552 650 2589 quo
680 2552 740 2578 res
768 2548 917 2578 creatae
942 2553 989 2577 ex
1009 2540 1142 2578 divina
1169 2542 1367 2578 voluntate

293 2593 332 2630 in
360 2606 442 2630 esse
471 2593 699 2642 procedunt,
729 2601 881 2642 oportet
909 2605 974 2630 eas
1001 2595 1094 2630 tales
1122 2605 1206 2630 esse
1234 2595 1368 2643 quales
1385 2611 1407 2631 ις

293 2647 400 2683 Deus
429 2658 493 2683 eas
522 2658 604 2683 esse
633 2645 766 2683 voluit.
797 2647 872 2683 Per
903 2648 980 2684 hoc
1015 2654 1146 2684 autem
1176 2647 1283 2696 quod
1312 2647 1368 2684 di-

293 2699 390 2736 citur
417 2700 547 2736 Deum
576 2699 805 2749 produxisse
835 2711 894 2737 res
922 2699 962 2737 in
992 2712 1074 2737 esse
1103 2711 1173 2750 per
1191 2701 1368 2738 volunta-

292 2761 382 2798 tem,
412 2764 494 2790 non
522 2764 591 2802 per
619 2752 896 2799 necessitatem,
917 2765 998 2791 non
1017 2752 1161 2791 tollitur
1179 2752 1275 2803 quin
1298 2765 1367 2791 vo-

294 2805 404 2842 luerit
440 2805 589 2854 aliquas
622 2817 682 2842 res
711 2818 793 2843 esse
822 2818 923 2855 quae
953 2806 1000 2843 de
1037 2806 1260 2844 necessitate
1293 2806 1369 2844 sint

294 2866 330 2895 et
357 2859 505 2908 aliquas
534 2871 635 2908 quae
664 2858 738 2895 sint
771 2858 1046 2907 contingenter,
1076 2859 1124 2897 ad
1154 2860 1230 2896 hoc
1258 2860 1366 2909 quod
1383 2881 1410 2901 φ

294 2911 339 2948 sit
368 2911 407 2948 in
436 2911 551 2949 rebus
580 2911 779 2949 diversitas
799 2912 985 2949 ordinata.
1016 2912 1123 2949 Nihil
1148 2911 1261 2962 igitur
1278 2925 1368 2963 pro-

294 2964 399 3002 hibet
437 2976 497 3002 res
534 2964 726 3014 quasdam
759 2964 892 3002 divina
927 2966 1124 3003 voluntate
1160 2965 1368 3015 productas

294 3030 528 3055 necessarias
557 3030 652 3055 esse.

349 3071 501 3108 Adhuc.
518 3071 579 3108 Ad
595 3070 769 3108 divinam
788 3070 1064 3120 perfectionem
1083 3071 1247 3121 pertinet
1260 3073 1370 3122 quod

296 3123 411 3161 rebus
439 3123 574 3161 creatis
612 3136 724 3161 suam
760 3123 1049 3161 similitudinem
1079 3124 1267 3171 indiderit,
1297 3125 1369 3163 nisi
1385 3146 1408 3166 ις

296 3185 486 3225 quantum
506 3176 555 3213 ad
575 3177 637 3214 illa
656 3189 756 3226 quae
786 3185 1001 3226 repugnant
1024 3177 1059 3214 ei
1083 3178 1192 3227 quod
1211 3186 1267 3216 est
1286 3191 1369 3216 esse

296 3237 485 3266 creatum:
517 3229 661 3278 agentis
690 3229 795 3266 enim
815 3229 970 3279 perfecti
989 3238 1045 3267 est
1064 3231 1279 3279 producere
1299 3231 1370 3269 sibi

297 3282 418 3319 simile
438 3290 630 3331 quantum
650 3282 834 3332 possibile
854 3290 919 3320 est.
949 3283 1043 3320 Esse
1063 3291 1194 3320 autem
1215 3296 1370 3322 necesse

297 3334 518 3384 simpliciter
537 3347 617 3372 non
637 3343 825 3385 repugnat
845 3336 893 3373 ad
919 3335 1107 3373 rationem
1132 3349 1214 3374 esse
1238 3337 1369 3375 creati:

350 3458 367 3483 9
387 3450 477 3483 soleat]
497 3451 599 3475 soleant
618 3451 669 3480 Pd;
690 3451 749 3475 dein
770 3450 949 3483 contingentes
968 3454 995 3476 et
1013 3451 1166 3484 procedunt.

299 3490 323 3509 et
342 3485 499 3518 simpliciter]
520 3485 671 3518 simpliciter
690 3491 715 3510 et
734 3486 853 3511 absolute
872 3486 940 3511 GPc.

301 3519 332 3551 37
352 3520 378 3544 in
397 3528 456 3545 esse
475 3521 495 3545 Α
515 3521 600 3551 εοΙιιες
621 3529 673 3546 om.

302 3588 332 3613 ‚⁵
352 3556 740 3617 &xxm‘lssssffii'iopss‘ffssffff
759 3565 786 3582 ‘²‘
817 3592 849 3617 2³
880 3557 1127 3625 ³¹..3²”2⁶;3¹2⁶÷”:

301 3625 378 3649 mitur
396 3626 418 3649 Α
437 3598 521 3655 sdiun
541 3632 581 3651 est
598 3627 641 3651 hic
660 3627 691 3658 Y,
706 3600 774 3652 fante
799 3600 941 3653 necesstiiias
961 3600 992 3658 ἓ,
1008 3631 1072 3659 post
1094 3599 1186 3653 cci-eatis
1210 3629 1302 3654 ceteri.

300 3665 340 3684 est
358 3660 471 3684 alterum
489 3664 550 3692 post
566 3661 684 3693 primum
706 3662 757 3692 ΟΡ,
777 3670 819 3687 om
840 3663 892 3688 GZ.

1260 3459 1292 3484 14
1310 3453 1477 3487 possibilitas]
1498 3453 1672 3486 potentialius
1691 3454 1789 3480 nDNx.

1033 3493 1065 3519 ²7
1086 3494 1118 3511 eo
1136 3487 1218 3512 modo
1236 3495 1278 3512 om
1299 3487 1330 3519 D,
1350 3496 1364 3513 a
1383 3488 1439 3513 Deo
1458 3496 1491 3514 eo
1503 3489 1583 3514 modo
1597 3489 1640 3515 Pe.

1135 3575 1156 3582 ..
1177 3557 1207 3582 13
1228 3558 1260 3582 ad
1279 3565 1332 3582 non
1351 3566 1411 3583 esse
1430 3559 1456 3584 in
1478 3559 1499 3584 N
1519 3559 1643 3584 delentur
1658 3566 1710 3591 per
1727 3564 1810 3584 vacat.

1212 3600 1246 3624 24
1264 3593 1389 3627 proxima]
1410 3594 1494 3626 prima
1512 3595 1597 3620 eDW.

1400 3636 1431 3660 4¹
1455 3629 1550 3655 habere
1575 3630 1617 3655 hic
1639 3630 1663 3654 Α
1680 3630 1766 3661 solun
1780 3631 1846 3662 pon
1868 3635 1977 3653 necesse
2003 3632 2052 3653 est.

984 3670 1018 3696 49
1038 3663 1099 3696 quia
1118 3663 1140 3687 Α
1159 3663 1244 3694 solun
1264 3671 1307 3689 om
1327 3664 1358 3695 Υ,
1379 3665 1451 3697 quod
1469 3665 1559 3690 ceteri.

1421 787 1517 824 nihil
1544 786 1650 824 enim
1683 785 1868 837 prohibet
1900 786 2047 836 aliquid
2084 799 2167 825 esse
2204 799 2361 826 necesse
2389 788 2499 838 quod

1420 848 1552 878 tamen
1580 852 1674 878 suae
1702 839 1936 878 necessitatis
1954 851 2115 877 causam
2133 840 2261 887 habet,
2281 841 2379 878 sicut
2406 853 2499 879 con-

1421 893 1615 931 clusiones
1644 892 2034 931 demonstrationum.
2062 892 2171 930 Nihil
2189 892 2302 942 igitur
2320 894 2500 944 prohibet

1422 947 1614 997 quasdam
1634 959 1694 984 res
1714 946 1768 984 sic
1787 958 1870 983 esse
1895 946 2105 996 productas
2132 959 2156 984 a
2183 947 2270 984 Deo
2297 954 2342 984 ut
2367 954 2499 985 tamen

1422 1012 1487 1037 eas
1506 1012 1590 1037 esse
1609 1000 1655 1037 sit
1674 1011 1831 1037 necesse
1851 998 2084 1049 simpliciter.
2106 999 2234 1037 Immo
2254 1000 2330 1037 hoc
2345 999 2499 1037 divinae

1421 1053 1646 1103 perfectioni
1674 1060 1882 1091 attestatur.

1477 1106 1667 1156 Amplius.
1698 1107 1857 1155 Quanto
1895 1105 2042 1156 aliquid
2078 1105 2200 1155 magis
2232 1105 2346 1144 distat
2374 1106 2424 1144 ab
2452 1119 2500 1145 eo

1422 1160 1531 1209 quod
1565 1172 1636 1210 per
1672 1159 1846 1210 seipsum
1882 1167 1939 1197 est
1975 1171 2056 1206 ens,
2092 1158 2233 1197 scilicet
2263 1159 2361 1206 Deo,
2394 1167 2501 1198 tanto

1422 1213 1544 1262 magis
1563 1212 1834 1263 propinquum
1853 1221 1909 1250 est
1927 1212 1978 1250 ad
1997 1224 2079 1250 non
2098 1224 2194 1250 esse.
2209 1212 2503 1263 Quanto-igitur

1422 1265 1569 1317 aliquid
1597 1273 1653 1304 est
1681 1266 1941 1316 propinquius
1960 1266 2058 1312 Deo,
2078 1273 2185 1304 tanto
2209 1265 2331 1315 magis
2359 1265 2503 1304 recedit

1423 1332 1445 1357 a
1473 1332 1555 1358 non
1592 1331 1687 1357 esse.
1718 1320 1832 1368 Quae
1867 1327 2000 1357 autem
2036 1319 2116 1357 iam
2148 1326 2249 1366 sunt,
2278 1319 2502 1370 propinqua

1423 1381 1513 1411 sunt
1541 1373 1590 1411 ad
1618 1385 1701 1411 non
1728 1385 1812 1410 esse
1840 1385 1911 1423 per
1937 1373 2016 1410 hoc
2047 1373 2157 1422 quod
2193 1372 2339 1410 habent
2365 1380 2502 1422 poten-

1422 1426 1516 1464 tiam
1536 1426 1585 1464 ad
1606 1438 1687 1464 non
1706 1439 1802 1464 esse.
1832 1427 1898 1464 Illa
1925 1425 2039 1474 igitur
2066 1438 2168 1475 quae
2197 1433 2287 1463 sunt
2305 1426 2392 1464 Deo
2411 1437 2501 1476 pro·

1422 1479 1692 1530 pinquissima,
1712 1488 1749 1517 et
1767 1491 1838 1530 per
1856 1480 1933 1517 hoc
1960 1491 1984 1516 a
2012 1491 2094 1517 non
2122 1491 2206 1516 esse
2232 1479 2501 1526 remotissima,

1423 1533 1512 1570 talia
1539 1545 1623 1570 esse
1652 1540 1814 1583 oportet,
1844 1533 1895 1571 ad
1922 1533 2000 1570 hoc
2028 1531 2138 1582 quod
2166 1531 2212 1570 sit
2241 1544 2374 1570 rerum
2402 1533 2502 1571 ordo

1423 1587 1653 1636 completus,
1672 1594 1716 1624 ut
1734 1585 1775 1624 in
1794 1585 1849 1624 eis
1868 1597 1952 1623 non
1969 1585 2018 1623 sit
2033 1585 2207 1636 potentia
2225 1585 2277 1623 ad
2295 1597 2377 1623 non
2403 1597 2500 1624 esse.

1424 1639 1535 1677 Talia
1554 1647 1686 1677 autem
1706 1647 1796 1677 sunt
1814 1638 2030 1677 necessaria
2049 1639 2236 1677 absolute.
2258 1661 2283 1665 —
2307 1639 2371 1677 Sic
2390 1638 2504 1688 igitur

1424 1692 1553 1742 aliqua
1580 1700 1707 1730 creata
1734 1693 1784 1730 de
1813 1691 2037 1730 necessitate
2065 1692 2210 1730 habent
2237 1703 2332 1729 esse.

1478 1745 1692 1783 Sciendum
1711 1753 1769 1783 est
1787 1745 1917 1795 itaque
1935 1745 2057 1795 quod,
2077 1745 2108 1782 si
2127 1756 2259 1782 rerum
2283 1752 2501 1783 creatarum

1423 1799 1653 1836 universitas
1679 1798 1946 1836 consideretur
1963 1806 2081 1848 prout
2099 1805 2189 1836 sunt
2207 1810 2231 1835 a
2249 1798 2378 1848 primo
2397 1797 2502 1849 prin-

1423 1852 1537 1902 cipio,
1566 1852 1818 1889 inveniuntur
1853 1851 2075 1901 dependere
2103 1863 2151 1888 ex
2179 1851 2389 1898 voluntate,
2418 1863 2500 1890 non

1423 1917 1470 1942 ex
1498 1904 1723 1942 necessitate
1751 1903 1940 1954 principii,
1969 1903 2043 1942 nisi
2070 1902 2294 1942 necessitate
2323 1904 2501 1955 supposi-
2560 1906 2563 1908 ’

1423 1957 1548 2003 tionis,
1571 1957 1669 1994 sicut
1687 1957 1835 1995 dictum
1854 1965 1911 1995 est
1928 1957 1959 1993 ²⁸⁸.
1981 1957 2023 1995 Si
2042 1969 2136 1994 vero
2155 1965 2433 2007 comparentur
2450 1956 2502 1996 ad
2529 1966 2538 1975 ·

1422 2010 1612 2061 principia
1639 2010 1829 2060 proxima,
1859 2009 2112 2048 inveniuntur
2137 2009 2405 2048 necessitatem
2432 2011 2501 2048 hm
2541 2007 2547 2019 '

1423 2064 1515 2101 bere
1534 2063 1765 2101 absolutam.
1795 2063 1905 2100 Nihil
1923 2063 2030 2101 enim
2048 2062 2231 2113 prohibet
2248 2062 2378 2113 aliqua
2395 2063 2501 2114 prin-⁴

1423 2116 1524 2167 cipia
1552 2128 1633 2154 non
1662 2128 1710 2154 ex
1738 2116 1962 2154 necessitate
1990 2115 2167 2166 produci,
2196 2115 2341 2167 quibus
2367 2124 2500 2156 tamen

1423 2169 1568 2220 positis,
1588 2170 1637 2207 de
1657 2169 1882 2208 necessitate
1902 2169 2078 2220 sequitur
2095 2169 2179 2207 talis
2197 2169 2374 2208 effectus:
2402 2169 2502 2209 sicut

1424 2235 1531 2261 mors
1558 2222 1735 2261 animalis
1763 2222 1881 2261 huius
1908 2223 2127 2261 absolutam
2147 2222 2413 2261 necessitatem
2433 2223 2501 2262 ha-

1423 2277 1489 2314 bet
1506 2284 1666 2326 propter
1684 2277 1761 2314 hoc
1779 2276 1889 2326 quod
1916 2275 1996 2314 iam
2023 2289 2071 2314 ex
2098 2276 2298 2314 contrariis
2317 2284 2374 2314 est
2391 2286 2500 2315 com-

1423 2329 1608 2379 positum,
1637 2329 1819 2380 quamvis
1847 2329 1978 2379 ipsum
2007 2341 2054 2366 ex
2081 2329 2281 2367 contrariis
2313 2329 2500 2379 componi

1424 2395 1505 2420 non
1524 2382 1656 2420 fuisset
1674 2382 1937 2421 necessarium
1955 2382 2142 2420 absolute.
2167 2382 2350 2420 Similiter
2367 2389 2500 2420 autem

1424 2436 1533 2486 quod
1561 2436 1654 2473 tales
1683 2448 1815 2474 rerum
1843 2443 2003 2474 naturae
2022 2448 2046 2474 a
2064 2436 2150 2473 Deo
2178 2436 2498 2486 producerentur,

1424 2488 1690 2526 voluntarium
1710 2489 1794 2526 fuit:
1815 2489 1924 2538 quod
1943 2497 2088 2535 autem,
2107 2488 2162 2526 eis
2181 2488 2236 2527 sic
2253 2489 2412 2535 statutis,
2434 2487 2500 2527 aii-

1425 2542 1520 2592 quid
1549 2542 1751 2591 proveniat
1779 2543 1841 2579 vel
1874 2541 2018 2588 existat,
2047 2542 2267 2579 absolutam
2295 2541 2499 2580 necem-

1424 2603 1504 2633 tem
1534 2595 1661 2632 habet.

1477 2647 1750 2686 Diversimode
1779 2656 1910 2685 autem
1938 2660 1985 2685 ex
2014 2647 2175 2686 diversis
2207 2647 2334 2685 causis
2369 2658 2499 2685 neces·

1425 2701 1513 2739 sitas
1546 2700 1713 2739 sumitur
1745 2700 1784 2738 in
1818 2701 1934 2739 rebus
1967 2701 2114 2739 creatis.
2152 2701 2259 2739 Nam
2292 2700 2385 2751 quia
2416 2699 2499 2739 sine

1424 2753 1504 2792 suis
1539 2753 1804 2792 essentialibus
1841 2753 2050 2805 principiiS,
2079 2766 2181 2804 quae
2214 2762 2304 2792 sunt
2338 2752 2500 2792 materia

1425 2816 1461 2845 et
1488 2808 1626 2852 forma,
1657 2819 1716 2845 res
1744 2819 1828 2845 esse
1856 2819 1937 2845 non
1972 2815 2109 2857 potest,
2138 2807 2247 2857 quod
2276 2819 2323 2844 ex
2351 2806 2499 2845 ratione

1424 2860 1705 2911 principiorum
1734 2860 1995 2898 essentialium
2028 2860 2083 2898 rei
2115 2860 2312 2910 competit,
2345 2859 2498 2898 absolu-

1424 2922 1503 2951 tam
1533 2913 1800 2951 necessitatem
1819 2913 1859 2951 in
1879 2913 2064 2951 omnibus
2083 2913 2227 2951 habere
2247 2925 2404 2965 necesse
2430 2921 2497 2950 est.

1479 2968 1538 3004 Ex
1566 2967 1626 3004 his
1654 2975 1786 3005 autem
1813 2965 2022 3017 principiis,
2043 2966 2262 3005 secundum
2281 2965 2390 3016 quod
2409 2972 2500 3004 sunt

1425 3020 1577 3058 essendi
1595 3019 1794 3070 principia,
1810 3019 2005 3070 tripliciter
2023 3018 2190 3057 sumitur
2207 3019 2413 3057 necessitas
2431 3017 2500 3057 ab·

1426 3075 1551 3111 soluta
1570 3073 1609 3111 in
1630 3073 1757 3110 rebus.
1788 3073 1877 3111 Uno
1896 3073 2058 3123 quidem
2077 3073 2211 3120 modo,
2231 3084 2302 3123 per
2319 3071 2499 3110 ordinem

1426 3126 1476 3164 ad
1495 3138 1578 3163 esse
1598 3126 1681 3164 eius
1702 3125 1814 3164 cuius
1842 3133 1942 3164 sunt
1972 3126 2022 3164 Et
2049 3125 2142 3185 quia
2170 3125 2340 3171 materia,
2361 3135 2498 3162 secun-

1425 3179 1524 3217 dum
1543 3179 1582 3217 id
1598 3179 1707 3229 quod
1726 3186 1792 3224 est,
1809 3191 1878 3216 ens
1897 3178 1937 3216 in
1955 3178 2128 3229 potentia
2146 3186 2218 3224 est;
2239 3177 2346 3228 quod
2366 3184 2497 3215 autem

1426 3240 1552 3282 potest
1575 3244 1669 3278 esse,
1690 3239 1816 3281 potest
1841 3231 1957 3270 etiam
1983 3239 2020 3269 et
2047 3243 2129 3270 non
2154 3243 2256 3269 esse.
2285 3242 2333 3267 ex
2361 3228 2497 3266 ordine

1427 3285 1610 3322 materiae
1630 3285 1847 3323 necessario
1867 3297 1927 3322 res
1951 3284 2103 3334 aliquae
2131 3281 2396 3332 corruptibiles
2420 3281 2497 3319 exi-

1427 3346 1546 3384 stunt;
1569 3338 1667 3376 sicut
1685 3337 1829 3375 animal
1843 3337 1936 3387 quia
1955 3349 2002 3375 ex
2020 3335 2218 3374 contrariis
2233 3334 2497 3384 compositum

1933 3453 1975 3478 vel
1994 3451 2055 3486 non]
2075 3459 2128 3477 non
2146 3451 2236 3477 XZPc.
2325 3458 2353 3476 αι
2376 3451 2498 3477 absolute

1733 3496 1767 3523 ²9
1786 3494 1812 3514 et
1825 3489 1903 3514 rebus
1932 3488 1958 3513 in
1970 3487 2049 3513 rebus
2063 3486 2195 3516 DGNYZ·
2210 3494 2264 3519 pro
2277 3486 2352 3519 inest,
2366 3492 2408 3512 est
2419 3487 2497 3512 ΝΥΖ.

2101 3574 2121 3583 ..
2140 3565 2192 3582 non
2211 3565 2271 3582 esse
2290 3557 2351 3583 hom
2370 3565 2413 3583 οηι
2432 3557 2497 3583 ch.

1685 3594 1719 3626 3⁴
1737 3594 1884 3620 absolutam
1899 3595 1963 3626 post
1980 3593 2162 3618 necessitatem
2182 3592 2316 3619 aDEWX.
2401 3592 2434 3626 37
2452 3600 2497 3618 au-

2142 3626 2178 3659 46
2196 3628 2221 3653 id
2240 3628 2321 3662 quod]
2341 3628 2413 3661 quod
2436 3627 2496 3654 aW.

1909 3556 2108 3590 sapei-hoc..
