2768 4134
874 269 1063 306 SUMMA
1093 270 1315 308 CONTRA
1343 273 1619 321 GENTILES,
1650 275 1761 312 CAP.
1782 277 1881 313 XXI.

277 349 324 379 rei
339 347 547 389 significatae.
571 347 608 378 ln
624 347 761 380 essentia
775 352 886 378 autem
902 346 1011 377 divina
1026 347 1154 377 nullum
1170 348 1265 379 habet
1281 349 1354 379 fun-

278 392 468 424 damentum
482 393 517 423 in
532 401 578 428 re,
593 401 659 424 nec
678 400 714 422 se
736 396 826 422 tenet
848 400 887 421 ex
910 396 999 431 parte
1015 391 1061 421 rei
1077 390 1282 430 significatae,
1299 393 1355 423 sed

277 443 404 469 tantum
427 446 467 468 ex
490 442 580 477 parte
602 436 746 467 nominis
768 434 988 476 significantis.
1011 434 1097 466 Nam
1121 435 1197 474 quia
1219 436 1252 465 in
1270 445 1355 466 crea-

276 481 597 515 turis-materialibus
619 479 744 511 formae
767 489 836 511 non
858 479 1036 510 subsistunt
1051 478 1108 509 sed
1122 484 1250 509 tantum
1265 489 1356 510 com-

277 527 393 567 posita,
417 525 495 558 ideo.
516 525 652 556 nomina
681 533 766 564 quae
793 524 1008 564 imponuntur
1038 522 1079 554 ad
1109 522 1356 563 significandum

277 569 399 601 formas
421 569 596 610 simplices,
619 573 732 611 tenent
754 567 893 599 modum
915 566 1117 608 significandi
1141 577 1199 608 per
1218 567 1357 598 modum

277 615 387 656 partis,
413 614 490 646 licet
519 623 574 645 res
597 612 706 652 aliqua
735 611 914 653 significata
940 611 1033 643 nullo
1063 612 1166 643 modo
1197 612 1356 642 rationem

277 659 376 700 partis
397 659 528 690 habeat:
552 658 636 690 sicut
659 662 707 688 est
729 656 770 688 de
792 657 928 688 nomine
950 656 1090 688 deitatis.

283 737 285 739 ,
333 702 364 734 3.
389 701 456 734 Sed·
475 702 618 739 occurrit
632 700 717 732 circa
731 701 796 732 hoc
812 700 960 732 dubium.
985 700 1128 739 Quando
1144 701 1233 732 enim
1251 709 1357 731 unum

278 747 372 788 plura
385 745 524 778 includit
539 755 684 786 quorum
699 755 804 777 unum
820 755 854 777 se
869 746 967 776 habet
981 751 1019 776 ut
1033 745 1204 786 recipiens,
1220 745 1357 776 alterum

277 800 356 823 vero
371 796 409 822 ut
422 795 604 831 receptum,
619 790 654 823 id
669 789 761 831 quod
775 790 872 821 habet
886 790 1046 821 rationem
1061 789 1246 830 recipientis
1261 789 1358 820 habet

277 835 439 869 rationem
466 835 630 872 materiae,
654 834 747 876 quod
776 840 888 865 autem
920 834 1018 865 habet
1046 834 1207 865 rationem
1236 833 1357 874 recepti

277 880 375 911 habet
404 879 564 910 rationem
595 878 733 911 formae:
762 879 916 910 materiae
946 879 1034 909 enim
1065 884 1113 909 est
1142 878 1298 918 recipere,
1327 882 1358 909 et

278 923 403 956 formae
425 923 537 964 recipi.
561 923 626 955 Sed
649 925 675 954 si
698 924 906 964 suppositum
928 922 1093 959 materiale
1115 922 1288 953 intrinsece
1308 922 1358 953 in-

279 967 380 1002 cludit
400 969 573 999 essentiam
588 974 621 999 et
635 967 814 1000 accidentia
830 973 862 998 et
876 966 1119 1003 individuantia,
1135 967 1206 1007 ipsa
1221 967 1358 998 essentia

279 1018 327 1044 est
353 1013 524 1053 recipiens,
552 1012 730 1044 accidentia
759 1009 837 1042 vero
867 1017 1006 1052 recepta.
1038 1011 1125 1052 Ergo
1157 1011 1293 1043 essentia
1323 1020 1358 1042 se

277 1057 408 1090 habebit
439 1062 475 1088 ut
503 1067 578 1098 pars
610 1056 793 1092 materialis,
816 1065 886 1087 non
913 1061 1023 1086 autem
1046 1061 1083 1086 ut
1105 1065 1178 1096 pars
1201 1055 1357 1087 formalis.

279 1100 384 1133 Cuius
399 1102 591 1142 oppositum
607 1107 656 1133 est
669 1101 804 1133 dictum.
819 1118 844 1123 -—
858 1100 1018 1131 Probatur
1032 1100 1151 1131 minor.
1172 1100 1259 1138 Quia
1274 1100 1358 1131 acci-.

278 1145 388 1178 dentia
409 1146 610 1186 recipiuntur
631 1146 666 1178 in
689 1145 876 1181 substantia,
900 1154 968 1176 non
993 1149 1103 1175 autem
1125 1145 1302 1177 substantia
1323 1145 1358 1176 in

278 1189 508 1223 accidentibus.

333 1233 387 1266 Ad
408 1234 506 1267 huius
530 1233 735 1270 evidentiam,
761 1232 1034 1265 considerandum
1054 1232 1146 1274 quod
1160 1243 1229 1264 non
1248 1233 1294 1264 sic
1310 1232 1357 1265 di-

278 1279 382 1314 cimus
405 1279 613 1320 suppositum
635 1277 802 1310 includere
826 1278 997 1309 essentiam
1020 1283 1052 1308 et
1076 1277 1253 1310 accidentia
1275 1277 1358 1309 indi-

257 1360 260 1362 ,
276 1320 443 1360 viduum
460 1323 558 1364 quasi
580 1323 737 1356 essentiae
752 1323 842 1363 prius
857 1323 1052 1355 constitutae
1066 1323 1101 1353 in
1118 1332 1187 1353 esse
1203 1321 1358 1363 specifico

278 1365 462 1403 adveniant,
480 1366 660 1404 accidentia
689 1368 794 1408 ipsam
821 1366 1055 1398 individuantia
1078 1372 1111 1398 et
1137 1367 1295 1398 trahentia
1318 1366 1359 1398 ad

278 1421 349 1447 ense
369 1411 583 1454 suppositale‚
607 1418 644 1444 ut
671 1412 754 1443 ratio
777 1411 904 1443 videtur
932 1421 1134 1452 supponere:
1165 1411 1222 1442 sed
1245 1412 1359 1452 imagi-

277 1466 395 1492 namur
417 1456 507 1498 prius
528 1457 697 1488 materiam
721 1456 852 1497 disponi
875 1462 907 1488 et
926 1456 1056 1487 limitari
1071 1466 1130 1497 per
1145 1457 1359 1496 quantitatem

278 1506 311 1536 et
322 1501 385 1537 alia
399 1500 579 1541 accidentia
591 1502 696 1542 ipsam
711 1500 960 1538 individuantia3
976 1500 1094 1532 deinde
1106 1501 1191 1532 uniri
1206 1501 1358 1532 materiae

278 1546 329 1582 sic,
347 1545 523 1587 dispositae
545 1544 685 1578 formam
707 1545 890 1577 secundum
913 1545 1062 1577 ultimam
1077 1555 1170 1576 suam
1185 1545 1359 1586 perfectio-

277 1600 371 1629 nem;
394 1600 434 1623 ex
457 1590 577 1631 quibus
600 1591 699 1622 unitis
721 1590 855 1622 resultat
874 1590 1011 1622 essentia
1030 1589 1238 1621 individuata.
1263 1589 1359 1621 Unde

278 1633 458 1672 accidentia
479 1634 724 1671 individuantia,
740 1644 818 1666 cum
833 1635 897 1667 sint
912 1634 1141 1676 dispositiones
1161 1644 1196 1665 se
1212 1639 1359 1666 tenentes

279 1689 319 1713 ex
339 1685 431 1721 parte
454 1679 618 1716 materiae,
641 1679 841 1711 reducuntur
856 1678 898 1710 ad
911 1689 1016 1720 genus
1032 1688 1147 1710 causae
1170 1679 1356 1710 materialis:

114 1739 122 1746 s
140 1739 235 1751 ων
254 1735 257 1738 ⁴
278 1729 311 1760 et
332 1733 392 1766 per
414 1729 620 1765 consequens
643 1724 781 1756 essentia
804 1723 845 1755 ad
867 1723 922 1755 illa
944 1723 1122 1755 formaliter
1141 1729 1357 1764 comparatur.

333 1767 388 1800 Ad
397 1774 628 1809 argumentum
641 1778 730 1810 ergo,
742 1774 878 1809 negatur
889 1769 1007 1800 minor.
1019 1786 1043 1791 -
1053 1766 1106 1799 Ad
1118 1768 1358 1808 probationem,

277 1818 414 1854 negatur
429 1813 674 1854 consequentia.
691 1813 784 1844 Licet
795 1813 883 1844 enim
899 1812 1077 1844 accidentia
1090 1811 1152 1843 ista
1163 1813 1359 1853 recipiantur

277 1857 313 1891 in
335 1857 523 1894 substantia,
546 1867 616 1890 non
639 1863 759 1894 tamen,
784 1863 821 1889 ut
842 1857 996 1889 materiae
1019 1857 1248 1898 dispositiones
1271 1863 1357 1894 sunt,

277 1902 480 1943 recipiuntur
508 1902 543 1933 in
571 1902 632 1934 hac
660 1902 837 1934 substantia
869 1911 954 1943 quae
977 1907 1026 1934 est
1053 1902 1190 1932 essentia
1220 1902 1356 1943 speciei:

278 1945 346 1984 sed,
369 1956 447 1978 cum
470 1946 575 1978 forma
593 1947 766 1978 materialis
781 1946 835 1978 det
851 1956 920 1978 esse
936 1955 1134 1987 corporeum
1150 1951 1182 1977 et
1197 1956 1267 1978 esse
1282 1947 1358 1983 hoc,

277 1995 358 2032 puta
373 1991 462 2032 equi,
477 1991 701 2032 intelliguntur
716 1992 750 2022 in
766 1991 899 2022 materia
914 1991 1016 2032 recipi
1030 1996 1067 2022 ut
1089 1996 1137 2021 est
1159 1996 1285 2022 actuata
1300 2001 1359 2032 per

278 2034 419 2067 formam
434 2035 616 2067 secundum
631 2045 701 2067 esse
717 2045 915 2076 corporeum
937 2041 1075 2072 tantum,
1091 2034 1148 2066 sed
1163 2036 1197 2066 in
1212 2037 1359 2076 potentia

279 2079 386 2112 adhuc
409 2080 450 2112 ad
472 2089 542 2112 esse
565 2081 652 2121 equi,
676 2079 717 2112 ad
747 2079 839 2121 quod
869 2090 938 2112 esse
968 2089 1027 2121 per
1056 2080 1245 2112 huiusmodi
1276 2081 1359 2112 acei-

279 2124 388 2156 dentia
410 2124 603 2166 disponitur.
627 2125 690 2157 Ista
711 2126 799 2156 enim
814 2124 994 2156 accidentia
1009 2124 1310 2166 praeintelliguntur
1325 2126 1358 2156 in

278 2170 421 2206 materia,
438 2169 620 2201 secundum
635 2170 722 2201 viam
741 2169 968 2211 generationis,
986 2169 1102 2201 ultimo
1117 2169 1241 2210 gradui,
1259 2179 1358 2210 quern

279 2213 335 2246 dat
348 2213 454 2246 forma
468 2214 694 2246 substantialis.
712 2214 775 2246 Sed
791 2214 832 2246 de
847 2214 886 2245 iis
901 2214 996 2246 latior
1013 2215 1071 2246 erit
1090 2224 1197 2246 sermo
1213 2214 1357 2251 inferius,

279 2258 386 2300 capite
409 2268 483 2290 uxr
498 2259 526 2290 “.

333 2303 444 2343 4..Ad
459 2308 688 2344 argumentum
704 2313 781 2344 ergo
798 2303 977 2344 principale
989 2305 1005 2320 ⁴*
1021 2303 1139 2334 dicitur
1154 2303 1246 2344 quod
1262 2313 1300 2335 ex
1317 2313 1358 2335 eo

278 2347 371 2391 quod
384 2348 419 2380 in
438 2348 535 2380 rebus
559 2348 750 2389 compositis
774 2348 910 2379 essentia
934 2347 1131 2389 significatur
1147 2357 1205 2389 per
1220 2348 1358 2380 modurn

278 2392 377 2434 partis
398 2392 502 2424 modo
526 2402 560 2424 se
583 2398 715 2424 tenente
738 2402 778 2424 ex
800 2398 890 2434 parte
911 2393 956 2424 rei
980 2391 1176 2433 significatae
1192 2398 1224 2424 et
1239 2393 1273 2424 in
1288 2394 1359 2434 ipsa

279 2436 530 2477 frmdamentum
552 2437 702 2474 habente,
727 2438 832 2478 arguit
854 2437 990 2469 Sanctus
1006 2437 1152 2468 Thomas
1167 2438 1201 2468 in
1216 2447 1251 2469 re
1267 2447 1359 2469 com-

278 2482 479 2523 positionem
502 2491 586 2513 esse:
610 2491 680 2514 non
702 2488 813 2514 autem
829 2491 868 2513 ex
882 2481 985 2514 modo
1005 2481 1207 2523 significandi
1229 2482 1358 2514 nullum

278 2527 418 2559 habente
448 2526 698 2558 fundamentum
728 2527 762 2558 in
785 2537 830 2564 re,
855 2526 912 2558 sed
941 2537 976 2558 se
1006 2532 1138 2559 tenente
1169 2532 1296 2558 tantum
1320 2537 1358 2558 ex

277 2576 369 2613 parte
391 2571 534 2603 nominis
558 2570 778 2612 significantis,
801 2572 885 2603 sicut
908 2571 1024 2603 accidit
1046 2572 1081 2602 in
1103 2571 1206 2603 modo
1237 2571 1358 2612 signifi·

279 2615 374 2649 candi
397 2615 540 2647 divinam
563 2616 745 2648 essentiam.
775 2615 853 2648 Ideo
876 2625 945 2648 non
969 2617 1116 2657 sequitur
1139 2616 1173 2647 in
1197 2616 1270 2647 Deo
1300 2617 1356 2647 ali-

279 2670 380 2702 quam
403 2661 679 2702 compositionem
703 2670 782 2692 esse.

334 2705 374 2737 11.
398 2705 558 2736 Secundo.
583 2705 620 2736 In
635 2705 708 2736 Deo
724 2706 815 2737 nulla
829 2711 905 2737 sunt
920 2704 1112 2737 accidentia:
1137 2710 1174 2736 ut
1189 2710 1357 2736 ostensum

278 2755 326 2781 est
348 2751 497 2791 superius
511 2751 540 2787 ³,
556 2750 614 2782 ubi
629 2755 798 2781 ostensum
813 2756 861 2782 est
883 2750 964 2781 nihil
986 2750 1021 2780 in
1044 2750 1116 2780 Deo
1140 2759 1210 2780 esse
1232 2756 1358 2790 praeter

277 2799 437 2832 naturam,
461 2800 494 2826 et
522 2794 647 2826 nullam
678 2795 713 2825 in
743 2795 816 2835 ipso
847 2794 1134 2835 compositionem,
1166 2794 1357 2835 nullamque

243 2858 250 2864 ·
277 2839 460 2881 potenn'am
483 2848 553 2870 esse
568 2839 595 2870 “.
619 2839 707 2879 Ergo
725 2845 772 2870 est
787 2849 846 2870 sua
861 2839 1008 2870 essentia.
1023 2856 1046 2862 ·-
1062 2839 1220 2870 Probatur
1243 2849 1357 2870 conse-

279 2884 423 2925 quentia.
448 2883 535 2922 Quia
558 2883 585 2914 si
607 2893 676 2914 non
700 2889 783 2914 esset
813 2893 871 2914 sua
903 2883 1050 2919 essentia,
1073 2884 1108 2914 in
1137 2883 1210 2924 ipso
1234 2883 1358 2924 aliquid

279 2933 363 2959 esset
385 2933 511 2969 praeter
535 2926 758 2968 quidditatem,
783 2937 868 2968 quae
897 2937 955 2968 per
983 2926 1207 2959 definitionem
1236 2927 1358 2968 signifi-

279 2978 380 3003 catur.
404 2971 482 3003 Sola
504 2977 615 3003 autem
637 2971 815 3003 accidentia
838 2978 913 3003 sunt
933 2981 1018 3013 quae
1032 2972 1068 3003 in
1083 2971 1273 3004 definitione
1288 2982 1358 3004 non

280 3015 411 3047 cadunt.

335 3060 581 3092 Advertendum
605 3060 697 3101 quod
720 3060 856 3092 Sanctus
880 3060 1026 3091 Thomas
1041 3061 1095 3092 hic
1111 3060 1151 3091 de
1167 3059 1357 3092 definitione

279 3106 436 3136 essentiae
460 3111 492 3136 et
519 3110 652 3136 naturae
680 3104 850 3145 specificae
879 3105 1026 3146 loquitur
1055 3105 1236 3136 secundum
1266 3105 1358 3147 quod

278 3150 439 3191 principia
461 3155 589 3181 tantum
612 3150 792 3180 essentialia
815 3149 970 3190 explicat:
995 3149 1036 3180 de
1058 3150 1118 3180 hac
1140 3150 1227 3181 enim
1242 3160 1357 3182 verum

280 3200 329 3226 est
351 3194 442 3235 quod
465 3204 565 3226 omne
589 3193 680 3234 quod
699 3204 768 3225 non
784 3194 869 3225 cadit
884 3195 918 3224 in
933 3194 988 3224 tali
1004 3193 1194 3225 definitione
1210 3200 1258 3226 est
1273 3196 1357 3226 acci-

280 3238 370 3277 dens,
395 3244 428 3270 et
450 3238 542 3280 quod
564 3239 645 3270 nihil
669 3244 857 3269 extraneum
879 3238 920 3269 ab
944 3239 1081 3269 essentia
1102 3239 1137 3269 in
1159 3239 1215 3270 tali
1243 3239 1357 3271 defini-

279 3284 371 3315 tione
401 3283 495 3314 cadit.
526 3282 717 3314 Accidentia
747 3289 857 3314 autem
886 3282 1119 3315 individuantia
1151 3282 1290 3315 diximus
1322 3285 1356 3316 in

279 3327 486 3368 praecedenti
507 3329 632 3359 ratione
648 3329 665 3344 ⁴*
688 3328 723 3358 in
745 3329 791 3358 rei
814 3326 1000 3358 individuae
1015 3332 1048 3358 et
1063 3327 1262 3359 subsistentis
1277 3328 1357 3360 defi-

280 3373 405 3404 nitione
429 3372 553 3409 cadere,
577 3382 646 3404 non
669 3372 770 3403 veluti
794 3372 973 3403 essentialia
995 3372 1164 3412 principia,
1180 3372 1237 3403 sed
1256 3373 1357 3404 veluti

280 3416 563 3448 determinationes
595 3416 752 3458 quasdam
780 3422 812 3448 et
841 3417 1049 3447 limitationes
1078 3417 1245 3447 essentiae.
1278 3417 1355 3449 Ideo

280 3462 435 3502 sequitur,
460 3462 516 3492 ubi
539 3471 589 3492 res
612 3471 681 3492 non
705 3467 753 3492 est
776 3471 833 3492 sua
857 3460 1028 3502 quidditas,
1053 3461 1144 3500 quod
1176 3467 1224 3492 est
1253 3462 1288 3492 in
1319 3472 1357 3493 ea

279 3505 402 3547 aliquid
424 3511 550 3546 praeter
572 3506 744 3537 essenn'am
767 3505 857 3547 quod
880 3515 953 3546 pars
976 3506 1132 3536 essentiae
1147 3515 1216 3536 non
1233 3511 1290 3537 est.
1314 3507 1357 3537 Et

279 3559 337 3591 per
360 3560 564 3591 consequens
588 3551 622 3581 in
645 3551 717 3591 ipso
741 3550 875 3591 aliquod
899 3549 1048 3581 accidens
1072 3556 1133 3581 est:
1158 3551 1235 3590 quia
1265 3551 1356 3591 quod

279 3595 314 3625 in
337 3594 527 3626 definitione
549 3601 705 3635 tanquam
728 3605 801 3635 pars
825 3595 980 3625 essentiae
1003 3604 1071 3625 non
1096 3594 1190 3631 cadit,
1207 3595 1355 3626 accidens

280 3639 319 3670 sit
341 3648 474 3670 necesse
497 3645 554 3670 est.

424 3700 517 3725 Summa
537 3700 648 3724 Con-rna
667 3699 802 3724 Gaui-itas
821 3700 853 3725 D.
873 3700 989 3724 Tuoman
1009 3699 1079 3725 Tou.
1099 3699 1116 3725 1.

2425 282 2474 318 65

1464 351 1516 381 111.
1545 353 1664 382 Tertio.
1689 353 1826 384 Formae
1850 364 1933 395 quae
1957 355 1997 386 de
2020 357 2263 388 subsistentibus
2286 364 2341 389 aut
2355 360 2390 390 in
2405 360 2477 390 uni-

1407 395 1520 424 versali
1544 401 1599 425 aut
1621 396 1655 426 in
1678 398 1859 436 particulari
1881 408 1949 429 non
1970 400 2202 439 praedicantur,
2218 402 2252 432 in
2267 403 2380 443 seipsis
2394 404 2477 434 indi-

1408 437 1556 468 viduatae
1579 448 1647 469 non
1670 441 1855 471 subsistunt.
1880 442 1942 472 Sed
1966 443 2072 474 divina
2095 447 2231 476 essentia
2244 456 2304 486 per
2318 456 2352 478 se
2368 448 2477 488 singu-

1409 481 1514 511 lariter
1537 483 1642 512 existit
1663 483 1698 513 in
1721 485 1824 523 seipsa
1846 485 2019 516 individua.
2044 487 2129 528 Ergo
2153 489 2192 520 de
2211 499 2245 521 re
2265 492 2475 531 praedicatur.

1410 524 1497 564 Ergo
1520 535 1595 555 vera
1618 531 1666 557 est
1688 527 1763 557 ista:
1787 528 1877 558 Deus
1900 534 1947 558 est
1969 530 2080 561 deitas.
2105 532 2187 563 Nam
2211 534 2250 564 de
2274 536 2328 565 tali
2350 537 2476 576 praedi-

1411 569 1538 598 catione
1561 570 1614 600 hic
1638 576 1685 600 est
1707 580 1813 601 sermo
1836 572 1870 601 in
1893 582 1957 612 qua
1981 573 2104 610 dicitur,
2128 577 2204 607 Hoc
2226 584 2274 608 est
2295 580 2365 611 hoc.

1466 612 1671 644 Antecedens
1693 623 1751 653 per
1773 615 1996 646 inductionem
2019 619 2206 650 ostenditur.
2234 623 2354 654 Albedo
2378 626 2476 662 enim,

1411 657 1488 696 quia
1509 665 1579 687 non
1602 658 1743 688 subsistit
1773 658 1830 689 sed
1857 669 1914 699 per
1944 661 2124 692 subiectum
2154 664 2378 704 individuatur,
2402 669 2476 700 ideo

1411 699 1451 730 de
1475 700 1568 731 Sorte
1591 706 1647 731 aut
1669 702 1803 732 homine
1825 712 1894 733 non
1917 704 2126 743 praedicatur,
2150 713 2186 737 ut
2212 708 2343 747 dicatur,
2367 713 2478 744 Sortes

1411 749 1466 774 aut
1489 745 1586 774 homo
1611 750 1658 775 est
1680 746 1805 776 albedo.
1837 746 1988 777 Similiter
2015 748 2138 780 formae
2165 753 2378 791 particulares,
2403 758 2478 796 quia

1410 788 1445 818 in
1468 789 1607 828 propriis
1630 790 1771 820 materiis
1786 790 2036 828 individuantur,
2052 803 2120 824 non
2136 795 2358 834 praedicantur
2373 799 2412 830 de
2427 810 2477 831 re:

1410 842 1480 863 non
1504 833 1592 864 enim
1620 833 1758 864 dicimus
1786 834 1877 874 quod
1906 835 1959 865 hic
1989 836 2076 877 ignis
2098 838 2141 868 sit
2161 848 2222 869 sua
2237 841 2366 880 forma.
2391 843 2480 883 Ipsae

1412 880 1547 917 quoque
1570 887 1678 908 rerum
1702 877 1895 918 quidditates
1918 879 2157 912 individuantur
2180 884 2359 915 secundum
2381 893 2480 918 mate—

1410 922 1491 952 riam
1515 922 1672 961 signatam
1694 923 1791 953 huius
1814 923 1866 953 vel
1889 923 1974 955 illius
1996 924 2162 962 individui,
2187 927 2261 958 licet
2290 927 2427 961 formam
2451 938 2481 962 et

1410 966 1578 996 materiam
1602 966 1636 996 in
1659 967 1828 997 communi
1851 967 2030 998 includant:
2054 969 2128 999 ideo
2152 980 2220 1001 non
2241 971 2376 1004 dicimus
2392 975 2482 1014 quod

1411 1009 1523 1041 Sortes
1539 1016 1594 1040 aut
1609 1010 1706 1041 homo
1722 1011 1766 1042 sit
1779 1012 1975 1042 humanitas.
1988 1012 2106 1043 Forma
2123 1023 2198 1054 ergo
2211 1025 2295 1055 quae
2310 1017 2350 1048 de
2365 1027 2399 1048 re
2414 1028 2481 1050 non

1411 1053 1624 1095 praedicatur,
1647 1064 1717 1085 non
1740 1064 1798 1095 per
1821 1065 1855 1086 se
1879 1056 2033 1087 subsistit:
2058 1075 2081 1079 —
2103 1063 2257 1098 tanquam
2280 1061 2428 1093 videlicet
2444 1073 2482 1094 ex

1413 1108 1447 1130 se
1470 1098 1650 1131 individua:
1680 1099 1771 1139 quod
1799 1099 1873 1130 dico
1906 1106 2038 1140 propter
2066 1103 2207 1133 animam
2238 1104 2481 1144 intellectivam;

1412 1144 1483 1184 ipsa
1515 1143 1602 1174 enim
1632 1152 1692 1183 per
1720 1153 1755 1175 se
1783 1143 1915 1184 quidem
1945 1146 2096 1182 subsistit,
2121 1147 2176 1177 sed
2205 1157 2242 1178 ex
2270 1150 2372 1190 seipsa
2400 1151 2483 1182 indi-

1412 1187 1511 1218 vidua
1532 1197 1602 1219 non
1625 1193 1683 1218 est.

1469 1231 1659 1263 Notandum
1683 1232 1735 1263 hic
1759 1232 1850 1273 quod
1872 1233 1906 1263 in
1925 1234 2015 1264 omni
2034 1235 2273 1274 praedicatione
2293 1238 2483 1278 importatur

1413 1277 1519 1308 unitas
1542 1276 1716 1318 praedicati
1740 1286 1816 1308 cum
1837 1277 1993 1314 subiecto,
2010 1278 2066 1309 sed
2089 1279 2178 1310 aliter
2193 1290 2268 1311 cum
2284 1282 2483 1322 praedicatur

1413 1327 1615 1358 concretum,
1627 1327 1658 1352 et
1674 1321 1764 1352 aliter
1780 1331 1856 1352 cum
1868 1322 2068 1362 praedicatur
2077 1324 2279 1356 abstractum.
2294 1326 2380 1357 Cum
2395 1330 2482 1359 enim

1414 1371 1604 1397 concretum
1624 1365 1837 1406 praedicatur,
1855 1372 2013 1406 quantum
2029 1373 2076 1398 est
2099 1378 2136 1398 ex
2153 1371 2294 1401 concreti
2314 1371 2425 1408 modo,
2442 1373 2482 1403 si-

1413 1410 1584 1451 gnificatur
1610 1411 1717 1442 unitas
1744 1411 1931 1451 simpliciter
1959 1421 2035 1442 cum
2066 1412 2200 1444 habente
2216 1415 2378 1455 sormam,
2407 1426 2483 1448 cum

1404 1456 1525 1497 foma
1549 1459 1659 1486 autem
1682 1455 1788 1486 unitas
1808 1454 1988 1486 secundum
2011 1456 2099 1496 quid.
2124 1457 2210 1488 Cum
2233 1464 2340 1490 autem
2359 1461 2482 1501 praedi-

1413 1506 1504 1532 catur
1520 1500 1725 1536 abstractum,
1742 1499 1940 1540 significatur
1959 1501 2147 1541 simpliciter
2162 1503 2266 1533 unitas
2281 1504 2362 1534 inter
2378 1506 2483 1536 subie-

1413 1550 1503 1576 ctum
1516 1550 1548 1576 et
1559 1543 1699 1576 formam
1710 1544 1894 1585 praedicati.
1906 1544 1990 1576 Nam
2007 1555 2083 1576 cum
2099 1545 2184 1582 dico,
2197 1546 2308 1578 Sortes
2319 1554 2366 1579 est
2380 1550 2482 1587 albus,

1412 1588 1610 1630 significatur
1622 1589 1750 1620 Sortem
1766 1599 1871 1620 unum
1882 1589 2070 1630 simpliciter
2082 1599 2151 1621 esse
2163 1600 2238 1621 cum
2250 1592 2387 1624 habente
2399 1594 2485 1624 albe-

1413 1633 1538 1671 dinem3
1559 1643 1637 1665 cum
1657 1633 1805 1665 albedine
1825 1639 1934 1664 autem
1958 1635 2062 1665 unitas
2085 1644 2144 1675 per
2158 1635 2315 1673 accidens,
2337 1646 2418 1677 quae
2439 1645 2485 1669 est

1411 1679 1495 1709 inter
1517 1679 1701 1710 subiectum
1725 1684 1757 1709 et
1780 1678 1939 1709 accidens.
1963 1678 2027 1709 Sed
2051 1688 2127 1710 cum
2154 1679 2278 1717 dicitur,
2306 1680 2417 1713 Sortes
2439 1688 2487 1714 est

1412 1723 1540 1760 albedo,
1557 1722 1755 1764 significatur
1778 1724 1884 1754 unitas
1899 1723 2087 1764 simpliciter
2106 1724 2188 1754 inter
2204 1724 2330 1756 Sortem
2354 1731 2385 1756 et
2400 1727 2485 1758 albe-

1413 1767 1534 1799 dinem.
1549 1767 1686 1809 Propter
1701 1768 1775 1804 hoc,
1793 1768 1849 1799 ubi
1868 1777 1939 1799 non
1959 1773 2035 1799 sunt
2056 1768 2242 1809 simpliciter
2257 1769 2343 1800 idem
2364 1780 2485 1812 suppo-

1411 1813 1511 1844 situm
1523 1818 1555 1843 et
1565 1818 1680 1844 natura
1690 1812 1825 1844 nomine
1837 1813 1996 1843 abstracto
2008 1813 2190 1853 importata,
2202 1823 2272 1844 non
2287 1815 2486 1855 praedicatur

1412 1858 1549 1888 essentia
1565 1856 1606 1888 de
1621 1857 1803 1898 supposito.
1821 1857 1885 1888 Ubi
1901 1863 2011 1888 autem
2027 1863 2102 1888 sunt
2117 1858 2302 1898 simpliciter
2325 1859 2421 1896 idem,
2438 1866 2485 1891 est

1411 1911 1486 1933 vera
1509 1901 1706 1942 praedicatio
1730 1902 1827 1933 unius
1851 1901 1892 1933 de
1916 1902 2027 1932 altero.

1468 1946 1521 1977 lv.
1547 1946 1641 1978 Circa
1664 1946 1753 1977 illam
1784 1946 2055 1987 propositionem,
2078 1946 2248 1978 Essentiae
2275 1957 2431 1989 generum
2455 1955 2486 1980 et

1410 1991 1590 2031 specierum
1626 1991 1875 2022 individuantur
1907 1991 2083 2022 secundum
2118 1993 2288 2023 materiam
2321 1993 2483 2034 signatam

1410 2035 1508 2066 huius
1523 2036 1575 2067 vel
1590 2035 1679 2066 illius
1695 2035 1866 2073 individui,
1891 2036 2059 2067 sciendum
2083 2036 2173 2076 quod
2197 2036 2328 2077 quidam
2349 2037 2483 2069 Thomi-

1411 2085 1533 2111 starum
1553 2090 1611 2121 per
1627 2081 1798 2111 materiam
1813 2081 1978 2122 signatam
1995 2080 2178 2121 intelligunt
2197 2082 2298 2122 ipsam
2315 2083 2483 2113 materiam

1413 2125 1459 2155 ita
1482 2125 1579 2156 huius
1609 2125 1800 2166 quantitatis
1830 2135 1980 2166 capacem
2011 2125 2098 2166 quod
2128 2135 2194 2156 non
2226 2127 2332 2157 illius:
2361 2128 2484 2168 capaci-

1411 2175 1511 2200 tatem
1534 2175 1644 2200 autem
1671 2170 1766 2200 istam
1790 2169 1902 2201 dicunt
1924 2179 1993 2200 non
2017 2179 2086 2200 esse
2113 2170 2235 2211 aliquid
2264 2172 2302 2202 ab
2326 2171 2394 2212 ipsa
2416 2181 2483 2202 ma-

1412 2214 1491 2245 teria
1506 2214 1632 2245 realiter
1648 2213 1835 2245 distinctum
1847 2215 1874 2244 *.
1899 2214 1993 2246 Unde
2013 2215 2146 2245 materia
2161 2216 2282 2256 signata
2301 2216 2379 2247 nihil
2398 2216 2484 2247 addit

1412 2268 1510 2299 supra
1531 2259 1700 2290 materiam
1723 2258 1814 2300 quod
1837 2259 1877 2289 sit
1900 2260 1940 2290 ab
1963 2260 2032 2300 ipsa
2055 2259 2181 2290 realiter
2210 2260 2404 2297 distinctum,
2428 2261 2483 2292 sed

1414 2303 1623 2344 capacitatem
1636 2303 1733 2334 huius
1745 2304 1941 2344 quantitatis,
1955 2313 2038 2344 quae
2051 2305 2209 2345 capacitas
2221 2306 2260 2335 ab
2275 2306 2344 2345 ipsa
2359 2311 2483 2336 tantum

1413 2348 1538 2379 ratione
1569 2347 1784 2388 distinguitur.
1822 2348 2040 2389 Imaginantur
2070 2349 2157 2380 enim
2189 2350 2240 2379 isti
2268 2349 2358 2390 quod
2387 2360 2483 2390 agens

1412 2392 1603 2433 particulare
1631 2393 1818 2434 appropriat
1841 2394 2008 2424 materiam
2023 2393 2063 2424 ad
2078 2395 2161 2424 hanc
2185 2393 2322 2425 formam
2345 2396 2483 2435 particu-

1413 2437 1528 2469 larem:
1545 2438 1588 2468 ita
1605 2437 1696 2478 quod
1715 2439 1749 2468 in
1765 2438 1872 2478 primo
1887 2438 2017 2468 instanti
2033 2439 2247 2478 generationis
2263 2438 2362 2469 Sortis
2377 2440 2482 2479 primo

1414 2481 1527 2513 ordine
1550 2488 1682 2513 naturae
1706 2481 1742 2513 fit
1765 2483 1955 2523 particulare
1972 2483 2201 2523 compositum,
2218 2483 2334 2514 deinde
2348 2484 2482 2514 naturali

1414 2526 1526 2558 ordine
1551 2532 1731 2567 sequuntur
1754 2527 1865 2558 omnia
1888 2527 2078 2564 accidentia;
2110 2528 2143 2558 in
2170 2527 2226 2558 illo
2254 2534 2362 2558 autem
2385 2529 2482 2568 priori

1412 2577 1545 2602 naturae
1569 2580 1638 2612 quo
1662 2572 1883 2612 compositum
1906 2572 2095 2612 particulare
2113 2573 2354 2612 generationem
2376 2573 2481 2612 primo

1413 2622 1445 2647 et
1468 2625 1526 2657 per
1549 2625 1584 2647 se
1605 2617 1765 2653 terminat,
1788 2617 1921 2647 materia
1937 2626 2020 2657 quae
2042 2622 2089 2647 est
2107 2626 2180 2656 pars
2201 2617 2368 2647 intrinseca
2384 2617 2482 2647 Sortis

1412 2661 1456 2691 ita
1479 2666 1527 2691 est
1550 2661 1756 2701 appropriata
1778 2661 1839 2701 ipsi
1860 2661 1945 2692 Sorti
1965 2661 2055 2702 quod
2076 2670 2144 2691 non
2167 2666 2214 2691 est
2234 2670 2332 2701 capax
2355 2661 2481 2692 alterius

1413 2705 1598 2745 quantitatis
1629 2714 1728 2745 quam
1757 2705 1843 2736 illius
1867 2714 1966 2746 quam
1993 2706 2052 2736 sibi
2082 2705 2190 2736 Sortes
2218 2705 2415 2735 determinat.
2440 2705 2481 2735 Et

1411 2750 1545 2780 materia
1567 2750 1614 2780 sic
1637 2750 1843 2791 appropriata
1866 2750 1981 2781 dicitur
2002 2750 2133 2780 materia
2155 2750 2285 2789 signata.

1469 2793 1543 2830 Sed,
1566 2794 1641 2825 licet
1671 2795 1751 2825 haec
1781 2795 1895 2835 opinio
1925 2794 2100 2825 doctissimi
2126 2794 2183 2824 viri
2210 2794 2259 2830 sit,
2282 2802 2350 2824 non
2373 2799 2479 2824 tamen

1412 2839 1492 2869 mihi
1515 2837 1642 2870 videtur
1665 2838 1705 2870 ad
1727 2845 1872 2870 mentem
1896 2839 2003 2870 Sancti
2027 2839 2174 2869 Thomae
2202 2837 2361 2869 accedere.
2386 2838 2478 2874 Nam,

1412 2883 1439 2914 si
1460 2883 1595 2914 materia
1617 2883 1739 2924 signata
1754 2884 1835 2915 nihil
1850 2883 1938 2914 aliud
1953 2889 2000 2914 est
2016 2892 2114 2924 quam
2128 2883 2259 2913 materia
2279 2883 2479 2923 appropriata

1413 2927 1499 2959 Sorti
1522 2933 1554 2959 et
1576 2928 1621 2959 ita
1649 2938 1748 2969 capax
1778 2929 1963 2968 quantitatis
1995 2927 2095 2959 Sortis
2125 2927 2215 2967 quod
2245 2936 2312 2957 non
2342 2927 2477 2962 alterius,

1413 2981 1550 3013 quaero:
1567 2972 1641 3003 -In
1656 2973 1713 3003 illo
1736 2973 1835 3014 priori
1858 2972 2037 3003 secundum
2060 2977 2206 3002 naturam
2229 2972 2261 3002 in
2278 2981 2344 3012 quo
2365 2970 2479 3001 dicitur

1410 3017 1516 3058 ipsam
1539 3026 1608 3048 esse
1632 3017 1881 3058 appropriatam,
1906 3022 1960 3048 aut
1984 3022 2031 3047 est
2051 3017 2157 3056 aliqua
2173 3015 2276 3046 forma
2296 3016 2329 3045 in
2349 3016 2479 3045 materia

1411 3071 1470 3102 per
1485 3071 1584 3102 quam
1600 3061 1642 3092 ad
1663 3063 1747 3092 hanc
1771 3062 1910 3092 animam
1935 3061 2034 3092 Sortis
2056 3061 2288 3101 approprietur,
2304 3065 2359 3090 aut
2379 3059 2477 3089 nulla.

1412 3105 1446 3137 Si
1462 3112 1510 3137 est
1525 3107 1633 3146 aliqua
1649 3106 1764 3142 forma,
1785 3107 1850 3136 sive
1867 3105 2078 3136 substantialis
2093 3105 2159 3135 sive
2175 3103 2384 3139 accidentalis,
2402 3113 2477 3143 ergo

1411 3151 1544 3181 materia
1567 3151 1771 3191 appropriata
1795 3156 1826 3180 et
1850 3151 1970 3190 signata
1993 3159 2060 3180 non
2083 3149 2160 3179 dicit
2181 3148 2287 3178 solum
2313 3148 2477 3177 materiam

1410 3196 1560 3236 primam,
1577 3195 1634 3226 sed
1649 3196 1816 3226 materiam
1832 3204 1908 3225 cum
1926 3194 2029 3224 forma
2045 3203 2102 3234 per
2118 3202 2215 3232 quam
2232 3191 2346 3222 dicitur
2361 3200 2477 3231 appro-

1411 3240 1512 3280 priata
1528 3245 1560 3270 et
1575 3241 1706 3280 signata.
1721 3257 1745 3262 -
1760 3239 1793 3270 Si
1808 3239 1911 3269 nulla:
1925 3244 2045 3274 contra,
2061 3255 2084 3259 -
2097 3236 2192 3266 Nulla
2203 3236 2347 3276 potentia
2362 3236 2478 3275 accipit

1411 3284 1639 3315 limitationem
1663 3290 1694 3315 et
1717 3284 2011 3324 appropriationem
2035 3281 2095 3311 nisi
2118 3290 2175 3320 per
2202 3280 2341 3319 aliquem
2369 3284 2477 3310 actum

1412 3338 1511 3369 quem
1529 3329 1672 3368 suscipit,
1685 3334 1721 3358 ut
1737 3329 1870 3358 habetur
1887 3337 1923 3357 ex
1941 3326 2056 3357 Sancto
2074 3325 2201 3354 Thoma
2222 3324 2249 3353 1³
2263 3323 2364 3359 Parte,
2378 3332 2409 3363 q.
2422 3333 2475 3359 vn,

1411 3383 1439 3403 a.
1461 3381 1488 3403 1.
1514 3373 1578 3404 Sed
1600 3373 1704 3413 prima
1725 3372 1856 3402 materia
1873 3377 1919 3402 est
1935 3370 2118 3410 simpliciter
2133 3368 2286 3408 potentia.
2306 3367 2392 3407 Ergo
2408 3377 2477 3398 non

1411 3418 1528 3458 accipit
1551 3417 1851 3448 determinationem
1875 3421 1906 3445 et
1929 3413 2220 3454 appropriationem
2243 3412 2304 3441 nisi
2334 3421 2391 3452 per
2421 3412 2476 3442 ali-

1412 3472 1512 3502 quam
1535 3461 1691 3492 formam:
1721 3461 1796 3500 quia
1825 3466 1913 3490 actus
1938 3464 1968 3488 et
1991 3457 2111 3488 formae
2136 3462 2183 3486 est
2211 3455 2422 3486 determinare
2446 3462 2477 3486 et

1411 3506 1558 3537 limitare.
1590 3506 1623 3537 Si
1647 3515 1723 3545 ergo
1747 3504 1860 3535 debeat
1888 3503 2018 3533 materia
2045 3501 2166 3540 signata
2196 3509 2264 3530 esse
2291 3499 2331 3530 ad
2354 3501 2418 3530 hoc
2441 3506 2477 3531 ut

1410 3561 1468 3591 per
1490 3551 1594 3591 ipsam
1617 3549 1721 3580 forma
1745 3559 1782 3579 ex
1805 3548 1859 3578 tali
1890 3546 2066 3586 signatione
2096 3544 2322 3580 individuetur,
2346 3554 2477 3575 necesse

1411 3601 1459 3625 est
1474 3601 1510 3626 ut
1526 3595 1559 3625 in
1575 3595 1643 3635 ipsa
1659 3594 1698 3624 sit
1714 3593 1828 3632 aliquis
1852 3596 1939 3621 actus
1956 3600 1974 3619 a
1995 3589 2126 3619 materia
2149 3589 2274 3619 realiter
2297 3588 2475 3619 distinctus.

1410 3639 1486 3670 Non
1516 3648 1591 3678 ergo
1622 3637 1753 3668 materia
1784 3637 1902 3675 signata
1933 3633 2008 3664 dicit
2037 3639 2162 3663 tantum
2186 3634 2288 3673 ipsam
2311 3633 2476 3663 materiam

2316 3703 2331 3727 9

2510 2218 2519 2227 ''
2543 2217 2579 2238 Cf.
2601 2216 2673 2238 Caiet.
2698 2217 2720 2238 in

2510 2243 2539 2265 de
2557 2243 2616 2264 Ente
2637 2246 2660 2264 et
2677 2242 2720 2264 Es-

2510 2270 2586 2291 sentia
2593 2269 2665 2296 ssim..
2673 2276 2720 2297 c.n,

2510 2296 2595 2351 anund
2613 2299 2721 2324 quartum

2537 2324 2602 2351 apiae
2611 2323 2684 2351 ¹498).
