2768 4134
20 2125 32 2134 ·'
40 2122 117 2146 S.Th,
125 2122 172 2149 l.8;
182 2122 236 2145 Did.

22 2149 86 2177 vm,
96 2155 153 2177 vni,
159 2155 183 2178 9.

0 2783 6 2843 .--.,,-
0 2765 4 2777 r
0 2743 6 2753 μ
0 2471 9 2736 -νπ--ε-ηην-ψ-ι-κ

24 3531 26 3535 γ
47 3504 84 3527 Cf.
98 3506 140 3528 lib.
151 3506 169 3533 1,
180 3512 211 3528 ix,

281 449 446 580 D.
529 451 1332 588 THOMAE

1423 461 2464 625 AQUINATIS

574 678 983 764 SUMMA
1055 683 1551 772 CONTRA
1629 692 2172 780 GENTILES

1146 833 1240 865 CUM
1266 836 1601 872 COMMENTARIIS

407 934 720 998 FRATRIS
763 934 1137 999 FRANCISCI
1180 939 1274 1001 DE
1316 940 1353 1004 S

1155 1067 1352 1099 Μῄῖἒῇ

1359 941 1765 1008 YLVESTRIS
1807 946 2334 1013 FERRARIENSIS

1354 1065 1471 1102 a&

1391 1085 1472 1099 ἢ.

794 1219 1178 1305 LIBER
1247 1221 1945 1309 SECUNDUS

359 1362 381 1365 ”
405 1358 409 1360 ’
436 1355 440 1356 ’
948 1365 1432 1424 CAPITULUM
1468 1371 1792 1428 PRIMUM

624 1488 1051 1530 CONTINUATIO
1086 1489 1490 1542 SEQUENTIUM
1524 1494 1609 1533 AD
1644 1495 2120 1538 PRAECEDENTIA

359 1625 565 1651 MEDITATUS
583 1625 653 1650 SUM
675 1625 708 1649 IN
729 1625 887 1650 OMNIBUS
906 1625 1081 1650 OPERIBUS
1099 1625 1189 1660 TUIS,
1211 1626 1257 1651 ET
1278 1627 1311 1651 IN
1332 1627 1453 1652 FACTIS
1474 1628 1625 1654 MANUUM
1644 1629 1792 1655 TUARUM
1812 1631 2025 1657 MEDITABAR.
2046 1621 2187 1668 (PSALM.
2205 1634 2309 1670 CXLII,
2328 1624 2376 1671 5).

314 1735 316 1737 v
383 1736 388 1737 ⁷
478 1706 512 1731 E1
526 1693 731 1731 cuiuslibet
745 1692 914 1743 perfecta
928 1692 1095 1741 cognitio
1111 1693 1245 1731 haberi
1264 1706 1345 1732 non

333 1746 338 1760 ²
355 1753 457 1801 Ἃρ,
495 1755 622 1797 potest
649 1746 722 1784 nisi
750 1746 834 1784 eius
867 1747 1042 1796 operatio
1076 1756 1343 1796 cognoscatur.

283 1837 294 1847 Δ
332 1804 398 1858 ξζ-ῗῑ),
417 1798 462 1849 Ἲζ
496 1801 555 1838 Ex
584 1801 706 1838 modo
742 1801 848 1838 enim
878 1800 1114 1851 operationis
1147 1810 1184 1838 et
1216 1802 1344 1851 specie

272 1848 303 1892 1⁵¹
331 1862 348 1881 ἢ
371 1863 407 1872 *⁴
435 1852 465 1890 ‘x-
495 1866 680 1892 mensura
709 1862 746 1891 et
773 1854 936 1904 qualitas
964 1854 1113 1892 virtutis
1145 1863 1341 1905 pensatur,

265 1907 387 1947 virtus
406 1920 501 1946 vero
522 1915 703 1946 naturam
722 1907 777 1945 rei
797 1916 1000 1946 monstrat:
1027 1909 1247 1946 secundum
1267 1910 1343 1947 hoc
1366 1927 1374 1946 ς

265 1962 372 2000 enim
392 1962 710 2011 unumquodque
730 1970 868 1999 natum
887 1970 943 1999 est
963 1961 1114 2011 operari
1130 1963 1239 2011 quod
1255 1970 1342 2000 actu

264 2017 382 2054 talem
411 2023 592 2053 naturam
621 2014 788 2052 sortitur.

319 2070 388 2107 Est
406 2077 537 2107 autem
558 2069 702 2119 duplex
724 2068 778 2105 rei
803 2069 988 2119 operatio,
1010 2077 1052 2106 ut
1079 2069 1342 2119 Philosophus

264 2123 388 2171 tradit,
409 2123 449 2160 in
467 2124 520 2161 IX
538 2124 828 2172 Metaphysicae
840 2122 875 2159 *ε
901 2135 981 2160 una
1000 2122 1162 2172 quidem
1182 2135 1282 2172 quae
1302 2123 1342 2160 in

264 2177 351 2228 ipso
371 2184 558 2226 operante
585 2184 718 2214 manet
746 2184 782 2213 et
810 2184 866 2213 est
894 2176 1014 2226 ipsius
1042 2176 1237 2226 operantis
1256 2189 1342 2226 per·
1358 2195 1383 2209 ιο

264 2230 390 2278 fectio,
420 2238 463 2268 ut
497 2229 650 2275 sentire,
680 2230 888 2278 intelligere
923 2239 960 2267 et
994 2231 1109 2275 velle;
1139 2230 1212 2268 alia
1247 2243 1341 2268 vero

265 2297 367 2335 quae
403 2283 443 2321 in
479 2283 710 2322 exteriorem
746 2296 829 2321 rem
858 2284 1001 2331 transit,
1031 2296 1131 2333 quae
1167 2292 1223 2321 est
1257 2297 1342 2333 per-

263 2338 377 2376 fectio
405 2338 493 2375 facti
521 2338 630 2388 quod
659 2350 729 2387 per
757 2337 882 2388 ipsam
909 2337 1163 2383 constituitur,
1184 2345 1226 2374 ut
1245 2339 1342 2375 cale-

263 2393 400 2440 facere,
431 2404 561 2430 secare
591 2399 627 2429 et
656 2391 873 2429 aedificare.

317 2447 491 2496 Utraque
527 2453 659 2483 autem
695 2445 887 2483 dictarum
922 2444 1198 2495 operationum
1236 2458 1381 2483 com-1³

264 2500 359 2551 petit
386 2501 488 2538 Deo:
524 2499 651 2550 prima
679 2499 840 2549 quidem
870 2499 910 2536 in
939 2511 986 2536 eo
1016 2500 1125 2549 quod
1161 2499 1342 2547 intelligit,

265 2556 360 2602 vult,
389 2554 531 2604 gaudet
559 2562 596 2591 et
624 2562 746 2600 amat;
777 2553 850 2591 alia
878 2565 972 2590 vero
1002 2553 1041 2590 in
1071 2565 1118 2590 eo
1147 2553 1255 2602 quod
1283 2565 1343 2590 res

265 2608 305 2646 in
324 2620 413 2646 esse
427 2607 620 2658 producit,
648 2615 685 2644 et
713 2620 778 2645 eas
806 2615 1012 2644 conservat
1039 2615 1076 2644 et
1105 2607 1207 2656 regit.
1239 2607 1343 2654 Quia

264 2674 359 2700 vero
387 2662 516 2713 prima
548 2661 723 2712 operatio
752 2661 934 2711 perfectio
964 2661 1160 2711 operantis
1189 2669 1254 2703 est,
1285 2673 1342 2698 se-

265 2716 395 2755 cunda
424 2729 518 2754 vero
546 2715 730 2766 perfectio
758 2715 861 2761 sacti;
891 2727 1009 2765 agens
1037 2723 1168 2753 autem
1188 2723 1342 2752 natura·
1358 2732 1382 2746 ιο

264 2771 348 2808 liter
366 2770 474 2821 prius
494 2778 550 2808 est
568 2770 668 2808 facto
688 2778 725 2807 et
743 2782 861 2807 causa
890 2769 1025 2819 ipsius:
1057 2777 1207 2819 oportet
1233 2769 1342 2818 quod

263 2825 392 2875 prima
419 2824 611 2862 dictarum
638 2824 913 2874 operationum
942 2824 989 2860 sit
1017 2824 1112 2860 ratio
1146 2823 1340 2859 secundae

265 2885 302 2916 et
320 2890 409 2916 earn
427 2879 634 2929 praecedat
653 2878 886 2916 naturaliter.
903 2878 1000 2914 sicut
1014 2890 1129 2914 causa
1145 2877 1338 2913 effectum.

265 2932 387 2980 Quod
415 2932 578 2982 quidem
611 2932 651 2970 in
684 2932 801 2970 rebus
834 2930 1017 2969 hur-nanis
1046 2930 1245 2968 manifeste
1274 2942 1340 2979 ap-

1399 1703 1524 1744 paret:
1546 1696 1803 1734 consideratio
1823 1698 1928 1736 enim
1948 1707 1984 1736 et
1999 1701 2177 1738 voluntas
2193 1701 2345 1739 artificis
2363 1704 2468 1752 prin-

1400 1748 1547 1799 cipium
1567 1758 1623 1787 est
1642 1758 1678 1787 et
1698 1751 1792 1788 ratio
1813 1752 2100 1791 aedificationis.

1454 1802 1583 1840 Prima
1611 1803 1724 1853 igitur
1750 1805 1940 1843 dictarum
1969 1807 2256 1857 operationum,
2281 1816 2468 1859 tanquam

1399 1855 1562 1906 simplex
1595 1858 1788 1907 operantis
1819 1860 2012 1908 perfectio,
2042 1863 2268 1911 operationis
2300 1862 2469 1901 vindicat

1398 1909 1470 1947 sibi
1491 1923 1650 1958 nomen,
1671 1913 1732 1948 vel
1759 1912 1875 1950 etiam
1904 1916 2075 1952 actionis:
2102 1915 2273 1952 secunda
2292 1929 2398 1963 vero,
2419 1929 2467 1954 eo

1397 1963 1506 2012 quod
1526 1963 1572 2000 sit
1589 1965 1772 2014 perfectio
1791 1966 1887 2013 facti,
1906 1968 2088 2014 factionis
2115 1980 2261 2006 nomen
2290 1970 2465 2015 assumit;

1397 2017 1502 2054 unde
1531 2019 1750 2066 manufacta
1773 2018 1955 2057 dicuntur
1972 2033 2073 2070 quae
2092 2033 2163 2070 per
2181 2023 2374 2060 actionem
2393 2024 2466 2060 hu-

1397 2070 1566 2107 iusmodi
1595 2071 1643 2108 ab
1672 2071 1815 2109 artifice
1844 2072 1883 2109 in
1912 2086 1994 2111 esse
2022 2075 2249 2123 procedunt.

1450 2124 1508 2161 De
1538 2123 1663 2173 prima
1692 2125 1852 2174 quidem
1880 2127 1951 2164 Dei
1984 2127 2208 2177 operatione
2244 2129 2282 2165 in
2309 2141 2465 2179 praece-

1397 2177 1501 2214 denti
1527 2177 1624 2215 libro
1652 2178 1729 2215 iam
1748 2179 1927 2227 diximus,
1949 2181 2016 2218 ubi
2041 2189 2096 2218 est
2119 2189 2248 2219 actum
2269 2183 2316 2219 de
2336 2183 2464 2231 cogni-

1397 2230 1501 2268 tione
1529 2240 1565 2268 et
1591 2233 1788 2269 voluntate
1814 2233 1946 2271 divina
1960 2234 1990 2271 ²¹³.
2018 2235 2142 2282 Unde,
2163 2235 2211 2272 ad
2231 2237 2465 2285 completam

1397 2284 1551 2321 divinae
1579 2285 1746 2322 veritatis
1774 2286 2134 2335 considerationem,
2155 2296 2269 2325 restat
2293 2301 2398 2326 nunc
2417 2290 2465 2326 de

1397 2338 1569 2375 secunda
1588 2339 1812 2388 operatione
1831 2347 2002 2387 tractare,
2021 2354 2091 2391 per
2108 2354 2229 2391 quam
2248 2342 2388 2379 scilicet
2407 2355 2466 2380 res

1397 2391 1669 2440 producuntur
1696 2400 1733 2429 et
1759 2393 2023 2441 gubernantur
2050 2407 2072 2432 a
2100 2395 2196 2432 Deo.

1452 2445 1584 2492 Quem
1613 2445 1773 2495 quidem
1802 2447 1980 2484 ordinem
2014 2460 2060 2485 ex
2092 2448 2312 2498 praemissis
2340 2449 2467 2486 verbis

1398 2511 1553 2536 sumere
1590 2512 1812 2549 possumus.
1856 2501 2066 2538 Praemittit
2106 2514 2277 2551 namque
2317 2503 2466 2552 primae

1398 2552 1633 2602 operationis
1666 2554 1973 2602 meditationem,
2003 2567 2095 2592 cum
2130 2555 2235 2602 dicit,
2264 2556 2466 2594 Meditatus

1396 2619 1479 2643 sum
1508 2609 1545 2644 in
1575 2609 1746 2644 omnibus
1773 2609 1945 2657 operibus
1971 2611 2059 2645 tuis:
2085 2616 2127 2645 ut
2155 2611 2321 2659 operatio
2340 2610 2389 2646 ad
2409 2610 2464 2646 di-

1398 2660 1534 2697 vinum
1570 2660 1774 2709 intelligere
1816 2669 1852 2698 et
1886 2662 1983 2698 velle
2026 2661 2218 2699 referatur.
2260 2662 2464 2711 Subiungit

1397 2727 1490 2751 vero
1526 2715 1574 2751 de
1609 2714 1782 2752 factionis
1816 2714 2080 2762 meditatione,
2109 2727 2200 2753 cum
2228 2715 2332 2762 dicit,
2363 2722 2396 2752 et
2423 2718 2460 2753 in

1385 2769 1503 2816 sactis
1537 2781 1718 2805 manuum
1753 2774 1902 2805 tuarum
1938 2769 2162 2806 meditabar:
2189 2777 2231 2806 ut
2257 2781 2327 2818 per
2350 2770 2461 2817 facta

1396 2834 1577 2859 manuum
1606 2824 1718 2871 ipsius
1746 2821 1999 2870 intelligamus
2025 2823 2176 2859 caelum
2196 2830 2232 2859 et
2250 2830 2402 2869 terram,
2424 2831 2460 2859 et

1397 2875 1528 2913 omnia
1563 2888 1664 2925 quae
1698 2875 1915 2924 procedunt
1946 2875 1986 2912 in
2014 2888 2096 2912 esse
2125 2889 2147 2913 a
2174 2876 2258 2913 Deo
2287 2875 2382 2912 sicut
2410 2876 2458 2912 ab

1395 2928 1539 2966 artifice
1569 2929 1787 2966 manufacta
1815 2929 2041 2978 procedunt.

320 3048 351 3074 In
369 3048 495 3081 capitulis
516 3054 583 3083 1-19
601 3048 622 3073 D
642 3049 749 3081 saepius
766 3048 885 3080 priorem
906 3047 1086 3072 redactionem
1107 3048 1128 3070 Α
1148 3046 1281 3075 ostendit;
1298 3045 1452 3070 huiusmodi
1469 3045 1594 3070 lectiones
1613 3045 1634 3069 D
1655 3052 1706 3069 non
1728 3048 1851 3069 notamus
1870 3045 1911 3069 hic
1923 3044 1970 3069 sed
1988 3044 2034 3069 sub
2054 3045 2104 3076 pA.

266 3090 295 3109 21
319 3089 360 3109 est
378 3083 455 3117 facto]
475 3084 599 3117 perfectio
617 3085 647 3116 Z,
666 3085 734 3110 facto
753 3091 793 3109 est
812 3084 897 3109 αΧΡε,

318 3127 334 3153 7
354 3119 510 3153 manufacta}
531 3120 556 3145 in
571 3121 657 3145 anima
670 3120 815 3145 manufacta
830 3120 879 3149 αἱ),
894 3119 953 3144 inde
972 3117 1116 3143 manufacta
1130 3117 1161 3142 Y.

1253 3115 1390 3149 actionem]
1410 3116 1589 3148 operationem
1604 3116 1658 3140 BD.

2189 3042 2201 3067 5
2222 3043 2292 3075 vero]
2312 3044 2380 3068 enim
2393 3043 2457 3068 WZ.

1748 3123 1763 3148 9
1783 3115 1898 3148 quidem]
1913 3119 1998 3139 autem
2014 3115 2099 3139 αΧΡε.
2195 3120 2222 3138 ιι
2240 3113 2274 3147 et]
2290 3114 2330 3138 vel
2345 3113 2456 3139 anPc.

266 3163 300 3181 20
318 3156 351 3181 de
369 3155 488 3181 factionis
507 3156 675 3181 meditatione
695 3157 737 3181 Ita
756 3155 913 3183 wasz;
933 3154 1082 3179 defectionis
1102 3153 1268 3178 meditatione
1281 3152 1313 3182 G,
1329 3153 1361 3177 de
1375 3151 1538 3184 perfectionis
1553 3152 1718 3176 meditatione
1731 3151 1762 3181 D,
1778 3151 1927 3176 defectionis
1942 3149 2082 3183 (secundae
2101 3149 2217 3174 factionis
2232 3149 2299 3177 YsE,
2314 3149 2420 3173 actionis
2433 3156 2456 3179 c,

264 3191 381 3217 metionis
401 3192 452 3225 Pd)
472 3192 667 3218 meditationem
687 3192 813 3217 αΕΥῠΡε.

906 3198 937 3215 22
958 3188 1092 3222 manuum]
1114 3196 1207 3213 manus
1227 3188 1289 3218 αΡε,
1309 3195 1359 3212 ma.
1380 3188 1410 3213 N.

1035 3277 1370 3310 Commentaria
1397 3276 1704 3308 Fen-ariensis

315 3380 450 3401 xpemro
480 3372 587 3411 primo
620 3371 712 3406 libro,
738 3371 771 3400 in
800 3379 867 3410 quo
896 3369 1031 3399 Sanctus
1056 3367 1200 3396 Thomas
1232 3365 1271 3396 de
1301 3366 1339 3395 iis

269 3380 400 3456 Equae
423 3416 495 3446 Deo
519 3415 700 3446 secundum
724 3416 866 3455 seipsum
892 3414 1090 3444 conveniunt
1106 3410 1338 3445 determinavit,

265 3459 488 3491 accedendum
512 3466 560 3491 est
583 3460 623 3491 ad
648 3460 886 3501 expositionem
910 3456 1043 3488 secundi
1067 3456 1147 3490 libri,
1165 3456 1197 3485 in
1215 3464 1282 3495 quo
1299 3454 1339 3484 de

264 3514 421 3546 processu
444 3511 663 3536 creaturarum
679 3515 697 3535 a
713 3505 785 3535 Deo
810 3508 979 3544 pertractat
995 3503 1021 3531 *ἃ
1047 3499 1206 3530 Dividitur
1229 3505 1336 3530 autem

264 3550 299 3580 in
322 3549 401 3581 duas
425 3555 530 3591 partes
553 3549 759 3590 principales:
785 3549 906 3579 scilicet
928 3549 960 3577 in
985 3545 1202 3586 prooemium,
1223 3550 1254 3574 et
1277 3549 1338 3573 tra-

265 3599 389 3625 etatum
405 3596 433 3625 ὓ.

321 3639 491 3677 Quantum
508 3639 547 3669 ad
564 3640 717 3679 primum,
735 3637 801 3668 duo
818 3636 906 3667 facit:
932 3636 1037 3676 primo
1054 3634 1140 3664 enirn
1156 3632 1337 3663 manifestat

264 3684 481 3715 intentionem
505 3693 597 3714 suam
620 3684 653 3713 in
676 3682 831 3723 generali;
857 3679 1012 3715 secundo,
1037 3680 1070 3709 in
1094 3677 1233 3718 speciali,
1258 3677 1337 3707 divi-

1395 3364 1502 3395 dendo
1527 3365 1643 3395 librum
1656 3366 1682 3395 ³⁶.
1699 3383 1722 3386 —
1737 3364 1904 3402 Quantum
1921 3362 1960 3393 ad
1975 3363 2125 3402 primum,
2142 3361 2207 3392 duo
2224 3361 2311 3392 facit:
2336 3363 2453 3402 primo,
2481 3362 2490 3371 ‘

1393 3409 1533 3440 ostendit
1548 3410 1769 3440 necessitatem
1794 3409 1888 3438 huius
1912 3406 2189 3442 considerationis;
2213 3405 2367 3442 secundo,
2385 3407 2453 3437 eius

1392 3454 1563 3485 utilitatem
1579 3455 1606 3484 ’ἢ

1447 3499 1469 3528 Ι.
1495 3499 1602 3528 Primo
1628 3507 1703 3537 ergo
1728 3499 1760 3527 in
1784 3498 1847 3527 hoc
1870 3496 1982 3536 capite,
2007 3496 2199 3525 continuans
2222 3495 2309 3525 hunc
2335 3494 2453 3526 librum

1391 3543 1431 3573 ad
1454 3542 1710 3583 praecedentem,
1735 3541 1827 3581 ponit
1850 3541 1931 3570 hanc
1955 3539 2212 3570 conclusionem:
2242 3539 2292 3570 Ad
2314 3540 2453 3580 comple-

1392 3593 1457 3618 tam
1487 3587 1616 3617 divinae
1648 3586 1792 3616 veritatis
1821 3584 2123 3625 manifestationem,
2155 3589 2281 3623 oportet
2311 3584 2452 3614 secundo

1392 3632 1463 3662 loco
1487 3632 1526 3661 de
1550 3631 1738 3671 operatione
1766 3629 1874 3659 divina
1904 3638 1967 3668 qua
1996 3638 2047 3658 res
2071 3627 2302 3668 producuntur
2325 3629 2357 3658 in
2385 3638 2455 3659 esse

1391 3682 1422 3706 et
1444 3680 1687 3709 conservantur,
1714 3679 1864 3704 tractare.
1896 3673 1936 3703 Et
1966 3673 2042 3712 quia
2070 3673 2148 3703 haec
2179 3672 2346 3703 conclusio
2375 3673 2453 3703 duas

2492 2238 2501 2247 '¹
2517 2237 2564 2264 Qu.
2574 2243 2683 2259 xmv—cu.
