2768 4134
59 619 69 628 ·
83 616 142 645 cap.
151 622 203 638 xm.

883 268 1074 305 SUMMA
1103 269 1326 308 CONTRA
1354 273 1630 323 GENTILES,
1661 277 1771 315 CAP.
1794 280 1924 316 XXIII.

302 346 365 382 vel
392 345 684 383 substantialem
712 347 776 383 vel
802 345 1092 394 accidentalem,
1113 346 1153 383 in
1172 347 1304 396 aliquo
1324 362 1380 386 re-

302 397 479 448 cipiente,
510 399 583 436 nisi
611 399 742 449 aliquo
771 399 894 436 modo
923 399 1074 447 agendo
1095 398 1134 435 in
1154 399 1302 449 ipsum;
1333 414 1380 438 eo

303 451 412 502 quod
441 463 553 501 agere
581 452 678 490 nihil
706 451 811 490 aliud
839 458 896 488 est
924 464 1046 501 quam
1076 452 1201 489 facere
1235 453 1381 503 aliquid

302 513 404 553 actu,
424 505 534 555 quod
562 505 724 555 quidem
752 513 809 542 est
835 517 908 554 per
933 505 1115 542 formam.
1146 505 1248 553 Ergo
1273 507 1381 544 Deus

302 558 470 608 patietur
496 566 534 597 et
561 558 786 597 movebitur
812 558 862 595 ab
891 557 966 595 alio
995 566 1143 607 agente.
1174 559 1296 606 Quod
1325 567 1381 596 est

302 620 437 649 contra
463 611 813 662 praedeterminata
826 611 857 648 *.
874 633 900 639 -
920 611 961 649 Si
985 619 1118 649 autem
1141 611 1225 662 ipsa
1248 612 1381 650 divina

301 665 515 702 substantia
542 672 600 702 est
626 677 752 702 causa·
776 664 984 702 accidentis
1017 665 1127 715 quod
1160 665 1232 702 sibi
1266 665 1379 712 inest3

301 717 540 768 impossibile
573 725 630 756 est
662 725 795 755 autem
828 718 937 768 quod
969 718 1015 755 sit
1048 731 1166 756 causa
1193 718 1294 756 illius
1322 731 1380 756 se-

301 771 479 809 cundum
502 771 612 821 quod
636 779 693 809 est
715 771 906 821 recipiens
925 771 1069 821 ipsum,
1089 771 1182 821 quia
1201 771 1255 809 sic
1274 771 1379 809 idern

300 825 521 863 secundum
553 824 660 862 idem
692 825 832 862 faceret
864 824 1039 874 seipsum
1076 825 1117 862 in
1149 832 1254 870 actu;
1287 836 1379 873 ergo

301 885 465 928 oportet,
486 877 518 915 si
537 877 578 915 in
597 878 683 915 Deo
703 886 760 915 est
778 877 939 928 aliquod
966 877 1157 924 accidens,
1187 878 1297 928 quod
1322 890 1379 915 se-

300 931 478 969 cundum
497 931 602 969 aliud
622 939 659 968 et
678 931 784 969 aliud
804 930 964 982 recipiat
986 938 1023 968 et
1046 938 1179 969 causet
1201 931 1380 969 accidens

299 984 406 1032 illud,
427 983 524 1022 sicut
542 984 759 1035 corporalia
777 984 968 1035 recipiunt
985 983 1145 1034 propria
1168 984 1380 1022 accidentia

237 1049 239 1051 ’
298 1050 371 1088 per
401 1045 583 1077 naturam
614 1037 799 1076 materiae
831 1045 870 1075 et
901 1045 1062 1075 causant
1093 1049 1165 1087 per
1197 1037 1377 1076 sormam.

301 1091 366 1131 Sic
392 1091 507 1141 igitur
537 1092 647 1129 Deus
678 1091 750 1129 erit
781 1090 1034 1141 compositus.
1072 1090 1196 1128 Cuius
1227 1099 1379 1130 contra-

300 1145 404 1182 rium
432 1144 613 1195 superius
630 1145 652 1167 ²⁸
678 1144 890 1195 probatum
918 1152 986 1181 est.

354 1199 461 1235 Item.
492 1198 626 1236 Omne
653 1197 875 1236 subiectum
902 1196 1109 1235 accidentis
1129 1205 1380 1248 comparatur

300 1250 351 1302 ad
370 1250 500 1301 ipsum
517 1259 560 1288 ut
573 1250 747 1303 potentia
765 1251 816 1290 ad
835 1259 982 1289 actum:
1003 1263 1052 1289 eo
1072 1251 1180 1301 quod
1200 1251 1379 1290 accidens

296 1304 498 1359 ,quaedam
524 1305 652 1342 forma
679 1313 736 1342 est
763 1304 906 1344 faciens
934 1317 1018 1342 esse
1046 1312 1135 1342 actu
1158 1305 1379 1344 secundum

253 1359 263 1361 ⁴
299 1370 385 1398 esse
413 1357 660 1397 accidentale.
691 1358 770 1396 Sed
797 1358 838 1396 in
866 1359 952 1396 Deo
981 1359 1088 1396 nulla
1115 1366 1172 1396 est
1190 1358 1379 1408 potentia-

51 1410 138 1440 ‘cqz
151 1416 201 1433 xvi.

51 1783 66 1796 ·
79 1781 137 1812 cop.
151 1788 203 1806 xm.

53 2271 67 2283 ·
81 2269 118 2294 cf.
133 2269 270 2293 annoni.

52 2302 100 2325 “P

56 3273 99 3296 Ι.ι

101 2312 108 2320 .
123 2303 164 2324 xx.
177 2297 230 2320 init.

115 3252 141 3275 p.
154 3252 176 3274 ις
193 3253 213 3270 ι.
227 3246 272 3269 Tb.

299 1411 460 1458 titas,'ut
477 1423 597 1462 supra
609 1411 631 1434 ’⁸‘
649 1419 851 1450 ostensum
870 1419 938 1449 est.
962 1413 1005 1449 In
1025 1423 1073 1449 eo
1093 1411 1207 1461 igitur
1225 1413 1379 1450 nullum

299 1465 479 1504 accidens
507 1478 591 1503 esse
619 1473 757 1516 potest.

354 1519 509 1558 Adhuc.
531 1517 780 1569 Cuicumque
801 1518 899 1556 inest
917 1517 1064 1568 aliquid
1083 1517 1377 1566 accidentaliter,

299 1580 357 1611 est
383 1571 515 1623 aliquo
544 1572 667 1611 modo
695 1572 916 1610 secundum
944 1584 1059 1610 suam
1087 1579 1268 1610 naturam
1291 1585 1379 1610 mu-

297 1626 430 1665 tabile:
459 1625 639 1664 accidens
666 1625 774 1664 enim
801 1626 851 1664 de
879 1637 921 1663 se
948 1633 1086 1663 natum
1114 1633 1171 1663 est
1198 1625 1323 1663 inesse
1343 1634 1380 1664 et

297 1691 381 1718 non
398 1679 537 1717 inesse.
569 1679 610 1718 Si
639 1678 754 1729 igitur
771 1679 880 1718 Deus
899 1679 1018 1716 habet
1035 1678 1183 1729 aliquid
1202 1679 1379 1717 acciden-

296 1733 420 1772 taliter
455 1733 528 1771 sibi
565 1732 817 1780 conveniens,
851 1740 1037 1783 sequetur
1068 1733 1178 1782 quod
1216 1732 1298 1783 ipse
1333 1733 1380 1770 sit

297 1786 505 1844 mutabilis.
537 1786 660 1825 Cuius
688 1785 928 1824 contrarium
956 1798 1075 1836 supra
1089 1785 1110 1808 *
1137 1786 1378 1825 demonstra-

297 1845 384 1880 tum
412 1848 480 1878 est.

353 1958 367 1984 5
386 1957 448 1993 aliol
467 1959 514 1984 illo
531 1959 589 1989 ebe,
608 1958 698 1991 aliquo
715 1957 845 1983 Nwzpd.

352 1994 386 2021 23
404 1993 567 2029 mmm]
588 1994 710 2020 doctore:
728 1993 812 2020 Dch.

955 1957 972 1982 8
991 1962 1033 1983 est
1047 1961 1112 1990 post
1130 1963 1220 1983 autem
1238 1958 1299 1984 «Pe.

2451 296 2495 331 71

1488 354 1678 402 Amplius.
1715 355 1960 406 Cuicumque
1994 358 2090 396 inest
2124 360 2283 409 aliquod
2311 361 2500 407 accidens,

1435 415 1516 440 non
1536 413 1592 441 est
1610 407 1801 456 quidquid
1826 410 1941 447 habet
1960 410 1998 447 in
2019 424 2074 448 se:
2105 412 2195 461 quia
2224 413 2401 451 accidens
2420 427 2500 452 non

1436 464 1491 514 est
1519 457 1567 493 de
1596 460 1759 496 essentia
1787 462 1957 499 subiecti.
1988 464 2065 500 Sed
2093 465 2199 502 Deus
2228 474 2283 503 est
2310 467 2500 517 quidquid

1435 520 1475 544 in
1495 521 1534 545 se
1555 510 1682 548 habet.
1712 513 1754 548 In
1773 514 1858 550 Deo
1878 514 1990 562 igitur
2012 518 2164 554 nullum
2187 527 2243 555 est
2265 519 2454 558 accidens.
2475 543 2500 547 —

1403 571 1411 590 ⁵
1434 561 1567 620 Media
1590 562 1644 621 sic
1671 564 1869 612 probatur.
1900 567 2219 618 Unumquodque
2247 572 2414 610 nobilius
2443 573 2499 610 in-

1435 621 1590 673 venitur
1609 627 1648 651 in
1668 628 1785 654 causa
1803 629 1921 666 quam
1943 619 1982 656 in
2002 621 2152 658 effectu.
2169 623 2275 660 Deus
2295 633 2424 663 autern
2445 635 2500 663 est

1435 678 1616 725 ommum
1642 680 1769 706 causa.
1795 671 1897 719 Ergo
1918 672 2109 722 quidquid
2129 682 2184 710 est
2203 675 2242 712 in
2266 688 2324 722 eo,
2346 679 2499 716 nobilis-

1435 731 1535 756 S1mo
1560 721 1682 758 modo
1707 721 1746 758 in
1770 734 1816 759 eo
1842 723 2046 762 invenitur.
2073 726 2346 766 Perfectissime
2371 739 2499 769 autem

1435 773 1618 810 convenit
1646 774 1792 823 aliquid
1816 776 1928 813 alicui
1953 778 2059 826 quod
2089 787 2144 815 est
2172 779 2395 828 ipsummet:
2426 785 2500 821 hoc

1396 835 1422 850 ¹⁰
1434 825 1542 862 enim
1556 827 1760 875 perfectius
1779 836 1836 865 est
1854 841 1982 867 unum
1996 842 2117 879 quam
2131 844 2223 869 cum
2238 833 2382 882 aliquid
2396 837 2501 873 alteri

1434 878 1730 918 substantialiter
1761 881 1895 919 unitur
1926 890 1968 919 ut
2004 883 2129 920 forma
2166 886 2368 932 materiae;
2402 900 2501 937 quae

1435 931 1551 969 etiam
1570 933 1665 970 unio
1685 934 1888 983 perfectior
1911 943 1967 972 est
1986 948 2107 986 quam
2126 949 2217 975 cum
2236 938 2380 988 aliquid
2399 941 2503 978 alteri

1434 984 1718 1024 accidentaliter
1745 987 1853 1025 inest.
1883 988 2129 1038 Relinquitur
2153 1002 2242 1039 ergo
2262 993 2370 1040 quod
2397 994 2503 1031 Deus

1435 1037 1482 1075 sit
1509 1039 1702 1088 quidquid
1731 1041 1859 1078 habet.

1395 1107 1418 1128 ις
1489 1092 1596 1129 Item.
1626 1093 1848 1131 Substantia
1876 1106 1957 1131 non
1986 1094 2178 1144 dependet
2210 1097 2259 1134 ab
2291 1098 2502 1137 accidente:

1434 1145 1617 1195 quamvis
1645 1146 1824 1184 accidens
1852 1148 2069 1197 dependeat
2086 1161 2109 1186 a
2133 1150 2353 1188 substantia.
2384 1152 2503 1200 Quod

1433 1206 1566 1236 autem
1594 1210 1675 1236 non
1703 1200 1898 1249 dependet
1917 1201 1966 1238 ab
1985 1201 2127 1251 aliquo,
2148 1210 2274 1252 potest
2296 1204 2502 1254 aliquando

1433 1251 1598 1289 inveniri
1621 1251 1704 1290 sine
1728 1252 1792 1290 illo
1807 1253 1838 1290 *.
1864 1254 1966 1303 Ergo
1990 1262 2114 1304 potest
2141 1256 2270 1306 aliqua
2295 1257 2503 1297 substantia

1434 1305 1600 1343 inveniri
1618 1305 1700 1343 sine
1720 1306 1928 1344 accidente.
1959 1308 2046 1345 Hoc
2068 1317 2198 1347 autem
2222 1310 2429 1361 praecipue
2448 1312 2503 1349 vi—

1394 1377 1420 1392 20
1433 1359 1548 1397 detur
1565 1359 1872 1410 simplicissimae
1893 1361 2126 1400 substantiae
2145 1364 2364 1411 convenire,
2380 1366 2503 1415 qualis

1433 1420 1490 1450 est
1509 1413 1721 1450 substantia
1740 1413 1873 1451 divina
1891 1414 1922 1451 ²⁸.
1952 1414 2115 1452 Divinae
2135 1415 2247 1464 igitur
2271 1418 2502 1456 substantiae

1434 1466 1598 1504 omnino
1627 1466 1806 1504 accidens
1835 1479 1916 1505 non
1945 1467 2053 1505 inest.

1487 1521 1531 1557 In
1558 1520 1661 1557 hanc
1689 1527 1821 1558 autem
1840 1521 2070 1559 sententiam
2089 1521 2205 1559 etiam
2226 1523 2411 1562 Catholici
2430 1532 2502 1562 tra-

1434 1580 1597 1611 ctatores
1624 1574 1875 1612 conveniunt.
1915 1574 2028 1612 Unde
2056 1575 2309 1624 Augustinus,
2339 1577 2379 1614 in
2406 1577 2503 1615 libro

1394 1646 1417 1667 25
1434 1627 1480 1664 de
1498 1629 1534 1665 T
1531 1626 1645 1673 rin.*‚
1666 1626 1757 1665 dicit
1783 1628 1892 1677 quod
1916 1630 1953 1665 in
1978 1630 2060 1666 Deo
2085 1629 2228 1666 nullum
2253 1636 2303 1667 est
2321 1631 2502 1668 accidens.

1488 1681 1547 1717 Ex
1576 1681 1649 1718 hac
1677 1689 1810 1718 autem
1839 1681 1997 1719 veritate
2026 1690 2179 1719 ostensa
2207 1695 2314 1720 error
2332 1695 2503 1733 quorun-

1434 1733 1526 1771 dam
1547 1736 1584 1771 in
1604 1735 1690 1785 Iege
1708 1736 2008 1772 Sarracenorum
2028 1736 2254 1786 loquentium
2274 1737 2502 1784 confutatur,

1434 1789 1499 1838 qui
1518 1793 1667 1837 ponunt
1695 1788 1875 1838 quasdam
1904 1790 2122 1826 intentiones
2149 1790 2298 1827 divinae
2330 1792 2505 1828 essentiae

1431 1841 1688 1891 superadditas
1707 1841 1738 1878 *.

1063 2081 1404 2115 Commentaria
1433 2081 1746 2115 Fert-ariensis

354 2190 503 2211 os'mtnun
530 2179 666 2211 exclusit
696 2179 832 2211 Sanctus
856 2179 1003 2210 Thomas
1030 2180 1308 2220 compositionem
1339 2189 1377 2211 ex

354 2225 492 2256 essentia
515 2230 547 2255 et
569 2233 650 2261 esse,
667 2223 809 2255 excludit
830 2224 963 2255 ulterius
978 2225 1042 2254 hoc
1066 2224 1142 2255 loco
1159 2234 1176 2254 a
1192 2224 1265 2255 Deo
1286 2233 1377 2255 com-

297 2270 497 2312 positionem
520 2269 657 2300 subiecti
673 2274 706 2300 et
722 2268 896 2300 accidentis
911 2270 939 2299 ³.
963 2269 1128 2310 Ponitque
1143 2269 1227 2300 hanc
1244 2269 1378 2300 conclu-

298 2315 440 2346 sionem:
465 2314 505 2345 In
528 2313 600 2345 Deo
626 2323 692 2344 non
717 2319 765 2345 est
788 2314 948 2345 accidens.

355 2359 379 2390 Ι.
402 2359 569 2390 Probatur
586 2359 708 2400 primo.
733 2359 844 2399 Ipsum
868 2367 936 2389 esse
952 2367 1022 2389 non
1037 2363 1146 2399 potest
1169 2357 1290 2399 aliquid
1306 2367 1378 2399 par-

298 2404 431 2446 ticipare
454 2403 547 2444 quod
568 2413 638 2434 non
661 2404 702 2434 sit
725 2403 765 2434 de
789 2404 858 2434 eius
882 2403 1019 2434 essentia
1043 2402 1114 2443 (sed
1137 2403 1220 2433 bene
1237 2402 1270 2434 id
1286 2402 1378 2444 quod

299 2449 376 2490 est):
401 2457 477 2480 cum
491 2448 573 2479 nihil
589 2449 629 2479 sit
643 2449 716 2490 ipso
733 2457 802 2479 esse
818 2447 986 2478 formalius
1002 2453 1058 2478 aut
1073 2447 1261 2487 simplicius.
1287 2447 1377 2478 Deus

299 2498 348 2525 est
369 2494 478 2534 ipsum
501 2501 581 2524 esse.
612 2493 700 2533 Ergo
727 2492 807 2523 nihil
836 2492 933 2523 habet
960 2491 1052 2533 quod
1082 2501 1151 2522 non
1179 2492 1220 2522 sit
1243 2491 1284 2523 de
1307 2493 1377 2524 eius

298 2538 485 2570 substantia.
509 2537 596 2578 Ergo
619 2537 748 2568 nullum
772 2542 820 2568 est
842 2537 876 2567 in
900 2546 942 2567 eo
965 2536 1124 2567 accidens.

353 2583 417 2613 Pro
440 2582 537 2614 huius
559 2582 692 2612 rationis
714 2582 830 2612 maiori
860 2581 1081 2622 intelligentia,
1106 2580 1378 2612 considerandum

299 2633 347 2658 est
369 2627 476 2668 primo
500 2626 602 2667 quod,
627 2635 704 2657 cum
733 2631 823 2658 actus
850 2626 1032 2667 potentiam
1062 2624 1226 2662 informet,
1250 2635 1378 2667 semper

297 2671 487 2712 intelligitur
509 2671 618 2702 minus
647 2671 850 2711 compositus
878 2679 978 2711 quam
1005 2670 1075 2711 ipsa
1103 2671 1259 2710 potentia,
1284 2670 1376 2708 idest,

297 2717 407 2747 minus
429 2715 552 2746 habens
574 2714 616 2746 de
634 2715 870 2756 potentialitate
885 2720 918 2746 et
933 2715 1090 2746 actualior
1105 2724 1204 2755 quam
1220 2716 1375 2756 potentia.

298 2760 387 2798 Ideo,
403 2760 461 2791 ubi
484 2765 559 2791 sunt
581 2759 691 2800 plures
707 2765 798 2790 actus
816 2768 960 2800 quorum
974 2769 1061 2790 unus
1077 2759 1117 2790 ad
1133 2759 1270 2790 alterum
1286 2769 1377 2790 eom-

298 2811 428 2846 paratur
451 2805 535 2835 sicut
554 2809 646 2835 actus
667 2803 709 2834 ad
731 2804 922 2845 potentiam,
938 2804 992 2834 ille
1008 2805 1066 2844 qui
1081 2809 1287 2844 comparatur
1306 2810 1377 2835 tan-

299 2859 399 2891 quam
422 2854 512 2880 actus
535 2848 576 2880 ad
598 2848 746 2885 alterum,
762 2853 811 2879 est
833 2848 1012 2889 simplicior
1027 2854 1059 2879 et
1074 2849 1183 2879 minus
1198 2849 1320 2879 habens
1336 2848 1377 2880 de

299 2894 551 2935 compositione,
565 2898 602 2924 ut
616 2893 677 2923 sic:
694 2893 775 2923 nihil
791 2893 880 2923 enim
895 2897 1043 2924 actuatur
1057 2902 1116 2933 per
1131 2893 1253 2934 aliquid
1268 2894 1377 2924 minus

299 2939 425 2970 actuale
449 2947 549 2979 quam
571 2939 680 2978 ipsum
696 2938 746 2974 sit,
762 2938 789 2967 si
805 2938 886 2968 ratio
905 2942 1032 2968 tantum
1048 2943 1139 2968 actus
1154 2943 1187 2968 et
1211 2938 1377 2978 potentiae

301 2982 532 3014 consideretur.
550 2982 583 3013 Si
600 2991 677 3022 ergo
693 2991 762 3012 esse
778 2982 954 3013 subsistens
969 2981 1101 3013 haberet
1113 2982 1256 3022 aliquem
1268 2987 1377 3013 actum

299 3028 360 3058 sibi
383 3027 540 3064 additum,
565 3032 730 3067 oporteret
745 3032 782 3057 ut
797 3026 913 3066 aliquis
928 3031 1018 3057 actus
1035 3032 1118 3057 esset
1137 3036 1179 3057 eo
1199 3027 1378 3067 simplicior

301 3078 332 3103 et
355 3072 521 3103 actualior.
553 3071 628 3102 Hoc
658 3076 768 3102 autem
796 3080 866 3102 esse
895 3080 964 3101 non
995 3076 1118 3111 potest:
1144 3080 1221 3102 cum
1245 3081 1314 3102 esse
1338 3073 1378 3103 sit

301 3117 466 3148 actualitas
488 3116 639 3147 omnium
662 3114 850 3146 formarum.
875 3115 952 3146 Ideo
967 3125 1036 3146 non
1052 3121 1160 3156 potest
1182 3116 1301 3147 habere
1320 3117 1378 3147 ali-

301 3161 381 3202 quid
395 3161 457 3192 sibi
473 3160 630 3191 additum.
655 3160 696 3190 Et
711 3161 776 3191 hoc
792 3165 840 3191 est
855 3159 1105 3191 fundamentum
1120 3160 1217 3191 huius
1233 3161 1375 3192 rationis.

357 3204 641 3237 Considerandum
663 3204 820 3242 secundo,
844 3204 936 3245 quod
957 3205 1017 3235 ista
1038 3205 1120 3235 ratio
1143 3210 1273 3246 sumpta
1296 3210 1344 3236 est
1359 3216 1378 3236 a

301 3249 421 3282 Sancto
445 3250 576 3281 Th0ma
599 3259 638 3280 ex
661 3250 779 3280 Boetio
802 3250 836 3280 in
860 3249 942 3279 libro
965 3249 1006 3279 de
1027 3248 1232 3280 Hebdomad.
1249 3251 1282 3280 ⁴':
1308 3259 1376 3290 quo

301 3295 335 3325 in
350 3295 426 3326 loco
441 3295 512 3335 ipse
528 3294 666 3326 Sanctus
679 3293 824 3325 Thomas
846 3299 939 3324 notat
961 3294 1026 3324 hoc
1049 3294 1202 3325 omnibus
1222 3294 1378 3325 abstracte

302 3339 511 3370 consideratis
534 3348 604 3370 esse
623 3348 810 3375 commune,
835 3345 872 3370 ut
898 3338 979 3369 nihil
1007 3338 1146 3369 habeant
1171 3339 1206 3369 in
1228 3348 1263 3369 se
1286 3339 1378 3379 quod

301 3389 427 3424 praeter
443 3393 559 3415 eorum
579 3384 752 3415 essentiam
770 3384 819 3414 sit.
839 3382 1044 3424 Significatur
1063 3383 1151 3413 enim
1166 3383 1377 3423 unumquod-

303 3438 368 3469 que
391 3429 476 3459 sicut
497 3428 531 3459 id
554 3437 622 3470 quo
646 3428 769 3469 aliquid
793 3434 840 3459 est
863 3428 1039 3459 formaliter
1061 3427 1138 3458 tale:
1159 3429 1242 3458 sicut
1261 3427 1377 3458 albedo

302 3478 350 3503 est
373 3472 406 3503 id
429 3482 497 3514 quo
525 3472 648 3514 aliquid
680 3478 728 3503 est
757 3473 877 3510 album,
902 3478 934 3503 et
962 3472 1145 3503 humanitas
1175 3481 1243 3513 quo
1274 3473 1377 3503 homo

302 3516 479 3548 formaliter
509 3523 558 3548 est
587 3518 701 3548 homo.
728 3517 806 3548 Non
835 3523 883 3548 est
910 3522 1019 3548 autem
1049 3516 1171 3557 aliquid
1201 3516 1378 3548 formaliter

303 3561 413 3592 album
435 3562 498 3593 nisi
520 3571 579 3603 per
601 3561 634 3592 id
657 3561 749 3602 quod
764 3561 805 3593 ad
820 3563 991 3593 essentiam
1006 3561 1070 3592 albi
1090 3561 1244 3602 pertinen
1269 3571 1378 3602 neque

302 3606 405 3636 homo
428 3605 605 3637 formaliter
628 3612 676 3637 est
698 3606 800 3637 homo
824 3607 886 3637 nisi
909 3616 967 3647 per
989 3606 1022 3636 id
1045 3605 1136 3646 quod
1167 3605 1207 3636 ad
1236 3606 1378 3637 hominis

303 3651 462 3681 rationem
485 3656 517 3681 et
540 3651 711 3681 essentiam
734 3657 866 3691 spectat.
891 3651 968 3682 Ideo
992 3650 1083 3691 quod
1106 3650 1260 3681 abstracte
1280 3651 1377 3691 signi-

1431 2179 1555 2216 ficatur,
1580 2181 1606 2210 si
1630 2180 1670 2210 sit
1699 2179 1879 2211 secundum
1903 2179 1994 2221 quod
2023 2179 2231 2221 significatur,
2256 2181 2336 2212 nihil
2360 2191 2378 2212 a
2401 2191 2434 2212 se
2458 2181 2503 2212 di-

1431 2225 1585 2255 stinctum
1601 2225 1718 2255 habere
1735 2230 1852 2265 potest.
1875 2242 1900 2247 —
1922 2225 2084 2256 Concreta
2105 2230 2213 2256 autem
2236 2225 2454 2266 significantur
2470 2232 2504 2256 ut

1431 2269 1535 2310 ipsam
1552 2268 1690 2300 formam
1714 2269 1874 2300 habentia.
1899 2269 1947 2300 Ex
1962 2270 2027 2300 hoc
2043 2275 2152 2300 autem
2168 2269 2259 2311 quod
2274 2270 2395 2311 aliquid
2410 2271 2505 2301 habet

1432 2314 1574 2354 aliquam
1590 2319 1748 2350 naturam,
1761 2323 1830 2344 non
1842 2314 2031 2354 prohibetur
2043 2314 2165 2355 aliquid
2180 2314 2267 2345 aliud
2283 2315 2398 2346 habere
2414 2315 2503 2356 quod

1432 2358 1472 2389 ad
1496 2359 1564 2389 eius
1588 2359 1747 2389 rationem
1770 2368 1839 2389 non
1863 2360 2034 2399 pertineat:
2060 2369 2097 2390 ex
2114 2359 2178 2389 hoc
2194 2360 2281 2390 enim
2297 2359 2386 2400 quod
2402 2360 2501 2390 homo

1432 2403 1528 2434 habet
1551 2403 1796 2439 humanitatem,
1820 2403 1900 2433 nihil
1931 2404 2081 2444 prohibet
2111 2405 2190 2444 quin
2213 2410 2245 2434 et
2267 2403 2387 2444 aliquid
2418 2404 2502 2434 aliud

1431 2453 1557 2489 praeter
1583 2448 1817 2478 humanitatem
1848 2448 1972 2479 habeat.
1996 2466 2020 2470 -
2042 2448 2130 2479 Bene
2162 2458 2238 2489 ergo
2269 2448 2384 2479 dicitur
2413 2448 2502 2488 quod

1432 2493 1536 2533 ipsum
1556 2501 1625 2523 esse
1642 2502 1711 2523 non
1734 2497 1843 2533 potest
1858 2493 2047 2533 participare
2066 2492 2188 2533 aliquid
2207 2492 2297 2533 quod
2319 2502 2387 2523 non
2403 2493 2442 2523 sit
2461 2492 2500 2523 de

1432 2538 1568 2568 essentia
1592 2547 1659 2573 sua,
1676 2536 1733 2567 sed
1748 2537 1831 2568 bene
1848 2537 1881 2567 id
1903 2537 1991 2578 quod
2006 2542 2063 2574 est,
2081 2537 2202 2567 scilicet
2219 2538 2319 2577 ipsum
2338 2545 2412 2567 ens:
2427 2538 2501 2577 quia

1432 2591 1500 2613 esse
1523 2587 1571 2612 est
1593 2582 1798 2618 abstractum,
1822 2591 1880 2612 ens
1902 2591 1978 2613 vero
2003 2587 2201 2612 concretum.

1489 2626 1525 2657 11.
1550 2626 1700 2657 Secundo
1711 2627 1738 2656 ’ἃ
1762 2626 1851 2657 Nihil
1874 2631 1922 2657 est
1950 2627 1984 2656 in
2007 2626 2078 2656 Deo
2110 2625 2199 2666 quod
2223 2626 2337 2656 habeat
2360 2634 2498 2656 causam.

1432 2671 1518 2711 Ergo
1534 2672 1569 2701 in
1585 2671 1657 2702 Deo
1673 2680 1742 2702 non
1766 2676 1814 2701 est
1836 2670 1993 2701 accidens.
2009 2688 2033 2693 -
2049 2670 2138 2700 Patet
2158 2670 2397 2710 consequentia.
2414 2669 2499 2707 Quia

1431 2725 1530 2746 omne
1554 2714 1704 2746 accidens
1734 2715 1831 2746 habet
1860 2725 1988 2746 causam
2018 2724 2116 2755 quare
2144 2715 2227 2744 insit.
2250 2732 2273 2736 -
2295 2713 2498 2744 Antecedens

1430 2761 1595 2801 probatur.
1626 2760 1694 2790 Aut
1723 2760 1811 2790 enim
1840 2759 1924 2790 illius
1955 2768 2050 2790 causa
2073 2764 2120 2789 est
2147 2758 2252 2789 divina
2275 2758 2419 2794 essentia,
2444 2762 2499 2788 aut

1431 2804 1555 2845 aliquid
1577 2803 1674 2835 aliud.
1699 2804 1734 2835 Si
1757 2803 1878 2844 aliquid
1894 2803 1990 2840 aliud,
2007 2812 2083 2843 ergo
2104 2803 2192 2834 Deus
2213 2802 2351 2843 patietur
2373 2807 2404 2832 et
2427 2811 2498 2831 mo-

1431 2850 1558 2880 vebitur
1573 2849 1613 2879 ab
1629 2849 1740 2889 aliquo
1761 2854 1889 2889 agente:
1914 2848 1993 2878 nihil
2017 2848 2103 2878 enim
2126 2847 2249 2878 inducit
2271 2846 2410 2886 aliquam
2434 2845 2498 2875 for-

1431 2903 1520 2924 mam
1549 2893 1584 2924 in
1615 2893 1725 2934 aliquo
1755 2894 1930 2933 recipiente
1959 2893 2020 2922 nisi
2051 2892 2159 2932 aliquo
2189 2890 2290 2921 modo
2317 2890 2440 2930 agendo
2464 2890 2497 2919 in

1431 2939 1550 2979 ipsum,
1563 2947 1604 2969 eo
1617 2937 1709 2979 quod
1721 2947 1813 2978 agere
1830 2938 1869 2968 sit
1881 2937 1984 2968 facere
2000 2942 2083 2967 actu.
2100 2936 2133 2967 Si
2147 2937 2215 2976 ipsa
2231 2935 2337 2966 divina
2353 2935 2496 2970 essentia,

1432 2992 1509 3023 ergo
1533 2983 1567 3014 in
1590 2983 1663 3013 Deo
1688 2983 1746 3013 erit
1769 2981 1890 3022 aliquid
1916 2991 1974 3022 per
1997 2981 2087 3022 quod
2114 2985 2223 3011 causat
2245 2985 2277 3010 et
2299 2978 2419 3019 aliquid
2442 2987 2498 3018 per

1432 3027 1523 3068 quod
1546 3028 1674 3068 recipit:
1699 3028 1783 3057 sicut
1805 3026 1983 3066 corporalia
2003 3035 2060 3066 per
2079 3030 2224 3055 naturam
2247 3024 2396 3054 materiae
2419 3023 2497 3052 reci-

1431 3073 1536 3113 piunt,
1553 3077 1686 3102 causant
1702 3076 1810 3102 autem
1833 3080 1891 3111 per
1914 3069 2061 3100 formam.
2086 3069 2126 3099 Et
2149 3070 2194 3099 sic
2217 3069 2304 3098 Deus
2328 3068 2386 3097 erit
2408 3076 2496 3097 com—

1431 3117 1568 3158 posituS.
1600 3116 1758 3146 Probatur
1787 3115 2031 3155 consequentia:
2057 3115 2133 3153 quia
2162 3118 2209 3143 est
2234 3111 2431 3151 impossibile
2461 3116 2497 3141 ut

1432 3160 1554 3202 aliquid
1584 3161 1624 3191 sit
1655 3170 1750 3191 causa
1779 3160 1913 3190 alicuius
1944 3168 2001 3198 per
2030 3157 2108 3188 illud
2139 3166 2205 3196 quo
2235 3156 2347 3195 recipit
2374 3156 2495 3195 ipsum3

1432 3206 1578 3246 alioquin
1602 3204 1688 3235 idem
1711 3203 1891 3235 secundum
1914 3202 1999 3233 idem
2024 3201 2140 3232 faceret
2162 3210 2195 3231 se
2219 3201 2251 3230 in
2275 3206 2357 3230 actu.

1486 3250 1549 3281 Pro
1572 3249 1782 3289 intelligentia
1804 3248 1888 3278 illius
1911 3246 2150 3287 propositionis,
2172 3246 2279 3285 Agere
2302 3243 2383 3273 nihil
2406 3243 2498 3273 aliud

1432 3300 1479 3325 est
1501 3304 1598 3335 quam
1613 3294 1734 3336 facere
1756 3292 1881 3333 aliquid
1903 3296 1988 3327 actu,
2006 3289 2184 3321 notandum
2199 3287 2289 3328 quod
2304 3287 2407 3318 facere
2424 3292 2496 3318 actu

1431 3340 1627 3374 attribuitur,
1661 3337 1840 3368 secundum
1873 3340 2064 3366 consuetum
2096 3332 2231 3363 modum
2263 3331 2432 3372 loquendi,
2466 3337 2498 3362 et

1432 3384 1538 3424 agenti
1562 3388 1595 3413 et
1616 3382 1752 3413 formae:
1777 3381 1913 3412 dicimus
1936 3380 2022 3409 enim
2046 3377 2134 3418 quod
2158 3382 2189 3407 et
2212 3376 2399 3406 calefaciens
2423 3375 2498 3406 facit

1432 3428 1572 3459 calidum
1596 3432 1679 3463 actu,
1705 3431 1736 3456 et
1759 3425 1854 3456 calor.
1879 3425 1952 3454 Hoc
1975 3429 2081 3453 tamen
2112 3420 2291 3452 differenter
2313 3419 2358 3450 fit.
2388 3420 2496 3460 Agens

1432 3474 1519 3503 enim
1549 3471 1666 3502 dicitur
1694 3470 1798 3501 facere
1829 3467 1948 3508 aliquid
1978 3472 2050 3497 actu
2079 3466 2155 3506 quia
2184 3465 2291 3505 ipsum
2319 3464 2359 3495 ad
2389 3470 2497 3495 actum

1431 3517 1553 3547 formae
1577 3515 1724 3556 perducit
1747 3514 1842 3544 simul
1869 3512 2004 3543 formam
2035 3508 2331 3550 comproducendo.
2362 3508 2498 3549 Propter

1432 3561 1522 3602 quod
1551 3560 1715 3599 subiungit
1745 3558 1878 3589 Sanctus
1907 3556 2058 3590 Thomas,
2089 3553 2176 3594 quod
2206 3553 2334 3594 quidem
2365 3558 2412 3584 est
2436 3563 2499 3593 per

1422 3607 1594 3648 sormam:
1617 3614 1653 3634 ac
1676 3605 1702 3633 si
1726 3602 1852 3636 diceret,
1869 3602 1976 3641 Agere
1991 3604 2038 3629 est
2047 3599 2168 3640 facere
2183 3603 2257 3628 actu
2273 3608 2336 3638 per
2346 3598 2496 3639 formam

1427 3650 1621 3691 productam
1643 3649 1674 3677 in
1686 3656 1796 3687 passo.
1822 3645 1938 3675 Forma
1954 3649 2061 3673 autem
2078 3643 2192 3673 dicitur
2209 3642 2312 3672 facere
2329 3648 2412 3678 actu,
2429 3651 2499 3672 non

2531 1258 2540 1267 ·
2550 1256 2585 1278 Cf.
2597 1263 2617 1278 c.
2629 1263 2669 1279 xm
2686 1258 2740 1279 Item

2530 1284 2553 1304 si
2565 1284 2646 1312 aliqua
2663 1275 2716 1306 duo.

2530 1421 2539 1430 ·
2554 1420 2611 1448 Cap.
2621 1427 2686 1443 xvm.

2531 1635 2540 1643 '
2555 1634 2606 1655 Lib.
2617 1634 2646 1661 V,
2657 1641 2686 1656 iv.

2530 1797 2539 1807 ·
2545 1797 2578 1818 De
2584 1797 2741 1824 quibusAver—

2531 1829 2590 1847 roes.
2611 1823 2653 1845 xit
2669 1824 2742 1846 Meta·

2528 1850 2607 1878 phys„
2615 1854 2670 1872 text.
2680 1857 2715 1879 39.

2527 2628 2534 2635 ·
2551 2625 2586 2647 Cf.
2603 2630 2625 2646 n.
2641 2630 2668 2645 vi.
