2664 4120
238 216 281 240 Xll

237 282 444 320 lectionum
480 279 632 316 Pianae.
664 275 829 313 Codices
858 286 1024 324 operum
1055 274 1093 311 S.
1124 273 1306 309 Thomae

238 334 346 372 nimii
379 340 477 377 sunt,
512 330 626 367 nimis
660 327 963 366 characteristice
992 326 1138 371 variati,
1169 336 1307 363 omnes
1333 369 1334 380 ἵ

238 387 350 425 nimis
378 383 535 434 antiqui,
566 393 686 432 quam
717 390 758 419 ut
786 380 954 430 cognitio
988 379 1144 429 originis
1179 378 1306 438 lectio-

236 453 332 478 num
359 434 597 488 supplantari
617 448 657 473 se
677 435 817 473 sineret
836 447 906 485 per
925 434 1092 471 rationes
1107 441 1143 469 et
1164 440 1306 491 ratiun-

235 495 340 531 culas
355 494 466 540 longe
478 498 710 540 apportatas,
723 488 968 538 aequivocas,
980 486 1305 524 contradictorias.

234 549 370 584 Donec
402 545 490 594 quis
523 543 640 580 huius
672 542 883 580 ditissimae
911 540 1126 578 traditionis
1155 541 1305 576 clavem
1332 555 1334 557 ¹

234 606 432 637 assecutus
452 598 508 643 sit,
530 597 657 634 sobrie
677 605 713 633 et
732 595 965 633 haesitanter
983 593 1148 630 mutabit
1168 604 1305 642 quam·
1332 632 1334 642 ι

234 662 405 702 cumque
439 647 649 688 editionem
687 649 942 686 fundamento
975 646 1116 696 posuit,
1156 646 1303 704 nedum
1331 644 1334 690 ξ

238 705 410 752 Pianam,
447 703 636 752 originem
669 701 851 740 omnium
885 699 1158 750 posteriorum,
1189 707 1305 735 etiam

233 762 320 810 plus
341 759 520 796 minusve
539 756 770 794 criticarum.
792 755 834 793 Si
853 754 920 804 qui
941 766 1020 790 non
1043 751 1305 797 intellexerint,

232 813 339 851 facile
377 821 507 849 tamen
540 810 731 847 intellectu
761 816 851 853 erat,
882 806 1063 844 lectiones
1093 805 1235 843 Pianae
1265 805 1304 842 in

232 874 361 904 mente
399 865 605 902 Editorum
646 875 716 913 per
753 860 1087 899 conservationem
1117 859 1156 896 in
1199 867 1304 895 textu

233 918 325 958 nulli
355 918 481 956 bonae
509 915 661 954 lectioni
689 914 871 953 codicum
895 914 1083 964 praelatas
1112 924 1207 958 esse,
1237 912 1305 949 sed
1330 946 1332 953 ,

231 972 442 1022 unicuique
469 978 594 1008 textus
622 969 683 1007 sui
710 982 730 1006 e
759 966 995 1005 variantibus
1027 965 1211 1015 seligendi
1241 978 1304 1003 oc-

231 1026 429 1064 casionem
448 1025 616 1062 oblatam
637 1035 732 1060 esse.
759 1020 976 1059 Consilium
996 1020 1072 1057 hoc
1095 1027 1188 1057 tunc
1207 1027 1304 1057 tem-

230 1079 334 1130 poris
362 1077 670 1116 circumstantiae
699 1074 964 1124 imponebant,
993 1073 1170 1123 provide.
1197 1073 1302 1111 Nam

230 1145 306 1183 qua
332 1133 394 1170 via
422 1131 577 1182 proprie
597 1129 646 1167 ad
666 1139 801 1166 veram
821 1127 1038 1165 orationem
1059 1127 1098 1165 S.
1119 1127 1303 1165 Thomae

227 1185 420 1237 perveniri
448 1184 578 1234 possit,
608 1195 631 1220 a
657 1181 850 1232 principio
874 1193 1003 1231 neque
1033 1179 1212 1220 Editores
1232 1193 1302 1218 no-

227 1247 376 1285 verunt,
406 1250 533 1287 neque
562 1235 718 1286 uspiam
745 1234 964 1285 expositum
995 1235 1056 1272 vel
1085 1232 1302 1273 indicatum

227 1292 472 1330 invenissent.
504 1290 712 1338 Quaedam
740 1290 1018 1339 phaenomena
1046 1300 1068 1326 e
1097 1288 1302 1327 traditione

226 1358 392 1396 operum
422 1345 460 1383 S.
485 1344 666 1383 Thomae
696 1343 735 1380 in
764 1345 892 1380 lucem
921 1343 1081 1392 prolata,
1107 1342 1188 1389 sed,
1208 1342 1301 1393 quia

226 1401 372 1437 nullam
392 1397 559 1436 utilitatis
587 1396 758 1447 speciem
786 1409 879 1446 prae
909 1409 949 1434 se
982 1396 1166 1442 serebant,
1192 1396 1302 1449 prius

292 1498 334 1518 UM
357 1488 491 1519 Summa
507 1491 619 1517 contra
644 1486 789 1517 Gentiles
805 1491 932 1516 constet
957 1486 1093 1517 vocibus
1106 1486 1304 1518 tercentenis
1328 1486 1332 1570 1

228 1499 525 1574 Cquinquaginta
559 1531 711 1567 millibus,
741 1540 824 1571 quae
861 1540 966 1562 unum
1007 1530 1157 1562 codicem
1189 1530 1303 1562 confe-

226 1578 308 1609 renti
332 1578 380 1608 bis
403 1577 557 1617 legendae
572 1581 658 1612 sunt,
675 1585 819 1616 cumque
835 1575 964 1607 traditio
980 1581 1110 1607 constet
1132 1575 1303 1608 codicibus

226 1623 351 1653 circiter
375 1628 518 1658 centum,
534 1621 735 1661 impossibile
752 1626 820 1652 erat
843 1621 991 1662 singulos
1007 1621 1207 1652 verbotenus
1230 1631 1304 1652 exa-

224 1668 357 1698 minare.
389 1665 534 1697 Priorem
561 1671 706 1696 nostram
728 1664 924 1697 methodum
949 1666 1063 1703 secuti,
1100 1666 1302 1708 comparavi-

224 1718 297 1743 mus
325 1710 454 1742 codices
478 1712 510 1741 in
534 1708 746 1741 Bibliothecis
775 1709 941 1742 Vaticanis
965 1715 1118 1747 servatos,
1143 1710 1221 1752 quia
1243 1719 1301 1742 eos
1328 1724 1330 1748 ἰ

223 1756 487 1797 magnanimitate
510 1753 725 1787 Summorum
747 1753 959 1795 Pontificum,
976 1756 1096 1797 quibus
1120 1764 1218 1797 supra
1240 1764 1302 1787 no-
1327 1769 1330 1798 ᾗ

221 1807 318 1832 stram
335 1801 463 1832 dicendi
479 1799 667 1831 facultatem
679 1801 798 1841 gratias
814 1801 983 1838 habemus,
998 1801 1174 1832 uobiscum
1189 1806 1302 1832 tenere
1328 1800 1330 1851 l

222 1852 253 1876 et
277 1846 424 1886 quotidie
453 1846 613 1886 inspicere
641 1852 837 1877 concessum
865 1851 923 1877 est.
951 1845 1148 1878 collationis
1177 1844 1301 1878 fructus
1327 1863 1329 1873 2

222 1897 297 1927 erat,
314 1896 439 1931 praeter
463 1890 708 1922 multitudinem
725 1891 919 1922 variantium
934 1891 1020 1922 inter
1030 1891 1062 1922 A
1077 1896 1110 1922 et
1124 1890 1301 1922 Vaticanus

221 1941 252 1966 et
275 1936 356 1966 inter
372 1936 451 1966 istos
474 1935 626 1972 invicem,
643 1934 774 1966 initialis
794 1934 969 1967 delineatio
989 1935 1166 1976 tripartitae
1188 1944 1301 1967 neces-

220 1979 366 2010 situdinis
391 1979 543 2011 codicum
570 1981 631 2011 sub
655 1986 798 2021 utroque
826 1986 987 2022 respectu.
1018 1979 1067 2011 Ex
1090 1979 1300 2012 multitudine

220 2023 363 2055 delectus
385 2024 488 2056 factus
507 2030 555 2056 est
569 2025 722 2057 locorum
743 2034 829 2066 quae
844 2025 947 2066 magis
974 2024 1094 2056 idonea
1109 2024 1302 2056 videbantur
1326 2034 1330 2095 Q

221 2069 260 2100 ad
283 2070 489 2101 revelandam
512 2070 704 2101 relationem
728 2070 882 2101 codicum
907 2075 1093 2101 exterorum
1117 2078 1196 2102 cum
1215 2070 1246 2101 A
1269 2075 1302 2101 et

219 2114 391 2146 Vaticanis.
412 2115 504 2149 Haec
526 2115 708 2148 lectionum
729 2116 911 2156 specimina
933 2115 1022 2156 large
1044 2120 1177 2156 sumpta
1199 2120 1300 2152 erant,
1326 2106 1330 2176 1

220 2164 252 2190 et
275 2159 315 2190 ad
338 2159 542 2200 particularia
565 2159 823 2198 descendebant;
851 2160 961 2191 nullus
984 2159 1083 2191 credo
1110 2159 1215 2192 codex
1242 2169 1300 2202 pe·
1326 2178 1328 2193 l

221 2204 323 2235 riculo
340 2204 491 2235 locorum
507 2204 705 2236 selectorum
724 2205 890 2237 subiectus
906 2204 1183 2237 necessitudinem
1207 2214 1300 2236 suam
1326 2199 1329 2242 f

220 2255 296 2279 cum
326 2249 529 2291 autographo
558 2255 590 2280 et
620 2248 815 2292 apographis
839 2250 969 2286 celavit;
998 2250 1090 2291 quod
1117 2258 1158 2281 eo
1182 2250 1299 2282 maiori
1326 2244 1329 2284 l

1363 271 1545 318 neglecta,
1559 269 1748 319 paulatim
1768 270 1942 309 intimius
1962 271 2207 310 considerata
2225 271 2446 323 meliusque

1362 322 1562 361 aestimata
1578 330 1679 370 sunt,
1695 331 1733 362 et
1749 335 1844 374 prae
1859 324 2047 363 omnibus
2067 324 2150 363 aliis
2169 324 2371 364 scientiam
2384 338 2446 375 ge-

1363 375 1562 424 nealogiae
1583 377 1818 416 variantium
1841 379 2022 416 affectare
2052 379 2323 426 cernebantur,
2353 379 2447 429 quia

1362 430 1411 467 ad
1440 429 1611 479 primam
1646 429 1862 469 traditionis
1899 432 2042 470 horam
2078 431 2314 482 pertingunt.
2351 431 2444 472 Sine

1361 482 1586 531 genealogia
1605 495 1702 521 vero
1729 496 1792 522 res
1810 485 1941 524 critica
1959 498 2042 523 non
2060 486 2187 535 agitur
2213 485 2287 524 nisi
2314 487 2446 537 provi-

1362 536 1462 573 sorie
1492 544 1530 573 et
1557 536 1724 575 interim.
1755 538 1853 576 Inde
1877 547 1935 576 est
1962 540 2072 589 quod
2101 553 2124 578 a
2151 539 2305 589 triginta
2333 540 2446 578 annis

1363 589 1452 626 hinc
1480 590 1671 628 anxietate
1700 591 1874 641 quadam
1903 593 2242 643 prospiciebamus
2270 594 2320 631 ad
2348 602 2445 632 tem-

1360 656 1434 693 pus
1464 655 1546 693 quo
1566 644 1703 681 datum
1729 653 1829 682 esset
1857 646 1964 695 apud
1990 646 2123 696 ipsum
2151 655 2348 698 superstes
2376 660 2445 686 au-

1360 699 1598 749 tographum
1629 699 1821 736 Summae
1848 706 1986 738 contra
2005 700 2178 740 Gentiles
2207 701 2444 740 variantium

1359 751 1627 801 genealogiam
1647 751 1829 802 incipere,
1849 752 2150 802 explicationem
2177 767 2318 793 earum
2336 755 2445 794 inve-

1359 805 1453 852 nire,
1484 814 1532 852 et,
1561 805 1671 855 quod
1699 814 1832 844 nostra
1861 818 1944 844 non
1971 818 2116 857 parum
2143 807 2336 856 intererat,
2356 821 2443 846 sen·

1359 859 1520 897 tentiam
1539 859 1716 909 accipere
1735 859 1838 898 circa
1856 860 2093 898 methodum
2113 873 2194 912 qua
2217 862 2444 901 Secundam

1360 913 1566 952 Secundae
1596 921 1633 951 et
1660 912 1836 951 Tertiam
1865 914 2021 952 Partem
2051 915 2243 953 Summae
2271 916 2442 955 Theolo-

1357 966 1443 1016 giae
1471 965 1755 1007 recensuimus.
1785 969 1846 1005 An
1875 967 1923 1006 sit
1942 968 2047 1006 unde
2075 968 2332 1018 gaudeamus,
2361 969 2444 1020 ipse

1358 1020 1502 1058 iudicet
1529 1022 1683 1059 Lector.
1713 1021 1800 1059 Nos
1826 1021 2026 1060 credimus
2053 1034 2125 1072 per
2151 1034 2301 1061 novam
2324 1035 2446 1074 eape-

1358 1074 1538 1112 rientiam
1555 1074 1813 1112 confirmatos
1831 1087 1928 1113 esse.
1959 1075 2171 1114 Credimus
2183 1101 2186 1105 ι
2197 1076 2317 1126 etiarn
2329 1077 2444 1128 :quod

1358 1127 1570 1179 speculatio
1604 1135 1737 1166 nostra
1769 1129 2109 1168 continuatoribus
2145 1130 2351 1181 profutura
2379 1131 2444 1178 sit;

1357 1181 1431 1220 nisi
1444 1181 1551 1220 factis
1570 1181 1786 1222 traditionis
1805 1195 1888 1221 non
1908 1183 2147 1234 respondere
2166 1183 2446 1232 aestimabitur,

1357 1236 1427 1274 sed
1456 1248 1566 1274 mera
1593 1235 1750 1275 somnia
1777 1248 1874 1274 esse.
1897 1235 2072 1276 Maxime
2100 1245 2234 1277 tamen
2261 1251 2286 1277 a
2314 1237 2446 1278 studio

1357 1289 1590 1341 autographi
1620 1290 1904 1329 Commentarii
1924 1290 1963 1328 in
1985 1292 2032 1329 111
2057 1291 2350 1331 Sententiarum
2367 1305 2444 1331 suo

1357 1351 1534 1394 tempore
1564 1352 1631 1382 aut
1659 1343 1908 1383 confirmatio
1932 1353 1999 1382 aut
2025 1345 2238 1384 confutatio
2263 1354 2331 1384 aut
2358 1358 2444 1385 mo-

1355 1398 1546 1436 deramen
1575 1399 1818 1448 expectanda
1846 1407 1971 1437 erunt.

1357 1486 1535 1525 lustralem,
1558 1497 1623 1519 vox
1644 1501 1658 1515 ‹
1674 1487 1778 1519 fratris
1797 1501 1812 1515 ι
1838 1488 1873 1519 in
1899 1488 2085 1519 recentibus
2108 1488 2278 1520 codicibus
2301 1498 2443 1531 operum

1356 1531 1389 1564 S.
1414 1532 1566 1564 Thomae
1589 1542 1694 1574 aeque
1719 1532 1874 1574 frequens
1897 1533 1949 1564 vel
1973 1531 2057 1564 forte
2085 1532 2272 1575 sequentius
2299 1535 2443 1567 occurrit

1357 1586 1458 1618 quam
1488 1591 1503 1605 ε
1522 1578 1608 1610 beati
1627 1591 1642 1606 ι
1673 1578 1724 1609 vel
1758 1591 1774 1605 ε
1792 1578 1896 1611 sancti
1915 1591 1943 1608 ι
1975 1576 2143 1611 Caecum.
2163 1578 2344 1624 desingul
2369 1617 2376 1622 ,

1355 1621 1510 1654 codicum
1533 1629 1638 1656 aetate
1660 1632 1728 1655 non
1751 1623 1850 1654 nimis
1870 1622 2067 1660 curandum,
2080 1623 2254 1666 quiaffinisi
2270 1625 2381 1668 ἀμ]
2428 1641 2443 1648 -

1355 1666 1433 1705 lant,
1465 1667 1667 1702 documenta
1696 1673 1803 1701 textus
1833 1677 1936 1709 quern
1963 1677 2174 1701 recensemus
2203 1666 2379 1711 asmrguflss'

1355 1716 1486 1754 tempus
1509 1713 1696 1754 scriptionis
1725 1712 1931 1754 autographi,
1959 1717 1996 1743 ut
2026 1711 2109 1744 infra
2131 1712 2267 1757 patebit.
2296 1713 2328 1746 T
2347 1751 2362 1755 μ

1355 1756 1450 1788 illum
1473 1758 1737 1799 antiquissimum
1760 1756 1992 1799 distinguimus
2005 1766 2066 1798 per
2081 1757 2270 1799 sigium-es*
2301 1760 2310 1767 '

1355 1801 1450 1833 datur
1473 1802 1526 1834 alii
1549 1803 1664 1839 textui,
1687 1803 1746 1844 qui
1769 1801 1944 1844 qmmodo
1972 1811 2052 1834 cum
2067 1811 2095 1833 α
2118 1803 2245 1834 relatus-¹
2261 1803 2441 1846 depau-

1355 1847 1579 1888 explioebitur.
1603 1847 1734 1879 Utinm·
1755 1848 1856 1880 etism
1878 1847 1964 1888 siglo
1987 1847 2052 1889 pA,
2071 1846 2114 1880 ad
2134 1846 2442 1885 iiidice-adamum

1354 1897 1426 1923 tum
1448 1893 1655 1934 autographi,
1678 1901 1738 1924 seu
1754 1893 1794 1930 A,
1810 1898 1988 1933 antequam
2003 1892 2132 1924 Auctor
2146 1893 2177 1925 ei
2193 1892 2325 1926 ultimas
2347 1903 2442 1937 aas

1355 1935 1568 1978 impenderat.
1594 1937 1702 1968 Huius
1718 1936 1845 1978 aliquot
1865 1936 2024 1969 lectiones
2040 1937 2074 1968 iu
2090 1935 2254 1979 aliquibus
2270 1936 2442 1982 codicibup

1355 1985 1466 2012 erutae
1490 1986 1576 2019 sunt,
1601 1986 1638 2013 ut
1652 1982 1785 2024 propria
1810 1981 2032 2024 paragraphus
2055 1980 2240 2024 explicabit.
2435 2024 2437 2027 .

1411 2025 1491 2058 Toti
1512 2025 1581 2058 fere
1604 2026 1771 2058 traditioni
1795 2025 1910 2058 eadem
1934 2031 2042 2058 textus
2065 2026 2230 2060 ordinatio
2251 2028 2442 2061 comum

1355 2076 1413 2102 est.
1428 2071 1599 2113 Scriptura
1611 2071 1739 2113 incipit,
1753 2071 1826 2103 sine
1842 2071 1913 2103 nilo
1928 2071 2156 2113 praeambulo,
2169 2081 2191 2104 a
2205 2073 2316 2115 prino
2333 2079 2442 2107 mm·

1355 2116 1416 2148 bro
1439 2116 1588 2150 Tabulae
1619 2116 1843 2158 capitulorum
1869 2117 1969 2158 primi
1997 2117 2108 2150 Libri:
2133 2130 2150 2146 ι
2168 2117 2272 2158 Quod
2294 2118 2338 2154 nit
2362 2118 2440 2155 offi-

1355 2161 1445 2193 cium
1466 2161 1623 2204 sapientis
1644 2171 1678 2195 c.
1691 2172 1704 2192 ι
1723 2175 1754 2194 ι.
1776 2161 1855 2194 Post
1875 2161 2008 2194 timlum
2032 2162 2169 2204 capitiui
2198 2170 2260 2196 102
2275 2164 2440 2207 sequimi-z

1358 2219 1372 2233 ‹
1392 2205 1511 2248 Incipit
1533 2206 1614 2239 liber
1639 2206 1690 2240 de'
1713 2207 1848 2238 ver-itate
1869 2205 2032 2239 catholice
2061 2205 2138 2241 fidei
2169 2213 2284 2240 contra
2314 2218 2441 2251 errores

1354 2249 1538 2284 infidelium
1554 2251 1661 2284 editus
1676 2262 1695 2284 a
1711 2251 1807 2284 fratre
1822 2252 1936 2284 thoma
1960 2250 2001 2284 de
2017 2253 2142 2294 aquino
2158 2251 2282 2285 ordinis
2303 2250 2441 2288 frumin

220 2292 339 2324 fiducia
356 2291 512 2326 affirmare
532 2293 701 2334 audemus,
715 2303 798 2336 quo,
814 2295 896 2326 locis
913 2292 1121 2326 conferendis
1137 2304 1244 2337 usque
1260 2294 1300 2326 ad
1354 2295 1598 2338 predicatorum
1619 2310 1647 2328 ι.
1671 2296 1801 2328 Deinde
1825 2296 1969 2339 capitula
1994 2295 2086 2329 Libri
2110 2296 2124 2329 1
2146 2297 2276 2340 singula
2299 2299 2442 2332 cuin‘ti*

219 2337 313 2378 ptura
336 2339 437 2370 millis
467 2340 570 2370 auctis
594 2346 626 2370 et
649 2340 786 2377 variatis,
809 2341 916 2371 exitus
940 2340 1064 2381 primae
1080 2340 1301 2381 inquisitionis
1353 2341 1431 2378 tuiis
1454 2343 1531 2374 suis.
1561 2341 1691 2374 Eodem
1713 2341 1818 2374 mdo
1841 2341 1958 2383 reliqui
1985 2341 2077 2374 Libri
2097 2351 2120 2374 a
2141 2342 2279 2375 Tabulis
2306 2351 2440 2386 praeces

219 2391 348 2424 semper
370 2383 495 2435 firmior
517 2385 630 2418 stabat..
654 2385 727 2420 Tali
743 2384 902 2437 methodo
930 2385 1077 2436 indolem
1094 2385 1299 2437 qualitatem-
1325 2411 1328 2440 Ι
1354 2385 1487 2438 duntur.
1509 2387 1558 2439 ln-
1573 2386 1656 2419 fine:
1676 2400 1691 2415 ε
1706 2387 1742 2439 in
1755 2387 1994 2428 sempiternum
2009 2387 2129 2421 Amen.
2144 2387 2290 2430 Explicit
2299 2394 2440 2431 quanm

219 2427 1083 2516 {leuceuttdildffigilsrgssi‘igggtoetiritgrffliatiiigi'hssuiloffg'es
1100 2474 1161 2507 fuit
1185 2439 1298 2507 &1¹2¹ss
1324 2442 1328 2532 i
1351 2431 1493 2518 131ξὲἓίἓὲ
1512 2487 1532 2508 a
1556 2432 1855 2513 fratretot‘liblisnaude
1878 2431 2011 2519 equitii?
2027 2431 2440 2520 εξξξυεοῗὴὲἰξίισὲὴοωᾴ

220 2523 372 2548 curtatus.
401 2518 570 2557 Quantum
603 2529 680 2560 ergo
704 2519 745 2550 de
773 2519 942 2551 codicibus
973 2528 1157 2562 eorumque
1179 2529 1297 2563 genea-

218 2562 305 2602 logia
329 2562 445 2594 dicturi
469 2572 593 2600 sumus,
623 2565 782 2605 supponit
810 2574 882 2596 cam
910 2565 1061 2596 notitiam
1092 2573 1193 2606 quam
1217 2575 1298 2597 con-

219 2605 342 2638 serendi
365 2608 541 2639 methodus
565 2609 692 2640 haurire
714 2611 871 2650 permisit.
893 2609 930 2641 Si
954 2619 1040 2651 quae
1063 2610 1200 2642 lacunae
1224 2611 1298 2648 sint,

219 2651 362 2692 suppleri
394 2659 532 2693 possunt
556 2655 698 2694 penitius
726 2654 902 2686 scrutando
927 2654 1059 2687 coaces
1086 2656 1298 2693 examinatos,

219 2701 251 2727 et
273 2698 471 2737 praesertim,
487 2697 632 2735 fortasse,
652 2699 854 2731 conferendo
870 2700 1047 2741 Hispanos,
1065 2709 1221 2742 quorum,
1241 2710 1298 2733 ex-

219 2747 315 2782 cepto
339 2750 407 2773 uno
432 2744 569 2784 antiquo
597 2743 761 2775 initialiter
786 2745 983 2784 examinato,
1010 2745 1196 2786 periculum
1228 2755 1297 2778 non

219 2784 364 2816 fecimus.
382 2787 547 2828 Hispanos
564 2797 631 2819 non
655 2794 722 2819 tam
743 2790 935 2821 necessitate
960 2799 1060 2831 quam
1085 2789 1225 2822 consilio
1249 2790 1298 2822 in-

218 2827 307 2861 ducti
330 2831 399 2862 aliis
427 2832 645 2864 conferendos
661 2833 886 2875 relinquimus.
900 2833 1069 2876 Cupimus
1081 2835 1173 2867 euim
1197 2834 1298 2867 colla-

219 2875 343 2906 tionem
353 2884 413 2916 per
424 2877 505 2907 alios
521 2885 559 2908 ac
575 2884 704 2909 nostros
721 2879 836 2910 oculos
850 2885 886 2910 et
901 2888 999 2921 super
1015 2889 1135 2922 campo
1145 2880 1297 2912 noudum

219 2920 385 2960 explorato
415 2920 495 2958 fieri,
526 2928 563 2953 ut
585 2929 618 2953 et
648 2923 805 2955 iudicium
834 2924 874 2957 de
898 2925 1092 2958 variantium
1114 2925 1242 2966 origine
1264 2931 1297 2957 et

218 2964 329 2996 valore
346 2966 386 2996 ab
410 2966 471 2997 alia
495 2973 604 2998 mente
627 2968 822 3005 instituatur,
843 2978 931 3009 quae
955 2969 1055 3001 libera
1068 2970 1118 3001 rsit
1141 2970 1182 3001 ab
1205 2971 1297 3002 omni

219 3011 523 3051 praeoccupatione,
547 3018 675 3043 nostrae
699 3011 792 3051 forte,
817 3014 896 3054 quin
921 3015 1072 3051 sciamus,
1100 3014 1296 3047 adhaerenti.

263 3054 299 3085 ln
323 3056 472 3096 sequenti
496 3056 649 3088 codicum
674 3057 810 3089 elencho
836 3059 931 3099 primi
955 3065 1137 3100 ponuntur,
1161 3069 1238 3091 cum
1255 3060 1297 3091 si-

218 3098 276 3138 glis
299 3099 376 3136 suis,
401 3099 576 3132 duodecim
601 3101 731 3133 codices
754 3097 794 3134 in‘
819 3109 975 3144 apparatu
1004 3105 1199 3136 variantium
1224 3114 1297 3146 per-

218 3149 330 3183 petuo,
346 3152 495 3185 expresse
511 3146 561 3176 vel
586 3147 725 3184 silentio,
751 3148 847 3178 citati.
869 3148 951 3180 Dein
972 3158 1027 3180 sex
1047 3158 1190 3190 quorum
1208 3150 1297 3191 siglis

220 3189 340 3219 utimur
365 3190 398 3220 in
430 3190 491 3221 hac
518 3190 730 3223 praefatione.
760 3192 864 3224 Porro
892 3195 993 3225 ceteri
1021 3194 1142 3226 collati.
1171 3195 1297 3228 Ultimo

220 3242 286 3263 non
305 3234 470 3274 explorati.
488 3235 575 3266 Libri
596 3236 666 3266 sine
682 3246 770 3268 anno
795 3237 956 3279 adscripto
980 3239 1225 3280 distinguuntur
1247 3250 1297 3271 se-

221 3277 364 3308 cundum
382 3285 518 3310 aetatem
542 3280 575 3311 in
600 3281 752 3322 antiquos
774 3281 880 3322 (ant.)‚
905 3284 930 3314 si
955 3289 1028 3315 ante
1053 3294 1175 3316 annum
1200 3285 1297 3326 quin-

221 3323 443 3362 quagesimum
469 3334 486 3354 a
514 3330 619 3356 morte
650 3325 803 3357 Auctoris
832 3327 940 3368 scripti
972 3327 1136 3367 videntum
1169 3329 1296 3361 medios
1322 3345 1325 3369 l

222 3365 345 3405 (med),
365 3368 391 3398 si
415 3369 497 3398 inter
516 3370 825 3411 quinquagesimum
842 3377 874 3403 et
891 3373 1122 3410 centesimum
1139 3380 1296 3412 recentes,
1323 3378 1325 3395 l

221 3410 245 3439 si
270 3410 373 3442 adhuc
395 3414 575 3452 postadun
598 3415 787 3446 chartaceos
811 3425 927 3447 omnes
954 3423 1100 3450 recentes
1125 3419 1295 3453 habemus.

222 3454 410 3494 Scriptionis
420 3462 553 3497 tempus
566 3465 676 3490 exacte
686 3469 756 3491 non
772 3470 867 3501 posse
881 3462 1022 3501 praecidi
1034 3473 1150 3495 omes
1162 3470 1295 3496 norunt.

223 3498 368 3530 Forsitan
385 3510 452 3532 non
468 3511 583 3533 omnes
602 3510 723 3536 norunt
747 3515 843 3536 usum
867 3506 1019 3538 dictionis
1047 3522 1060 3534 ι
1081 3507 1184 3540 fratris
1203 3508 1295 3540 ‘rho-

221 3552 293 3574 mae
314 3557 326 3570 »
352 3553 418 3575 non
442 3542 582 3577 indicare
607 3554 735 3588 tempus
759 3556 833 3581 ante
849 3560 971 3582 annum
1001 3551 1081 3583 1321
1110 3563 1168 3584 seu
1185 3552 1294 3585 Cano-

221 3587 399 3619 nizationis.
417 3589 603 3622 Secundum
625 3599 766 3624 nostram
791 3596 1032 3635 experientiam,
1058 3597 1160 3628 modo
1177 3598 1295 3639 septies
1322 3614 1324 3631 l

1323 2998 1326 3015 l

1352 2522 1661 2554 communissimum
1678 2528 1726 2554 est
1742 2527 1775 2554 et
1789 2521 1929 2565 proinde
1951 2521 2125 2564 originale;
2147 2520 2440 2557 omnes-vatinii&

1352 2567 1418 2598 hoc
1430 2573 1638 2608 supponunt.
1647 2566 1796 2607 Quidam
1806 2566 1952 2599 Tabulas
1964 2567 2063 2599 simut
2075 2568 2112 2599 in
2123 2568 2288 2611 principio
2303 2569 2357 2602 vei
2367 2565 2440 2603 fia

1352 2617 1495 2653 ponunt,
1517 2612 1633 2651 immo-
1647 2621 1735 2644 unus
1756 2610 1851 2644 valde
1871 2613 2039 2653 antiquus,
2057 2620 2161 2654 quen
2172 2613 2354 2655 postianm
2366 2614 2440 2647 “a—

1351 2656 1451 2698 gister
1464 2656 1668 2690 Gades-idus
1681 2657 1726 2690 de
1749 2657 1922 2695 Fontibus.
1938 2666 2056 2690 omnes
2068 2657 2198 2700 <offigit
2212 2658 2440 2698 immu-

1351 2701 1544 2745 secuadiet
1558 2702 1646 2734 tertii
1668 2702 1769 2734 Libri.
1784 2701 1905 2745 ¹Aliqui
1930 2703 2088 2735 omittunt
2114 2702 2269 2746 :ordinis
2284 2702 2439 2748 1·φῶςῶ

1356 2759 1370 2773 ι
1391 2745 1527 2780 fratrum
1545 2758 1580 2785 »ς
1597 2747 1699 2789 aliqui
1723 2757 1784 2789 pro
1811 2761 1825 2775 «
1846 2746 1942 2780 fratre
1959 2761 1972 2774 »
1992 2747 2114 2780 habent
2133 2761 2148 2776 e
2167 2754 2283 2783 sancto
2297 2762 2313 2777 ι
2331 2749 2439 2792 p'rinu

1351 2791 1403 2823 vel
1427 2791 1571 2824 secunda
1595 2802 1713 2830 manu;
1738 2792 1840 2834 aliqui
1873 2793 2032 2824 omittunt
2061 2792 2356 2836 subscriptionem}
2383 2792 2439 2827 rm

1351 2836 1463 2874 rubro,
1487 2837 1540 2868 aiii
1565 2837 1661 2879 nigro
1694 2842 1840 2869 utuntur.
1872 2837 2084 2869 Notabuntur
2106 2834 2270 2871 variantes
2299 2836 2439 2879 alicuius

1352 2882 1524 2914 momenti.
2074 2893 2078 2899 ·
2185 2890 2190 2893 ·
2370 2884 2373 2886 ’
2430 2896 2432 2898 ’

1408 2972 1438 3002 Α
1460 2972 1580 3013 sigium
1605 2978 1786 3004 reservatur
1809 2971 1916 3005 codici
1936 2978 1995 3005 aut
2101 2972 2157 3005 ho.
2284 3003 2286 3005 .
2344 3003 2365 3017 ,ί

1409 3016 1435 3048 Β
1465 3017 1641 3048 Vaticanus
1675 3016 1789 3048 Ottob.
1826 3017 1879 3049 lat.
1911 3015 1983 3055 186,
2008 3027 2091 3050 saec.
2123 3027 2189 3051 xm.
2221 3016 2387 3061 Scriptura
2417 3028 2436 3051 a

1352 3060 1408 3092 fol.
1431 3069 1487 3102 ¹7¹
1505 3071 1525 3091 v
1538 3062 1558 3092 b
1579 3059 1636 3092 ¹6⁶
1657 3061 1837 3103 neglectior
1853 3071 1922 3095 esse
1943 3062 2068 3104 incipit,
2084 3061 2141 3095 sed
2164 3061 2247 3094 alius
2269 3058 2436 3105 scriptoris

1351 3115 1421 3137 esse
1444 3115 1515 3138 non
1538 3106 1648 3138 credo.
1672 3106 1861 3139 Columnae
1890 3112 2046 3139 constant
2064 3105 2436 3149 lineis-quinquagenis,

1350 3159 1458 3192 usque
1486 3150 1528 3183 ad
1550 3151 1672 3183 lineam
1697 3152 1838 3190 citatam,
1867 3161 1933 3194 qua
1963 3151 2287 3194 variaret-cipitat-
2316 3150 2436 3184 norn-

1352 3196 1479 3229 ctiones
1503 3195 1570 3229 fere
1594 3196 1713 3229 nullae.
1739 3197 1864 3230 'sextus
1887 3203 1936 3229 est
1955 3206 1983 3229 α
2003 3206 2119 3239 pum·-
2143 3225 2146 3229 ,
2216 3215 2231 3230 -4
2284 3218 2285 3221 =
2352 3228 2355 3230 .

1408 3241 1436 3272 C
1472 3241 1544 3272 Vnt.
1581 3240 1695 3273 ottob.
1731 3241 1786 3274 lat.
1825 3250 1901 3280 ιιι,
1937 3246 2003 3274 ant.
2036 3239 2208 3284 Oriundus
2233 3250 2275 3273 ex
2304 3241 2434 3284 Anglia.

1351 3285 1422 3317 Fol.
1447 3294 1454 3317 ι
1478 3296 1496 3317 a
1518 3295 1526 3317 ι
1557 3286 1625 3318 imo
1650 3296 1751 3328 marg.
1777 3285 1907 3319 LtBER
1924 3284 2025 3319 FRIS
2048 3282 2167 3318 lOHlS
2190 3284 2250 3318 DE
2273 3284 2434 3320 CLARA.

1349 3330 1471 3362 Littera
1490 3332 1594 3372 prima
1606 3331 1786 3363 Librorum
1807 3331 1834 3368 1,
1851 3329 1907 3368 m,
1922 3329 1967 3362 iv
1981 3330 2084 3362 recisa
2099 3335 2158 3362 est.
2174 3330 2319 3362 Tabulas
2339 3331 2436 3364 habet

1349 3375 1382 3406 in
1406 3374 1483 3407 fine.
1508 3375 1655 3417 Scriptor
1677 3376 1820 3408 multum
1845 3375 1962 3407 erravit
1982 3374 2136 3416 capitulis
2159 3374 2273 3407 tit-ulos
2294 3375 2434 3408 anonim

1350 3420 1531 3452 induendo.
1559 3421 1638 3452 Post
1661 3426 1786 3452 textum
1813 3425 1851 3452 et
1879 3419 2007 3451 tabum
2033 3419 2116 3452 nihii
2145 3420 2330 3452 subscribit.
2362 3421 2435 3453 Alia

1350 3475 1478 3502 manu,
1506 3475 1631 3507 nempe
1655 3465 1912 3498 bibliothecarii:
1945 3477 1958 3491 ι
1979 3463 2062 3497 Sc—us
2084 3463 2161 3496 iim-⁸
2184 3471 2299 3497 contra
2319 3466 2433 3506 gentil·

1351 3509 1390 3541 C.
1415 3520 1436 3551 9
1457 3524 1484 3541 ι.
1510 3510 1635 3542 Textus
1658 3515 1708 3542 est
1733 3519 1766 3540 οι.

1406 3554 1436 3586 D
1460 3555 1532 3587 Vat.
1557 3554 1612 3587 lat.
1637 3554 1714 3596 789,
1739 3554 1825 3586 med.
1854 3553 1963 3585 Huius
1991 3554 2054 3589 scri
2078 3554 2142 3586 tori
2176 3563 2254 3596 prae
2279 3555 2434 3588 omnibus

1349 3600 1565 3631 accurationis
1583 3599 1658 3631 'laus
1681 3597 1851 3630 tribuenda
1878 3597 2014 3630 videtur.
2098 3604 2220 3631 rrectus
2245 3605 2292 3631 est
2317 3610 2334 3631 a
2358 3601 2434 3632 scri-
