2768 4134
40 3565 51 3576 ⁶
65 3566 102 3588 Cf.
120 3566 254 3597 Comment.

43 3597 64 3615 c.
74 3599 138 3619 ικιν,
148 3597 198 3615 mit.

0 3614 9 3625 ἶ·
41 3624 52 3634 “
66 3623 102 3646 Cf.
119 3630 141 3646 n.
153 3631 190 3646 xv.

41 3659 51 3670 “
65 3658 101 3681 ef.
117 3665 139 3681 n.
152 3666 200 3682 xvi.

866 275 1054 313 SUMMA
1083 276 1305 315 CONTRA
1334 278 1609 326 GENTILES,
1641 279 1751 316 CAP.
1781 280 1914 316 LXVI.
2414 282 2483 318 185

341 352 532 402 Amplius.
571 354 785 390 Intellectus
826 362 967 401 noster,
997 356 1215 393 secundum
1257 356 1361 394 illam
1417 357 1532 394 vinus
1560 357 1771 394 intellectus
1799 357 1838 394 in
1866 366 1945 395 tota
1973 371 2043 395 sua
2070 358 2288 396 aeternitate
2317 359 2486 397 intuetur

289 405 557 465 operationem
592 419 671 456 qua
706 406 903 455 cognoscit
931 409 1031 458 quod
1058 410 1146 458 quid
1172 416 1233 456 est,
1263 410 1360 447 noti·
1417 410 1528 459 quasi
1555 422 1749 459 praesens.
1779 411 1864 447 Nec
1889 419 2019 448 tamen
2048 413 2155 461 quod
2184 413 2355 461 quadam
2378 421 2485 463 parte

276 467 380 496 ,uam
409 459 553 496 habere
580 467 706 509 potest
729 460 845 497 etiam
872 472 1010 499 eorum
1037 474 1137 511 quae
1165 475 1245 500 non
1272 470 1361 500 sunt
1417 463 1603 512 temporis
1622 463 1756 512 agitur,
1785 476 1939 513 semper
1956 464 2025 501 fuit
2045 465 2219 502 existens.
2241 466 2486 516 Relinquitur

287 520 393 550 actu:
422 520 550 562 potest
573 513 678 550 enim
698 513 820 551 leonis
839 516 900 551 vel
920 514 1009 564 equi
1029 516 1235 553 essentiam
1254 529 1361 554 com·
1416 516 1530 565 igitur
1566 516 1674 566 quod
1710 529 1847 554 eorum
1887 529 1987 566 quae
2026 519 2243 556 secundum
2276 519 2485 557 decursum

287 566 530 615 prehendere
568 566 754 603 omnibus
789 566 1016 606 huiusmodi
1045 569 1275 607 animalibus
1303 569 1360 606 in-
1382 585 1392 605 s
1416 570 1601 619 temporis
1629 570 1809 607 nondum
1838 578 1938 617 sunt,
1965 571 2072 607 Deus
2100 571 2275 609 notitiam
2302 573 2429 610 habet.

287 619 496 668 teremptis.
526 620 741 657 Intellectus
767 628 898 658 autem
922 622 1077 659 divinus
1096 623 1292 670 cognoscit
1311 622 1359 659 ad

287 672 455 708 modum
487 673 755 721 cognoscentis
793 675 892 724 quod
919 676 1007 724 quid
1033 682 1084 713 est
1116 688 1196 713 non
1232 679 1359 714 solum

195 741 201 751 ν
237 732 258 746 ⁸·
287 724 545 772 definitiones,
567 726 635 763 sed
654 726 770 764 etiam
790 727 1051 776 enuntiabilia,
1073 736 1115 766 ut
1135 742 1181 766 ex
1210 728 1361 780 supra*

286 777 396 816 dictis
421 786 536 828 patet.
565 780 695 817 Potest
723 780 836 829 igitur
858 781 974 819 etiam
994 794 1133 819 eorum
1159 795 1259 832 quae
1278 796 1359 821 non

287 839 377 869 sunt
403 831 580 870 notitiam
609 833 765 871 habere.

340 885 493 922 Adhuc.
515 886 687 923 Effectus
706 886 844 937 aliquis
866 888 906 925 in
935 900 1005 925 sua
1024 900 1140 925 causa
1159 890 1360 938 praenosci

286 945 413 988 potest
432 939 548 976 etiam
568 947 778 989 antequam
799 940 859 977 sit:
881 940 978 977 sicut
1005 941 1224 990 praenoscit
1242 951 1360 980 astro-

288 992 398 1040 logus
419 992 591 1041 eclipsim
610 993 780 1031 futuram
805 1006 852 1031 ex
880 993 1186 1032 consideratione
1215 996 1360 1033 ordinis

286 1045 510 1082 caelestium
525 1054 720 1084 motuum.
739 1046 816 1084 Sed
831 1046 998 1095 cognitio
1018 1046 1090 1084 Dei
1106 1056 1161 1084 est
1175 1048 1224 1085 de
1244 1049 1360 1087 rebus

287 1098 472 1136 omnibus
491 1111 562 1149 per
589 1112 764 1137 causam:
791 1112 831 1136 se
856 1100 962 1137 enim
986 1102 1270 1149 cognoscendo,
1291 1103 1359 1152 qui

287 1160 343 1189 est
370 1152 552 1189 omnium
579 1164 709 1199 causa,
739 1152 812 1190 alia
847 1153 958 1202 quasi
987 1166 1080 1190 suos
1108 1154 1268 1192 effectus
1296 1168 1359 1192 co-

285 1205 445 1254 gnoscit,
466 1213 510 1242 ut
527 1217 646 1255 supra
659 1205 680 1228 ²³⁹
699 1213 900 1243 ostensum
921 1214 987 1243 est.
1015 1207 1122 1244 Nihil
1141 1207 1253 1256 igitur
1270 1221 1360 1258 pro-

286 1258 392 1296 hibet
420 1258 515 1308 quin
544 1258 660 1295 etiam
684 1271 785 1308 quae
814 1259 995 1297 nondum
1024 1268 1113 1297 sunt
1141 1269 1358 1310 cognoscat.

339 1311 540 1365 Amplius„
561 1311 770 1361 Intelligere
792 1312 865 1351 Dei
885 1313 1172 1351 successionem
1192 1327 1273 1352 non
1293 1316 1360 1352 ha-

1470 623 1544 660 Per
1569 624 1638 660 has
1658 622 1771 671 igitur
1788 623 1955 660 rationes
1974 632 2132 673 apparet
2151 625 2259 673 quod
2278 626 2385 663 Deus
2403 638 2484 663 non

1417 676 1565 713 entium
1594 676 1768 713 notitiam
1798 676 1924 713 habet.
1959 677 2052 713 Non
2084 685 2215 714 tamen
2244 679 2376 717 omnia
2403 692 2485 716 non

1417 729 1518 766 entia
1537 730 1704 767 eandem
1724 729 1868 766 habent
1887 729 2156 767 habitudinem
2183 731 2231 767 ad
2258 731 2340 769 eius
2364 732 2484 770 scien-

1416 782 1521 820 tiam.
1544 783 1601 820 Ea
1621 782 1727 820 enim
1747 794 1848 832 quae
1868 795 1949 819 non
1978 791 2067 819 sunt
2093 795 2165 820 nec
2184 792 2296 821 erunt
2314 797 2387 822 nec
2404 785 2484 823 fue-

1388 853 1402 867 ο
1417 844 1518 882 runt,
1538 848 1560 873 a
1580 836 1665 873 Deo
1689 835 1863 873 sciuntur
1890 835 2001 885 quasi
2027 835 2110 873 eius
2128 836 2259 874 virtuti
2277 838 2482 887 possibilia.

1416 890 1528 926 Unde
1563 901 1644 926 non
1673 889 1869 937 cognoscit
1898 901 1943 926 ea
1971 897 2014 926 ut
2047 889 2245 927 existentia
2272 890 2485 940 aliqualiter

1416 942 1455 979 in
1475 942 1620 992 seipsis,
1642 943 1710 980 sed
1733 950 1776 979 ut
1801 942 1998 979 existentia
2022 944 2151 979 solum
2174 943 2214 980 in
2233 944 2404 993 potentia
2428 945 2483 982 di-

1416 995 1517 1033 vina.
1535 996 1648 1042 Quae
1664 995 1824 1045 quidem
1844 1008 1867 1032 a
1881 995 2118 1045 quibusdam
2128 996 2148 1017 *
2162 996 2344 1034 dicuntur
2362 1010 2385 1034 a
2398 998 2483 1035 Deo

1416 1049 1597 1097 cognosci
1632 1049 1835 1086 secundum
1869 1051 2035 1086 notitiam
2071 1050 2247 1099 simplicis
2279 1051 2483 1101 intelligen-

1377 1117 1399 1137 ις
1415 1104 1497 1139 tiae.
1518 1125 1544 1129 —
1564 1103 1622 1139 Ea
1650 1114 1744 1139 vero
1773 1114 1873 1151 quae
1902 1110 1991 1139 sunt
2026 1102 2252 1151 praesentia,
2282 1104 2484 1153 praeterita

1416 1156 1478 1191 vel
1496 1156 1624 1192 futura
1647 1155 1770 1201 nobis,
1793 1155 1988 1203 cognoscit
2007 1156 2114 1192 Deus
2138 1157 2355 1194 secundum
2375 1158 2482 1206 quod

1417 1216 1505 1245 sunt
1533 1208 1571 1245 in
1601 1220 1670 1245 sua
1693 1208 1874 1258 potentia,
1900 1216 1936 1245 et
1960 1208 1999 1245 in
2022 1208 2187 1258 propriis
2215 1210 2350 1256 causis
2380 1218 2416 1247 et
2443 1210 2483 1248 in

1416 1261 1561 1311 seipsis.
1584 1262 1631 1298 Et
1653 1262 1797 1298 horum
1817 1261 1982 1309 cognitio
2003 1261 2141 1298 dicitur
2167 1265 2293 1300 notitia
2317 1265 2483 1301 visionis.-

1416 1327 1497 1351 non
1525 1314 1630 1352 enim
1659 1315 1766 1351 Deus
1791 1327 1923 1352 rerum
1946 1326 2046 1364 quae
2075 1316 2178 1364 apud
2203 1328 2276 1353 nos
2303 1317 2483 1354 nondum

283 1364 362 1412 bet,
381 1362 480 1402 sicut
498 1377 572 1402 nec
591 1365 675 1402 eius
694 1378 777 1403 esse
791 1365 823 1403 ²³.
854 1367 922 1404 Est
949 1366 1063 1414 igitur
1090 1375 1216 1404 totum
1244 1368 1361 1405 simul
1376 1381 1402 1396 πο
1416 1376 1516 1414 sunt,
1532 1367 1637 1405 videt
1651 1369 1780 1406 solum
1799 1380 1881 1404 esse
1897 1368 2005 1416 quod
2024 1368 2167 1405 habent
2185 1368 2225 1405 in
2244 1369 2322 1406 suis
2344 1370 2481 1417 causis,

285 1429 440 1468 semper
454 1430 636 1456 manens:
658 1420 766 1468 quod
781 1419 830 1456 de
852 1419 999 1457 ratione
1018 1420 1247 1458 aeternitatis
1262 1429 1318 1458 est
1327 1421 1358 1458 *.

284 1471 496 1521 Temporis
528 1480 660 1509 autem
693 1472 846 1510 duratio
880 1473 1124 1510 successione
1157 1474 1295 1523 prioris
1324 1482 1360 1511 et

283 1524 506 1577 posterioris
525 1525 754 1563 extenditur.
776 1525 980 1576 Proportio
1000 1526 1113 1575 igitur
1131 1527 1360 1565 aeternitatis

283 1576 334 1616 ad
352 1586 474 1616 totam
494 1578 681 1629 temporis
700 1579 947 1617 durationem
968 1587 1023 1616 est
1043 1579 1140 1617 sicut
1159 1581 1360 1630 proportio

283 1631 525 1672 indivisibilis
543 1632 594 1670 ad
612 1632 862 1670 continuum:
885 1645 965 1670 non
985 1633 1146 1682 quidem
1161 1633 1244 1671 eius
1263 1634 1359 1672 indi-

283 1685 443 1724 visibilis
470 1686 580 1736 quod
617 1686 807 1724 terminus
841 1686 1016 1724 continui
1044 1695 1111 1733 est,
1141 1687 1249 1736 quod
1278 1700 1359 1725 non

282 1738 392 1789 adest
419 1738 575 1776 cuilibet
602 1739 700 1790 parti
729 1739 915 1785 continui,
936 1762 961 1766 —
981 1739 1099 1777 huius
1119 1740 1225 1778 enirn
1255 1740 1358 1778 simi-

282 1791 486 1835 litudinem
505 1793 623 1830 habet
648 1792 792 1830 instans
818 1793 1004 1843 temporis
1025 1815 1050 1820 -
1070 1793 1139 1831 sed
1159 1794 1241 1831 eius
1261 1794 1357 1832 indi—

282 1844 440 1884 visibilis
460 1846 568 1896 quod
589 1854 694 1884 extra
714 1846 945 1889 continuum
964 1855 1031 1893 est,
1052 1846 1208 1884 cuilibet
1226 1855 1358 1885 tamen

281 1899 378 1950 parti
408 1899 595 1946 continui,
625 1899 706 1938 sive
735 1909 881 1950 puncto
912 1899 951 1937 in
979 1900 1166 1938 continuo
1196 1900 1355 1949 signato,

282 1953 470 1991 coexistit:
490 1965 595 2000 nam,
617 1965 709 1990 cum
728 1961 885 2003 tempus
904 1962 1058 1991 motum
1077 1966 1158 1991 non
1185 1955 1356 1999 excedat,

282 2006 497 2055 aeternitas,
527 2019 629 2056 quae
658 2007 822 2044 omnino
851 2014 956 2044 extra
984 2014 1138 2044 motum
1167 2015 1235 2053 est,
1263 2008 1357 2045 nihil

282 2059 468 2111 temporis
506 2068 572 2097 est.
613 2061 799 2106 Rursum,
830 2072 921 2098 cum
959 2060 1102 2098 aeterni
1141 2072 1223 2097 esse
1258 2073 1356 2098 nun-

282 2126 404 2164 quam
432 2113 596 2160 deficiat‚
619 2113 774 2151 cuilibet
797 2113 964 2164 tempori
989 2115 1051 2151 vel
1079 2113 1231 2151 instanti
1261 2122 1356 2152 tem-

282 2167 388 2217 poris
406 2166 708 2217 praesentialiter
726 2168 834 2205 adest
853 2167 1067 2206 aeternitas.
1086 2167 1208 2204 Cuius
1228 2179 1357 2204 exem-

282 2222 393 2271 plum
421 2229 637 2270 utcumque
664 2220 703 2258 in
729 2220 875 2258 circulo
903 2229 959 2258 est
987 2220 1136 2258 videre:
1167 2229 1358 2270 punctum

282 2274 389 2312 enim
408 2274 448 2311 in
467 2274 777 2311 circumferentia
805 2274 1010 2322 signatum,
1032 2273 1100 2311 etsi
1128 2273 1358 2311 indivisibile

282 2326 346 2376 sit,
376 2339 458 2365 non
494 2335 627 2365 tamen
665 2327 821 2365 cuilibet
857 2335 1004 2378 puncto
1041 2326 1103 2364 alii
1140 2328 1358 2365 secundum

283 2380 401 2420 situm
429 2381 604 2419 coexistit
631 2381 759 2429 simul,
789 2381 888 2419 ordo
913 2381 1019 2418 enim
1047 2381 1141 2418 situs
1169 2381 1358 2418 continui-

1416 1421 1484 1458 sed
1499 1421 1614 1458 etiam
1635 1420 1727 1458 illud
1742 1421 1849 1470 quod
1870 1421 2013 1458 habent
2032 1421 2071 1458 in
2086 1421 2230 1471 seipsis,
2250 1422 2483 1471 inquantum

1417 1474 1499 1511 eius
1531 1473 1732 1511 aeternitas
1769 1482 1825 1510 est
1862 1486 2043 1523 praesens
2080 1487 2150 1511 sua
2187 1475 2481 1514 indivisibilitate

1417 1527 1526 1565 omni
1554 1527 1732 1576 tempori.

1470 1581 1518 1618 Et
1545 1588 1676 1618 tamen
1705 1592 1787 1617 esse
1816 1581 2096 1630 quodcumque
2125 1580 2178 1617 rei
2206 1581 2313 1618 Deus
2341 1594 2482 1630 cogno-

1375 1647 1398 1667 25
1416 1633 1484 1670 scit
1512 1645 1582 1682 per
1609 1633 1814 1671 essentiam
1847 1646 1971 1671 suam.
2006 1634 2111 1670 Nam
2139 1646 2209 1671 sua
2237 1634 2399 1672 essentia
2426 1643 2482 1672 est

1416 1686 1746 1736 repraesentabilis
1783 1699 1853 1736 per
1885 1688 2007 1723 multa
2034 1698 2134 1736 quae
2166 1699 2249 1723 non
2288 1695 2375 1724 sunt
2412 1700 2484 1724 nec

1415 1748 1528 1777 erunt
1556 1752 1628 1777 nec
1656 1740 1821 1777 fuerunt.
1852 1741 1937 1789 Ipsa
1962 1739 2077 1776 etiam
2101 1747 2156 1776 est
2181 1739 2390 1777 similitudo
2408 1740 2484 1777 vir-

1414 1793 1504 1831 tutis
1523 1793 1726 1831 cuiuslibet
1745 1805 1895 1839 causae,
1921 1793 2138 1830 secundum
2167 1805 2286 1842 quam
2314 1794 2484 1843 praeexi-

1415 1855 1519 1884 stunt
1546 1847 1705 1884 effectus
1724 1846 1764 1884 in
1783 1846 1919 1884 causis.
1950 1847 2043 1884 Esse
2073 1845 2188 1883 etiam
2211 1845 2412 1884 cuiuslibet
2430 1846 2484 1884 rei

1374 1914 1400 1933 ³⁰
1414 1901 1522 1950 quod
1551 1900 1667 1938 habet
1694 1900 1734 1937 in
1762 1899 1898 1949 seipsa,
1919 1907 1975 1937 est
1994 1899 2042 1936 ab
2062 1912 2107 1937 ea
2127 1900 2394 1948 exemplariter
2417 1900 2482 1937 de-

1414 1954 1588 1991 ductum.

1468 2006 1530 2044 Sic
1550 2006 1663 2054 igitur
1682 2018 1762 2043 non
1782 2006 1883 2043 entia
1902 2005 2097 2054 cognoscit
2115 2006 2222 2042 Deus
2251 2005 2482 2055 inquantum

1414 2059 1544 2109 aliquo
1574 2060 1695 2096 modo
1734 2059 1877 2096 habent
1910 2071 2009 2096 esse:
2039 2060 2101 2096 vel
2133 2058 2170 2095 in
2198 2059 2369 2108 potentia
2396 2059 2480 2105 Dei,

1413 2114 1476 2150 vel
1503 2113 1543 2150 in
1571 2112 1696 2150 causis
1725 2112 1815 2158 suis,
1845 2114 1906 2150 vel
1943 2112 1981 2150 in
2018 2111 2161 2162 seipsis
2196 2112 2315 2159 Quod
2343 2112 2480 2150 rationi

1374 2181 1396 2201 ³5
1414 2166 1593 2204 scientiae
1622 2178 1702 2203 non
1731 2165 1888 2203 obsistit.

1469 2220 1539 2256 His
1567 2228 1698 2257 autem
1734 2231 1834 2269 quae
1870 2218 2080 2268 praemissa
2115 2227 2204 2256 sunt
2239 2219 2354 2256 etiam
2383 2219 2480 2256 Scri-

1415 2281 1550 2322 pturae
1585 2274 1723 2310 Sacrae
1759 2272 1964 2309 auctoritas
1995 2272 2259 2309 testimonium
2294 2272 2478 2321 perhibet.

1416 2326 1565 2363 Dicitur
1599 2325 1703 2363 enim
1733 2327 1847 2363 Eccli.
1869 2337 1950 2362 xxm
1964 2328 2007 2362 ²⁹:
2038 2326 2203 2362 Domino
2232 2327 2313 2362 Deo
2344 2331 2481 2370 nostro,

1416 2386 1613 2430 antequam
1635 2385 1865 2425 crearentur,
1894 2385 1981 2416 nota
2001 2385 2085 2415 sunt
2105 2381 2249 2416 omnia:
2275 2380 2328 2416 sic
2352 2385 2385 2415 et
2398 2385 2482 2429 post

282 2442 401 2476 tatem
429 2434 760 2473 circumferentiae
787 2435 891 2480 facit;
916 2442 1094 2472 centrum
1123 2446 1229 2481 vero,
1251 2435 1358 2484 quod
1374 2451 1401 2471 40
1410 2434 1620 2483 perfectum
1649 2434 1839 2483 cognoscit
1867 2435 2006 2470 omnia.
2033 2433 2081 2469 Et
2099 2435 2172 2470 Ier.
2190 2435 2239 2469 1⁵:
2259 2433 2481 2482 Priusquam

283 2496 340 2526 est
367 2496 473 2526 extra
492 2487 854 2535 circumferentiam,
879 2488 929 2526 ad
949 2487 1150 2537 quodlibet
1167 2496 1359 2536 punctum

282 2541 324 2580 in
351 2541 661 2579 circumferentia
684 2541 878 2590 signatum
906 2541 1048 2578 directe
1070 2541 1358 2590 oppositionem

284 2595 412 2633 habet.
434 2594 635 2645 Quicquid
654 2595 769 2644 igitur
796 2595 836 2632 in
859 2606 1110 2645 quacumque
1129 2601 1237 2644 parte
1260 2603 1357 2631 tem-

282 2648 389 2700 poris
408 2656 475 2696 est,
497 2648 671 2687 coexistit
693 2657 852 2687 aeterno
878 2647 987 2699 quasi
1007 2659 1190 2698 praesens
1210 2647 1355 2686 eidem:

1415 2493 1449 2524 te
1465 2488 1685 2535 formarem
1715 2488 1751 2523 in
1781 2492 1898 2531 utero,
1928 2488 2017 2523 novi
2042 2491 2086 2522 te.

1469 2541 1577 2577 Patet
1601 2547 1732 2576 autem
1757 2551 1803 2575 ex
1832 2538 2050 2588 praemissis
2070 2539 2176 2587 quod
2203 2551 2284 2576 non
2307 2539 2483 2587 cogimur

1414 2593 1551 2637 dicere,
1574 2591 1671 2629 sicut
1690 2592 1851 2641 quidam
1875 2591 2053 2628 dixerunt
2066 2591 2096 2637 ²⁸,
2127 2592 2256 2628 Deum
2286 2591 2481 2628 universa-

1414 2646 1496 2683 liter
1524 2645 1728 2694 singularia
1756 2657 2000 2693 cognoscere.
2026 2644 2117 2693 quia
2145 2644 2340 2693 cognoscit
2368 2657 2413 2681 ea
2441 2644 2480 2681 in

283 2702 352 2741 etsi
380 2710 558 2752 respectu
587 2702 742 2740 alterius
773 2701 892 2752 partis
921 2701 1107 2751 temporis
1136 2700 1182 2738 sit
1210 2699 1396 2750 praete-sss
1413 2699 1538 2736 causis
1558 2697 1840 2736 universalibus
1854 2705 2016 2742 tantum,
2037 2697 2133 2734 sicut
2151 2697 2217 2746 qui
2233 2705 2480 2746 cognosceret

283 2755 401 2794 ritum
429 2758 492 2793 vel
518 2756 706 2793 futurum.
745 2757 916 2794 Aeterno
954 2763 1084 2792 autem
1113 2766 1194 2791 non
1231 2762 1357 2803 potest

282 2809 427 2859 aliquid
465 2809 767 2859 praesentialiter
803 2809 1014 2846 coexistere
1050 2808 1121 2845 nisi
1150 2807 1234 2844 toti:
1265 2807 1357 2856 quia

282 2862 537 2901 successionis
579 2863 827 2900 durationem
868 2874 950 2900 non
992 2862 1117 2899 habet.
1158 2860 1356 2910 Quicquid

282 2916 395 2966 igitur
421 2929 493 2966 per
524 2923 649 2954 totum
680 2917 891 2954 decursum
923 2914 1109 2965 temporis
1137 2914 1271 2963 agitur,
1300 2913 1356 2951 di-

335 3013 354 3037 4
372 3006 456 3030 leonis
474 3006 516 3030 vel
536 3006 596 3038 equi
616 3005 673 3035 NZ;
693 3005 753 3038 equi
771 3005 813 3029 vel
833 3004 926 3029 leonis.
1011 3011 1027 3037 9
1047 3003 1123 3035 igitur
1135 3009 1177 3027 om
1194 3001 1244 3027 aG.

282 3040 338 3071 DY,
358 3041 494 3074 cognoscit
509 3042 601 3066 ceteri.
694 3040 726 3065 15
745 3040 870 3065 omnibus
889 3047 932 3064 om
952 3039 1002 3065 aG.

282 3084 349 3102 nens
367 3077 411 3108 W,
431 3084 540 3102 manens
559 3084 666 3109 semper
684 3076 716 3102 Y.
809 3075 841 3100 25
862 3075 924 3108 non]
945 3080 1034 3104 natura
1054 3074 1118 3099 aYc.

282 3112 340 3143 GY,
358 3118 503 3146 utrumque
519 3112 564 3138 W.

282 3147 437 3175 GNYZch.
530 3146 562 3173 38
581 3156 634 3173 non
653 3155 697 3172 om
717 3147 748 3172 D.

282 3184 365 3210 ductu
384 3185 518 3210 delentur.
608 3191 643 3217 49
662 3182 754 3216 agitur]
773 3187 863 3214 agatur
882 3181 990 3207 GWYb.

337 3226 369 3245 12
389 3220 437 3245 sed
455 3225 484 3244 ut
502 3221 526 3244 Α
542 3220 628 3250 ,ςοὶιιε;
646 3219 702 3244 sed.

281 3258 309 3281 et
326 3256 401 3281 intra
420 3256 506 3281 lineas
525 3254 706 3288 rescriptum„
727 3259 788 3278 nota
806 3253 897 3283 GWY,
917 3261 959 3278 om
980 3252 1055 3276 NXZ.

281 3299 398 3324 cumque
410 3291 440 3322 Z,
459 3299 538 3316 omne
557 3299 617 3316 esse
637 3291 823 3323 quodcumque
837 3290 878 3320 cd,
891 3295 970 3313 omne
984 3294 1044 3312 esse
1056 3286 1243 3318 cuiuscumque
1263 3286 1291 3311 P.

281 3327 501 3360 repraesentativa
519 3327 609 3351 multis
628 3327 658 3358 Z,
676 3324 901 3358 repraesentabilis
921 3323 1064 3348 secundum
1084 3322 1166 3347 multa
1183 3321 1274 3346 ceteri.

282 3362 315 3394 G,
328 3367 390 3396 post
401 3362 497 3387 factum
513 3363 573 3387 Wb.
656 3369 690 3393 4²
707 3360 803 3393 autem]
819 3361 896 3385 etiam
911 3359 1004 3389 NYZb,
1017 3358 1094 3390 igitur
1106 3357 1174 3383 Gw.

281 3404 318 3430 44
335 3405 367 3423 et
384 3405 469 3430 supra
488 3397 649 3431 marginem]
669 3405 712 3422 om
732 3397 784 3422 ΝΖ,

1332 3007 1361 3025 11
1383 2999 1519 3033 praenosci
1540 2999 1637 3030 NYZb;
1658 2998 1851 3031 praecognosci.

1095 3045 1127 3061 πο
1147 3037 1224 3062 simul
1243 3044 1286 3061 om
1306 3037 1334 3067 Z,
1354 3039 1417 3060 ante
1435 3040 1520 3060 totum
1538 3034 1571 3059 Y.

1210 3071 1243 3097 26
1262 3072 1334 3104 quod
1349 3079 1395 3103 pr.
1409 3070 1476 3103 Ioco]
1496 3071 1557 3103 quia
1571 3077 1612 3095 ac.

656 3111 688 3144 37
709 3112 734 3136 in
753 3111 958 3136 circumferentia
977 3110 1022 3140 W;
1047 3109 1072 3133 in
1098 3107 1319 3133 circumferentias
1344 3107 1446 3136 BFHX,
1466 3105 1686 3131 circumferentias
1711 3105 1761 3135 (ΖΕ,
1782 3105 1847 3130 intra
1871 3104 2091 3129 circonferentiam
2116 3103 2148 3132 D,
2171 3103 2237 3127 inter
2261 3102 2478 3127 circumferentias

838 3145 873 3178 48
893 3154 944 3170 non
963 3144 1049 3178 habet]
1070 3152 1121 3169 non
1140 3144 1218 3168 habet
1236 3151 1304 3176 quae
1317 3142 1430 3175 tempori
1444 3142 1564 3167 convenit
1582 3141 1625 3165 NZ
1643 3147 1703 3165 cum
1719 3142 1768 3173 pA,
1783 3141 1830 3165 sed
1849 3140 1875 3164 in
1894 3141 1917 3164 A
1933 3141 2015 3171 plura
2033 3139 2074 3164 his
2093 3146 2145 3163 uno
2163 3139 2305 3170 eodemque
2324 3141 2353 3162 ut
2373 3138 2479 3162 videtur

786 3218 812 3242 in
826 3217 941 3250 potentia
953 3216 1037 3241 divina
1051 3217 1074 3240 Α
1087 3216 1172 3245 solus;
1185 3223 1228 3239 om
1242 3214 1292 3247 pN,
1308 3214 1344 3245 (in
1357 3213 1468 3244 DWPd)
1483 3212 1568 3237 divina
1583 3212 1698 3244 potentia
1710 3211 1800 3236 ceteri.

1147 3257 1179 3283 ¹7
1199 3258 1246 3275 sua
1260 3253 1324 3282 post
1342 3249 1458 3282 potentia
1475 3249 1575 3273 αΕΡε.-

1379 3284 1412 3309 26
1431 3283 1657 3317 repraesentabilis
1676 3290 1723 3316 per
1741 3283 1822 3307 multa
1837 3283 1858 3306 Α
1871 3283 1956 3311 solus3
1975 3280 2198 3313 repraesentabitis
2217 3280 2305 3304 multis
2318 3279 2339 3303 N
2355 3286 2413 3303 cum
2428 3280 2477 3311 pA,

1259 3319 1626 3388 praemisiqslsssmlsskfissicgg:

874 3403 909 3428 47
928 3393 1102 3428 oppositione]
1121 3393 1165 3418 tali
1182 3392 1348 3425 oppositione
1367 3391 1410 3416 NZ
1429 3398 1489 3416 cum
1509 3391 1559 3423 pA.

1414 2751 1585 2801 eclipsim
1614 2753 1727 2796 hanc,
1757 2763 1839 2788 non
1866 2758 1983 2800 prout
2015 2751 2122 2795 haec,
2152 2751 2220 2787 sed
2247 2758 2363 2799 prout
2390 2763 2478 2799 pro-

1413 2806 1518 2842 venit
1550 2817 1596 2842 ex
1625 2804 1887 2854 oppositione:
1917 2816 2008 2841 cum
2036 2811 2232 2840 ostensum
2261 2804 2306 2841 sit
2324 2803 2344 2825 *
2371 2804 2479 2852 quod

1413 2859 1545 2896 divina
1572 2858 1739 2907 cognitio
1774 2870 1814 2894 se
1848 2857 2015 2894 extendit
2047 2857 2095 2894 ad
2129 2857 2333 2905 singularia
2364 2864 2479 2906 prout

1413 2920 1502 2949 sunt
1530 2911 1570 2948 in
1598 2910 1743 2961 seipsis.

1939 3004 1971 3022 12
1991 2997 2137 3030 praenoscit
2156 2996 2265 3027 GWZb;
2285 2996 2479 3028 praecognoscit

1664 3041 1693 3060 21
1715 3041 1822 3067 semper
1841 3033 1958 3066 manens]
1978 3040 2134 3065 permanens
2153 3032 2229 3062 NGZ,
2249 3039 2353 3064 semper
2377 3039 2479 3063 perma-

1699 3069 1728 3095 31
1751 3069 1821 3102 nam]
1842 3075 1933 3093 natura
1946 3068 2010 3093 oesY.
2098 3066 2130 3092 36
2150 3066 2301 3099 utcumque]
2321 3067 2479 3099 ubicumque

1887 3210 1920 3235 16
1939 3211 2013 3235 nobis
2033 3210 2126 3242 (supra
2145 3210 2293 3241 marginem
2313 3211 2478 3239 expunctum

1652 3254 1686 3279 24
1703 3254 1762 3271 esse
1781 3245 1976 3279 quodcumque]
1995 3253 2074 3270 omne
2093 3245 2280 3277 quodcumque
2297 3251 2322 3275 α,
2337 3251 2396 3268 esse
2409 3245 2477 3268 eius-

1716 3323 1776 3350 post
1794 3316 1946 3350 perfectum]
1967 3322 2026 3349 post
2045 3317 2157 3348 perfecte
2171 3316 2200 3342 D.
2217 3320 2275 3346 post
2294 3315 2476 3346 perfectionem

1709 3353 1744 3385 43
1765 3353 1850 3378 dicere
1867 3353 1934 3377 sicut
1952 3352 2056 3384 quidam
2073 3350 2198 3383 dixerunt}
2218 3350 2282 3382 quid
2295 3350 2337 3374 NZ
2351 3350 2412 3374 vide
2426 3350 2476 3382 pA.

1044 3453 1381 3487 commentaria
1409 3450 1719 3482 Fen-ariensis

325 3531 451 3551 secunx
466 3520 635 3551 conclusio
653 3525 714 3550 est:
733 3519 825 3550 Deus
840 3517 1010 3560 cognoscit
1020 3516 1117 3547 etiam
1136 3525 1174 3545 ea
1187 3524 1270 3555 quae
1287 3524 1352 3544 non

285 3531 402 3596 Ssunt
412 3566 439 3595 ὓ.
469 3565 564 3596 Circa
586 3574 686 3605 quam
705 3564 765 3594 tria
787 3563 863 3594 facit
895 3562 1032 3593 Sanctus
1051 3561 1210 3591 Thomas:
1234 3559 1353 3599 primo,

282 3610 388 3650 ipsam
409 3610 540 3650 probat;
568 3609 724 3645 secundo,
749 3608 887 3639 declarat
902 3608 934 3643 *3
958 3606 1063 3641 tertio,
1088 3613 1229 3635 errorem
1253 3613 1355 3644 quen-

284 3653 360 3685 dam
381 3659 530 3684 removet
544 3655 570 3683 *.

428 3716 522 3740 Suum
541 3715 652 3739 Cannu
672 3714 805 3738 Gemmas
825 3714 856 3738 D.
875 3713 991 3737 'saonae
1010 3711 1079 3735 Tou.
1098 3710 1116 3734 Ι.

1465 3513 1488 3543 Ι.
1511 3512 1677 3542 Probatur
1699 3520 1780 3552 ergo
1798 3510 1918 3551 primo.
1939 3508 2056 3540 Scibile
2072 3513 2179 3548 potest
2201 3518 2270 3538 esse
2293 3509 2413 3548 absque
2435 3518 2475 3538 eo

1410 3557 1501 3597 quod
1523 3558 1563 3587 sit
1586 3557 1719 3587 scientia
1740 3561 1849 3586 nostra
1865 3554 1904 3584 de
1928 3554 2010 3593 ipso.
2036 3553 2122 3592 Ergo
2141 3559 2173 3582 et
2195 3553 2328 3583 scientia
2353 3553 2413 3583 Dei
2436 3552 2476 3583 de

1409 3603 1519 3642 aliquo
1543 3607 1652 3641 potest
1674 3610 1744 3631 esse
1767 3600 1886 3639 absque
1916 3608 1955 3628 eo
1979 3597 2069 3637 quod
2092 3598 2161 3637 ipsa
2184 3607 2233 3627 res
2257 3597 2306 3627 sit.
2329 3616 2351 3619 -
2375 3598 2476 3628 Ante-

1381 3643 1385 3688 !
1411 3646 1528 3677 cedens
1562 3651 1651 3686 patet
1683 3654 1742 3685 per
1772 3643 1956 3683 exemplum
1990 3642 2179 3681 Philosophi
2214 3641 2253 3671 de
2285 3641 2477 3681 quadratura

2300 3710 2334 3735 24

2512 997 2520 1006 ·
2542 996 2577 1018 Cf.
2601 997 2674 1019 Praef.
2695 997 2724 1018 ad

2511 1022 2613 1053 Supplm,
2622 1023 2657 1045 ed.
2668 1024 2726 1045 Leo-

2512 1055 2573 1075 nma,
2589 1050 2658 1071 Tom.
2673 1051 2723 1077 xn,

2556 1083 2570 1097 x
2615 1093 2619 1103 ,
2649 1077 2676 1098 ad
2700 1084 2722 1105 q.

2510 2591 2516 2597 ·
2525 2588 2718 2613 Cf.Av1'cen.‚Vlll

2510 2615 2622 2642 .t!etaph.,
2632 2621 2719 2642 capsi.

2508 2805 2516 2813 ¹
2535 2804 2591 2831 Cap.
2602 2810 2622 2830 L,
2633 2810 2684 2825 cxv.
