2742 4152
21 1948 29 1956 ·
45 1946 143 1967 Ratione
153 1952 173 1968 2.

29 3321 40 3365 ;
53 3318 160 3368 Ἧῑνῑ,
220 3325 239 3348 ³³

30 3380 39 3390 ·
54 3379 111 3407 Cap.
122 3386 173 3402 xm.

269 267 319 313 46

326 355 355 376 2.
381 345 432 376 Sic
457 352 532 383 ergo
555 342 716 373 intellecta
739 341 974 381 propositione,
998 338 1167 370 manifeste
1193 339 1262 369 eius
1285 347 1339 368 ve—

266 391 341 420 ritas
365 393 504 429 apparet.
529 386 613 417 Nam
637 395 712 417 cum
735 386 867 417 materia
891 385 1070 415 successive
1086 389 1118 414 et
1133 383 1167 414 in
1190 388 1338 423 tempore

267 443 324 474 per
347 433 508 463 actionem
532 431 694 462 existentis
717 431 751 461 in
774 435 848 461 actu
871 428 1066 470 perducatur
1089 428 1129 459 ad
1151 428 1248 458 talem
1275 426 1338 458 dis-

265 478 462 518 positionem
493 481 528 506 ut
559 476 599 506 sit
631 475 763 506 materia
794 475 988 515 propinqua,
1013 482 1096 514 quae
1119 481 1178 513 per
1206 472 1338 503 unicam

266 522 427 552 actionem
451 519 561 551 reduci
584 520 686 560 possit
706 520 739 550 in
756 525 875 555 actum,
893 523 1018 549 constat
1034 516 1125 557 quod
1141 526 1197 547 ens
1213 516 1248 547 in
1264 522 1338 548 actu

264 575 332 596 non
356 571 482 595 tantum
498 564 660 605 praecedit
679 564 847 595 duratione
864 572 932 593 rem
947 561 1150 603 productam,
1168 560 1224 592 sed
1240 561 1338 592 etiam

263 610 443 651 potentiam
467 610 536 640 eius
558 609 756 650 proximam:
782 617 857 638 cum
880 607 963 637 inter
978 607 1086 647 ipsum
1110 611 1142 636 et
1164 606 1262 636 talem
1276 615 1337 647 po-

263 655 397 684 tentiam
420 653 541 684 mediet
563 660 692 694 tempus
713 653 747 683 in
771 661 839 692 quo
863 651 1000 682 deducta
1024 656 1071 681 est
1093 659 1151 691 per
1174 651 1337 681 actionem

264 699 385 738 agentis
409 698 449 729 ad
473 708 543 729 eam
568 697 814 738 dispositionem
830 695 1011 727 secundum
1026 704 1126 736 quam
1142 700 1190 725 est
1205 695 1337 726 materia

262 743 420 783 proxima.
846 769 848 771 .

318 787 409 818 Patet
433 788 546 817 veritas
569 787 665 817 huius
689 786 898 826 expositionis
927 785 1024 815 etiam
1055 793 1093 814 ex
1123 785 1249 815 ratione
1272 793 1337 824 qua

262 832 417 872 probatur
441 831 523 862 dicta
546 831 739 871 propositio,
764 830 840 870 quia
863 828 1012 859 videlicet
1035 827 1126 869 quod
1149 834 1197 859 est
1218 828 1253 859 in
1276 838 1337 869 po·-

262 877 362 907 tentia
384 886 452 907 non
476 875 639 906 reducitur
662 875 695 905 in
719 880 827 905 actum
851 874 911 904 nisi
934 882 992 914 per
1016 882 1073 903 ens
1088 877 1173 904 actu.
1198 872 1232 904 Si
1249 873 1337 904 enim

262 921 491 961 intelligeretur
507 919 547 950 de
562 919 707 960 potentia
722 924 856 954 remota,
874 923 928 948 aut
947 918 1100 948 materiae
1122 916 1240 953 nudae,
1257 923 1336 949 tunc

262 966 322 996 ista
346 965 577 1004 consequentia
600 963 689 995 nulla
713 969 804 999 esset,
832 962 929 999 Quod
951 967 999 993 est
1029 962 1061 992 in
1086 962 1238 1002 potentia
1268 972 1334 993 non

263 1010 412 1041 educitur
435 1010 467 1039 in
492 1014 600 1039 actum
625 1009 688 1038 nisi
706 1018 769 1048 per
791 1006 926 1048 aliquod
946 1016 1003 1038 ens
1018 1011 1105 1043 actu,
1129 1006 1224 1048 Ergo
1241 1012 1335 1038 actus

263 1060 310 1085 est
326 1054 426 1095 prior
448 1058 592 1094 tempore
615 1053 774 1094 potentia.
806 1051 869 1083 Sed
901 1052 984 1082 bene
1017 1057 1216 1092 sequeretur,
1239 1051 1335 1095 Ergo

262 1104 354 1130 actus
371 1097 541 1139 praecedit
563 1102 671 1128 actum
687 1097 727 1127 ab
751 1106 788 1127 eo
813 1096 991 1127 successive
1008 1096 1217 1136 productum.
1233 1114 1256 1119 -
1271 1096 1336 1128 Sed

261 1144 287 1174 si
310 1143 504 1183 intelligatur
527 1141 629 1173 modo
653 1142 811 1182 exposito,
835 1142 922 1172 bona
946 1145 1003 1171 est.
1027 1140 1062 1172 Si
1078 1141 1164 1171 enim
1182 1140 1273 1182 quod
1289 1147 1337 1172 est

261 1189 295 1218 in
318 1188 463 1228 potentia
495 1192 569 1218 ante
598 1194 732 1217 omnem
764 1186 927 1216 actionem
957 1185 1090 1226 agentis,
1113 1185 1279 1217 reducitur
1301 1187 1335 1217 in

261 1238 370 1263 actum
390 1232 569 1263 successive
593 1231 632 1261 ab
656 1231 811 1261 existente
826 1229 861 1261 in
877 1235 961 1267 actu,
977 1230 1124 1271 sequitur
1139 1229 1230 1271 quod
1246 1236 1336 1262 actus

260 1276 430 1318 praecedat
441 1276 620 1317 potentiam
630 1276 812 1316 proximam
825 1276 893 1306 eius
904 1274 995 1316 quod
1005 1274 1154 1306 educitur
1164 1276 1198 1306 in
1210 1281 1334 1307 actum:

261 1331 337 1353 cum
352 1322 386 1351 in
401 1327 550 1362 tempore
565 1325 597 1351 et
612 1321 792 1351 successive
812 1321 945 1351 materia
960 1319 1151 1361 disponatur
1166 1321 1205 1351 ab
1221 1326 1336 1361 agente

259 1367 314 1397 tali
338 1365 550 1407 dispositione
573 1374 657 1406 quae
681 1370 729 1396 est
750 1365 898 1406 proxima
914 1370 946 1396 et
961 1365 1146 1396 immediata
1165 1364 1335 1406 dispositio

260 1410 300 1442 ad
323 1410 473 1442 formam.

316 1456 408 1487 Licet
431 1460 540 1486 autem
553 1463 630 1485 vera
646 1455 686 1485 sit
701 1455 884 1495 propositio
907 1460 973 1485 tarn
997 1454 1038 1485 de
1061 1455 1225 1495 prioritate
1242 1454 1336 1485 dura-

260 1500 358 1531 tionis
381 1509 482 1541 quam
504 1499 545 1530 de
567 1500 732 1540 prioritate
754 1505 898 1536 naturae,
915 1499 1032 1540 accipit
1051 1505 1160 1530 tamen
1176 1508 1249 1530 eam
1271 1500 1337 1530 hoc

261 1546 337 1576 loco
361 1545 498 1576 Sanctus
513 1544 659 1575 Thomas
680 1549 718 1574 ut
738 1553 813 1575 vera
829 1549 876 1575 est
898 1542 939 1574 de
960 1544 1126 1585 prioritate
1147 1549 1281 1575 naturae
1305 1550 1337 1575 et

261 1590 462 1621 causalitatis.
487 1589 540 1620 Sic
563 1589 651 1619 enim
674 1594 764 1619 actus
787 1594 835 1619 est
857 1589 947 1630 prior
965 1597 1006 1620 eo
1022 1588 1113 1629 quod
1137 1588 1336 1629 quandoque

262 1640 309 1665 est
331 1635 365 1665 in
392 1634 538 1675 potentia
569 1638 600 1664 et
630 1631 830 1674 quandoque
860 1634 894 1664 in
924 1638 1009 1670 actu,
1034 1632 1136 1674 quod,
1164 1642 1240 1664 cum
1263 1633 1335 1664 Deo

261 1679 342 1710 nihil
371 1679 412 1710 sit
442 1679 531 1719 prius
561 1677 756 1714 causalitate,
781 1687 822 1708 eo
845 1677 937 1718 quod
961 1678 1001 1708 sit
1023 1678 1127 1719 prima
1157 1686 1263 1714 causa,
1287 1687 1336 1709 se-

263 1723 373 1764 quitur
394 1723 503 1764 ipsum
518 1731 586 1754 non
603 1731 672 1753 esse
689 1722 888 1763 quandoque
910 1723 944 1753 in
968 1723 1114 1763 potentia
1137 1722 1337 1763 quandoque

261 1769 295 1799 in
320 1773 404 1799 actu.

318 1813 371 1843 IV.
400 1813 519 1843 Tertio.
545 1812 634 1843 Deus
649 1817 698 1843 est
713 1821 771 1852 per
785 1821 820 1842 se
842 1821 974 1842 necesse
997 1820 1077 1842 esse.
1102 1811 1189 1852 Ergo
1204 1821 1273 1842 non
1290 1817 1338 1842 est

262 1858 415 1898 possibile
436 1867 514 1888 esse.
539 1857 626 1898 Ergo
642 1856 721 1888 nihil
738 1857 903 1897 potentiae
917 1857 952 1887 in
969 1857 1038 1887 eius
1053 1856 1229 1887 substantia
1247 1857 1336 1887 inve-

261 1903 357 1933 nitur.
373 1918 397 1925 -
412 1902 569 1932 Probatur
583 1902 686 1942 prima
702 1901 945 1942 consequentia.
970 1899 1078 1931 Omne
1093 1901 1248 1941 possibile
1268 1910 1337 1931 esse

262 1947 358 1978 habet
389 1955 530 1982 causam,
554 1951 591 1976 ut
622 1951 788 1976 ostensum
819 1950 867 1976 est
895 1946 929 1976 in
959 1946 1120 1986 praesenti
1150 1946 1293 1986 capitulo
1308 1946 1335 1976 ⁹.

262 1991 323 2022 Per
345 2000 379 2022 se
402 1996 512 2022 autem
534 1999 667 2021 necesse
694 1997 764 2021 esse
792 1999 862 2020 non
889 1990 986 2020 habet
1016 1999 1162 2020 causam:
1190 1989 1336 2031 alioquin

262 2045 330 2067 non
354 2041 436 2066 esset
458 2044 516 2076 per
538 2044 573 2066 se
595 2043 728 2066 necesse
751 2043 830 2065 esse.
855 2033 943 2075 Ergo
967 2040 1028 2065 etc.

318 2079 457 2111 Adverte
478 2079 669 2120 quodlicet,
685 2079 712 2109 si
728 2079 903 2119 accipiatur
920 2079 1076 2119 possibile
1098 2083 1135 2110 ut
1158 2079 1338 2120 opponitur

263 2125 461 2166 impossibili,
485 2133 543 2165 per
566 2133 599 2155 se
622 2132 754 2155 necesse
781 2132 851 2154 esse
879 2124 919 2154 sit
951 2124 1048 2154 etiam
1071 2123 1225 2164 possibile
1248 2133 1336 2160 esse;

262 2171 288 2200 si
311 2175 419 2200 tamen
443 2169 619 2209 accipiatur
637 2168 791 2209 possibile
806 2173 843 2199 ut
858 2168 945 2199 idem
962 2174 1010 2199 est
1025 2167 1116 2209 quod
1132 2168 1336 2210 contingens,

263 2214 353 2255 quod
376 2214 498 2245 scilicet
513 2219 621 2255 potest
636 2222 705 2244 esse
720 2218 754 2243 et
767 2221 837 2244 non
853 2222 932 2249 esse,
948 2221 1018 2253 quo
1033 2212 1135 2244 modo
1158 2214 1339 2254 opponitur

264 2259 457 2294 necessario,
481 2258 610 2289 nullum
632 2267 691 2298 per
712 2266 747 2288 se
770 2267 902 2288 necesse
921 2267 990 2288 esse
1006 2262 1054 2289 est
1070 2258 1238 2299 possibile3
1255 2259 1338 2289 sicut

263 2312 366 2334 unum
391 2304 620 2343 oppositorum
643 2312 711 2333 non
734 2307 782 2333 est
805 2302 978 2343 reliquum.

319 2349 358 2378 V.
386 2348 524 2385 Quarto.
549 2347 694 2378 Primum
718 2355 816 2387 agens
839 2352 887 2378 est
909 2352 1000 2378 actus
1023 2355 1134 2387 purus.
1162 2346 1226 2378 Sed
1249 2347 1339 2378 Deus

264 2398 311 2423 est
335 2393 477 2433 primum
500 2401 607 2432 agenS.
632 2392 719 2432 Ergo
743 2397 833 2422 actus
856 2401 968 2432 purus.
990 2409 1014 2414 -
1038 2391 1143 2422 Maior
1173 2391 1337 2433 probatur.

264 2437 350 2476 Quia
373 2438 562 2478 oppositum
587 2436 759 2477 praedicati
782 2435 878 2467 infert
900 2436 1091 2477 oppositum
1112 2436 1258 2467 subiecti.
1283 2435 1339 2467 Se-

264 2483 374 2522 quitur
397 2482 500 2513 enim:
526 2481 602 2512 Non
628 2487 674 2512 est
698 2487 788 2511 actus
803 2490 914 2522 purus,
938 2481 1026 2521 Ergo
1041 2490 1110 2512 non
1126 2489 1160 2512 se
1174 2486 1248 2512 toto
1264 2482 1338 2522 agit,

796 262 984 299 SUMMA
1014 259 1236 298 CONTRA
1265 258 1542 307 GENTILES,
1559 259 1685 296 ‘CAR
1707 259 1807 306 XVI,
1828 260 1942 297 XVII.

1395 337 1451 368 sed
1474 338 1585 378 aliquo
1614 339 1678 369 sui:
1711 339 1787 380 quia
1816 340 1850 370 in
1882 344 2009 370 tantum
2039 339 2104 379 agit
2127 339 2390 380 unumquodque
2419 340 2470 370 in-

1394 387 1555 423 quantum
1579 388 1626 413 est
1654 383 1689 414 in
1722 389 1806 414 actu.
1835 384 1923 425 Ergo
1951 385 2015 424 agit
2044 383 2180 414 alicuius
2210 384 2469 424 participatione,

1393 436 1462 457 non
1485 435 1544 467 per
1567 428 1749 458 essentiam.
1774 428 1861 468 Ergo
1885 438 1954 460 non
1978 433 2025 459 est
2047 428 2191 468 primum
2215 437 2323 468 agens.

1450 471 1502 502 Ad
1526 471 1720 502 evidentiam
1742 473 1839 504 huius
1862 473 1994 504 rationis
2020 471 2292 503 considerandum
2312 477 2360 504 est
2378 472 2469 514 quod

1394 524 1493 546 omne
1517 515 1608 556 quod
1630 516 1665 546 in
1689 516 1797 557 aliqua
1811 517 1958 558 potentia
1972 517 2135 557 recipitur,
2153 526 2191 547 ex
2207 517 2262 547 tali
2281 517 2469 558 receptione

1393 560 1620 591 limitationem
1653 560 1818 600 quandam
1847 562 1974 602 accipit,
1999 562 2083 592 sicut
2112 560 2228 592 albedo
2257 562 2292 592 in
2321 562 2470 592 subiecto

1392 610 1522 645 recepta
1545 604 1586 635 ad
1609 605 1752 645 aliquem
1781 605 1938 637 albedinis
1967 605 2104 647 gradum
2135 606 2300 642 limitatur,
2324 612 2419 646 quae,
2442 606 2469 636 si

1393 655 1476 680 esset
1499 659 1518 680 a
1540 649 1687 680 subiecto
1710 649 1876 687 aben-acta,
1899 660 2035 682 omnem
2057 649 2292 691 perfectionem
2314 651 2376 682 sibi
2393 660 2471 691 pos-

1392 694 1518 725 sibilem
1542 693 1689 724 haberet:
1714 692 1926 734 irnperficitur
1949 696 2036 726 enirn
2060 700 2150 726 actus
2173 705 2212 726 ex
2236 705 2276 726 eo
2294 695 2384 736 quod
2401 704 2470 726 esse

1391 744 1560 779 receptum
1583 738 1689 768 habet.
1714 737 1763 768 Ex
1785 738 1850 769 hoc
1872 739 2018 780 sequitur
2039 739 2130 780 quod
2153 745 2244 771 actus
2266 740 2300 771 in
2323 741 2470 781 potentia

1391 788 1541 824 receptus
1572 788 1620 813 est
1649 782 1873 823 participatus:
1906 792 1946 813 eo
1978 783 2069 823 quod
2098 793 2167 815 non
2198 793 2332 815 omnem
2363 783 2469 825 perfe-

1392 829 1536 859 ctionem
1560 836 1644 868 quae
1668 827 1728 857 sibi
1756 827 1930 858 convenire
1959 833 2068 868 potest
2099 828 2280 860 secundum
2310 829 2469 860 rationem

1389 873 1513 913 speciei
1535 872 1661 903 habeat.
1685 871 1775 902 Bene
1799 880 1876 911 ergo
1900 871 2056 912 sequitur,
2073 873 2099 903 si
2116 873 2238 913 aliquid
2253 883 2322 904 non
2343 883 2377 904 se
2397 878 2468 904 toto

1391 918 1465 957 agit,
1491 916 1582 957 quod
1604 925 1663 957 per
1686 916 1858 946 essentiam
1881 925 1973 947 suam
1995 926 2065 947 non
2088 917 2163 957 agit,
2179 918 2223 948 ita
2241 918 2363 949 scilicet
2378 917 2469 959 quod

1392 962 1529 992 essentia
1559 970 1627 998 sua,
1652 970 1737 1001 quae
1760 961 1908 991 nominat
1937 965 2055 998 totum,
2080 961 2120 992 sit
2142 962 2249 1002 primo
2277 971 2388 1003 agens:
2412 962 2470 993 sed

1391 1006 1638 1047 participatione
1661 1005 1808 1042 alicuius,
1831 1004 1865 1036 id
1888 1011 1945 1042 est,
1969 1014 2028 1046 per
2050 1010 2175 1046 partem
2198 1015 2291 1037 suam
2311 1007 2470 1038 actualem

1390 1051 1613 1092 participatam
1637 1059 1676 1080 ex
1700 1059 1741 1080 eo
1765 1049 1856 1091 quod
1879 1050 1913 1081 in
1937 1050 1999 1080 alia
2029 1055 2119 1090 parte
2149 1050 2319 1091 potentiali
2351 1056 2399 1082 est
2420 1061 2470 1082 re-

1391 1100 1495 1136 cepta.
1519 1094 1621 1133 Quod
1644 1103 1722 1125 sane
1744 1100 1903 1135 repugnat
1925 1095 2043 1126 rationi
2062 1095 2159 1136 primi
2176 1095 2315 1136 agentis:
2340 1100 2471 1136 oportet

1391 1141 1479 1172 enim
1503 1145 1540 1170 ut
1562 1139 1706 1180 primum
1729 1139 1918 1180 simpliciter
1940 1149 2038 1180 agens
2063 1140 2160 1170 etiarn
2192 1140 2299 1181 primo
2332 1144 2414 1181 agat,
2439 1145 2471 1171 et

1392 1195 1430 1216 ex
1454 1184 1670 1225 consequenti
1692 1193 1761 1214 non
1791 1193 1850 1224 per
1881 1183 1970 1215 aliud
2000 1193 2214 1225 quocumque
2241 1183 2360 1215 modo:
2387 1184 2471 1215 sicut

1392 1235 1423 1262 et
1447 1229 1538 1271 quod
1560 1229 1668 1270 primo
1691 1234 1852 1265 movetur,
1877 1234 2008 1269 oportet
2029 1234 2067 1260 ut
2089 1238 2158 1260 non
2181 1237 2240 1270 per
2257 1234 2383 1270 partem
2398 1237 2471 1260 rno—

1390 1280 1513 1311 veatur‚
1537 1279 1574 1305 ut
1597 1273 1715 1304 dicitur
1729 1273 1787 1304 V11
1803 1273 2021 1315 Physicorum
2037 1275 2064 1304 ³.

1447 1319 1500 1350 VI.
1528 1318 1662 1355 Quinto.
1687 1318 1777 1349 Deus
1801 1323 1848 1349 est
1871 1318 2010 1349 omnino
2035 1318 2241 1359 impassibilis
2264 1323 2297 1349 et
2318 1318 2471 1350 immuta·

1391 1364 1472 1395 bilis.
1497 1364 1584 1404 Ergo
1598 1372 1669 1394 non
1684 1363 1782 1393 habet
1795 1363 1978 1404 potentiam
1993 1363 2163 1404 passivam.
2179 1380 2204 1387 —
2217 1363 2376 1395 Probatur
2391 1365 2471 1394 con-

1390 1409 1569 1450 sequentia.
1594 1408 1681 1447 Quia
1703 1407 1969 1450 unumquodque
1990 1413 2105 1439 natum
2121 1413 2170 1439 est
2183 1408 2253 1450 pati>
2266 1417 2306 1439 ex
2322 1417 2364 1439 eo
2379 1407 2471 1449 quod

1392 1459 1440 1486 est
1462 1455 1495 1484 in
1511 1453 1671 1494 potentia:
1697 1461 1773 1483 curn
1788 1457 1899 1484 motus
1914 1453 1954 1484 sit
1969 1458 2062 1484 actus
2080 1453 2248 1484 existentis
2264 1453 2298 1484 ἰη
2308 1453 2470 1494 potentia.

1447 1498 1559 1530 Sexto.
1583 1497 1718 1539 Aliquid
1741 1502 1789 1528 est
1818 1498 1852 1528 in
1879 1497 2006 1528 mundo
2037 1497 2129 1538 quod
2159 1498 2225 1529 exit
2254 1497 2295 1528 de
2324 1498 2471 1539 potent-la

1390 1544 1424 1574 in
1448 1549 1567 1574 actum.
1592 1543 1635 1574 Et
1657 1541 1738 1573 illud
1761 1550 1830 1573 non
1854 1541 2004 1573 educitur
2026 1551 2044 1572 a
2067 1543 2175 1583 seipso
2200 1541 2240 1573 de
2263 1543 2410 1583 potentia
2434 1542 2470 1573 in

1392 1593 1517 1619 actum:
1543 1588 1619 1629 quia
1642 1586 1734 1627 quod
1757 1592 1806 1617 est
1827 1587 1861 1617 in
1886 1587 2032 1628 potentia
2055 1586 2161 1618 adhuc
2184 1595 2255 1618 non
2269 1592 2327 1623 est,
2344 1592 2377 1618 et
2390 1595 2471 1618 con·

1390 1637 1564 1674 sequenter
1586 1641 1680 1673 agere
1702 1640 1772 1662 non
1795 1636 1912 1672 potest.
1937 1631 2024 1672 Ergo
2045 1632 2176 1672 oportet
2190 1630 2342 1663 devenire
2357 1631 2398 1663 ad
2414 1631 2471 1662 ali·—

1392 1677 1471 1719 quid
1495 1676 1586 1718 quod
1609 1678 1649 1708 sit
1671 1681 1799 1707 tantum
1823 1682 1897 1707 actu
1920 1681 1953 1707 et
1974 1676 2068 1707 nullo
2083 1675 2187 1707 modo
2202 1676 2236 1707 in
2251 1676 2408 1718 potentia.
2429 1675 2471 1707 Et

1391 1723 1479 1753 hunc
1503 1722 1641 1753 dicimus
1664 1721 1784 1752 Deum.
1805 1738 1831 1744 -
1853 1720 2011 1752 Probatur
2031 1721 2275 1762 consequentia.
2299 1720 2387 1759 Quia
2400 1729 2470 1752 non

1392 1772 1440 1798 est
1462 1767 1496 1799 in
1519 1767 1557 1798 iis
1580 1765 1758 1807 procedere
1780 1766 1813 1796 in
1837 1764 2012 1797 infinitum.

1449 1811 1572 1843 Contra
1594 1811 1678 1842 hanc
1700 1811 1860 1842 rationem
1883 1811 1992 1841 instari
2015 1815 2135 1851 posset,
2160 1810 2237 1850 quia
2258 1818 2298 1841 ex
2321 1818 2363 1841 eo
2379 1809 2471 1851 quod

1391 1865 1460 1888 non
1483 1855 1671 1897 proceditur
1692 1856 1727 1886 in
1749 1854 1915 1886 infinitum
1930 1855 1964 1886 in
1985 1854 2024 1885 iis
2046 1863 2131 1895 quae
2155 1854 2339 1886 educuntur
2354 1853 2396 1885 de
2410 1860 2471 1895 po·

1391 1901 1492 1932 tentia
1506 1900 1541 1931 in
1557 1905 1676 1936 actum,
1693 1908 1762 1930 non
1776 1899 1904 1930 videtur
1923 1899 2017 1940 sequi
2041 1898 2132 1940 quod
2155 1903 2306 1939 oporteat
2320 1898 2471 1930 devenire

1392 1945 1432 1976 ad
1456 1949 1565 1976 actum
1588 1953 1719 1985 purum,
1744 1944 1802 1984 qui
1825 1949 1873 1975 est
1896 1943 1996 1980 Deus,
2020 1943 2077 1974 sed
2099 1940 2140 1974 ad
2158 1942 2281 1984 aliquid
2296 1943 2387 1984 quod
2401 1950 2471 1974 non

1392 1989 1549 2021 educatur
1571 1988 1612 2020 de
1634 1989 1781 2030 potentia
1803 1988 1837 2019 in
1861 1993 1980 2020 actum.
2004 1988 2039 2020 Si
2062 1988 2151 2019 enim
2165 1997 2329 2030 ponamus
2344 1987 2472 2019 caelin

1392 2035 1432 2066 ab
1463 2039 1595 2065 aeterno
1625 2042 1696 2064 esse
1722 2032 1932 2075 productum,
1955 2032 2037 2064 illud
2066 2041 2136 2064 non
2167 2033 2229 2064 erit
2257 2031 2299 2065 de
2325 2033 2472 2074 potentia

1391 2079 1518 2120 passiva
1532 2078 1704 2110 reductum
1727 2079 1761 2109 in
1785 2082 1904 2115 actum,
1928 2083 1962 2109 et
1982 2083 2092 2109 tamen
2115 2078 2212 2108 habet
2233 2078 2426 2119 potentiam.

1448 2123 1512 2155 Sed
1535 2123 1686 2154 instantia
1701 2123 1782 2154 haec
1796 2122 1921 2154 tollitur
1935 2123 1962 2153 si
1977 2123 2140 2154 intentum
2155 2121 2377 2154 conclusionis
2392 2130 2473 2154 con-

1391 2168 1549 2199 sideretur
1583 2167 1660 2199 Non
1685 2168 1773 2199 enirn
1796 2167 1935 2199 intendit
1957 2167 2095 2199 Sanctus
2118 2166 2265 2198 Thomas
2286 2167 2321 2198 in
2341 2166 2406 2198 boc
2420 2174 2473 2199 ea-

1392 2213 1498 2254 pitulo
1522 2213 1659 2253 probare
1683 2212 1775 2253 quod
1798 2212 1888 2243 Deus
1910 2213 1951 2243 sit
1974 2217 2064 2243 actus
2086 2220 2188 2253 purus
2209 2211 2291 2242 nihil
2313 2212 2348 2242 in
2363 2211 2472 2252 seipso

1392 2258 1515 2289 habens
1539 2256 1630 2298 quod
1652 2258 1813 2288 rationem
1827 2257 1993 2298 potentiae
2013 2256 2142 2287 habeat:
2167 2255 2224 2287 sed
2242 2255 2334 2298 quod
2347 2257 2383 2287 in
2398 2255 2472 2287 Deo

1392 2311 1461 2334 non
1485 2308 1533 2333 est
1555 2302 1702 2343 potentia
1717 2303 1758 2333 ab
1773 2307 1847 2333 actu
1863 2301 2058 2343 separabilis,
2073 2310 2133 2342 per
2147 2309 2247 2342 quam
2263 2300 2388 2332 dicatur
2402 2308 2472 2332 esse

1393 2347 1427 2378 in
1450 2347 1596 2387 potentia
1619 2347 1744 2387 passiva
1767 2345 1808 2378 ad
1831 2346 1953 2387 aliquid
1975 2346 2074 2383 aliud,
2098 2346 2182 2377 sicut
2205 2354 2262 2376 aer
2284 2350 2332 2376 est
2354 2345 2388 2376 in
2411 2352 2472 2386 po—

1393 2392 1493 2422 tentia
1517 2390 1557 2422 ad
1579 2391 1644 2422 hoc
1668 2396 1704 2422 ut
1728 2401 1766 2422 ex
1789 2391 1862 2432 ipso
1885 2390 1942 2422 fiat
1964 2391 2057 2432 ignis,
2074 2395 2107 2421 et
2125 2390 2347 2421 universaliter
2362 2388 2473 2421 omnia

1395 2435 1615 2476 corruptibilia
1646 2441 1721 2467 sunt
1750 2436 1783 2466 in
1815 2436 1961 2476 potentia
1990 2435 2032 2466 ad
2061 2435 2126 2466 hoc
2155 2440 2193 2466 ut
2215 2443 2254 2465 ex
2276 2435 2356 2475 ipsis
2384 2433 2472 2466 allud

1394 2486 1575 2522 generetur.

1341 2586 1394 2628 ψ,

678 2737 1170 2795 CAPITULUM
1206 2736 1590 2794 DECIMUM
1627 2734 2063 2793 SEPTIMUM

844 2865 1020 2919 QUOD
1054 2866 1115 2906 IN
1149 2866 1277 2907 DEo
1311 2865 1441 2907 NON
1476 2865 1591 2907 EST
1625 2864 1906 2907 MATERIA

386 3034 451 3068 ⁴⁶1
478 3018 615 3044 PPARET
643 3006 759 3045 etiam
788 3019 835 3045 ex
868 3007 945 3046 hoc
975 3007 1106 3045 Deum
1141 3019 1222 3044 non
1257 3019 1340 3044 esse

396 3048 466 3118 ἷὲξο
491 3059 704 3098 materiam.

437 3133 444 3167 ‚¹
546 3113 651 3174 Quia
687 3113 848 3152 materia
883 3113 921 3152 id
955 3113 1063 3164 quod
1097 3121 1164 3161 est,
1198 3113 1238 3150 in
1270 3125 1340 3164 po-

446 3220 609 3259 Materia
628 3233 709 3258 non
729 3228 785 3258 est
803 3219 942 3269 agendi
961 3219 1213 3271 principium:
1234 3220 1339 3258 unde
1363 3234 1372 3255 ς

268 3271 437 3309 efficiens
457 3282 494 3311 et
512 3273 673 3312 materia
693 3274 733 3312 in
753 3273 859 3312 idem
885 3285 967 3311 non
987 3273 1175 3321 incidunt,
1203 3285 1340 3311 secun-

268 3325 364 3361 dum
392 3326 678 3378 Philosophum
697 3327 728 3365 *.
759 3327 845 3365 Deo
878 3335 1010 3365 autem
1042 3325 1226 3364 convenit
1257 3338 1341 3364 esse

268 3377 436 3428 primam
458 3392 617 3418 causam
642 3380 861 3419 effectivam
882 3392 1026 3426 rerum,
1047 3387 1090 3418 ut
1109 3392 1228 3430 supra
1241 3380 1262 3403 ¹*
1285 3380 1341 3418 di-

269 3438 374 3468 ctum
403 3441 469 3470 est.
499 3434 583 3485 Ipse
612 3433 724 3483 igitur
751 3432 912 3472 materia
939 3445 1021 3472 non
1050 3442 1117 3472 est.

323 3484 510 3534 Amplius.
541 3487 725 3537 Sequitur
752 3499 812 3526 res
840 3488 1034 3526 naturales
1061 3499 1154 3525 casu
1182 3485 1342 3525 existere
1359 3505 1384 3521 ιο

271 3535 330 3575 his
359 3537 423 3586 qui
454 3540 586 3578 omnia
615 3541 654 3578 in
683 3540 884 3579 materiam
910 3540 1146 3579 reducebant
1178 3539 1275 3578 sicut
1303 3540 1341 3578 in

325 3652 341 3678 6
360 3653 384 3677 in
403 3653 482 3686 idern]
501 3654 570 3679 unde
589 3662 614 3685 α,
633 3662 675 3680 om
696 3656 724 3686 F,
743 3656 853 3681 invicem
873 3656 901 3681 Z.

993 3655 1119 3689 incidunt]
1139 3656 1278 3681 concidunt
1298 3655 1329 3687 N,
1349 3655 1483 3682 includunt
1502 3657 1530 3681 Z.

1396 3018 1556 3045 causam
1580 3005 1768 3056 primam:
1798 3012 1933 3043 contra
1952 3016 2054 3055 quos
2081 3002 2205 3053 agitur
2231 3001 2272 3040 in
2291 3002 2473 3052 11Physi-

1396 3072 1528 3098 corum
1547 3059 1578 3097 ¹⁸.
1610 3059 1650 3098 Si
1669 3059 1784 3108 igitur
1802 3059 1921 3106 Deus,
1943 3057 2012 3108 qui
2039 3064 2096 3095 est
2122 3055 2250 3108 prima
2277 3067 2406 3102 causa,
2426 3052 2474 3092 sit

1396 3125 1514 3152 causa
1545 3111 1751 3151 materialis
1783 3123 1928 3160 rerum,
1962 3109 2136 3162 sequitur
2168 3107 2302 3148 omnia
2329 3119 2353 3147 a
2379 3119 2472 3147 casu

1397 3175 1568 3206 existere.

1450 3221 1557 3258 Item.
1578 3219 1742 3258 Materia
1761 3230 1841 3257 non
1856 3217 1900 3256 fit
1917 3229 2036 3256 causa
2053 3215 2215 3256 alicuius
2231 3214 2273 3253 in
2291 3222 2380 3252 actu
2399 3211 2472 3252 nisi

1397 3274 1616 3312 secundum
1625 3273 1735 3323 quod
1749 3274 1929 3310 alteratur
1942 3279 1980 3309 et
1993 3277 2177 3308 mutatur.
2190 3267 2232 3308 Si
2241 3267 2355 3317 igitur
2363 3267 2472 3306 Deus

1397 3335 1453 3365 est
1490 3325 1714 3374 immobilis,
1747 3334 1790 3364 ut
1822 3324 2032 3376 probatum
2065 3330 2122 3360 est
2138 3321 2170 3370 ¹⁸⁸,
2208 3322 2316 3359 nullo
2349 3320 2471 3358 modo

1396 3388 1523 3431 potest
1551 3392 1635 3418 esse
1664 3391 1794 3417 rerum
1831 3389 1949 3416 causa
1981 3388 2054 3427 per
2079 3375 2247 3414 modum
2274 3373 2469 3412 materiae.

1451 3434 1564 3472 Hanc
1596 3440 1729 3471 autem
1756 3430 1956 3471 veritatem
1988 3429 2086 3468 fides
2119 3427 2319 3468 Catholica
2351 3426 2472 3466 confi-

1397 3494 1509 3535 tetur,
1531 3499 1610 3538 qua
1636 3486 1768 3524 Deum
1788 3496 1868 3522 non
1897 3484 1946 3521 de
1975 3494 2046 3520 sua
2073 3481 2296 3529 substantia,
2327 3481 2395 3519 sed
2423 3481 2472 3519 de

1399 3540 1519 3579 nihilo
1548 3538 1680 3580 asserit
1707 3546 1846 3577 cuncta
1874 3549 2035 3575 creasse.

1624 3661 1653 3681 ιι
1675 3654 1763 3680 omnia
1782 3661 1824 3679 om
1844 3653 1877 3685 G,
1892 3656 1956 3685 post
1975 3653 2000 3678 in
2019 3652 2154 3678 materiam
2174 3652 2257 3678 sGPc.

2498 1275 2514 1323 ἶ.
2527 1308 2546 1324 h
2557 1280 2581 1302 p.
2594 1279 2616 1301 ις
2631 1279 2652 1296 ι.
2665 1273 2714 1296 Th.

2500 3057 2512 3106 ζ
2525 3056 2593 3106 qil]
2604 3061 2716 3111 1¹:24¹*

2500 3324 2509 3334 ·
2525 3322 2583 3352 esp.
2593 3328 2647 3346 xut-
