2768 4134
0 2291 5 2314 ἱ

0 2320 7 2339 ι

0 2347 4 2378 i

725 283 914 320 SUMMA
943 283 1165 321 CONTRA
1193 284 1470 333 GENTILES,
1500 286 1594 322 LIB.
1616 286 1656 331 II,
1688 285 1798 322 CAP.
1824 286 2028 323 LXXXIII.
2201 258 2204 261 -
2403 289 2476 325 523

274 360 417 397 eodem
445 361 567 398 modo
595 368 631 397 et
657 361 878 399 naturaliter
896 361 1059 411 cognita.
1090 363 1350 400 Postmodum
1408 363 1447 400 Si
1467 363 1572 401 enim
1591 364 1785 412 generatio
1801 364 2009 402 hominum
2025 373 2081 402 est
2099 365 2343 415 sempiterna,
2364 379 2479 416 opor-

273 417 416 459 autem‚
453 413 627 451 ordinate
664 414 930 463 interrogatus,
969 415 1218 465 respondebit
1252 416 1350 453 veri·
1405 424 1458 454 tet
1485 416 1636 454 infinita
1655 429 1820 466 corpora
1839 418 2014 455 humana
2033 418 2205 467 generari
2225 426 2261 455 et
2280 421 2479 471 corrumpi

272 473 391 504 tatem
410 467 459 504 de
488 467 549 504 his
577 479 678 516 quae
698 476 788 505 sunt
815 468 1037 518 propinqua
1055 469 1262 518 principiis,
1283 470 1350 506 ha·
1406 471 1625 507 secundum
1654 478 1781 510 toturn
1809 471 1996 520 temporis
2024 472 2246 509 decursum.
2281 474 2358 510 Aut
2386 485 2477 522 ergo

273 519 353 557 bito
374 528 551 570 respectu
570 521 620 558 ad
639 520 846 570 principia;
873 530 910 559 et
928 522 982 559 sic
1001 522 1185 572 deinceps
1203 535 1350 572 quous·
1406 522 1600 572 oportebit
1623 523 1750 560 dicere
1779 524 1928 561 animas
1956 525 2216 574 praeextitisse
2240 533 2327 563 actu
2350 526 2477 564 infini-

273 585 350 623 que
378 573 563 611 virtutem
590 573 811 623 primorum
839 575 1121 625 principiorum
1150 576 1200 613 ad
1228 588 1274 613 ea
1301 576 1349 612 de
1372 587 1382 607 ⁵
1405 584 1473 622 taS‚
1493 576 1525 613 si
1545 576 1716 624 singulae
1736 577 1889 614 animae
1910 577 2066 626 singulis
2085 578 2314 627 corporibus
2335 579 2477 617 uniun-

273 626 416 675 quibus
431 627 698 675 interrogatur,
713 627 906 677 applicare
921 637 1058 678 potest.
1076 630 1135 667 Ex
1151 630 1227 666 hoc
1237 628 1350 678 igitur
1405 637 1483 666 tur:
1514 637 1581 667 aut
1599 629 1793 678 oportebit
1813 630 1952 676 dicere,
1977 630 2007 667 si
2035 631 2188 668 animae
2218 640 2307 669 sunt
2334 632 2476 679 finitae,

272 680 473 718 manifeste
502 688 662 729 apparet
690 681 799 730 quod
827 693 898 730 per
924 681 1113 732 principia
1140 681 1279 732 prima,
1309 682 1348 719 in
1406 683 1514 732 quod
1542 683 1705 720 eaedem
1734 682 1918 720 uniantur
1946 695 2051 720 nunc
2080 684 2150 730 his,
2171 697 2277 722 nunc
2304 685 2375 722 illis
2394 698 2477 723 cor-

272 745 321 770 eo
349 733 418 782 qui
446 733 712 781 interrogatur,
740 743 922 772 causatur
948 735 1116 784 cognitio
1145 736 1194 772 de
1227 748 1346 773 novo.
1404 735 1578 786 poribuS.
1600 736 1753 773 —Idem
1772 744 1904 773 autem
1923 736 2076 774 videtur
2095 738 2205 786 sequi
2225 738 2256 774 si
2282 747 2479 788 ponantur

271 786 366 823 Non
389 785 504 834 igitur
530 786 638 836 prius
666 787 819 825 habitae
844 788 1000 826 notitiae
1024 788 1293 826 reminiscitur.
1405 789 1558 827 animae
1577 789 1789 839 praefuisse
1809 789 2049 839 corporibus,
2070 798 2106 826 et
2133 798 2264 837 tamen
2283 792 2477 840 generatio

325 840 541 878 Praeterea.
578 840 618 878 Si
653 840 704 878 ita
739 850 839 878 esset
876 842 1029 880 animae
1065 842 1249 880 naturalis
1284 854 1348 879 co·
1365 858 1391 873 ιο
1405 855 1486 880 non
1515 842 1560 880 sit
1588 851 1754 880 aeterna.
1784 843 1865 880 Etsi
1894 842 1999 880 enim
2027 851 2196 893 ponatur
2223 845 2397 882 humana
2415 858 2477 894 ge-

271 892 391 941 gnitio
419 893 721 932 conclusionum
754 895 852 932 sicut
885 895 1180 946 principiorum,
1209 895 1348 933 eadem
1405 896 1553 934 neratio
1582 908 1663 933 non
1692 908 1848 946 semper
1874 896 2001 942 fuisse,
2030 905 2160 934 tamen
2190 897 2283 934 nulli
2311 898 2478 936 dubium

271 955 371 983 esset
409 947 597 985 sententia
631 949 737 997 apud
773 960 913 986 omnes
945 949 994 986 de
1032 948 1349 986 conclusionibus
1406 958 1462 986 est
1490 950 1586 999 quin
1606 950 1825 988 secundum
1854 958 2035 987 naturam
2064 949 2103 986 in
2132 950 2329 987 infinitum
2357 951 2477 1000 possit

272 999 370 1037 sicut
390 1001 438 1038 de
457 1001 671 1051 principiis:
693 1001 786 1051 quia
805 1014 906 1052 quae
926 1010 1015 1039 sunt
1041 1002 1240 1049 naturalia,
1261 1010 1350 1039 sunt
1405 1003 1565 1041 durare:
1596 1003 1650 1040 sic
1669 1003 1774 1040 enim
1803 1011 1859 1040 est
1887 1003 2159 1053 unusquisque
2179 1004 2400 1041 naturaliter
2425 1004 2478 1041 in-

272 1054 412 1091 eadem
431 1055 538 1104 apud
558 1067 708 1092 omnes.
738 1055 833 1092 Non
852 1063 908 1093 est
927 1063 1059 1093 autem
1078 1056 1184 1106 apud
1211 1068 1350 1093 omnes
1407 1056 1569 1103 stitutus,
1599 1056 1671 1094 nisi
1706 1069 1777 1106 per
1810 1056 1989 1094 accidens
2021 1056 2267 1106 impediatur,
2295 1065 2349 1104 ut,
2382 1057 2479 1094 sicut

272 1107 412 1145 eadem
431 1108 620 1145 sententia
639 1108 687 1145 de
707 1109 1035 1155 conclusionibus,
1065 1109 1133 1146 sed
1152 1110 1281 1146 solum
1300 1109 1349 1146 de
1366 1125 1388 1145 ις
1407 1118 1462 1147 est
1491 1110 1539 1148 ab
1568 1109 1643 1147 alio
1671 1117 1886 1159 generatus,
1916 1110 1966 1148 ita
1995 1110 2116 1159 possit
2134 1110 2254 1148 alium
2281 1122 2476 1159 generare.

270 1160 480 1211 principiis.
497 1162 605 1199 Patet
623 1161 737 1210 igitur
755 1162 863 1211 quod
881 1162 1047 1211 cognitio
1067 1161 1350 1212 principiorum
1407 1164 1495 1200 Hoc
1522 1171 1655 1201 autem
1674 1172 1730 1200 est
1749 1163 1999 1213 impossibile,
2021 1163 2062 1209 si,
2083 1163 2288 1201 animabus
2317 1163 2478 1201 existen-

272 1222 329 1250 est
365 1214 479 1252 nobis
516 1215 711 1261 naturalis,
749 1227 830 1252 non
867 1224 999 1253 autem
1036 1215 1347 1254 conclusionum.
1406 1217 1508 1254 tibus
1537 1216 1664 1262 finitis,
1694 1229 1773 1254 una
1801 1216 1977 1266 pluribus
2010 1216 2240 1266 corporibus
2268 1217 2369 1254 uniri
2398 1229 2479 1254 non

273 1267 394 1315 Quod
414 1275 546 1306 autem
575 1280 656 1306 non
685 1276 742 1306 est
769 1270 942 1306 naturale
962 1269 1087 1316 nobis,
1111 1268 1350 1319 acquirimus
1406 1269 1536 1320 possit.
1567 1270 1680 1307 Unde
1715 1277 1752 1307 et
1783 1271 1913 1319 plures
1948 1270 2180 1319 ponentium
2212 1270 2361 1307 animas
2390 1278 2478 1308 ante

266 1333 342 1372 pgr
368 1321 409 1360 id
436 1322 547 1371 quod
575 1330 631 1359 est
659 1323 850 1360 naturale:
873 1322 970 1360 sicut
988 1322 1104 1360 etiam
1128 1323 1168 1360 in
1187 1322 1349 1360 exterio·
1406 1335 1582 1373 corpora,
1602 1331 1756 1373 ponunt
1783 1323 1986 1360 transitum
2007 1323 2159 1360 animae
2179 1324 2227 1361 de
2247 1335 2411 1373 corpore
2439 1323 2479 1360 in

271 1374 379 1413 ribus
406 1387 478 1425 per
512 1387 655 1413 manus
686 1375 923 1414 instituimus
959 1375 1093 1414 omnia
1127 1375 1348 1414 artificialia.
1365 1393 1391 1408 w
1406 1389 1560 1426 corpus.
1597 1377 1686 1414 Hoc
1714 1384 1846 1414 autem
1874 1385 1930 1413 est
1958 1375 2207 1426 impossibile.
2241 1377 2335 1414 Non
2368 1376 2480 1425 igitur

270 1429 366 1467 Non
394 1440 486 1477 ergo
505 1428 806 1466 conclusionum
833 1429 991 1468 scientia
1011 1438 1068 1467 est
1085 1429 1125 1466 in
1144 1429 1258 1467 nobis
1277 1429 1350 1467 nisi
1406 1430 1559 1468 animae
1588 1438 1676 1467 ante
1704 1442 1869 1479 corpora
1896 1430 2205 1479 praeextiterunt.

270 1493 318 1519 ex
346 1481 544 1532 principiis
571 1482 771 1531 acquisita.
1460 1483 1580 1530 Quod
1609 1491 1741 1520 autem
1760 1483 1806 1520 sit
1824 1482 2062 1532 impossibile
2086 1495 2207 1520 unam
2232 1483 2405 1520 animam
2424 1482 2479 1520 di-

326 1535 596 1572 Adhuc.·Cum
611 1542 748 1572 natura
764 1546 921 1584 semper
935 1534 1137 1572 ordinetur
1146 1535 1195 1572 ad
1210 1547 1349 1580 unum,
1405 1536 1526 1573 versis
1554 1536 1785 1586 corporibus
1812 1535 1925 1582 uniri,
1955 1536 2008 1573 sic
2036 1544 2150 1585 patet.
2181 1536 2346 1573 Animae
2374 1536 2480 1574 enim

270 1587 389 1626 unius
407 1587 558 1625 virtutis
578 1595 731 1637 oportet
749 1599 833 1624 esse
853 1587 1076 1625 naturaliter
1094 1600 1222 1625 unum
1244 1588 1349 1625 obie-
1407 1589 1604 1626 humanae
1637 1601 1718 1626 non
1751 1589 1935 1626 differunt
1969 1589 2096 1638 specie
2125 1589 2174 1626 ab
2203 1589 2382 1635 invicem,
2412 1589 2480 1626 sed

270 1647 398 1678 ctum:
437 1640 536 1678 sicut
571 1640 680 1678 visus
712 1642 898 1687 colorem,
928 1648 965 1677 et
999 1640 1154 1678 auditus
1191 1653 1347 1678 sonum.
1365 1658 1388 1678 ες
1406 1654 1573 1678 numero
1603 1643 1705 1679 solo:
1737 1641 1909 1691 alioquin
1930 1650 1966 1678 et
1994 1642 2174 1679 homines
2203 1642 2330 1691 specie
2352 1642 2480 1679 differ-

269 1694 487 1733 Intellectus
506 1693 631 1742 igitur,
651 1706 744 1732 cum
763 1693 810 1731 sit
828 1706 909 1732 una
935 1693 1006 1740 vis,
1036 1702 1095 1732 est
1120 1693 1204 1732 eius
1223 1706 1350 1732 unum
1407 1703 1502 1731 rent.
1531 1694 1759 1732 Differentia
1783 1703 1914 1731 autem
1938 1695 2157 1732 secundum
2186 1707 2397 1732 numerum
2426 1702 2482 1732 est

269 1749 446 1785 naturale
465 1747 676 1794 obiectum,
695 1746 808 1785 cuius
835 1759 906 1797 per
924 1759 965 1784 se
985 1755 1021 1784 et
1044 1747 1267 1785 naturaliter
1285 1759 1349 1784 co-
1406 1748 1625 1785 secundum
1645 1747 1834 1797 principia
1858 1747 2081 1785 materialia.
2103 1748 2267 1797 Oportet
2294 1747 2408 1795 igitur
2426 1747 2482 1784 di-

267 1800 484 1850 gnitionem
503 1801 631 1838 habet.
661 1801 749 1838 Hoc
774 1808 906 1838 autem
927 1808 1080 1850 oportet
1105 1813 1190 1838 esse
1213 1800 1251 1838 id
1276 1801 1349 1838 sub
1405 1801 1627 1839 versitatem
1646 1801 1868 1839 animarum
1894 1802 2158 1838 humanarum
2178 1801 2397 1838 secundum
2417 1800 2481 1838 ali-

262 1852 352 1907 quo
381 1855 774 1904 comprehenduntur
807 1853 942 1892 omnia
976 1854 1025 1892 ab
1054 1853 1247 1892 intellectu
1284 1867 1348 1892 co-
1406 1855 1501 1904 quid
1525 1854 1723 1892 materiale
1744 1854 1858 1892 sumi.
1880 1855 1973 1892 Non
1994 1862 2125 1892 autem
2154 1855 2205 1892 ita
2233 1855 2341 1904 quod
2361 1854 2481 1904 ipsius

268 1907 390 1957 gnita:
421 1907 519 1945 sicut
546 1908 620 1946 sub
649 1909 780 1946 colore
800 1908 1191 1957 comprehenduntur
1210 1920 1349 1945 omnes
1364 1924 1390 1944 κο
1405 1908 1559 1946 animae
1588 1907 1635 1945 sit
1663 1907 1823 1945 materia
1852 1919 1958 1957 pars:
1981 1915 2182 1946 ostensum
2202 1915 2258 1945 est
2286 1906 2390 1944 enim
2418 1919 2479 1944 su-

269 1963 432 2008 colores,
461 1961 640 2011 quisunt
667 1973 738 2010 per
765 1974 806 1999 se
829 1961 1010 1999 visibiles.
1032 1961 1154 2008 Quod
1181 1973 1263 1998 non
1292 1969 1349 1998 est
1404 1973 1475 2010 pra
1493 1961 1514 1983 ’¹²
1542 1961 1651 2010 quod
1680 1968 1736 1998 est
1763 1960 1975 1998 substantia
2003 1960 2277 2006 intellectualis,
2307 1968 2343 1997 et
2371 1961 2479 2010 quod

270 2014 376 2052 aliud
399 2027 521 2064 quam
549 2027 626 2052 ens.
646 2013 883 2052 Naturaliter
900 2014 1014 2063 igitur
1041 2014 1253 2051 intellectus
1279 2027 1348 2051 no-
1404 2016 1511 2051 nulla
1529 2014 1613 2052 talis
1631 2014 1845 2051 substantia
1862 2013 2066 2051 materiam
2085 2014 2212 2051 habet.
2234 2013 2480 2062 Relinquitur

270 2075 347 2105 ster
374 2067 572 2118 cognoscit
600 2079 680 2114 ens,
710 2075 747 2105 et
775 2079 820 2105 ea
840 2074 1056 2118 quae.sunt
1083 2080 1154 2118 per
1181 2080 1222 2104 se
1251 2068 1348 2105 entis
1404 2079 1496 2116 ergo
1525 2068 1633 2117 quod
1663 2068 1881 2105 secundum
1910 2066 2089 2104 ordinem
2117 2067 2167 2104 ad
2196 2066 2367 2104 diversas
2396 2079 2477 2104 ma-

270 2121 507 2173 inquantum
542 2120 788 2168 huiusmodi;
818 2120 859 2158 in
895 2133 973 2171 qua
1008 2120 1228 2170 cognitione
1262 2122 1347 2158 fun·
1404 2121 1517 2158 terias
1537 2121 1680 2170 quibus
1709 2120 1862 2158 animae
1882 2120 2082 2167 uniuntur,
2102 2120 2302 2158 diversitas
2330 2128 2366 2157 et
2392 2121 2477 2170 plu-

271 2175 386 2214 datur
403 2175 626 2225 primorum
644 2174 928 2225 principiorum
946 2173 1092 2221 notitia,
1112 2182 1155 2212 ut
1175 2188 1250 2213 non
1272 2187 1349 2212 esse
1364 2189 1387 2209 ³⁵
1405 2174 1531 2212 ralitas
1551 2174 1772 2212 animarum
1802 2181 1988 2221 sumatur,
2009 2186 2056 2211 eo
2077 2174 2197 2211 modo
2217 2186 2298 2223 quo
2326 2185 2444 2223 supra
2457 2174 2478 2196 ’¹‘

269 2230 382 2268 simul
394 2230 594 2278 affirmare
607 2234 641 2265 et
655 2241 811 2279 negare,
832 2236 869 2265 et
887 2227 962 2266 alia
979 2227 1220 2266 huiusmodi.
1241 2229 1349 2266 Haec
1405 2228 1552 2266 dictum
1582 2236 1648 2265 est.
1679 2227 1720 2265 Si
1755 2227 1869 2275 igitur
1904 2235 1993 2264 sunt
2027 2227 2179 2264 diversa
2207 2239 2383 2276 corpora,
2412 2239 2477 2264 ne-

269 2282 384 2331 igitur
411 2284 493 2319 sola
520 2281 710 2332 principia
732 2282 945 2319 intellectus
968 2289 1100 2319 noster
1126 2282 1350 2319 naturaliter
1405 2294 1511 2318 cesse
1531 2289 1587 2318 est
1605 2281 1714 2331 quod
1743 2281 1911 2318 habeant
1930 2281 2102 2318 diversas
2123 2280 2273 2318 animas
2301 2280 2373 2318 sibi
2392 2281 2477 2318 uni-

270 2335 479 2385 cognoscit,
500 2335 771 2372 conclusiones
790 2342 922 2373 autem
940 2347 1012 2385 per
1034 2334 1135 2385 ipsa:
1163 2335 1261 2373 sicut
1279 2347 1350 2385 per
1404 2343 1473 2372 tas.
1503 2336 1596 2372 Non
1626 2334 1739 2383 igitur
1766 2346 1846 2371 una
1874 2334 2050 2383 pluribus
2078 2334 2221 2371 unitur.

271 2391 445 2428 colorem
466 2388 664 2438 cognoscit
682 2388 790 2426 visus
808 2396 889 2426 tam
909 2387 1103 2426 sensibilia
1120 2389 1347 2426 communia
1458 2388 1612 2425 Adhuc.
1647 2388 1862 2425 Ostensum
1899 2395 1956 2424 est
1988 2399 2105 2437 supra
2123 2387 2144 2409 '¹‘
2176 2387 2349 2424 animam
2376 2386 2478 2423 uniri

271 2455 393 2494 quam
421 2442 614 2480 sensibilia
642 2454 713 2492 per
740 2441 930 2480 accidens.
1362 2455 1390 2475 40
1405 2441 1560 2491 corpori
1588 2449 1631 2478 ut
1658 2441 1838 2479 formam.
1869 2441 2032 2478 Formas
2061 2447 2192 2478 autem
2222 2447 2374 2489 oportet
2394 2452 2477 2477 esse

325 2497 539 2534 Praeterea.
568 2496 611 2534 Id
630 2495 739 2545 quod
757 2507 829 2545 per
846 2507 1007 2533 sensum
1025 2494 1066 2533 in
1084 2494 1199 2532 nobis
1217 2494 1348 2545 acqui·
1404 2494 1571 2544 propriis
1589 2494 1760 2532 materiis
1778 2494 2104 2544 proportionatas:
2131 2506 2223 2531 cum
2242 2506 2283 2530 se
2311 2493 2478 2530 habeant

272 2550 377 2595 titur,
392 2561 474 2586 non
494 2549 605 2587 infuit
622 2549 777 2588 animae
796 2557 886 2587 ante
900 2561 1055 2599 corpus.
1073 2549 1151 2587 Sed
1170 2548 1348 2598 ipsorum
1403 2549 1453 2585 ad
1473 2547 1643 2585 invicem
1662 2547 1760 2585 sicut
1778 2547 1950 2596 potentia
1969 2555 2006 2584 et
2024 2555 2150 2593 actus;
2171 2546 2353 2596 proprius
2372 2546 2476 2584 enim

270 2602 555 2654 principiorum
590 2602 757 2652 cognitio
793 2602 833 2640 in
868 2602 982 2640 nobis
1017 2615 1064 2639 ex
1102 2602 1347 2640 sensibilibus
1404 2609 1512 2638 actus
1530 2601 1711 2651 propriae
1730 2600 1925 2650 potentiae
1940 2601 2160 2650 respondet.
2181 2601 2275 2636 Non
2291 2611 2382 2647 ergo
2397 2611 2476 2636 una

271 2664 470 2696 causatur:
501 2656 574 2694 nisi
602 2656 708 2694 enirn
727 2656 887 2706 aliquod
915 2663 1042 2693 toturn
1070 2667 1188 2693 sensu
1215 2667 1347 2705 perce·
1403 2654 1535 2692 anima
1562 2653 1740 2704 pluribus
1769 2653 2005 2704 corporibus·
2027 2653 2171 2690 unitur.

271 2710 478 2761 pissemus,
507 2722 589 2748 non
616 2722 825 2760 possemus
852 2709 1060 2758 intelligere
1088 2709 1195 2759 quod
1231 2715 1347 2747 totum
1361 2721 1385 2741 ⁴⁵
1457 2707 1648 2757 Amplius.
1678 2707 1870 2744 Virtutem
1905 2706 2067 2744 motoris
2102 2713 2254 2756 oportet
2287 2717 2370 2742 esse
2404 2718 2475 2743 suo

271 2770 362 2803 esset
381 2766 504 2801 maius
517 2769 646 2814 parte,-
674 2763 772 2801 sicut
790 2775 864 2800 nec
892 2774 1031 2800 caecus
1059 2771 1172 2800 natus
1200 2762 1346 2812 aliquid
1403 2761 1539 2798 mobili
1566 2761 1919 2810 proportionatam:
1954 2772 2036 2797 non
2064 2759 2168 2796 enim
2202 2771 2476 2808 quaecumque

271 2817 434 2867 percipit
461 2817 511 2854 de
546 2816 755 2854 coloribus.
793 2817 896 2864 Ergo
929 2827 1002 2853 nec
1037 2815 1214 2865 ipsorum
1242 2815 1347 2865 prin·
1402 2815 1525 2852 virtus
1539 2822 1674 2851 movet
1692 2814 1974 2863 quodcumque
1994 2812 2150 2850 mobile.
2171 2812 2314 2849 Anima
2333 2819 2475 2858 autem,

272 2870 467 2921 cipiorum
504 2869 672 2919 cognitio
715 2869 824 2907 affuit
866 2869 1020 2906 animae
1060 2876 1148 2906 ante
1190 2880 1345 2918 corpus.
1403 2868 1473 2905 etsi
1492 2879 1574 2904 non
1594 2867 1640 2904 sit
1658 2867 1785 2904 forma
1803 2867 1988 2916 corporis,
2007 2878 2088 2904 non
2106 2874 2238 2903 tamen
2257 2872 2383 2914 potest
2401 2865 2476 2902 dici

272 2925 398 2962 Multo
427 2923 540 2972 igitur
572 2923 704 2960 minus
739 2922 917 2960 aliorum.
955 2922 1050 2959 Non
1085 2922 1199 2971 igitur
1232 2921 1349 2959 firma
1404 2921 1513 2971 quod
1541 2933 1622 2958 non
1651 2920 1698 2957 sit
1725 2927 1856 2958 motor
1883 2919 2018 2970 ipsius:
2049 2919 2265 2957 animatum
2293 2918 2398 2956 enim
2426 2918 2475 2955 ab

273 2986 329 3015 est
351 2976 523 3015 Platonis
542 2976 638 3014 ratio
659 2976 768 3026 quod
789 2976 922 3013 anima
939 2975 1010 3013 fuit
1028 2983 1240 3025 antequam
1263 2988 1348 3013 cor·
1364 2988 1390 3008 ⁵0
1404 2973 1617 3012 inanimato
1648 2973 1920 3023 distinguimus
1949 2985 2066 3010 sensu
2095 2980 2130 3010 et
2157 2979 2280 3009 motu.
2311 2971 2476 3020 Oportet

272 3031 359 3081 pori
387 3030 573 3068 uniretur.
1404 3027 1518 3077 igitur
1545 3027 1764 3065 secundum
1788 3026 2049 3064 diversitatem
2068 3037 2280 3076 corporum
2309 3036 2391 3061 esse
2420 3023 2475 3062 di-

326 3085 434 3121 Item.
467 3084 507 3121 Si
535 3095 675 3120 omnes
702 3081 856 3119 animae
884 3081 1185 3131 praeextiterunt
1210 3094 1349 3132 corpo·
1403 3081 1626 3119 versitatem
1654 3080 1888 3118 animarum.

273 3138 380 3175 ribus
409 3137 551 3187 quibus
574 3136 775 3182 uniuntur,
795 3147 1040 3184 consequens
1058 3135 1214 3172 videtur
1241 3136 1350 3185 quod
1457 3136 1564 3171 Item.
1590 3135 1632 3171 In
1652 3134 1712 3170 his
1731 3145 1833 3184 quae
1851 3140 2085 3182 generantur
2104 3140 2140 3169 et
2159 3138 2473 3180 corrumpuntur,

274 3192 413 3230 eadem
442 3190 573 3229 anima
601 3189 821 3227 secundum
857 3188 1163 3226 vicissitudinem
1197 3196 1349 3238 tempo·
1404 3186 1644 3238 impossibile
1673 3195 1728 3224 est
1755 3199 1826 3236 per
1852 3185 2141 3235 generationem
2170 3183 2338 3221 reiterari
2369 3183 2472 3220 idem

274 3257 364 3282 rum
392 3243 553 3282 diversis
582 3242 811 3293 corporibus
839 3241 1007 3279 uniatur.
1038 3241 1159 3289 Quod
1188 3241 1349 3291 quidem
1364 3255 1387 3276 ss
1404 3253 1589 3278 numero:
1628 3253 1720 3278 cum
1758 3239 1863 3277 enim
1897 3238 2092 3288 generatio
2126 3246 2163 3275 et
2197 3236 2392 3286 corruptio
2429 3235 2475 3273 sit

273 3306 405 3348 aperte
424 3297 677 3347 consequitur
695 3303 886 3346 ponentes
904 3294 1168 3333 aeternitatem
1195 3295 1346 3333 mundi.
1405 3302 1537 3332 motus
1565 3294 1605 3331 in
1633 3293 1899 3338 substantiam,
1928 3292 1968 3329 in
1987 3291 2048 3328 his
2067 3304 2168 3341 quae
2188 3297 2420 3339 generantur
2438 3298 2474 3327 et

330 3422 343 3447 5
362 3421 495 3455 virtutem]
514 3421 650 3446 veritatem
671 3419 829 3445 aDWZch.
902 3418 918 3444 6
936 3417 1033 3451 potest]
1052 3418 1122 3443 valet
1139 3418 1172 3443 D.
1250 3426 1264 3450 7
1284 3425 1331 3451 per
1349 3425 1392 3443 om
1412 3418 1462 3443 uX.
1534 3418 1560 3442 in
1580 3425 1612 3442 eo
1631 3417 1685 3450 qui]
1705 3417 1731 3441 in
1751 3424 1782 3441 eo
1796 3417 1867 3449 quod
1880 3423 1905 3447 α,
1918 3415 1950 3440 ab
1970 3422 2002 3440 eo
2021 3415 2065 3448 qui
2085 3415 2116 3440 D.
2190 3421 2223 3439 ιο
2237 3414 2315 3448 esset]
2330 3415 2428 3440 inesset
2445 3415 2473 3440 Z.

275 3465 307 3483 12
328 3456 465 3490 sententia]
484 3457 590 3482 scientia
610 3457 677 3482 DPc.
763 3462 797 3487 ¹4
815 3455 883 3487 apud
901 3462 995 3479 ornnes
1015 3454 1107 3478 eadem
1125 3453 1262 3486 sententia]
1281 3453 1373 3478 eadem
1393 3453 1500 3479 scientia
1518 3453 1587 3486 apud
1605 3460 1699 3478 omnes
1719 3452 1762 3477 Pe.
1848 3458 1882 3483 24
1900 3450 2011 3483 oportet]
2030 3450 2159 3482 oportebit
2177 3450 2226 3475 Pd.
2310 3450 2342 3475 30
2361 3450 2475 3476 sicut...

275 3493 325 3518 535
346 3501 361 3518 a
382 3492 414 3526 37
433 3493 589 3518 intellectiva
606 3493 639 3517 ob
651 3492 752 3525 solium
776 3491 898 3516 excisum
916 3490 967 3515 lac.
986 3489 1017 3515 N.
1110 3488 1141 3514 32
1162 3496 1220 3515 ens.
1242 3489 1398 3514 Naturaliter
1418 3489 1496 3522 igitur
1520 3489 1578 3514 sine
1602 3488 1816 3520 interpunctione
1834 3487 1876 3518 cd,
1900 3494 1946 3511 ens
1970 3486 2128 3511 naturaliter.
2150 3486 2230 3518 Igitur
2247 3486 2278 3511 P.
2369 3485 2402 3519 39
2419 3491 2473 3511 nm

273 3527 417 3562 sensibilia]
437 3529 526 3554 omnia
544 3528 678 3553 sensibilia
695 3532 747 3552 tam
767 3527 816 3552 Pd.
888 3533 922 3556 42
942 3525 1016 3550 infuit
1035 3525 1078 3550 lta
1097 3524 1242 3555 Gwszc;
1261 3524 1344 3550 influit
1361 3525 1451 3550 ceteri.
1523 3523 1559 3556 48
1578 3524 1647 3549 affuit
1666 3522 1775 3556 animae]
1794 3522 1896 3547 animae
1915 3521 1988 3546 infuit
1999 3522 2028 3551 Z,
2047 3521 2128 3546 affluit
2146 3521 2247 3546 anixnae
2261 3521 2293 3547 E.
2365 3520 2399 3546 50
2417 3521 2473 3555 fuit]

273 3565 351 3590 fuerit
369 3565 392 3595 b,
412 3564 497 3589 sciens
516 3563 595 3589 addit
612 3564 642 3589 Z.
733 3563 834 3595 corpori
850 3565 913 3593 post
930 3561 1047 3586 uniretur
1065 3560 1133 3586 DPc.

327 3608 344 3634 9
362 3598 460 3632 tamen]
480 3607 540 3624 cum
559 3598 660 3629 Dch,
680 3606 741 3623 cum
759 3598 824 3623 haec
843 3598 870 3624 P.
945 3603 973 3622 11
997 3595 1070 3629 nulli]
1091 3595 1126 3620 nil
1145 3595 1201 3627 EG,
1220 3595 1282 3620 nihil
1301 3595 1324 3621 b.
1399 3594 1430 3620 25
1452 3595 1539 3628 specie
1559 3593 1697 3626 differrent]
1718 3598 1807 3618 essent
1826 3596 1879 3626 (om
1899 3591 1932 3624 E)
1952 3591 2038 3625 specie
2057 3592 2205 3617 differentes
2224 3592 2295 3618 EGb.
2369 3592 2403 3618 26
2423 3592 2472 3625 eat]

273 3637 342 3661 inest
360 3635 403 3661 Pe.
496 3634 528 3659 30
547 3634 654 3659 materia
674 3634 717 3659 Ira
736 3633 869 3663 DZsYPc;
888 3633 1010 3657 materiae
1027 3631 1118 3657 ceteri.
1208 3637 1239 3662 41
1256 3630 1368 3664 pmpriis
1386 3631 1501 3655 materiis
1519 3628 1738 3663 proportionum]
1752 3628 1823 3661 prius
1842 3628 1956 3653 materiis
1969 3627 2170 3660 proportionatis
2189 3627 2249 3652 oeW.
2340 3635 2373 3660 4²
2394 3628 2472 3661 enim]

274 3676 362 3697 autem
380 3670 492 3701 aDXPc,
509 3677 570 3695 cum
588 3670 631 3696 W.
721 3669 757 3701 48
776 3677 829 3694 non
847 3668 889 3701 sit]
909 3669 942 3693 sit
961 3667 1040 3693 EGY.
1125 3675 1161 3700 49
1179 3665 1258 3699 enim]
1278 3671 1366 3691 autem
1384 3665 1528 3691 aDWXPc.

2508 1958 2516 1966 ·
2546 1956 2603 1984 Cap.
2631 1963 2658 1984 ι,
2688 1963 2718 1983 ιι,

2507 1989 2588 2005 ιινιιι.

2505 2172 2514 2182 ·
2551 2171 2607 2199 Cap.
2650 2178 2719 2198 uxx,

2505 2204 2584 2220 Lxxxi.

2506 2393 2515 2402 '
2530 2391 2588 2419 Cap.
2598 2397 2680 2413 ιινιιι.
