2768 4134
213 532 219 549 l

12 571 19 603 ¹,
60 581 273 606 ‘Num.vn.1tem.-

60 608 96 630 ef.
106 607 212 634 Scotum,
221 607 235 628 Ι.
244 613 273 633 c..

8 691 23 712 :m

7 706 22 757 ξ’

59 641 126 684 ³¹13:
136 642 161 683 nis
174 667 205 687 rx,
222 660 273 682 init.

39 1553 132 1594 ³801.
145 1577 212 1599 ¹¹4.

39 2047 42 2085 s
55 2067 72 2078 ⁴
85 2065 138 2088 Lib.
148 2065 178 2093 u.
190 2071 212 2088 e.
222 2066 263 2088 ult.

59 2110 73 2122 ⁶
85 2109 157 2133 Num.
167 2115 210 2137 vu,
219 2115 239 2132 2.

42 2178 44 2180 ,
56 2154 73 2166 ⁴
86 2153 113 2183 Ῐῃ
122 2153 169 2176 hoc
181 2159 243 2182 ειμι
257 2157 279 2175 et

34 2202 35 2206 ,
46 2186 115 2209 >anp-
124 2186 171 2203 nv.

883 282 1072 320 SUMMA
1102 283 1323 327 CONTRA
1351 285 1628 336 GENTILES,
1659 288 1770 325 CAP.
1791 290 1925 326 LXVI.

302 362 391 388 tenet
413 357 523 398 regula
546 359 599 389 illa
623 359 680 389 ubi
702 359 884 399 propositio
909 360 1061 400 importet
1083 370 1268 392 mensuram
1292 371 1376 402 quae

302 408 350 433 est
373 403 557 433 aeternitas:
583 404 669 443 quia,
693 410 730 434 ut
754 404 878 436 dictum
901 410 959 440 est,
985 406 1164 442 aeternitas,
1187 412 1255 436 tota
1280 408 1376 437 simul

302 448 450 483 existens,
468 448 564 479 simul
581 454 756 489 utrumque
772 450 1011 490 oppositorum,
1029 456 1060 480 et
1076 460 1144 481 esse
1169 456 1200 481 et
1222 460 1291 481 non
1307 461 1376 482 esse

301 492 348 522 rei
362 498 538 530 mensurat,
554 498 710 533 tanquam
731 502 884 524 mensura
906 495 1090 524 communis
1106 501 1137 525 et
1152 495 1374 536 inadaequata‚

301 541 338 566 ut
352 537 456 577 possit
471 536 536 568 dici
552 537 643 577 quod
658 538 693 568 in
708 539 894 569 aeternitate
910 548 959 568 res
976 539 1071 569 habet
1087 549 1154 570 esse
1171 546 1203 570 et
1213 550 1282 570 non
1295 550 1374 571 esse.

357 581 440 612 XIII.
465 581 528 612 Pro
552 583 766 622 responsione
790 583 829 613 ad
857 582 1140 614 confirmationem
1155 585 1181 620 ⁴2
1207 584 1375 615 sciendum

302 635 341 656 ex
364 625 511 656 doctrina
534 626 643 658 Sancti
667 627 816 658 Thomae
840 629 873 658 in
896 629 975 658 locis
999 629 1217 669 praeallegatis
1230 631 1256 666 ξ,
1285 630 1375 670 quod

301 671 377 701 licet
400 680 528 706 aevum,
553 680 621 711 quo
646 681 715 702 esse
736 673 934 712 <angelorum
962 680 1174 710 mensuratur,
1199 675 1238 704 sit
1268 680 1375 705 totum

301 715 398 746 simul
416 721 448 746 et
470 715 594 746 nullam
617 717 732 747 habeat
755 718 895 757 partium
919 717 1144 754 diversitatem,
1161 719 1244 749 sicut
1266 729 1373 759 neque

301 760 480 796 aeternitas,
500 765 610 791 tamen
633 761 775 802 aliquam
799 764 1039 793 successionem
1056 769 1086 794 et
1103 763 1295 793 divisionem
1318 773 1375 804 pa-

300 805 378 835 titur
401 804 534 845 adiungi
550 806 611 836 sibi
627 806 660 836 in
675 816 715 836 eo
736 807 826 846 quod
849 818 930 839 aevo
954 813 1169 838 mensuratur:
1192 808 1282 847 quod
1298 818 1373 839 sane

302 854 349 879 est
372 850 411 879 ab
435 851 621 881 aeternitate
653 851 806 888 alienum,
831 862 914 892 quae
943 852 1066 883 nullam
1097 852 1319 883 alterationem
1343 858 1374 883 et

301 894 543 925 successionem
566 896 599 926 in
623 905 658 926 re
689 902 818 927 aeterna
848 898 1054 937 compatitur.
1078 897 1183 933 Unde,
1207 897 1283 927 licet
1305 907 1374 928 esse

300 940 347 970 rei
370 940 550 970 aeviternae
570 941 610 970 sit
631 944 741 971 totum
763 942 870 977 simul,
887 941 1033 981 operatio
1057 947 1166 971 tamen
1189 941 1295 981 angeli
1310 951 1375 982 qua

300 993 350 1015 res
373 984 450 1015 alias
473 995 491 1015 a
514 995 548 1015 se
571 985 730 1026 intelligit,
746 995 814 1016 non
839 991 886 1016 est
908 992 977 1016 tota
995 986 1102 1021 simul,
1126 986 1183 1016 sed
1206 987 1263 1016 uni
1281 986 1374 1016 intel-

300 1029 432 1060 lectioni
456 1029 600 1060 succedit
619 1030 690 1060 alia.
708 1030 749 1060 Et
772 1029 846 1060 ideo
870 1030 1046 1060 intellectio
1071 1030 1175 1070 angeli
1198 1040 1267 1060 non
1282 1040 1374 1061 men-

300 1079 426 1105 suratur
449 1084 541 1111 aevo,
559 1074 650 1115 quod
671 1085 741 1105 non
764 1075 861 1104 habet
883 1075 1134 1111 successionem,
1151 1075 1207 1105 sed
1227 1080 1374 1115 tempore

300 1119 450 1156 discreto,
475 1119 566 1160 quod
588 1120 828 1150 successionem
851 1119 948 1150 habet
970 1120 1053 1150 sicut
1076 1125 1107 1149 et
1129 1120 1198 1159 ipsa
1217 1120 1373 1159 operatio.

300 1163 395 1195 Unde
419 1163 527 1204 plures
550 1163 787 1194 intellectiones
811 1169 958 1203 tempore
978 1163 1116 1194 discreto
1132 1170 1373 1200 mensurantur;

300 1210 398 1240 unica
421 1214 531 1239 autem
554 1208 731 1238 intellectio
762 1214 966 1239 mensuratur
995 1209 1125 1238 instanti
1148 1210 1303 1249 temporis
1327 1209 1374 1239 di-

300 1254 406 1285 screti.
429 1253 521 1284 Sicut
543 1258 653 1283 autem
677 1258 724 1283 est
745 1252 785 1284 de
798 1253 1030 1289 intellectione,
1052 1253 1096 1284 ita
1119 1258 1167 1283 est
1189 1253 1228 1284 de
1248 1263 1375 1293 reprae-

299 1298 493 1342 sentationed
503 1296 625 1338 speciei
650 1306 706 1338 per
729 1306 828 1338 quam
852 1296 888 1328 fit
914 1297 1105 1328 intellectio:
1135 1297 1226 1338 quod
1255 1298 1376 1328 scilicet

300 1341 644 1383 eiusrrepfaesentatio
659 1351 728 1372 non
745 1347 792 1372 est
814 1347 882 1372 tota
905 1342 1012 1379 simul,
1036 1342 1092 1372 sed
1115 1343 1306 1378 successiva,
1327 1351 1375 1373 se-

300 1387 447 1419 eundum
463 1386 555 1427 quod
569 1395 619 1417 res
634 1387 816 1417 successive
832 1387 965 1427 capiunt
981 1396 1059 1417 esse.
1081 1386 1123 1417 Et
1144 1386 1220 1417 ideo
1244 1396 1313 1417 non
1329 1391 1376 1418 est

301 1431 416 1464 eadem
438 1433 520 1462 ratio
537 1431 578 1462 de
593 1431 804 1462 similitudine
820 1431 1002 1462 intellectus
1019 1431 1156 1471 angelici
1171 1437 1203 1462 et
1219 1431 1259 1462 de
1274 1437 1376 1462 aeter-

299 1478 415 1511 nitate:
433 1477 510 1517 quia
521 1476 672 1507 videlicet
686 1477 721 1507 in
736 1477 923 1507 aeternitate
934 1476 1023 1507 nulla
1038 1482 1086 1506 est
1097 1477 1270 1512 successio,
1283 1477 1316 1506 in
1328 1485 1377 1507 re-

300 1522 562 1565 praesentatione
574 1527 684 1552 autem
695 1521 816 1562 speciei
828 1521 992 1561 angelicae
1004 1526 1112 1561 potest
1123 1530 1192 1551 esse
1204 1521 1376 1551 successio.

357 1566 406 1599 Ex
421 1566 485 1597 hoc
501 1566 648 1606 sequitur
663 1565 823 1596 rationem
839 1565 939 1602 Scoti‚
951 1566 1008 1596 ubi
1020 1574 1117 1605 supra
1128 1566 1155 1602 ’ζ
1170 1565 1251 1595 nihil
1266 1571 1379 1595 contra

301 1621 363 1644 nos
385 1610 592 1642 concludere.
617 1610 672 1640 Ait
695 1610 783 1640 enirn
799 1610 900 1651 quod,
918 1619 993 1640 cum
1015 1618 1132 1640 aevum
1155 1610 1215 1639 toti
1238 1610 1379 1650 tempori

301 1655 484 1688 secondum
511 1665 574 1686 nos
604 1655 769 1691 coexistat‚
794 1664 853 1695 per
875 1654 1013 1685 eandem
1043 1655 1203 1684 rationem
1226 1659 1380 1694 sequatur

301 1701 465 1743 angelum,
482 1701 540 1741 qui
555 1709 637 1731 aevo
653 1705 868 1735 mensuratur,
885 1700 996 1730 omnia
1015 1698 1123 1730 futura
1137 1707 1346 1739 cognoscere.
1358 1717 1380 1722 -

301 1747 429 1781 Dicitur
451 1746 540 1776 enirn
563 1743 655 1786 quod
677 1745 929 1785 repraesentatio
953 1753 1011 1785 per
1034 1744 1178 1784 speciem
1201 1743 1380 1784 angelicam

301 1801 371 1825 non
393 1796 598 1822 mensuratur
621 1799 714 1826 aevo,
730 1789 788 1820 sed
810 1795 958 1830 tempore
982 1789 1138 1820 discreto:
1163 1794 1195 1819 et
1217 1788 1292 1819 ideo
1311 1797 1380 1819 non

303 1844 351 1869 est
365 1830 435 1868 tota
451 1834 558 1866 simul.
583 1833 660 1866 Ideo
676 1844 745 1865 non
762 1840 891 1875 oportet
907 1839 943 1864 ut
959 1834 1069 1864 omnia
1085 1833 1182 1864 simul
1205 1838 1381 1873 cognoscat

303 1882 388 1924 quae
411 1879 520 1912 futura
547 1885 633 1910 sunt.
659 1878 828 1917 Quamvis,
853 1879 950 1909 etiam
973 1878 999 1909 si
1022 1883 1262 1909 mensuraretur
1288 1887 1380 1914 aevo,

303 1934 373 1958 non
396 1929 562 1966 oporteret
583 1924 626 1954 ob
645 1924 710 1954 hoc
726 1930 763 1954 ut
779 1923 885 1954 futura
902 1923 1035 1963 angelus
1059 1928 1281 1963 cognosceret,
1298 1923 1381 1952 sicut

304 1970 345 2002 de
368 1970 441 2001 Deo
466 1970 646 2010 arguimus:
666 1969 743 2008 quia
766 1968 945 2008 intelligere
968 1967 1074 2007 angeli
1092 1976 1161 1997 non
1177 1972 1382 1997 mensuratur

305 2015 493 2048 aeternitate
515 2015 599 2044 sicut
621 2013 799 2053 intelligere
816 2012 973 2048 divinum,
990 2011 1047 2042 sed
1062 2017 1210 2052 tempore
1230 2011 1380 2047 discreto,

305 2062 372 2092 sive
395 2060 527 2090 instanti
549 2058 706 2099 temporis
730 2057 869 2093 discreti,
888 2062 925 2087 ut
949 2055 1137 2087 ostendetur
1160 2055 1293 2086 inferius
1309 2057 1336 2086 θ.

361 2105 446 2136 XIV.
471 2103 524 2134 Ad
546 2101 727 2134 secundum
757 2102 895 2132 dubium
910 2102 927 2118 ³*
951 2100 1165 2141 respondetur
1192 2099 1282 2141 quod
1305 2109 1381 2140 sup-

306 2150 402 2192 ponit
423 2150 504 2180 ratio
527 2149 597 2184 ista,
617 2157 656 2178 ex
675 2147 944 2188 praecedentibus
955 2146 982 2182 *,
1003 2146 1110 2176 Deum
1129 2146 1240 2175 omnia
1258 2154 1381 2185 cogno-

306 2204 395 2226 scere
411 2203 495 2235 quae
519 2198 593 2223 actu
609 2192 790 2233 praesentia
805 2196 881 2221 sunt
891 2190 952 2220 sibi
963 2190 1145 2221 secundum
1162 2199 1241 2226 esse,
1255 2195 1287 2220 et
1298 2199 1382 2230 quae

306 2241 368 2271 sub
383 2238 498 2270 eadem
510 2237 681 2268 duratione
696 2236 817 2267 cadunt
828 2244 905 2266 cum
921 2244 979 2265 sua
993 2235 1225 2270 intellectione,
1239 2243 1279 2264 eo
1292 2233 1383 2274 quod

307 2283 445 2317 essentia
467 2292 536 2318 sua,
553 2291 620 2313 una
637 2281 786 2316 existens,
807 2281 848 2311 sit
870 2279 1049 2311 similitudo
1073 2279 1223 2310 omnium
1247 2279 1382 2309 entium.

307 2329 372 2361 Sed
395 2328 472 2370 quia
495 2327 596 2368 aliqui
612 2326 766 2357 volebant
788 2324 857 2356 non
881 2325 1006 2356 entium
1029 2325 1251 2364 cognitionem
1273 2333 1292 2353 a
1311 2324 1383 2354 Deo

306 2368 476 2407 removere
506 2382 547 2403 eo
571 2370 663 2412 quod
694 2370 826 2402 scientia
854 2370 893 2400 sit
924 2375 1051 2400 tantum
1083 2369 1218 2404 entium,
1243 2367 1384 2399 ostendit

308 2418 399 2460 'quod
422 2418 487 2448 hoc
510 2426 580 2447 non
602 2417 700 2446 habet
729 2424 896 2446 removere
921 2414 1144 2455 cognitionem
1167 2422 1235 2443 non
1259 2413 1384 2443 entium

308 2473 326 2494 a
343 2463 429 2494 Deo:
448 2462 534 2502 quia,
551 2461 626 2491 licet
641 2470 711 2490 non
727 2460 813 2490 entia
828 2460 862 2489 in
881 2460 946 2490 hoc
965 2464 1114 2499 tempore
1132 2467 1201 2488 non
1221 2458 1284 2488 sint
1299 2463 1383 2494 actu,

308 2513 384 2540 sunt
406 2514 515 2537 tamen
539 2505 728 2541 aeternitati,
753 2513 838 2545 quae
861 2509 909 2534 est
935 2513 1086 2534 mensura
1110 2502 1236 2533 divinae
1260 2502 1385 2532 intelle·

309 2553 437 2588 edonis,
453 2551 633 2591 praesentia
648 2559 709 2590 pro
725 2555 873 2589 ternpore
897 2557 957 2588 pro
974 2558 1042 2589 quo
1062 2553 1166 2578 erunt.
1191 2547 1259 2577 Nos
1276 2552 1385 2577 autem

308 2606 378 2629 uno
402 2602 476 2627 actu
490 2594 623 2626 videndi
638 2600 694 2625 aut
713 2593 913 2633 intelligendi
929 2603 997 2624 non
1021 2593 1250 2633 cognoscimus
1275 2593 1385 2622 omnia

310 2650 394 2684 quae
417 2640 513 2671 nobis
536 2639 662 2670 realiter
685 2638 864 2679 praesentia
880 2644 956 2669 sunt
978 2647 1036 2678 per
1052 2637 1304 2672 coexistentiam‚
1329 2635 1385 2666 sed

310 2697 348 2718 ea
370 2691 498 2716 tantum
521 2693 605 2724 quae
628 2689 703 2713 sunt
727 2687 801 2713 actu
825 2683 919 2713 nobis
943 2682 1123 2723 praesentia
1146 2682 1180 2711 in
1204 2690 1272 2710 esse
1296 2681 1385 2710 obie-

311 2732 408 2762 ctivo.
433 2729 509 2760 Ideo
534 2738 602 2758 non
626 2733 675 2758 est
697 2727 811 2757 simile.

365 2776 477 2806 Potest
501 2774 598 2804 etiam
621 2772 684 2802 dici
701 2771 792 2812 quod
808 2770 986 2801 differentia
1003 2776 1050 2801 est
1065 2771 1148 2800 inter
1163 2769 1384 2808 cognitionem

310 2826 455 2852 nostram
471 2824 503 2849 et
518 2817 742 2857 cognitionem
758 2815 911 2851 divinam,
929 2816 1006 2855 quia
1025 2824 1094 2845 non
1111 2814 1216 2844 omnis
1240 2813 1384 2852 cognitio

310 2865 472 2907 possibilis
495 2863 590 2894 nobis
613 2862 718 2892 inesse
735 2866 782 2891 est
802 2865 871 2890 tota
894 2860 1000 2896 simul,
1018 2858 1075 2889 sed
1097 2859 1193 2888 habet
1208 2858 1384 2887 successio-

311 2919 399 2946 nem,
417 2909 496 2939 dum
511 2916 600 2938 nunc
616 2915 731 2941 unum,
748 2914 836 2935 nunc
861 2904 948 2934 aliud
972 2903 1211 2943 cognoscimus.
1229 2901 1384 2942 Cognitio

312 2959 422 2985 autem
439 2953 546 2983 omnis
562 2950 723 2992 possibilis
741 2950 812 2979 Deo
828 2949 932 2979 inesse
957 2953 1004 2978 est
1026 2948 1060 2977 in
1075 2948 1147 2987 ipso
1172 2946 1281 2975 simul:
1309 2955 1385 2976 cum

312 2998 494 3030 intellectus
507 2997 634 3027 divinus
646 3004 715 3025 non
727 2995 767 3024 sit
778 2994 811 3023 in
824 2993 980 3033 potentia,
994 2992 1070 3032 quia
1081 2997 1148 3021 tota
1160 2990 1296 3020 latitudo
1309 2999 1385 3022 suae

313 3042 510 3084 cognitionis
533 3045 736 3071 mensuratur
751 3038 947 3072 aetemitate‚
964 3046 1048 3076 quae
1063 3035 1302 3066 successionem
1318 3044 1386 3065 non

313 3090 420 3123 habet,
445 3086 502 3117 sed
525 3091 572 3116 est
594 3090 662 3115 tota
687 3083 792 3114 simul.
817 3083 952 3122 Propter
972 3081 1036 3111 hoc
1060 3081 1143 3110 bene
1165 3080 1307 3119 arguitur
1330 3080 1385 3110 sic.

314 3133 459 3164 Tantum
483 3141 516 3162 se
540 3129 682 3161 extendit
706 3127 850 3168 cognitio
868 3127 974 3157 divina
991 3131 1150 3166 quantum
1172 3134 1230 3154 sua
1248 3123 1386 3166 duratio,

316 3187 399 3219 quae
424 3182 471 3207 est
494 3175 675 3206 aeternitas:
694 3174 770 3214 quia
793 3177 861 3202 tota
883 3169 1018 3201 latitudo
1043 3169 1238 3210 cognitionis
1262 3165 1388 3199 divinae

314 3226 519 3253 mensuratur
542 3219 726 3250 aeternitate
754 3223 909 3257 tanquam
939 3224 1090 3245 mensura
1113 3214 1299 3254 adaequata.
1325 3212 1388 3243 Sed

315 3267 485 3298 aeternitas
516 3261 763 3304 comprehendit
793 3270 890 3292 omne
920 3265 1063 3299 tempus:
1090 3264 1121 3289 et
1151 3262 1389 3298 consequenter

315 3321 416 3342 omne
433 3309 525 3351 quod
541 3315 588 3340 est
603 3309 636 3339 in
656 3315 868 3348 quocumque
883 3311 1041 3344 tempore.
1061 3303 1148 3343 Ergo
1165 3308 1197 3333 et
1212 3302 1388 3333 intellectio

317 3356 426 3388 divina
441 3365 474 3386 se
499 3353 641 3385 extendit
663 3352 703 3383 ad
731 3361 829 3382 omne
852 3356 990 3390 tempus,
1015 3354 1047 3379 et
1071 3347 1110 3378 ad
1133 3357 1202 3378 esse
1224 3356 1334 3378 rerum
1355 3347 1389 3376 in

318 3409 531 3442 quocumque
543 3405 701 3438 ternpore.
715 3397 756 3427 Et
768 3397 813 3426 sic
825 3394 971 3435 procedit
982 3394 1063 3423 ratio
1076 3392 1184 3423 Sancti
1197 3391 1354 3421 Thomae.
1366 3409 1389 3412 -

317 3446 395 3477 Non
409 3446 530 3476 valeret
545 3449 654 3475 autern
670 3446 896 3482 argumentum
912 3439 952 3470 de
964 3437 1151 3478 cognitione
1167 3441 1287 3466 nostra.
1304 3435 1390 3473 Quia

317 3491 422 3521 maior
446 3483 528 3520 esset
547 3488 635 3524 falsa,
660 3487 791 3522 scilicet,
820 3481 959 3515 Tantum
983 3492 1016 3513 se
1036 3480 1182 3512 extendit
1204 3485 1319 3510 nostra
1335 3489 1389 3509 co-

314 3535 426 3577 gnitio
442 3543 540 3575 quam
565 3542 652 3563 nunc
673 3532 835 3565 habemus,
853 3533 1007 3570 quantum
1023 3536 1058 3556 se
1073 3525 1217 3556 extendit
1236 3533 1390 3555 mensura

319 3580 432 3620 ipsius,
449 3587 532 3620 quae
556 3583 604 3608 est
618 3582 742 3617 tempus
752 3581 923 3616 praesens:
945 3572 1021 3612 quia
1035 3576 1104 3601 tota
1126 3569 1262 3600 latitudo
1279 3569 1390 3608 cogni-

316 3624 417 3655 tionis
432 3624 526 3654 nobis
550 3621 710 3662 possibilis
726 3621 830 3650 inesse
845 3628 914 3649 non
936 3620 1137 3647 mensuratur
1159 3614 1223 3644 hoc
1243 3618 1390 3653 tempore

319 3669 479 3708 praesenti
502 3667 722 3698 demonstrato
749 3671 904 3704 tanquam
927 3670 1077 3692 mensura
1098 3658 1289 3698 adaequata;
1315 3666 1390 3687 cum

2430 292 2500 340 189

1430 366 1464 395 in
1487 371 1596 396 nostra
1620 367 1805 407 cognitione
1822 368 1861 398 sit
1884 369 2044 399 successio
2061 368 2257 399 diversarum
2273 370 2498 410 cognitionum

1430 410 1611 441 secundum
1634 411 1757 442 diversa
1780 417 1936 452 tempora.
1953 413 2028 443 Non
2052 419 2099 444 est
2122 423 2199 453 ergo
2223 414 2335 444 similis
2357 415 2438 445 ratio
2458 415 2498 446 de

1430 455 1606 495 intelligere
1630 455 1741 486 divino
1758 461 1790 486 et
1805 456 1844 486 de
1868 457 2043 497 intelligere
2066 463 2189 488 nostro.
2211 458 2303 489 Esset
2325 464 2434 490 autem
2457 460 2498 490 si-

1430 499 1507 530 mile
1531 499 1557 529 si
1587 505 1716 540 tempus
1747 510 1898 540 praesens
1927 502 1960 531 in
1985 511 2051 541 quo
2077 508 2123 532 est
2146 502 2208 533 hoc
2238 503 2415 543 intelligere
2438 513 2498 534 no-

1430 548 1542 579 strum,
1567 550 1649 574 esset
1670 554 1823 574 mensura
1850 545 2026 586 adaequata
2057 547 2163 577 omnis
2186 547 2381 586 cognitionis
2403 549 2497 579 nobis

1429 588 1591 627 possibilis
1614 589 1648 619 in
1675 589 1747 628 ipso
1771 595 1928 629 tempore,
1952 590 1995 620 ita
2019 591 2109 631 quod
2137 595 2204 621 tota
2226 591 2362 622 latitudo
2386 593 2497 623 huius—

1429 632 1519 663 modi
1544 634 1739 673 cognitionis
1770 640 2008 665 mensuraretur
2034 635 2097 665 hoc
2125 641 2285 675 ternpore:
2311 646 2386 667 cum
2410 638 2496 667 enim

1429 677 1493 707 hoc
1516 683 1664 717 ternpore
1691 679 1852 718 possimus
1877 679 1987 709 omnia
2009 689 2093 719 quae
2120 681 2292 712 nobiscum
2316 682 2497 712 coexistunt

1429 731 1626 761 cognoscere
1643 722 1770 752 divisim
1785 723 1963 763 loquendo,
1981 729 2012 754 et
2027 730 2186 764 quantum
2209 731 2256 755 est
2279 734 2317 755 ex
2340 731 2428 765 parte
2448 727 2496 756 in-

1429 766 1585 802 tellectus,
1603 772 1791 807 sequeretur
1808 767 1898 807 quod
1913 768 1985 808 ipso
2001 768 2177 808 intelligere
2194 770 2303 800 omnia
2325 770 2496 800 nobiscum

1429 811 1594 841 existentia
1617 811 1877 852 intelligeremus
1902 812 1943 842 Et
1971 813 1996 842 si
2019 822 2216 852 poneremus
2239 814 2346 854 ipsum
2369 819 2496 854 tempus

1428 864 1516 886 nunc
1539 865 1688 895 praesens
1705 857 1879 887 coexistere
1903 857 1999 886 simul
2022 858 2161 897 tempori
2177 859 2346 898 praeterito
2371 864 2402 888 et
2416 865 2496 889 tem-

1428 900 1499 939 pori
1523 899 1644 936 futuro‚
1669 910 1705 931 ac
1730 910 1786 940 per
1816 901 2093 942 hocmensnrare
2117 911 2250 933 omnem
2274 903 2495 943 cognitionem

1428 945 1617 984 possibilem
1631 946 1665 975 in
1681 945 1775 975 nobis
1799 955 1868 976 esse
1891 946 1924 976 in
1948 940 2095 986 tempore
2118 948 2288 986 praeterito
2309 953 2340 977 et
2363 948 2395 977 in
2416 953 2496 977 tem-

1428 997 1508 1028 pore
1531 988 1652 1025 futur0‚
1677 995 1754 1020 tunc
1774 999 1831 1030 per
1854 1000 2004 1030 praesens
2027 990 2204 1031 intelligere
2228 1001 2497 1032 cognosceremus

1429 1038 1460 1063 et
1479 1034 1647 1073 praeterita
1670 1040 1701 1064 et
1724 1036 1912 1074 praesentia.
1930 1034 2016 1073 Quia
2039 1041 2147 1066 autem
2170 1037 2233 1067 hoc
2257 1046 2324 1067 non
2349 1042 2406 1072 est,
2422 1036 2496 1067 ideo

1428 1087 1496 1107 non
1520 1083 1566 1107 est
1589 1078 1702 1109 simile.

1484 1122 1553 1152 XV.
1578 1122 1747 1160 Quantum
1771 1122 1810 1153 ad
1840 1123 2020 1154 secundum
2036 1125 2063 1160 ὓ,
2088 1124 2153 1155 duo
2184 1130 2337 1156 notantur
2359 1125 2399 1155 ad
2423 1135 2497 1165 pro-

1428 1165 1520 1196 batae
1550 1167 1769 1197 conclusionis
1802 1167 2062 1199 declarationem.
2093 1169 2237 1199 Primum
2268 1175 2316 1200 est
2346 1169 2436 1209 quod
2460 1179 2497 1200 ea

1430 1220 1513 1250 quae
1536 1221 1596 1241 nec
1620 1217 1695 1242 sunt
1717 1221 1778 1242 nec
1794 1218 1887 1243 erunt
1903 1222 1963 1243 nec
1987 1212 2127 1249 fuerunt,
2144 1214 2234 1244 aliter
2257 1220 2498 1254 cognoscuntur

1430 1264 1528 1295 quam
1552 1265 1589 1286 ea
1605 1266 1687 1295 quae
1703 1262 1778 1286 sunt
1796 1258 1974 1296 praesentia
1989 1258 2040 1288 vel
2055 1260 2224 1298 praeterita
2239 1259 2290 1289 vel
2309 1258 2425 1289 futura.
2442 1258 2498 1289 Illa

1430 1299 1517 1329 enim
1541 1306 1782 1339 cognoscuntur
1804 1311 1871 1331 non
1888 1302 1919 1331 in
1945 1302 2066 1341 seipsis,
2083 1302 2139 1333 sed
2162 1309 2198 1333 ut
2213 1303 2379 1334 existentia
2401 1303 2434 1334 in
2451 1303 2498 1334 di-

1430 1344 1503 1373 vina
1526 1345 1685 1383 potentia:
1703 1351 1734 1375 et
1750 1345 1900 1376 dicuntur
1917 1347 2070 1386 cognosci
2093 1348 2206 1378 notitia
2229 1347 2382 1388 simplicis
2405 1346 2497 1380 intel-

1431 1388 1595 1429 ligentiae.
1620 1389 1681 1419 Ista
1696 1399 1773 1419 vero
1798 1396 2039 1430 cognoscuntur
2054 1396 2090 1420 ut
2109 1392 2274 1422 existentia
2295 1392 2329 1422 in
2353 1393 2497 1432 potentia

1430 1442 1498 1468 sua,
1521 1433 1555 1463 in
1579 1434 1716 1473 propriis
1739 1435 1852 1470 causis,
1870 1440 1901 1465 et
1917 1435 1949 1464 in
1973 1436 2098 1475 seipsis:
2124 1442 2155 1466 et
2170 1436 2321 1467 dicuntur
2345 1437 2497 1476 cognosci

1430 1477 1545 1507 notitia
1568 1477 1712 1508 visionis.

1488 1521 1675 1553 Secundum
1699 1528 1746 1552 est
1761 1523 1851 1562 quod
1867 1525 2016 1554 omnium
2032 1524 2144 1554 talium
2165 1525 2384 1564 cognitionem
2404 1525 2500 1555 habet

1433 1565 1521 1596 Deus
1545 1575 1602 1605 per
1626 1567 1797 1597 essentiam
1820 1577 1927 1598 suam:
1953 1569 2147 1608 inquantum
2164 1574 2210 1598 est
2225 1569 2498 1608 repraesentabilis

1433 1610 1614 1640 secundum
1637 1610 1738 1641 multa
1762 1620 1845 1651 quae
1868 1621 1936 1642 non
1960 1618 2034 1642 sunt
2064 1621 2124 1643 nec
2148 1618 2242 1643 erunt
2270 1622 2330 1643 nec
2361 1612 2500 1649 fuerunt,

1434 1654 1532 1694 (quae
1563 1654 1603 1684 ad
1633 1656 1770 1695 primam
1801 1656 2022 1695 cognitionem
2053 1657 2242 1696 pertinent);
2268 1657 2341 1697 [est]
2368 1666 2501 1697 quoque

1434 1698 1610 1729 similitudo
1630 1700 1755 1730 virtutis
1776 1700 1946 1731 cuiuslibet
1969 1710 2098 1737 causae;
2120 1706 2151 1731 et
2173 1710 2241 1731 esse
2265 1701 2435 1731 cuiuslibet
2457 1702 2503 1731 rei

1435 1743 1526 1783 quod
1544 1744 1640 1774 habet
1658 1745 1691 1774 in
1715 1744 1828 1784 seipsa.
1975 1771 1977 1773 μ

1491 1787 1539 1818 Ex
1563 1789 1681 1828 quibus
1704 1794 1793 1829 patet
1815 1790 1983 1829 responsio
2012 1789 2053 1820 ad
2082 1790 2301 1820 obiectionem
2331 1799 2414 1829 quae
2438 1795 2504 1820 erat

1436 1832 1527 1873 quod
1554 1833 1686 1863 scientia
1715 1839 1780 1863 erat
1808 1839 1933 1864 tanturn
1964 1835 2088 1864 entium
2104 1835 2131 1864 ³⁹.
2155 1833 2280 1864 Dicitur
2303 1834 2390 1864 enim
2414 1833 2504 1874 quod

1436 1877 1547 1907 omnia
1571 1878 1700 1918 cognita
1719 1887 1737 1907 a
1760 1878 1832 1908 Deo
1849 1878 1959 1918 aliquo
1982 1877 2083 1909 modo
2108 1884 2195 1908 sunt:
2214 1879 2290 1919 quia
2308 1879 2359 1908 vel
2378 1883 2452 1908 sunt
2470 1879 2503 1909 in

1435 1921 1581 1962 potentia
1604 1921 1675 1958 Dei,
1699 1922 1751 1952 vel
1774 1922 1807 1952 in
1831 1923 1896 1952 suis
1921 1923 2024 1952 causis
2054 1923 2219 1962 proximis,
2243 1922 2294 1953 vel
2323 1923 2357 1952 in
2380 1923 2502 1963 seipsiS.

1492 1965 1723 1996 Conrnumrtm
1733 1967 1901 1997 conclusio
1915 1968 2103 1997 auctoritate
2110 1967 2211 1998 Eccli.
2219 1977 2303 2002 xxm,
2313 1972 2344 1996 et
2356 1967 2470 1998 Ierem.
2481 1977 2502 1997 1.

1492 2019 1522 2040 2.
1546 2010 1791 2041 Advertendum
1813 2020 1873 2050 pro
1904 2012 2019 2042 notitia
2046 2011 2258 2042 distinctionis
2280 2011 2366 2041 illius
2391 2012 2503 2052 cogni-

1435 2055 1532 2084 tionis
1545 2054 1672 2086 divinae
1687 2055 1721 2085 in
1738 2055 1885 2085 notitiam
1900 2055 2055 2096 simplicis
2070 2056 2304 2097 intelligentiae
2316 2060 2347 2085 et
2359 2056 2501 2091 visionis,

1436 2098 1526 2139 quod
1551 2109 1618 2130 non
1642 2105 1689 2129 est
1711 2100 1770 2130 ista
1794 2098 1955 2130 distinctio
1980 2100 2166 2140 accipienda
2197 2110 2234 2130 ex
2257 2105 2346 2140 parte
2376 2100 2502 2130 divinae

1436 2143 1598 2179 scientiae,
1615 2145 1706 2184 quasi
1721 2145 1790 2184 ipsa
1812 2144 1845 2174 in
1869 2154 1901 2174 se
1922 2144 2064 2184 aliquam
2086 2144 2355 2184 multiplicitatem
2377 2144 2502 2180 habeat,

1437 2197 1513 2218 cum
1537 2187 1660 2218 dictum
1688 2189 1729 2218 sit
1751 2189 1926 2228 superius*
1949 2188 2057 2219 Deum
2081 2190 2191 2219 omnia
2219 2198 2285 2219 una
2311 2189 2448 2229 simplici
2472 2194 2503 2219 et

1436 2231 1621 2263 indivisibili
1649 2233 1764 2263 notitia
1794 2242 2007 2272 cognoscere:
2032 2233 2088 2263 sed
2115 2243 2153 2264 ex
2182 2238 2271 2273 parte
2301 2234 2503 2264 obiectorum

1438 2286 1521 2317 quae
1544 2286 1602 2317 per
1616 2277 1720 2317 ipsam
1743 2283 1994 2317 cognoscuntur.
2011 2277 2181 2316 Quaedam
2197 2278 2284 2308 enim
2302 2283 2376 2308 sunt
2391 2287 2409 2308 a
2431 2278 2503 2308 Deo

1438 2322 1568 2362 cognita
1590 2331 1674 2361 quae
1697 2331 1757 2362 pro
1780 2321 1869 2352 nulla
1891 2323 2046 2362 temporis
2077 2321 2254 2352 differentia
2275 2322 2394 2352 habent
2418 2331 2503 2352 esse:

1438 2372 1470 2397 et
1492 2372 1640 2406 respectu
1663 2366 1783 2396 horum
1806 2366 1859 2396 illa
1882 2367 1996 2396 notitia
2011 2366 2127 2397 dicitur
2149 2366 2262 2397 notitia
2281 2366 2433 2407 simplicis
2456 2366 2503 2396 in-

1439 2410 1647 2452 telligentiae,
1673 2411 1749 2451 quia
1772 2411 1960 2441 terminatur
1976 2410 2016 2441 ad
2038 2420 2107 2441 rem
2131 2416 2162 2441 et
2184 2416 2330 2441 naturam
2353 2410 2505 2451 produci-

1438 2455 1537 2486 bilem
1553 2465 1621 2485 non
1638 2455 1846 2486 coniunctam
1862 2465 1931 2485 esse
1947 2456 2078 2486 actualis
2095 2455 2279 2485 existentiae
2296 2460 2382 2485 extra
2397 2456 2505 2495 ipsum

1439 2501 1557 2536 Deum,
1582 2499 1638 2530 sed
1660 2500 1847 2540 simpliciter
1870 2505 1906 2530 ut
1937 2500 1970 2530 in
2001 2500 2072 2530 Deo
2104 2509 2173 2530 esse
2204 2500 2309 2529 habet.
2338 2499 2505 2537 Quaedam

1439 2550 1548 2575 autem
1571 2545 1690 2574 habent
1713 2543 1886 2584 aliquando
1911 2554 1995 2574 esse:
2021 2550 2052 2574 et
2079 2549 2228 2584 respectu
2251 2544 2369 2574 horum
2393 2544 2505 2574 eadem

1438 2588 1639 2620 indivisibilis
1661 2589 1776 2619 notitia
1792 2588 1908 2619 dicitur
1929 2589 2043 2618 notitia
2059 2588 2201 2624 visionis,
2219 2589 2294 2628 quia
2311 2598 2329 2618 a
2342 2589 2437 2618 nobis
2459 2589 2505 2617 vi-

1439 2633 1556 2664 dentur
1577 2642 1627 2663 res
1643 2632 1774 2672 quando
1790 2633 1910 2663 habent
1925 2641 1994 2662 esse
2009 2632 2043 2662 in
2066 2633 2187 2672 seipsis.
2212 2632 2256 2662 Ita
2273 2631 2362 2672 quod
2377 2642 2443 2662 una
2458 2638 2505 2661 est

1439 2678 1546 2708 solum
1558 2676 1665 2707 divina
1681 2677 1795 2707 notitia
1810 2677 1843 2707 in
1860 2685 1904 2711 se,
1921 2685 1985 2716 qua
2001 2677 2111 2706 omnia
2122 2676 2209 2706 Deus
2223 2676 2404 2716 cognoscit:
2421 2675 2505 2705 mul-

1438 2721 1600 2761 tiplicatur
1629 2726 1737 2751 autem
1766 2720 1946 2751 secundum
1976 2721 2144 2756 rationem,
2169 2725 2200 2750 et
2226 2719 2348 2750 diversa
2375 2720 2504 2749 sortitur

1438 2765 1607 2801 vocabula,
1631 2764 1811 2795 secundum
1830 2765 2044 2796 diversitatem
2065 2765 2268 2795 obiectorum
2285 2763 2324 2794 ad
2341 2773 2424 2804 quae
2442 2769 2504 2794 ter-

1439 2811 1589 2841 minatur.

1494 2854 1578 2884 XVI.
1596 2854 1764 2892 Quantum
1777 2853 1817 2884 ad
1831 2854 1962 2884 tertium
1973 2854 2000 2889 *,
2018 2852 2157 2883 excludit
2172 2861 2312 2883 errorem
2328 2851 2504 2882 dicentium

1439 2899 1547 2930 Deum
1559 2898 1730 2939 singularia
1742 2903 1868 2928 tantum
1884 2907 2080 2938 cognoscere
2091 2897 2166 2937 quia
2178 2897 2345 2937 cognoscit
2355 2897 2389 2926 in
2402 2896 2504 2926 causis

1439 2943 1672 2974 universalibus
1695 2948 1837 2973 tantum:
1855 2943 1937 2972 sicut
1954 2943 2010 2982 qui
2026 2947 2236 2982 cognosceret
2251 2940 2396 2980 eclipsim
2411 2940 2503 2975 hanc,

1439 2997 1508 3018 non
1531 2993 1629 3028 prout
1652 2993 1699 3018 est
1722 2988 1811 3023 haec,
1829 2986 1885 3017 sed
1900 2992 1936 3017 ut
1958 2986 2108 3026 provenit
2123 2995 2161 3016 ex
2177 2986 2394 3025 oppositione.
2415 2984 2504 3015 Patet

1441 3033 1529 3063 enim
1551 3033 1615 3062 hoc
1638 3031 1755 3062 falsum
1771 3041 1852 3062 esse:
1878 3041 1954 3062 cum
1970 3030 2113 3061 dicamus
2135 3029 2225 3070 quod
2248 3029 2416 3069 singularia
2438 3037 2505 3058 non

1440 3083 1567 3108 tantum
1582 3078 1616 3107 in
1632 3077 1696 3107 suis
1713 3077 1816 3107 causis
1833 3076 2009 3116 cognoscit,
2026 3074 2082 3105 sed
2098 3075 2194 3104 etiam
2206 3079 2242 3104 ut
2253 3074 2285 3103 in
2298 3073 2408 3113 seipsis
2420 3077 2504 3102 sunt.

1497 3121 1561 3152 Sed
1584 3121 1724 3151 occurrit
1747 3122 1830 3151 circa
1853 3121 1917 3150 hoc
1947 3119 2095 3150 dubium:
2121 3119 2196 3158 quia
2224 3117 2349 3147 videtur
2371 3116 2505 3147 Sanctus

1441 3166 1586 3196 Thomas
1609 3165 1691 3196 velle
1708 3164 1798 3205 quod
1821 3173 2017 3204 cognoscere
2034 3162 2190 3202 singulare
2214 3162 2247 3191 in
2271 3171 2327 3191 sua
2350 3170 2445 3191 causa
2468 3161 2506 3190 sit

1443 3219 1639 3251 cognoscere
1663 3215 1788 3240 tantum
1811 3208 2040 3239 universaliter.
2072 3207 2144 3236 Hoc
2168 3206 2254 3236 enirn
2283 3215 2352 3235 non
2381 3203 2507 3234 videtur

1442 3264 1565 3285 verum.
1589 3254 1674 3284 Nam
1698 3253 1877 3293 astrologus
1894 3261 2093 3292 cognoscens
2118 3250 2261 3290 eclipsim
2283 3249 2434 3284 futuram,
2452 3257 2507 3278 co-

1442 3300 1569 3340 gnoscit
1583 3299 1688 3339 ipsam
1703 3298 1758 3328 tali
1773 3297 1984 3328 determinato
2000 3301 2148 3334 tempore
2164 3300 2195 3324 et
2211 3295 2250 3324 ‘in
2273 3294 2328 3323 tali
2343 3294 2416 3323 situ.
2432 3293 2507 3323 Hoc

1443 3350 1552 3374 autem
1576 3350 1623 3374 est
1647 3351 1842 3382 cognoscere
1861 3341 2019 3380 singulare
2037 3340 2070 3369 in
2094 3348 2151 3369 sua
2180 3338 2407 3377 singularitate:
2433 3337 2508 3382 quia

1443 3388 1603 3428 singulare
1627 3387 1700 3418 ideo
1725 3392 1772 3417 est
1796 3385 1954 3425 singulare
1970 3385 2045 3424 quia
2061 3388 2108 3413 est
2131 3382 2378 3413 determinatum
2393 3380 2433 3411 ad
2455 3381 2507 3411 hic

1444 3439 1476 3464 et
1498 3442 1597 3463 nunc.

1498 3475 1726 3516 Respondetur
1749 3474 1839 3515 quod
1863 3481 2058 3513 cognoscere
2081 3470 2240 3510 singulare
2262 3470 2296 3500 in
2319 3479 2416 3500 causa
2437 3469 2508 3499 uni-

1443 3522 1558 3552 versali
1579 3530 1648 3550 non
1664 3525 1712 3550 est
1727 3527 1924 3559 cognoscere
1946 3518 2054 3556 ipsum
2068 3521 2105 3545 ut
2127 3515 2375 3545 determinatum
2398 3512 2438 3544 ad
2457 3513 2509 3543 hic

1445 3572 1477 3598 et
1491 3575 1593 3596 nunc:
1608 3565 1684 3604 quia
1699 3565 1763 3594 hoc
1778 3572 1836 3603 per
1850 3564 1981 3598 sensum
1997 3560 2160 3590 dumtaxat
2176 3559 2331 3599 cognosci
2354 3562 2471 3598 potest.
2487 3575 2509 3580 -

1445 3611 1486 3642 Et
1509 3619 1586 3640 cum
1609 3609 1724 3639 dicitur
1742 3606 1832 3648 quod
1851 3605 2029 3645 astrologus
2049 3603 2216 3643 cognoscit
2239 3602 2384 3643 eclipsim
2408 3601 2509 3632 deter-

1444 3656 1599 3685 minatam
1615 3653 1655 3683 ad
1677 3653 1730 3683 hic
1753 3657 1784 3682 et
1799 3659 1896 3685 nunc,
1914 3649 2029 3680 dicitur
2044 3647 2134 3688 quod
2149 3648 2213 3678 hoc
2235 3656 2304 3677 non
2319 3651 2367 3677 est
2381 3655 2508 3676 verum:

2524 1126 2532 1133 ·
2548 1123 2584 1146 Cf.
2598 1123 2646 1145 init.
2663 1123 2733 1145 Com-

2525 1154 2595 1172 rnent.

2531 1834 2539 1842 ·
2555 1833 2587 1854 Ca
2606 1831 2742 1859 .Lx111,Se-

2531 1865 2573 1880 cun
2592 1865 2615 1880 a.

2530 2193 2537 2199 ¹
2554 2190 2610 2217 Cap.
2626 2196 2676 2214 xcv.
2686 2197 2722 2212 ιν.

2531 2854 2540 2863 ·
2555 2853 2591 2874 Cf.
2606 2852 2656 2874 init.
2672 2851 2742 2873 Com-

2532 2883 2601 2901 ment.
