2768 4134
56 782 65 790 '¹
80 780 115 802 Cf.
127 786 149 800 n.
162 786 207 805 xiv,
220 785 230 793 ἡ

52 1229 63 1238 '
76 1227 148 1248 Num.
159 1233 188 1247 ix.

52 1406 60 1414 ·
76 1406 137 1426 Lect.
149 1411 180 1426 2¹.

297 259 347 294 62
899 251 1087 288 SUMMA
1117 249 1339 286 CONTRA
1369 247 1646 294 GENTILES,
1677 247 1789 284 CAP.
1809 247 1894 285 XX.

296 341 420 371 motus;
451 334 525 364 licet
553 332 749 367 extensivae,
777 330 898 361 scilicet
928 335 1075 359 aeternae
1100 328 1168 358 eius
1193 327 1365 362 durationi,

297 383 510 419 comparetur,
534 386 574 407 eo
599 375 689 416 quod
713 381 744 406 et
766 376 836 415 ipsa
859 374 1079 404 aeternitatem
1101 372 1217 402 habeat
1239 377 1270 402 et
1293 380 1367 412 per-

296 424 493 463 petuitatem.
517 420 698 451 Aeternitas
713 420 801 450 enim
816 419 857 450 ad
871 427 974 459 genus
998 417 1182 457 quantitatis
1198 425 1267 447 non
1282 416 1366 446 limi-

296 473 388 502 tatur,
406 475 481 496 cum
496 466 530 495 in
546 465 641 495 rebus
656 474 725 495 non
741 464 869 505 quantis
889 463 1083 494 inveniatur:
1100 461 1240 492 intensio
1257 466 1366 491 autem

295 513 327 542 in
343 511 438 541 rebus
457 510 622 540 dumtaxat
645 510 773 549 quantis
794 509 984 542 inveniatur,
1002 515 1078 536 cum
1093 515 1132 536 ex
1147 505 1283 536 subiecti
1298 515 1367 536 ma-

295 555 410 586 terialis
434 554 678 595 participatione
702 552 891 594 dependeat.
908 570 929 574 -
945 551 997 582 Ad
1020 551 1080 581 alia
1103 555 1213 580 autem
1236 550 1310 580 loca
1332 550 1366 580 in

296 600 412 640 quibus
425 599 531 630 dicere
541 599 667 629 videtur
679 598 769 639 quod
780 598 869 628 nulla
881 602 927 627 est
937 597 1037 626 virtus
1048 594 1174 626 infinita
1185 593 1367 625 secundum

295 645 449 684 vigorem,
473 643 538 674 dici
559 649 670 684 posset
692 642 783 683 quod
805 642 950 682 loquitur
973 640 1012 671 de
1035 640 1205 670 virtutibus
1229 639 1366 669 coniun-

295 689 352 719 ctis
376 697 460 728 quae
483 687 634 719 dicuntur
657 688 783 718 animae
807 687 946 722 orbium,
964 694 1033 715 non
1057 690 1166 714 autem
1189 683 1229 714 de
1249 684 1366 714 virtute

295 743 312 762 a
335 733 467 764 materia
490 738 643 773 separata.

349 777 433 807 XVI.
451 777 563 808 Tertio
573 778 601 813 ⁹,
617 777 733 807 melius
746 775 851 806 adhuc
862 773 1085 814 respondetur,
1099 778 1130 804 et
1146 772 1262 803 dicitur
1274 772 1366 812 quod

293 822 439 862 potentia
462 830 545 861 quae
568 831 636 852 non
661 826 708 851 est
729 821 763 851 in
791 818 1012 860 magnitudine
1041 823 1088 848 est
1117 817 1310 853 intellectus,
1335 822 1367 847 et

294 875 352 906 per
374 866 575 897 voluntatem
598 875 748 896 movens:
773 873 857 906 quae
879 870 988 894 autem
1013 868 1060 893 est
1081 862 1116 892 in
1142 861 1366 901 magnitudine

293 920 361 940 non
385 916 433 940 est
454 910 645 946 intellectus,
669 910 746 950 quia
766 908 948 939 intellectus
970 917 1038 938 non
1063 912 1111 937 est
1130 906 1228 937 virtus
1243 906 1277 936 in
1293 915 1366 936 cor-

294 964 387 995 pore;
412 954 499 985 unde
521 960 632 985 movet
654 963 722 984 non
738 963 796 994 per
815 953 1016 983 intellectum
1032 956 1063 982 et
1079 950 1292 987 voluntatem,
1309 950 1366 981 sed

293 1008 351 1039 per
373 999 595 1030 necessitatem
618 1004 760 1029 naturae.
784 998 919 1038 Propter
941 997 1006 1027 hoc
1028 995 1083 1026 illa
1106 1005 1190 1036 quae
1214 1001 1262 1026 est
1278 1000 1366 1026 extra

293 1043 548 1083 magnitudinem
571 1048 692 1079 movet,
716 1052 784 1073 non
817 1041 997 1072 secundum
1026 1041 1258 1082 proprietatem
1288 1049 1365 1071 suae

293 1088 427 1124 virtutis,
451 1087 508 1118 sed
530 1087 710 1118 secundum
734 1087 925 1127 exigentiam
949 1085 1089 1116 mobilis.
1122 1084 1200 1116 Ideo
1223 1094 1292 1115 non
1315 1094 1365 1115 se-

293 1132 402 1172 quitur
425 1131 516 1172 quod
537 1137 668 1162 moveat
689 1132 722 1161 in
746 1131 887 1161 instanti.
918 1130 975 1161 Illa
1004 1135 1113 1161 autem
1138 1138 1223 1170 quae
1254 1134 1301 1160 est
1330 1129 1364 1160 in

291 1176 524 1217 magnitudine,
547 1182 702 1216 tanquam
717 1175 867 1206 videlicet
880 1175 981 1207 virtus
1000 1174 1172 1206 materialis
1194 1173 1235 1204 ad
1255 1179 1366 1205 exten·

291 1221 418 1252 sionem
440 1222 576 1252 subiecti
599 1226 739 1256 extensa,
755 1225 792 1251 ut
812 1220 961 1261 superius
976 1220 993 1236 *
1016 1219 1237 1260 exposuimus,
1253 1224 1367 1250 movet

291 1265 471 1296 secundum
502 1265 733 1305 proprietatem
765 1274 842 1296 suae
874 1270 1008 1295 naturae
1041 1270 1073 1295 et
1104 1263 1243 1294 virtutis:
1282 1264 1366 1294 sicut

292 1315 323 1340 et
345 1319 464 1350 corpus
483 1315 595 1340 movet
618 1309 799 1340 secundum
819 1309 1050 1350 proprietatem
1075 1308 1366 1349 conditionemque

291 1364 366 1385 suae
391 1355 586 1394 quantitatis.
608 1354 686 1386 Ideo
709 1355 855 1395 sequitur
878 1353 968 1394 quod
990 1359 1121 1385 moveat
1135 1353 1170 1384 in
1185 1353 1326 1384 instanti.
1345 1371 1365 1376 -

290 1399 396 1430 Huius
411 1399 632 1439 responsionis
648 1399 908 1440 explanationem
923 1399 1022 1430 habes
1033 1398 1105 1429 VIII
1118 1397 1336 1439 Physicorum
1348 1399 1365 1416 ⁴*

291 1453 308 1474 a
331 1443 450 1474 Sancto
474 1443 614 1475 Thoma.
805 1455 807 1458 ¹

347 1498 377 1519 2.
394 1488 624 1525 Veruntamen,
640 1488 681 1519 ad
695 1490 853 1520 maiorem
877 1488 1120 1529 intelligentiam
1144 1497 1259 1519 eorum
1280 1497 1366 1528 quae

290 1533 342 1563 hic
365 1538 398 1564 et
419 1533 465 1564 ibi
488 1533 650 1570 dicuntur,
674 1533 946 1565 considerandum
971 1539 1018 1564 est
1041 1533 1133 1574 quod
1148 1534 1252 1573 prima
1268 1541 1365 1564 causa

289 1578 512 1618 perpetuitatis
526 1583 648 1614 motus,
664 1578 691 1608 si
707 1578 832 1610 infinita
847 1583 989 1619 ponatur
1003 1577 1184 1608 secundum
1200 1578 1363 1614 virtutem,

289 1623 356 1653 sive
386 1623 420 1653 in
450 1623 673 1663 magnitudine
707 1629 848 1664 ponatur
879 1623 945 1654 sive
976 1628 1063 1653 extra
1094 1622 1362 1662 magnitudinem,

290 1672 449 1707 quantum
472 1673 521 1698 est
542 1677 582 1698 ex
605 1667 794 1698 conditione
822 1668 999 1708 potentiae,
1022 1667 1145 1707 poterit
1173 1676 1306 1698 movere
1329 1667 1363 1698 in

288 1712 428 1742 instanti.
453 1711 543 1743 Sicut
566 1713 654 1743 enim
676 1712 758 1743 nulli
780 1713 945 1753 potentiae
967 1711 1077 1742 finitae
1097 1712 1364 1752 proportionatur

288 1757 322 1786 in
345 1757 466 1796 vigore,
489 1757 543 1792 ita,
568 1762 728 1797 quantum
752 1762 799 1787 est
821 1766 860 1788 ex
883 1766 927 1793 se,
952 1766 1083 1787 causare
1106 1762 1214 1797 potest
1233 1762 1362 1788 motum

287 1800 369 1831 nulli
388 1801 494 1831 motui
510 1800 603 1832 finito
618 1802 652 1832 in
668 1801 840 1832 velocitate
863 1802 1158 1842 proportionatum.
1183 1801 1278 1832 Unde
1293 1810 1362 1832 non

289 1844 440 1876 differunt
461 1844 586 1876 infinita
609 1847 755 1886 potentia
777 1846 812 1877 in
835 1845 1058 1886 magnitudine
1081 1851 1113 1877 et
1136 1851 1223 1877 extra
1237 1846 1362 1886 magni·

287 1888 434 1920 tudinem
458 1896 616 1930 quantum
647 1890 687 1921 ad
713 1891 778 1921 hoc
801 1890 893 1931 quod
915 1896 964 1922 est
986 1899 1083 1931 posse
1098 1899 1232 1921 movere
1254 1891 1288 1921 in
1311 1891 1362 1921 in·

288 1934 383 1964 stanti
398 1940 558 1974 quantum
574 1940 622 1965 est
644 1944 682 1965 ex
702 1934 893 1966 sufficientia
915 1935 1098 1975 potentiae;
1122 1943 1184 1966 nec
1201 1940 1360 1975 quantum

287 1978 328 2009 ad
350 1979 413 2009 hoc
438 1978 528 2019 quod
552 1985 599 2010 est
621 1988 691 2010 non
720 1988 816 2020 posse
847 1988 980 2010 movere
1010 1980 1043 2010 in
1073 1980 1204 2010 instanti
1227 1985 1362 2020 propter

286 2024 532 2064 repugnantiam
562 2023 707 2061 mobilis;
738 2024 802 2054 hoc
835 2023 922 2055 enim
955 2024 1085 2064 utrique
1117 2025 1283 2064 potentiae
1313 2029 1362 2055 est

287 2077 474 2099 commune.
499 2067 562 2099 Sed
585 2067 736 2099 differunt
751 2074 911 2109 quantum
927 2068 967 2099 ad
983 2068 1172 2099 exercitium
1188 2069 1285 2100 huius
1300 2078 1361 2110 po-

286 2112 405 2143 tentiae
429 2118 461 2143 et
484 2118 643 2153 quantum
659 2112 700 2144 ad
714 2122 848 2144 movere
863 2119 948 2144 actu.
973 2113 1060 2151 Quia
1075 2114 1100 2144 si
1117 2118 1258 2154 ponatur
1274 2119 1361 2144 extra

287 2157 553 2197 magnitudinem,
569 2167 637 2188 non
657 2158 803 2188 movebit
825 2157 1006 2189 secundum
1028 2162 1136 2189 totum
1151 2167 1249 2189 suum
1265 2167 1361 2199 posse

288 2208 319 2233 et
341 2201 522 2233 secundum
554 2208 687 2233 naturae
716 2202 950 2238 conditionem,
975 2201 1031 2233 sed
1058 2202 1239 2234 secundum
1270 2202 1361 2243 quod

288 2247 437 2286 congruit
459 2252 592 2277 naturae
615 2247 745 2278 mobilis
768 2253 800 2278 et
822 2246 879 2278 fini
896 2256 915 2277 a
929 2246 985 2277 tali
1004 2247 1182 2278 substantia
1204 2256 1361 2288 praecon-

289 2296 402 2331 cept03
427 2295 459 2321 et
481 2291 558 2331 quia
581 2297 694 2322 natura
716 2291 846 2322 mobilis
861 2300 930 2322 non
946 2292 1075 2332 patitur,
1092 2300 1201 2332 neque
1216 2291 1290 2323 finis
1312 2292 1361 2322 in-

287 2341 395 2366 tentus
419 2332 523 2376 exigit*
538 2341 575 2366 ut
597 2342 708 2366 motus
730 2336 770 2366 sit
793 2336 826 2366 in
849 2336 991 2371 instanti,
1014 2335 1090 2366 ideo
1120 2345 1188 2367 non
1216 2337 1362 2368 movebit

287 2380 321 2410 in
344 2380 485 2416 instanti,
508 2380 565 2411 sed
587 2381 620 2411 in
644 2386 802 2421 tempore.
827 2379 860 2411 Si
884 2386 993 2411 autem
1016 2386 1158 2421 ponatur
1180 2381 1213 2412 in
1237 2382 1362 2421 magni·

288 2423 411 2460 tudine,
427 2425 571 2455 movebit
594 2424 774 2456 secundum
799 2424 1022 2456 conditionem
1037 2434 1115 2456 suae
1134 2430 1268 2457 naturae
1292 2431 1362 2457 tan-

289 2477 388 2508 quam
411 2467 516 2500 forma
538 2469 719 2505 materialis,
744 2475 776 2500 et
798 2469 979 2500 secundum
1002 2475 1110 2501 totum
1134 2479 1230 2501 suum
1254 2480 1360 2511 posse.

289 2511 365 2544 Ideo
381 2514 562 2544 necessario
577 2514 724 2545 movebit
738 2514 771 2545 in
786 2514 927 2545 instanti.
949 2514 1044 2545 Unde
1059 2513 1278 2556 Philosophus
1292 2524 1361 2546 non

288 2557 364 2588 facit
386 2558 469 2589 hanc
492 2557 758 2594 conditionalem,
782 2558 818 2588 Si
835 2558 986 2599 potentia
1009 2559 1138 2601 infinita
1161 2559 1204 2590 sit
1231 2560 1265 2590 in
1294 2569 1362 2591 ma·

286 2602 469 2643 gnitudine,
488 2603 613 2643 poterit
635 2612 765 2634 mouere
787 2603 821 2634 in
845 2603 998 2634 instanti:
1021 2603 1077 2634 sed
1100 2604 1194 2640 hanc,
1218 2604 1255 2634 Si
1269 2604 1312 2635 sit
1326 2605 1360 2636 in

289 2647 524 2688 magnitudine,
547 2648 687 2678 movebit
709 2648 742 2678 in
767 2647 912 2678 instanti.

345 2691 375 2722 3.
395 2691 452 2722 Est
467 2698 576 2723 autem
589 2692 706 2723 melior
720 2692 801 2723 haec
815 2693 985 2733 responsio
1001 2701 1100 2734 quam
1115 2692 1268 2729 secunda,
1285 2695 1362 2735 quia

287 2735 342 2766 illa
364 2744 433 2767 non
455 2736 596 2767 salvabat
623 2745 734 2777 quare,
757 2738 903 2778 potentia
933 2735 1059 2768 infinita
1087 2738 1244 2769 existente
1273 2744 1362 2770 extra

288 2779 555 2820 magnitudinem,
578 2790 647 2812 non
670 2781 816 2822 sequitur
837 2787 874 2812 ut
896 2787 1027 2813 moveat
1041 2782 1075 2812 in
1096 2782 1236 2813 instanti.
1260 2782 1362 2822 Quod

289 2825 377 2856 enim
400 2824 566 2856 dicebatur
588 2826 653 2856 hoc
676 2834 746 2856 esse
769 2826 846 2866 quia
868 2826 1074 2857 velocitatem
1098 2826 1195 2858 habet
1217 2833 1328 2859 motus
1343 2837 1362 2859 a

288 2875 442 2900 movente
456 2870 617 2910 proximo,
634 2869 714 2901 illud
729 2875 839 2901 autem
853 2876 901 2902 est
915 2871 1040 2901 virtutis
1051 2869 1171 2908 finitae,
1186 2880 1255 2903 non
1271 2873 1362 2903 satis-

289 2913 374 2944 facit.
405 2913 492 2952 Quia
515 2915 598 2945 sicut
620 2915 806 2955 proximum
829 2924 928 2955 agens
948 2923 1018 2946 non
1041 2920 1149 2956 potest
1170 2924 1305 2948 movere
1326 2918 1361 2948 in

288 2958 419 2989 instanti
435 2967 493 2989 sua
506 2959 634 2995 virtute,
646 2958 691 2989 ita
705 2967 774 2989 non
790 2965 898 2999 potest
912 2968 1045 2990 movere
1055 2965 1204 3001 tempore
1215 2960 1360 2993 infinito:

289 3001 346 3033 sed
360 3004 538 3043 utrumque
552 3009 660 3044 potest
674 3003 817 3044 primum
833 3013 930 3044 agens
946 3013 984 3035 ex
1001 3013 1044 3034 se.
1065 3003 1248 3042 Quaeretur
1261 3006 1360 3043 enim,

289 3055 365 3078 cum
380 3056 513 3078 movere
527 3053 677 3088 tempore
691 3053 851 3088 perpetuo
868 3049 1041 3079 conveniat
1055 3049 1116 3080 sibi
1136 3058 1194 3090 per
1209 3050 1361 3082 virtutem

288 3091 384 3131 primi
399 3092 571 3129 moventis,
587 3092 678 3133 quod
693 3093 753 3123 sibi
770 3101 808 3123 ex
824 3093 954 3133 propria
968 3093 1087 3124 virtute
1103 3095 1277 3126 convenire
1292 3103 1361 3126 non

288 3139 406 3176 potest,
430 3145 530 3176 quare
557 3137 654 3168 etiam
686 3145 754 3168 non
783 3138 937 3168 convenit
967 3137 1027 3167 sibi
1056 3138 1090 3168 in
1121 3138 1238 3171 virtute
1265 3140 1362 3180 primi

290 3181 411 3220 agentis
426 3181 460 3211 in
475 3181 604 3212 instanti
620 3190 767 3212 moveret
792 3190 869 3213 cum
892 3187 1068 3222 utrumque
1083 3182 1117 3213 in
1133 3184 1250 3215 virtute
1265 3184 1362 3225 primi

290 3225 450 3256 moventis
473 3226 687 3257 contineatur.
718 3225 759 3256 Et
789 3226 835 3257 sic
864 3235 932 3257 non
963 3226 1140 3267 assignatur
1168 3229 1250 3260 ratio
1273 3228 1362 3260 suffi-

291 3269 411 3300 cienter
433 3278 533 3310 quare
555 3275 665 3301 motus
689 3270 770 3301 caeli
792 3271 833 3301 sit
855 3269 964 3301 finitae
993 3270 1181 3309 velocitatis,
1206 3274 1362 3305 existente

291 3314 435 3352 potentia
457 3313 583 3345 infinita
605 3320 692 3345 extra
715 3314 983 3355 magnitudinem,
1008 3315 1085 3355 quia
1106 3316 1256 3349 videlicet
1285 3327 1362 3359 pro-

291 3357 413 3388 ximum
436 3367 572 3389 movens
595 3364 643 3390 est
666 3358 776 3390 finitae
793 3360 932 3390 virtutis:
955 3368 1033 3390 nam
1056 3365 1088 3390 et
1109 3361 1222 3393 eadem
1238 3363 1362 3394 ratione

291 3400 421 3432 deberet
443 3411 511 3434 esse
534 3402 644 3434 finitae
668 3403 857 3434 durationis.
879 3421 902 3427 -
925 3403 1034 3435 Tertia
1057 3410 1165 3436 autem
1192 3408 1362 3448 responsio

291 3444 484 3477 sufficienter
506 3446 605 3478 salvat
627 3457 728 3488 quare
753 3448 900 3489 potentia
928 3447 1054 3479 infinita
1085 3454 1171 3481 extra
1201 3451 1362 3492 magnitu-

292 3487 400 3520 dinem
422 3499 490 3521 non
513 3497 644 3523 moveat
666 3492 699 3523 in
722 3493 864 3530 instanti,
887 3492 944 3524 sed
967 3492 1050 3524 bene
1073 3495 1219 3534 potentia
1237 3495 1363 3527 infinita

293 3533 326 3563 in
346 3534 577 3574 magnitudine,
601 3542 637 3567 ut
659 3537 817 3577 apparuit.

347 3586 379 3616 4.
403 3577 467 3608 Sed
490 3581 629 3611 occurrit
651 3580 798 3612 dubium.
822 3581 909 3620 Quia
930 3582 1076 3622 potentia
1093 3588 1124 3614 et
1146 3584 1246 3615 virtus
1261 3590 1363 3615 mate-

293 3620 376 3651 rialis
399 3631 466 3652 non
489 3631 616 3663 semper
638 3625 702 3665 agit
726 3625 906 3657 secundum
929 3632 1061 3657 naturae
1085 3627 1307 3660 conditionem
1331 3635 1363 3660 et

1419 325 1601 356 secundum
1617 330 1725 356 toturn
1740 335 1837 357 suum
1853 335 1950 367 posse
1965 325 2123 360 absolute,
2136 323 2196 355 sed-
2205 324 2386 356 secundum
2401 335 2497 366 posse

1420 371 1454 400 in
1469 370 1714 410 comparatione
1729 369 1770 400 ad
1785 371 1922 401 subiecti
1938 369 2196 410 dispositionem.
2212 369 2297 399 Nam
2313 369 2401 400 calor
2415 370 2498 410 ignis

1419 424 1488 445 non
1511 423 1640 455 semper
1664 413 1810 446 calefacit
1831 414 2013 446 secundum
2037 413 2128 454 quod
2151 414 2297 444 absolute
2320 420 2431 454 posset
2446 424 2498 445 ca-

1420 458 1568 496 lefacere,
1597 458 1655 489 sed
1681 459 1862 502 secundum
1893 459 1985 500 quod
2014 459 2198 490 subiectum
2225 458 2420 499 dispositum
2451 465 2499 490 est

1421 503 1461 534 ad
1483 504 1548 535 hoc
1571 509 1608 534 ut
1631 503 1766 534 calefiat.
1789 503 1867 534 Ideo
1890 503 1978 535 idem
2002 503 2091 534 calor
2106 503 2228 543 aliquid
2246 503 2359 543 magis,
2376 503 2499 543 aliquid

1420 549 1529 579 minus
1552 542 1708 579 calefacit:
1731 548 1830 588 Ergo,
1855 549 1933 588 quia
1953 549 2100 588 potentia
2122 547 2248 579 infinita
2270 548 2310 578 sit
2325 548 2360 578 in
2374 549 2500 588 magni-

1420 592 1534 623 tudine
1546 598 1578 623 et
1589 593 1631 623 sit
1643 593 1826 629 materialis,
1835 602 1904 623 non
1916 593 2063 632 sequitur
2073 592 2165 633 quod
2173 597 2306 623 moveat
2316 591 2499 624 secundum

1420 642 1528 668 totum
1552 646 1650 668 suum
1672 646 1781 677 posse,
1804 636 1862 668 sed
1883 636 2065 668 secundum
2087 637 2219 668 mobilis
2238 636 2498 678 dispositionem.

1420 681 1557 712 Nullum
1579 687 1690 712 autem
1712 681 1836 711 mobile
1858 686 1908 712 est
1929 680 2124 721 dispositum
2139 687 2177 712 ut
2198 687 2370 712 moveatur
2390 682 2426 712 in
2448 683 2499 713 in-

1420 726 1526 757 stanti.
1551 726 1638 767 Ergo
1662 735 1731 756 non
1754 725 1902 765 sequitur
1917 725 2010 765 quod
2028 726 2062 756 in
2081 726 2212 757 instanti
2234 732 2376 763 moveat,
2391 726 2449 758 sed
2463 728 2498 758 in

1420 777 1487 802 tem
1512 780 1579 802 ore.

1475 780 1706 856 {espondetur
1721 814 1813 855 quod
1827 813 1919 844 aliter
1934 818 1983 844 est
1997 813 2038 845 de
2057 814 2204 854 potentia
2224 816 2381 847 materiali
2395 815 2497 853 finita,

1420 866 1452 891 et
1475 860 1566 891 aliter
1588 859 1630 890 de
1652 859 1789 890 infinita.
1813 858 1900 897 Quia
1922 858 2089 899 potentiae
2110 857 2222 890 finitae
2243 865 2352 900 potest
2375 860 2499 902 aliquid

1419 905 1564 935 resistere
1579 903 1763 935 secundum
1777 904 1920 944 aliquam
1935 903 2199 944 proportionem:
2214 913 2285 936 non
2299 910 2410 936 autem
2424 905 2499 936 infi-

1419 949 1517 986 nitae,
1533 959 1611 980 cum
1625 949 1705 980 nihil
1721 948 1852 979 finitum
1865 948 1983 980 habeat
1997 947 2247 989 proportionem
2262 948 2304 980 ad
2321 949 2499 982 infinitum.

1420 993 1498 1025 Inde
1518 993 1555 1024 fit
1574 999 1612 1024 ut
1631 994 1779 1034 potentia
1800 993 1974 1024 materialis
1995 992 2087 1024 finita
2109 991 2284 1032 aliquando
2304 993 2500 1034 impediatm·

1419 1048 1461 1069 ne
1482 1043 1555 1079 agat
1577 1037 1759 1069 secundum
1774 1043 1883 1069 totum
1902 1047 2000 1070 suum
2022 1045 2119 1078 posse
2134 1037 2282 1068 absolute
2299 1044 2433 1079 propter
2447 1040 2498 1071 in-

1419 1082 1669 1124 dispositionem
1684 1082 1822 1114 subiecti
1832 1083 1998 1123 potentiae
2012 1082 2230 1114 resistentem:
2245 1081 2374 1115 infinita
2387 1089 2499 1116 autem

1418 1133 1553 1169 propter
1575 1128 1712 1158 subiecti
1733 1127 2019 1168 indispositionem
2040 1126 2191 1168 impediri
2209 1136 2280 1158 non
2293 1133 2402 1169 potest
2417 1129 2499 1170 qum

1418 1172 1601 1204 secundum
1624 1178 1733 1204 totum
1755 1181 1854 1203 suum
1876 1181 1974 1213 posse
1997 1177 2080 1213 agat,
2104 1181 2182 1203 cum
2202 1171 2294 1204 nulla
2314 1173 2500 1205 ‘resistentia

1418 1216 1509 1248 finita
1530 1217 1574 1248 ad
1594 1216 1756 1248 infinitam
1777 1217 1931 1248 virtutem
1945 1217 2062 1248 habeat
2075 1217 2336 1258 proportione..
2359 1217 2393 1249 Si
2409 1219 2500 1250 enim

1419 1267 1503 1293 esset
1517 1261 1731 1303 ignisjnfiniti
1742 1261 1868 1298 caloris,
1881 1261 2072 1293 calefaceret
2085 1261 2268 1293 secundum
2281 1268 2389 1295 totum
2399 1272 2499 1295 suum

1418 1316 1526 1348 posse,
1550 1313 1583 1338 et
1605 1307 1737 1338 avnulla
1759 1306 2010 1348 indispositione
2031 1307 2170 1339 subiecti
2195 1307 2347 1348 impediri
2375 1314 2496 1348 posset.

1419 1352 1480 1383 Ista
1510 1362 1588 1393 ergo
1617 1351 1846 1383 conditionalis
1869 1357 1917 1383 est
1938 1361 2014 1383 vera
2036 1358 2069 1383 et
2094 1353 2284 1390 necessaria,
2307 1352 2344 1384 Si
2367 1353 2499 1394 infinita

1413 1398 1564 1438 potentia
1591 1401 1675 1428 esset
1701 1398 1734 1428 in
1765 1397 2002 1438 magnitudine,
2026 1402 2059 1427 et
2081 1406 2146 1437 per
2174 1406 2374 1440 consequens
2396 1403 2499 1429 mate-

1419 1442 1523 1478 rialis,
1548 1446 1692 1473 moveret
1714 1442 1747 1472 in
1771 1441 1917 1478 instanti,
1934 1441 2011 1473 dato
2033 1441 2124 1483 quod
2146 1442 2270 1473 mobile
2292 1451 2362 1474 non
2384 1443 2425 1474 sit
2446 1450 2499 1474 se-

1418 1486 1564 1518 cundum
1587 1496 1622 1517 se
1645 1486 1687 1517 ad
1707 1486 1949 1518 inmnmneum
1971 1492 2101 1518 motum
2124 1485 2319 1528 dispositum
2346 1492 2497 1529 respectu

1417 1532 1542 1563 virtutis
1565 1530 1686 1562 finitae.
1709 1530 1779 1562 Nec
1801 1531 1856 1562 illa
1877 1531 2072 1572 propositio,
2095 1531 2203 1563 Virtus
2225 1532 2408 1564 materialis
2428 1541 2499 1564 non

1416 1586 1544 1617 semper
1565 1577 1639 1618 agit
1659 1575 1837 1607 secundum
1861 1581 1964 1607 totum
1986 1586 2082 1607 suum
2104 1586 2214 1618 posse,
2235 1577 2294 1608 sed
2318 1577 2511 1614 secundum„

1417 1621 1661 1662 dispositionem
1675 1621 1821 1657 subiecti,
1838 1626 1887 1651 est
1900 1630 1976 1652 vera
1991 1620 2032 1652 de
2047 1621 2164 1652 virtute
2179 1620 2320 1653 infinita:
2340 1622 2396 1654 sed
2411 1622 2499 1654 bene

1417 1676 1492 1698 vera
1515 1671 1562 1697 est
1585 1666 1626 1697 de
1648 1666 1767 1696 virtute
1789 1665 1890 1703 finita,
1914 1672 1951 1697 ut
1973 1666 2140 1707 probatur.

1472 1710 1571 1742 xvu.
1594 1710 1839 1742 Advertendum
1855 1714 1964 1742 autem
1980 1711 2082 1752 quod,
2097 1715 2224 1752 praeter
2245 1711 2495 1752 responsionem

1416 1756 1470 1786 hic
1492 1755 1610 1792 datam,
1634 1756 1730 1786 aliam
1753 1755 1855 1796 tangit
1877 1755 2015 1787 Sanctus
2038 1755 2185 1787 Thomas
2207 1756 2279 1787 VIII
2294 1756 2394 1798 mss.
2410 1757 2438 1793 ⁶,
2462 1762 2496 1788 et

1415 1800 1532 1837 Prima,
1557 1809 1589 1840 q.
1613 1809 1686 1837 xxv,
1709 1810 1738 1831 a.
1764 1810 1795 1837 2,
1818 1799 1860 1831 ad
1881 1800 1916 1831 3:
1939 1800 2063 1832 scilicet
2085 1801 2177 1842 quod
2199 1801 2282 1832 ratio
2305 1801 2496 1833 diversitati·

1415 1845 1499 1876 inter
1530 1845 1712 1886 potentiam
1742 1844 1903 1876 infinitam
1936 1844 2182 1877 immaterialem
2217 1851 2251 1877 et
2283 1846 2494 1883 materialem,

1415 1889 1526 1930 quoad
1548 1899 1682 1920 movere
1702 1890 1736 1920 in
1751 1899 1821 1920 non
1837 1895 1996 1929 tempore,
2014 1896 2062 1921 est
2077 1891 2155 1932 quia
2169 1898 2308 1922 movens
2323 1895 2497 1922 extrana-

1414 1933 1619 1974 gnitudinem
1634 1943 1703 1965 non
1719 1939 1767 1965 est
1782 1934 1962 1965 univocum
1977 1943 2086 1975 agens,
2098 1934 2156 1966 sed
2170 1935 2346 1976 superioris
2361 1934 2494 1967 orffinis.

1416 1979 1493 2010 Ideo
1517 1987 1585 2010 non
1609 1984 1741 2019 oportet
1763 1984 1801 2009 ut
1822 1978 2015 2019 magnitudo
2039 1980 2079 2010 sit
2101 1980 2203 2012 totius
2225 1979 2360 2012 effectus
2374 1980 2426 2012 sui
2440 1989 2496 2012 m-

1414 2023 1567 2064 sceptiva.
1581 2022 1686 2060 Unde,
1700 2032 1777 2054 cum
1789 2023 1850 2054 sibi
1861 2023 1982 2065 duplex
1998 2023 2133 2056 effectus
2145 2025 2320 2056 conveniat
2335 2029 2500 2066 quantum

1415 2073 1464 2099 est
1486 2077 1525 2098 ex
1549 2068 1674 2099 virtutis
1697 2067 1849 2105 efficacia,
1873 2069 1997 2100 scilicet
2019 2069 2189 2100 aeternitas
2211 2074 2323 2101 motus
2337 2075 2370 2100 et
2383 2075 2495 2104 motus

1414 2114 1645 2149 instantaneus,
1669 2121 1739 2143 non
1762 2118 1893 2154 oportet
1908 2120 1945 2146 ut
1959 2114 2153 2154 magnitudo
2175 2115 2345 2155 utriusque
2361 2113 2496 2153 effectu

1415 2158 1455 2188 sit
1477 2157 1650 2198 receptiva,
1674 2158 1717 2188 ita
1741 2157 1832 2198 quod
1855 2163 1924 2189 tota
1947 2159 2018 2190 eius
2039 2159 2141 2190 virtus
2163 2159 2197 2190 in
2225 2164 2320 2191 motu
2348 2160 2496 2202 corporis

1415 2201 1647 2233 manifestetur.
1672 2201 1761 2238 Ideo,
1786 2202 1935 2243 quamvis
1956 2211 2077 2244 eorpus
2092 2204 2132 2235 sit
2147 2204 2368 2245 susceptivum
2384 2209 2495 2237 motus

1415 2247 1536 2278 aeterni
1552 2256 1571 2277 a
1585 2247 1763 2278 substantia
1778 2247 1981 2280 immateriali
2003 2247 2139 2284 infinita,
2154 2256 2224 2279 non
2240 2253 2372 2290 oportet
2385 2254 2495 2283 temen

1415 2298 1452 2322 ut
1467 2291 1507 2322 sit
1522 2292 1745 2332 susceptivum
1760 2297 1871 2323 motus
1887 2292 1920 2323 in
1936 2301 2004 2324 non
2021 2298 2179 2334 tempore.
2191 2311 2215 2316 -
2231 2293 2369 2324 Movens
2384 2298 2495 2326 autem

1415 2345 1623 2377 corporeum,
1638 2336 1805 2367 movendo
1828 2336 1916 2368 aliud
1934 2346 2055 2379 corpus
2070 2336 2225 2374 localiter,
2244 2343 2293 2369 est
2308 2346 2406 2379 agens
2421 2338 2496 2370 uni-

1414 2390 1551 2412 vocum:
1576 2381 1771 2422 inquantum
1790 2390 1859 2412 non
1874 2387 1986 2413 movet
2001 2382 2063 2413 nisi
2078 2381 2234 2419 localiter,
2251 2387 2284 2414 et
2297 2383 2406 2424 ipsum
2421 2392 2496 2415 mo·-

1415 2431 1539 2456 veatur.
1563 2425 1641 2456 ldeo
1659 2426 1740 2456 nihil
1754 2425 1907 2466 prohibet
1921 2427 1956 2458 in
1971 2426 2194 2468 magnitudine
2217 2426 2371 2459 effectum
2385 2428 2495 2459 virtuti

1415 2471 1450 2501 in
1472 2469 1696 2511 magnitudine
1719 2471 1866 2502 existenti
1878 2471 2179 2546 flproportionatum
2209 2471 2319 2513 recipi.
2349 2471 2393 2503 Et
2418 2479 2496 2514 pro-

1415 2521 1536 2556 pterea,
1552 2515 1578 2545 si
1593 2514 1691 2546 fuerit
1706 2514 1841 2552 infinita,
1858 2525 1876 2547 e
1900 2521 1992 2548 ectus
2007 2517 2067 2548 sibi
2083 2516 2360 2558 proportionetur,
2373 2517 2496 2549 scilieet

1415 2565 1526 2590 motus
1549 2560 1583 2590 in
1606 2568 1675 2590 non
1695 2565 1855 2601 tempore,
1879 2559 1913 2591 in
1936 2561 2051 2592 mobili
2079 2562 2262 2602 recipietur.
2293 2560 2395 2600 Quod
2417 2568 2510 2593 eum⁴

1415 2605 1456 2635 sit
1478 2604 1690 2645 impossibile,
1713 2605 1859 2646 sequitur
1887 2611 1925 2636 ut
1953 2605 2155 2647 impossibile
2177 2606 2218 2637 sit
2240 2606 2392 2638 virtutem
2420 2605 2497 2638 infl-

1415 2650 1517 2680 nitam
1539 2649 1572 2679 in
1597 2649 1820 2690 magnitudine
1844 2659 1924 2681 esse.

1470 2693 1584 2724 XVIII.
1606 2694 1717 2724 Tertia
1734 2695 1821 2725 ratio
1840 2694 1886 2725 ad
1896 2695 2082 2736 principale
2098 2695 2335 2736 propositum·
2354 2700 2403 2727 est
2422 2695 2493 2727 ista.

1416 2738 1527 2769 Motus
1550 2738 1675 2779 primus
1705 2744 1754 2770 est
1781 2739 1959 2771 continuus
1988 2745 2022 2771 et
2050 2740 2214 2780 regularis.
2246 2739 2334 2780 Ergo
2356 2747 2495 2772 movens

1414 2783 1558 2824 primum
1581 2791 1648 2814 non
1673 2789 1721 2814 est
1743 2792 1874 2825 corpus.
1899 2801 1923 2807 -
1944 2783 2103 2816 Probatur
2131 2785 2375 2826 consequentia.
2406 2784 2494 2824 Quia

1414 2833 1525 2859 motus
1547 2828 1725 2860 continuus
1749 2834 1780 2859 et
1803 2828 1957 2870 regularis
1978 2838 2047 2860 non
2071 2834 2180 2871 potest
2205 2837 2276 2861 esse
2298 2838 2318 2860 a
2339 2834 2495 2861 movente

1415 2880 1588 2913 corporeo,
1612 2881 1654 2904 eo
1687 2873 1779 2914 quod
1807 2878 1939 2906 moveat
1964 2874 2028 2905 tale
2057 2883 2194 2907 movens
2223 2874 2413 2906 attrahendo
2441 2873 2494 2906 vel

1415 2916 1621 2958 expellendo:
1646 2918 1680 2948 in
1703 2919 1821 2950 talibus
1844 2924 1953 2950 autem
1976 2919 2121 2951 motibus
2144 2918 2236 2962 quod
2258 2925 2410 2951 movetur
2423 2926 2494 2950 non

1414 2970 1543 3002 semper
1564 2967 1612 2992 est
1634 2962 1669 2992 in
1692 2962 1807 2994 eadem
1831 2963 2045 3004 dispositione
2069 2964 2110 2996 sd
2131 2972 2280 3001 movens,
2303 2963 2360 2995 sed
2389 2971 2497 3005 quan-

1414 3005 1525 3047 doque
1539 3006 1770 3047 propinquius,
1781 3007 1982 3050 quandoque
1997 3009 2164 3041 remotius.
2181 3027 2205 3032 —
2220 3008 2282 3040 Ista
2300 3009 2382 3039 ratio
2396 3008 2495 3040 habet

1414 3049 1664 3082 fundamentum
1688 3061 1728 3083 ex
1751 3051 1823 3084 vm
1839 3053 2067 3095 Hysicorum,
2092 3054 2149 3085 ubi
2170 3054 2327 3095 probatur
2349 3053 2493 3094 primunt

1414 3101 1543 3126 motum
1567 3105 1638 3127 esse
1661 3098 1856 3129 continuum
1881 3103 1913 3130 et
1935 3098 2126 3139 regularem.

1470 3139 1715 3172 Advertendum
1735 3142 1827 3183 quod
1845 3142 1899 3174 illa
1918 3143 2111 3184 propositio,
2129 3143 2250 3174 Nullus
2265 3146 2373 3172 motus·
2386 3150 2408 3172 a
2424 3150 2493 3172 nso·-

1415 3189 1508 3216 vente
1530 3193 1691 3226 corporeo
1709 3191 1819 3227 potest
1841 3196 1910 3219 esse
1924 3188 2101 3219 continuus
2115 3191 2148 3218 et
2162 3186 2339 3229 regularis,
2354 3194 2430 3216 vera
2445 3190 2494 3217 est

1415 3230 1441 3260 si
1464 3234 1575 3260 motus
1597 3230 1638 3261 sit
1667 3240 1686 3261 a
1715 3237 1869 3263 movente
1901 3240 2064 3273 corporeo
2093 3237 2250 3274 tanquam
2281 3239 2300 3261 a
2329 3230 2437 3271 primo
2460 3235 2494 3261 et

1415 3273 1585 3315 principali
1607 3281 1776 3307 movente:
1801 3285 1870 3307 non
1893 3282 2003 3308 autem
2019 3277 2045 3308 si
2061 3277 2102 3307 sit
2121 3276 2161 3307 ab
2183 3276 2257 3316 ipso
2280 3279 2436 3315 tanquam
2452 3275 2492 3306 ab

1414 3319 1642 3350 instrumento.
1667 3319 1778 3352 Motus
1801 3321 1890 3352 enim
1913 3329 1982 3362 quo
2003 3319 2172 3352 inferiores
2194 3319 2290 3350 orbes
2320 3323 2494 3350 moventur

1415 3368 1510 3394 motu
1533 3362 1650 3394 diurno
1674 3369 1723 3395 est
1745 3366 1922 3397 continuus
1944 3370 1978 3396 et
2000 3364 2163 3406 regularis,
2186 3363 2263 3395 licet
2284 3364 2324 3394 sit
2344 3373 2362 3394 a
2385 3363 2492 3404 primo

1415 3407 1545 3438 mobili:
1570 3409 1647 3449 quia
1669 3417 1738 3440 non
1762 3414 1812 3440 est
1832 3410 1873 3440 ab
1895 3410 1969 3450 ipso
1991 3414 2147 3450 tanquam
2179 3417 2197 3439 a
2227 3408 2397 3449 principali
2419 3416 2494 3439 mo·

1415 3457 1521 3488 vente,
1537 3452 1594 3484 sed
1608 3458 1765 3494 tanquam
1781 3454 1820 3485 ab
1835 3454 2052 3485 instrumento
2075 3452 2304 3493 intelligentiae
2319 3453 2491 3484 moventis.

1474 3506 1503 3527 2.
1528 3496 1593 3528 Sed
1616 3498 1757 3528 occurrit
1778 3497 1916 3528 dubium
1935 3497 2020 3528 circa
2035 3497 2119 3528 hanc
2142 3497 2316 3528 rationem:
2340 3497 2417 3538 quia
2444 3497 2492 3528 uti

1417 3540 1543 3572 videtur
1564 3540 1646 3573 falso
1666 3540 1890 3573 fundamento.
1914 3541 1991 3572 Non
2008 3542 2095 3573 enIm
2111 3550 2248 3573 movens
2262 3541 2366 3573 locale
2381 3546 2493 3573 movet

1417 3594 1545 3626 semper
1567 3585 1757 3617 attrahendo
1779 3585 1831 3617 vel
1854 3585 2059 3626 expellendo,
2079 3585 2136 3617 sed
2160 3586 2257 3617 etiam
2280 3585 2492 3627 impellendo.

1417 3629 1512 3661 Unde
1534 3630 1764 3671 Philosophus,
1779 3629 1837 3661 VII
1853 3630 1951 3671 Phys.
1964 3631 1992 3667 ·,
2008 3635 2118 3662 motus
2134 3629 2215 3662 alios
2230 3630 2350 3662 locales
2373 3630 2492 3671 quibus

2522 1754 2532 1764 '
2546 1753 2610 1776 uer.
2621 1759 2661 1776 21.

2521 2697 2531 2707 ·
2546 2695 2582 2718 Cf.
2598 2700 2620 2717 n.
2632 2701 2668 2717 iv.

2518 3620 2534 3667 ἰ
2544 3619 2601 3675 gap.
2613 3624 2645 3645 ιι;
2658 3624 2677 3640 a.
2685 3617 2731 3640 Τὴ.
