2768 4134
46 1805 55 1813 ·
71 1804 141 1831 Aug..
157 1803 210 1824 Vlll
233 1803 262 1824 de

89 1830 93 1834 “
109 1845 124 1855 .,
140 1836 160 1851 c.
173 1835 207 1851 ιιι.

120 2070 216 2086 ........

300 269 372 305 116

349 345 458 375 Sexto.
482 342 616 373 Nullum
640 340 821 372 violentum
845 344 892 370 est
915 338 949 368 in
973 335 1056 374 Deo,
1085 337 1136 367 vel
1162 341 1288 377 praeter
1310 346 1367 367 na-

293 396 406 423 turam.
437 388 523 426 Ergo
547 387 580 416 in
604 386 676 426 ipso
700 393 768 415 non
792 389 840 414 est
862 383 996 413 malum.
1019 400 1041 404 —
1064 381 1222 412 Probatur
1253 390 1367 412 conse-

293 433 432 475 quentia.
457 431 543 470 Quia
563 430 696 466 malum,
721 427 902 459 secundum
926 426 1016 468 quod
1040 426 1173 462 malum,
1189 426 1273 457 inest
1295 426 1368 456 uni-

292 479 409 518 cuique
442 481 554 506 contra
588 480 717 505 motum
751 473 904 504 naturalis
936 471 1168 502 inclinationis:
1201 480 1242 501 eo
1276 469 1368 511 quod

291 520 552 561 unumquodque
568 519 704 559 refugiat
719 518 853 554 malum,
867 518 951 548 sicut
965 515 1229 556 unumquodque
1245 516 1369 556 appetit

291 569 424 598 bonum.
447 566 488 596 Et
503 565 579 595 licet
602 562 776 604 aliquando
799 563 833 593 in
856 562 952 593 rebus
975 561 1166 602 compositis
1181 560 1284 601 possit
1298 570 1367 591 ma-

289 613 358 643 lum
380 609 563 641 secundum
590 607 712 649 aliquid
734 607 785 638 sui
813 617 882 638 esse
910 605 1054 638 naturale
1083 605 1139 642 rei,
1163 605 1228 636 hoc
1257 610 1367 636 tamen

289 658 322 688 in
346 656 418 687 Deo
442 664 512 686 esse
535 663 604 685 non
626 658 748 694 potest:
774 661 851 682 cum
874 661 943 682 non
966 652 1006 682 sit
1029 651 1243 691 compositus.

344 700 383 731 V.
409 699 504 731 Circa
526 699 614 731 illam
638 697 910 739 propositionem,
928 696 1055 726 Malum
1079 695 1230 731 alicuius,
1253 704 1367 726 secun-

289 745 364 776 dum
389 744 477 786 quod
499 749 547 775 est
569 744 599 774 ei
626 743 758 778 malum,
783 747 830 772 est
857 741 1034 772 violentum
1058 745 1089 771 et
1112 745 1249 781 praeter
1271 745 1366 771 natu-

290 797 376 821 ram:
392 794 502 830 potest
523 794 629 819 tamen
645 788 676 818 ei
692 787 845 818 naturale
867 796 936 817 esse
955 785 1131 816 secundum
1153 784 1280 826 aliquid
1297 785 1367 816 eius

290 835 323 865 ιη
348 835 443 865 rebus
465 833 660 874 compositis,
688 831 864 863 dubitatur:
889 831 965 872 quia
989 829 1115 860 videtur
1137 829 1367 862 contradictio-

288 889 366 911 nem
388 879 565 920 implicare.
588 878 682 913 Nam,
699 878 725 908 si
748 876 872 907 malurn
894 874 1076 906 secundum
1099 874 1224 915 aliquid
1246 876 1297 906 sui
1320 880 1368 906 est

289 924 444 960 naturale,
469 932 546 964 ergo
570 923 704 958 malum,
721 921 901 952 secundum
919 920 1010 961 quod
1025 919 1160 956 malum,
1176 929 1306 961 semper
1321 926 1369 951 est

289 970 323 999 in
347 979 380 1000 re
405 968 549 1010 quandiu
577 977 626 998 res
653 973 714 998 est:
740 968 817 1008 quia
839 965 919 996 illud
944 964 1034 1006 quod
1059 970 1107 996 est
1133 965 1289 1002 naturale,
1313 965 1367 996 cui

289 1014 411 1045 malum
429 1013 647 1054 coniungitur,
664 1021 792 1053 semper
808 1016 855 1042 est
871 1011 904 1041 in
921 1020 965 1041 re.
991 1009 1023 1041 Si
1043 1015 1164 1046 autem,
1180 1015 1218 1041 ut
1232 1010 1367 1047 malum,

289 1065 336 1090 est
358 1058 550 1094 violentum,
578 1057 723 1098 sequitur
751 1055 841 1097 quod
865 1065 933 1086 non
957 1064 1086 1096 semper
1104 1060 1234 1087 maneat
1259 1056 1293 1087 in
1317 1064 1366 1087 re:

289 1103 380 1144 quod
403 1103 491 1134 enim
514 1102 695 1133 violentum
719 1107 775 1138 est,
795 1099 971 1142 aliquando
990 1105 1186 1132 removetur.

343 1147 583 1188 Respondetur,
608 1153 639 1177 et
662 1146 779 1178 dicitur
801 1147 908 1187 primo
932 1145 1034 1186 quod,
1064 1154 1139 1176 cum
1170 1145 1280 1186 aliqua
1302 1146 1367 1186 pri-

287 1193 374 1224 vatio
398 1193 636 1224 concomitatur
659 1190 793 1232 aliquod
809 1191 1046 1232 principiorum
1066 1190 1272 1227 naturalium,
1288 1195 1368 1222 tunc

802 261 990 299 SUMMA
1020 260 1257 297 CONTRA
1274 256 1551 304 GENTILES,
1582 258 1694 295 CAP.
1716 258 1891 306 XXXIX,
1911 258 1994 296 XL.

1422 334 1539 366 dicitur
1560 335 1686 366 malum
1709 345 1778 367 esse
1804 337 1960 374 naturale,
1985 337 2099 368 saltem
2126 337 2167 368 ad
2192 344 2341 372 naturam·
2371 342 2499 372 univer-

1422 380 1522 410 salem
1546 385 1783 420 comparatum,
1806 382 1931 413 ratione
1954 382 2091 413 alicuius
2118 382 2211 423 quod
2232 383 2279 415 ad
2295 385 2404 425 ipsum
2426 395 2500 426 per-

1421 425 1512 462 tinet,
1527 425 1650 456 scilicet
1671 425 1796 457 ratione
1811 426 1913 467 ipsius
1924 427 2077 468 principii
2092 427 2127 459 in
2140 437 2208 468 quo
2223 428 2394 462 radicatur
2409 430 2501 462 Sicut

1421 470 1455 501 ιιι
1472 471 1512 500 εο
1529 470 1587 511 qui
1609 470 1752 501 nascitur
1774 480 1890 502 caecus
1913 477 1970 503 aut
1985 472 2131 510 claudus,
2152 473 2290 504 caecitas
2311 474 2446 515 quidem
2469 481 2501 506 et

1422 514 1596 556 obliquitas
1620 514 1721 546 cruris
1744 515 1926 548 secundum
1949 526 1984 548 se
2007 523 2056 548 est
2077 523 2205 559 praeter
2218 523 2366 551 naturam
2384 524 2416 551 et
2431 521 2501 551 vio-

1421 560 1518 597 lenta,
1535 560 1612 600 quia
1627 565 1676 591 est
1690 560 1829 601 privatio
1845 560 1982 593 alicuius
1997 561 2120 593 debiti'
2111 572 2230 594 messe:
2250 563 2377 596 ratione
2390 565 2501 597 tamen

1422 605 1510 636 oculi
1533 611 1566 636 et
1590 605 1702 642 cruxis,
1718 614 1804 646 quae
1827 606 1889 638 sibi
1910 607 2098 639 naturaliter
2116 609 2328 646 conveniunt,
2349 609 2502 641 dicuntur

1420 650 1475 681 illa
1495 650 1584 681 mala
1606 650 1763 682 naturalia
1785 660 1866 682 esse.

1476 695 1603 726 Dicitur
1625 694 1783 732 secundo,
1802 695 1894 737 quod
1918 696 2100 729 violentum
2119 697 2201 729 illud
2223 698 2315 740 quod
2334 700 2502 732 concomi-

1415 745 1506 771 tatur
1520 745 1646 782 partem
1662 740 1805 782 aliquam
1820 741 2012 779 naturalem,
2029 752 2098 773 non
2121 749 2253 785 oportet
2274 749 2311 775 ut
2325 743 2501 785 aliquando

1421 790 1641 816 removeatur:
1658 784 1715 816 sed
1725 790 1854 817 tantum
1865 785 1946 818 illud
1961 786 2143 819 violentum
2159 788 2252 830 quod
2266 788 2390 821 nullam
2405 789 2503 821 habet

1422 830 1711 862 concomitantiam
1731 829 1772 862 ad
1791 829 1926 872 aliquod
1941 831 2179 874 principiorum
2193 834 2398 866 naturalium.
2415 834 2503 874 Quia

1421 875 1512 913 illud,
1534 876 1610 908 licet
1629 875 1812 907 secundum
1831 885 1867 907 se
1890 877 2131 909 consideratum
2147 879 2189 909 s'it
2201 884 2327 920 praeter
2340 882 2500 917 naturam,

1421 920 1528 952 induit
1542 924 1652 952 tamen
1667 922 1829 953 tationem
1843 922 1999 954 naturalis
2014 932 2053 954 ex
2073 923 2234 955 substrato
2250 923 2291 955 ad
2308 924 2402 965 'quod
2422 934 2502 956 con-

1421 967 1583 1007 sequitur;
1608 971 1641 998 et
1664 971 1712 997 est
1734 966 1776 998 de
1799 966 1984 1000 intentione
2006 967 2197 1000 secundaria
2218 974 2352 1000 naturae
2374 970 2502 1002 univer-

1421 1010 1504 1042 salis.
1527 1011 1570 1042 Et
1589 1021 1648 1052 per
1663 1020 1880 1053 consequens,
1896 1011 2042 1054 quandiu
2062 1011 2143 1045 illud
2162 1013 2362 1055 principium
2381 1019 2502 1052 manet,

1421 1056 1582 1088 removeri
1605 1065 1674 1088 non
1698 1061 1816 1109 potest:

1477 1100 1607 1132 Uvrnro
1631 1101 1876 1133 auctoritatibus
1903 1100 2034 1133 Ioannis
2058 1102 2071 1133 1
2095 1101 2224 1133 Canon.
2249 1112 2319 1144 cap.
2336 1113 2358 1139 ι,
2379 1109 2412 1134 et
2434 1103 2502 1141 10⁶,

1422 1146 1593 1177 conclusio
1616 1145 1838 1178 confirmatur.

1125 1288 1665 1330 —Affigffl—

771 1419 1258 1493 cAPITULUM
1295 1419 2021 1499 QUADRAGEsmtm

1181 1531 1211 1561 A
1235 1539 1284 1570 4v
1317 1530 1383 1570 bt7
1408 1529 1478 1561 sine
1501 1530 1608 1561 titulo.

681 1612 884 1664 QUOD
935 1612 1127 1654 DEUS
1178 1612 1312 1654 EST
1351 1612 1589 1667 ‚OMNIS
1639 1612 1811 1654 BONI
1862 1612 2118 1655 BONUM

325 1760 335 1763 v<
357 1762 378 1777 η
441 1751 482 1783 ι’
505 1754 706 1781 ετεΝιιιτυιι
720 1742 835 1780 etiam
853 1754 898 1780 ex
914 1742 1118 1792 praedictis
1133 1743 1242 1792 quod
1261 1743 1370 1781 Deus

340 1811 349 1848 ἲ
377 1792 396 1828 3¹
409 1792 454 1817 ἡ·
518 1796 565 1833 sit
592 1798 715 1833 omnis
741 1798 832 1834 boni
857 1798 998 1834 bonum
1017 1796 1048 1833 ²¹⁸.

340 1854 343 1862 “
401 1881 429 1902 7.
458 1855 463 1878 ι’
573 1849 731 1887 Bonitas
751 1849 857 1887 enirn
876 1849 1186 1901 uniuscuiusque
1205 1858 1262 1887 est
1284 1862 1371 1900 per-

391 1899 396 1908 ’
462 1925 467 1928 ·
518 1903 629 1941 fectio
654 1902 785 1953 ipsius,
806 1909 849 1940 ut
871 1902 1020 1941 dictum
1042 1911 1099 1941 est
1113 1903 1145 1941 ⁴³.
1170 1904 1279 1941 Deus
1303 1916 1371 1942 au-

1425 1742 1575 1781 dicetur
1609 1743 1762 1782 bonum
1788 1742 1872 1781 nisi
1908 1743 2144 1794 inquantum
2181 1743 2299 1782 habet
2332 1743 2506 1803 aliquam

1425 1796 1720 1835 similitudinem
1756 1796 1912 1835 divinae
1947 1796 2141 1835 bonitatis.
2179 1797 2250 1835 Est
2275 1796 2390 1846 igitur
2421 1783 2504 1848 ipae

1427 1851 1580 1900 bonurn
1607 1850 1738 1888 omnis
1765 1850 1872 1888 boni.

1480 1904 1634 1942 Adhuc.
1665 1904 1770 1942 Cum
1788 1904 2108 1965 unumquodque
2125 1903 2334 1966 appetibile
2353 1903 2400 1942 sit
2417 1911 2505 1958 pm-

290 1934 382 2004 tem,
402 1968 494 1994 cum
514 1956 561 1994 sit
580 1956 804 2006 simpliciter
820 1957 1024 2006 perfectus,
1045 1970 1117 1995 sua
1137 1957 1371 2008 perfectione
1393 1975 1403 1995 ς
1424 1965 1511 2008 pter
1537 1957 1678 2004 fine1n;
1713 1957 1809 1996 boni
1843 1965 1977 1997 autem
2011 1958 2109 1997 ratio
2146 1955 2329 1997 consistat
2360 1957 2401 1996 in
2428 1947 2507 1997 h6³e

289 2022 428 2048 omnes
444 2022 576 2048 rerum
590 2010 845 2060 perfectiones
859 2010 1169 2061 comprehendit,
1186 2019 1228 2048 ut
1242 2019 1370 2050 osten·

288 2075 378 2102 sum
411 2072 467 2101 est
485 2063 516 2101 *.
553 2065 636 2102 Sua
668 2063 782 2113 igitur
817 2064 969 2102 bonitas
1005 2077 1145 2103 omnes
1179 2064 1396 2103 bonitates

288 2117 597 2167 comprehendit.
627 2118 676 2155 Et
703 2118 755 2156 ita
783 2126 839 2155 est
867 2118 997 2156 omnis
1025 2119 1119 2156 boni
1148 2119 1313 2157 bonum.

342 2172 449 2208 ltem.
490 2172 611 2220 Quod
648 2183 720 2221 per
755 2170 1093 2223 participationem
1128 2172 1269 2210 dicitur
1302 2172 1368 2210 ali-

288 2226 416 2275 quale,
455 2237 536 2263 non
575 2224 715 2264 dicitur
751 2227 824 2264 tale
862 2225 936 2264 nisi
974 2225 1210 2276 inquantum
1251 2225 1410 2264 habetm

288 2279 489 2328 quandam
518 2278 811 2317 similitudinem
839 2278 923 2317 eius
943 2280 1052 2329 quod
1072 2292 1143 2329 per
1161 2278 1368 2318 essentiam

288 2331 442 2370 dicitur:
472 2331 570 2370 sicut
596 2332 744 2371 sermm
771 2332 912 2370 dicitur
939 2332 1104 2382 ignitum
1133 2332 1367 2383 inquantum

288 2386 489 2435 quandam
504 2385 795 2424 similitudinem
814 2386 913 2435 ignis
932 2387 1144 2437 participat.
1162 2387 1240 2425 Sed
1259 2387 1367 2425 Deus

288 2447 345 2477 est
379 2439 508 2476 bonus
542 2451 612 2490 per
645 2439 863 2488 essentiam,
895 2439 1030 2478 omnia
1057 2453 1153 2478 vero
1189 2440 1262 2479 alia
1297 2452 1369 2491 per

1425 2011 1535 2061 quod
1550 2018 1606 2050 est
1620 2010 1866 2062 appetibile*:
1886 2019 2041 2062 oportet
2058 2010 2168 2062 quod
2187 2011 2506 2063 unumquodque

1425 2064 1576 2103 dicatur
1602 2065 1755 2104 bonum
1783 2066 1847 2103 vel
1874 2065 1969 2115 quia
1995 2073 2053 2103 est
2079 2065 2182 2112 finis,
2201 2067 2274 2104 vel
2287 2064 2381 2116 quia
2400 2065 2506 2105 ordi-

1425 2126 1541 2157 natur
1567 2119 1617 2156 ad
1645 2118 1781 2156 finem.
1818 2119 1925 2157 Finis
1951 2119 2067 2182 igitur
2099 2118 2261 2158 ultimus
2288 2127 2347 2158 eat
2372 2130 2396 2158 a
2420 2128 2505 2178 quo

1424 2171 1559 2210 omnia
1578 2171 1770 2211 rationem
1788 2172 1885 2211 boni
1903 2172 2108 2225 accipiunt.
2129 2171 2242 2211 Ηοε
2245 2178 2378 2212 autem
2396 2169 2505 2228 Deris

1423 2233 1493 2274 est,
1522 2234 1565 2264 ut
1593 2226 1729 2264 infra*
1755 2226 1998 2278 probabitur.
2026 2227 2096 2266 Est
2114 2225 2229 2277 igitur
2246 2226 2356 2266 Deus
2374 2220 2505 2267 omnis

1423 2278 1519 2318 boni
1547 2279 1713 2318 bonum.

1477 2332 1581 2371 Hinc
1598 2341 1656 2371 εει
1674 2333 1785 2384 quod
1803 2333 2012 2396 Dominus,
2026 2345 2142 2372 suam
2159 2333 2356 2372 visionem
2371 2333 2505 2385 Moyai

1422 2387 1664 2436 promittens,
1685 2386 1787 2433 dicit,
1808 2388 1938 2426 Exodi
1948 2399 2056 2426 xxxm
2067 2390 2110 2414 ¹⁹
2102 2389 2215 2439 .Ego
2228 2388 2422 2426 ostendam
2437 2389 2506 2426 tib·

1423 2452 1536 2478 omne
1563 2442 1715 2479 boreum.
1747 2442 1796 2478 Et
1824 2442 1911 2492 Sap.
1930 2441 2021 2479 wit*
2039 2440 2179 2479 dicitur
2203 2441 2253 2479 de
2277 2440 2410 2479 divina
2433 2441 2540 2480 διο·

143 2502 243 2518 ¹¹¹v¹¹¹·
287 2492 632 2544 participationem,
664 2502 706 2532 ut
740 2501 943 2532 ostensum
980 2502 1037 2532 est
1055 2493 1086 2532 *.
1123 2493 1238 2544 Igitur
1272 2494 1367 2532 nihil
1383 2518 1405 2538 ,ς
1422 2493 1581 2545 pientia:
1603 2496 1791 2533 Venerunt
1805 2496 1899 2533 mihi
1910 2497 2040 2534 omnia
2053 2497 2154 2548 bona
2162 2497 2310 2546 pariter
2323 2507 2409 2533 cum
2425 2492 2501 2534 t'Il'a.

91 3336 211 3352 .........

341 2606 354 2631 5
375 2606 536 2640 simpliciter]
555 2608 666 2640 simplex
685 2607 760 2639 ch,
779 2607 893 2641 simplex
912 2613 938 2634 et
955 2608 1012 2639 ΒΗ,
1030 2615 1075 2634 om
1094 2608 1126 2634 E.

343 2649 375 2675 14
394 2642 450 2677 νιιι]
471 2650 506 2668 vu
525 2643 567 2669 Pc.

1217 2616 1232 2641 7
1253 2608 1356 2634 bonius
1375 2608 1431 2641 (ex¹
1443 2607 1586 2643 boninus)
1603 2609 1629 2634 Α
1646 2609 1734 2639 solun
1753 2608 1878 2634 bonitate.

1049 2713 1389 2747 Commentario
1419 2714 1732 2748 Feri-axiensis

341 2803 488 2826 osromur
510 2794 735 2826 determinavit
755 2795 892 2826 Sanctus
911 2796 1059 2827 Thomas
1082 2796 1123 2827 de
1153 2797 1299 2828 bonitate
1318 2796 1366 2828 di-

289 2805 415 2870 pvina
434 2839 592 2876 absolute,
616 2838 706 2871 nunc
728 2839 769 2871 de
792 2841 862 2881 ipsa
884 2842 1104 2882 comparative
1134 2841 1366 2874 determinat·.

286 2883 380 2915 Circa
403 2884 467 2915 hoc
495 2890 605 2915 autem
633 2884 700 2915 duo
731 2884 820 2916 facit:
846 2886 963 2926 primo,
984 2892 1156 2939 comparat
1186 2888 1366 2918 bonitatem

285 2928 427 2960 divinam
446 2928 487 2959 ad
509 2930 570 2960 alia
593 2930 680 2960 bona
699 2936 758 2970 per
780 2930 918 2961 modum
942 2932 1110 2972 principii;
1135 2932 1292 2969 secundo,
1308 2941 1367 2974 per

285 2973 423 3005 modum
446 2972 665 3011 excellentiae,
690 2975 795 3015 capite
811 2977 970 3016 sequenti.

341 3019 511 3058 Quantum
535 3019 576 3051 ad
599 3019 753 3060 primum,
770 3020 864 3061 ponit
887 3021 971 3051 hanc
994 3021 1258 3052 conclusionem:
1275 3022 1366 3053 Deus

286 3068 334 3094 est
356 3063 463 3095 omnis
485 3064 563 3095 boni
585 3065 715 3095 bonum.

341 3109 403 3140 Pro
416 3107 509 3140 cuius
524 3109 735 3155 intelligentia
746 3109 927 3146 sciendum,
944 3119 982 3140 ex
995 3109 1140 3142 doctrina
1152 3110 1261 3143 Sancti
1273 3111 1365 3143 Tho-

285 3162 357 3185 mae
373 3153 489 3191 Prima,
506 3163 538 3195 q.
550 3163 594 3190 vr
606 3163 638 3194 4,
656 3160 688 3186 ει
705 3154 812 3190 Verit„
830 3164 862 3196 q.
876 3165 939 3191 xxi,
955 3165 983 3186 a.
997 3163 1029 3195 4,
1046 3155 1086 3186 ad
1103 3155 1133 3192 3,
1150 3156 1242 3197 quod
1257 3156 1301 3187 du
1326 3156 1365 3187 li·

286 3198 364 3229 citer
386 3204 494 3240 potest
517 3199 651 3240 intelligi
675 3199 783 3230 Deum
805 3208 874 3230 esse
898 3201 1004 3231 omnis
1024 3201 1102 3231 boni
1126 3201 1263 3232 bonum.
1318 3210 1363 3232 no

286 3242 397 3279 mode,
414 3244 602 3275 intrinsece:
620 3245 696 3285 quia
711 3245 858 3275 scilicet*
849 3253 918 3285 ipse
935 3245 1115 3276 secundum
1131 3255 1165 3276 se
1181 3247 1221 3277 sit
1236 3246 1365 3277 bonitas

286 3288 381 3319 rebus
404 3289 583 3326 inhaerens,
608 3299 626 3320 a
649 3298 714 3330 qua
737 3298 954 3330 unaquaeque
978 3299 1027 3320 res
1050 3289 1175 3322 dicatur
1200 3291 1297 3322 bona.
1322 3291 1363 3322 Et

286 3333 331 3364 sic
356 3342 423 3364 non
452 3334 608 3385 accipitur
630 3332 697 3365 hic.
722 3341 890 3365 ostensum
914 3340 962 3365 est
988 3335 1075 3366 enirn
1102 3345 1198 3376 supra
1214 3337 1231 3353 θ
1254 3336 1362 3367 Deum

286 3376 405 3408 nullius
421 3379 466 3409 rei
483 3389 551 3410 esse
568 3378 756 3410 formam.-
776 3379 851 3411 Alio
875 3379 988 3415 modo.
1005 3381 1191 3416 extrinsece,
1208 3390 1266 3422 per
1290 3390 1363 3412 mo-

287 3421 365 3452 dum
382 3423 531 3464 principii
551 3423 699 3460 effectivi,
717 3424 908 3465 exemplaris
924 3430 955 3455 et
978 3423 1091 3455 finalis.
1117 3424 1158 3456 Et
1177 3426 1222 3457 sic
1245 3425 1362 3457 intelli-

287 3465 384 3506 gitur:
402 3468 477 3507 quia
492 3468 640 3500 videlicet
651 3469 779 3500 bonitas
790 3469 1028 3510 cuiuscumque
1044 3476 1207 3502 creaturae
1224 3469 1272 3502 est
1287 3479 1363 3512 pro·

289 3510 383 3585 ιιιιὲιε
413 3517 444 3542 et
474 3513 653 3554 exemplata
677 3523 694 3544 a
718 3514 800 3550 Deo,
827 3519 859 3545 et
885 3513 925 3544 ad
952 3513 1059 3554 ipsum
1091 3515 1174 3545 sicut
1197 3515 1237 3546 ad
1260 3514 1361 3546 finem

289 3563 326 3585 or
349 3555 442 3586 inata.

342 3598 503 3630 Probatur
514 3607 621 3632 autem
628 3603 748 3642 primo.
763 3603 797 3633 ln
813 3602 885 3634 Deo
897 3608 973 3634 sunt
984 3603 1200 3644 perfectiones
1210 3605 1360 3636 omnium

288 3651 406 3674 rerum.
432 3644 515 3684 Ergo
540 3655 654 3676 omnes
678 3648 836 3678 bonitates
860 3647 1117 3689 comprehendit,
1135 3654 1166 3680 et
1189 3655 1237 3680 est
1252 3649 1360 3680 omnis

1422 2797 1501 2828 boni
1517 2797 1691 2828 bonum.—
1705 2796 1865 2829 Probatur
1879 2773 2125 2841 consequentia.
2145 2797 2233 2837 Quia
2248 2797 2378 2854 bonitas
2391 2794 2438 2830 rei
2452 2803 2503 2830 eat

1420 2841 1580 2887 perfectio
1599 2842 1679 2874 eius.

1476 2884 1637 2918 Secundo.
1656 2886 1777 2918 Omnia
1792 2887 1913 2918 habent
1927 2886 2174 2919 similitudinem
2188 2886 2317 2919 divinae
2337 2885 2500 2920 bonitatis.

1420 2932 1508 2973 Ergo
1524 2937 1626 2963 etc.-
1640 2932 1809 2963 Probatur
1813 2931 2018 2964 antecedens.
2035 2931 2122 2971 Quia
2138 2932 2227 2964 Deus
2249 2938 2306 2964 est·
2321 2933 2428 2964 bonus
2442 2938 2502 2975 pe

1419 2978 1602 3013 essentiam,
1619 2977 1680 3008 alia
1702 2974 1783 3008 vero
1805 2985 1863 3018 per
1886 2976 2182 3030 participationem:
2207 2974 2298 3019 quod
2321 2982 2441 3009 autem
2452 2983 2501 3010 eat

1419 3021 1482 3053 tale
1505 3030 1565 3063 per
1586 3022 1880 3063 participationem.
1898 3027 1947 3053 est
1961 3022 2025 3053 tale
2041 3023 2119 3063 quia
2132 3022 2231 3054 habet
2245 3022 2388 3064 aliquam
2410 3023 2500 3054 ιιιιιι-

1420 3066 1592 3099 litudinem
1615 3068 1686 3098 eius
1708 3066 1801 3108 quod
1823 3072 1873 3098 est
1894 3075 1953 3107 per
1975 3067 2147 3099 asenam
2169 3067 2244 3099 tale.

1474 3111 1719 3143 Advertendum
1743 3111 1797 3142 hic
1818 3110 1912 3164 quod
1931 3110 1976 3143 ad·
1988 3112 2053 3143 hoc
2071 3117 2110 3143 ut
2131 3111 2254 3153 aliquid
2276 3110 2500 3153 participative

1418 3155 1544 3188 dicatur
1558 3157 1632 3193 tale,
1649 3166 1718 3188 non
1733 3155 1910 3197 requiritur
1922 3162 1961 3188 ut
1980 3156 2097 3188 habeat
2116 3156 2198 3188 illud
2219 3155 2403 3188 secundum
2421 3163 2499 3188 ean-

1419 3201 1494 3233 dem
1510 3202 1671 3233 rationem
1691 3202 1867 3233 univocam
1890 3201 2073 3233 secundum
2097 3210 2196 3243 quam
2219 3205 2268 3232 est
2289 3201 2322 3232 in
2342 3209 2384 3232 eo
2406 3201 2498 3242 quod

1418 3243 1535 3278 dieitur
1548 3254 1607 3287 per
1622 3247 1793 3278 essentiam
1809 3246 1887 3278 tale:
1903 3245 1961 3278 sed
1976 3244 2095 3278 suffieit
2110 3250 2147 3277 ut
2160 3244 2303 3286 aliquam
2319 3245 2388 3276 eius
2407 3245 2497 3277 simi-

1417 3291 1589 3323 litudinem
1612 3291 1739 3328 habeat,
1763 3296 1800 3323 ut
1822 3291 1886 3322 hoc
1910 3291 1987 3322 loco
2007 3291 2079 3322 vult
2100 3288 2238 3322 Sanctus
2260 3288 2417 3321 Thomas.
2460 3310 2461 3314 ,

1477 3336 1597 3367 Tertio.
1621 3336 1712 3367 Deus
1730 3341 1779 3367 est
1800 3335 1875 3367 finis
1889 3336 2024 3368 ultimus
2038 3335 2200 3371 omnium,
2225 3340 2262 3366 ut
2283 3334 2365 3366 infra
2387 3340 2497 3366 osten-

1417 3379 1520 3412 detur.
1546 3381 1633 3421 Ergo
1661 3386 1710 3412 est
1724 3381 1726 3384 '
1739 3381 1848 3412 omnia
1875 3379 1954 3412 boni
1987 3380 2124 3411 bonum.
2147 3395 2171 3402 -
2193 3379 2351 3411 Probatur
2380 3388 2496 3411 eonse-

1417 3425 1560 3466 quentia.
1576 3425 1674 3464 Quia,
1690 3431 1767 3457 cum
1783 3426 1908 3457 bonum
1922 3425 2039 3456 habeat
2061 3424 2220 3455 rationem
2243 3423 2440 3466 appetibilisz
2462 3430 2496 3456 et

1416 3469 1681 3512 unumquodque
1696 3471 1737 3501 sit
1752 3466 2076 3511 appetibile‘propter
2090 3468 2207 3500 tinem:
2232 3469 2358 3500 bonum
2377 3468 2495 3500 dicitur

1416 3514 1681 3556 unumquodque
1693 3520 1749 3546 aut
1758 3515 1835 3556 quia
1846 3519 1895 3545 est
1904 3513 1989 3550 finis,
1998 3519 2055 3545 aut
2064 3514 2140 3554 quia
2152 3513 2321 3546 ordinatur
2330 3513 2371 3544 ad
2381 3512 2492 3545 finern.

1416 3559 1503 3600 Ergo
1518 3559 1593 3590 finis
1607 3560 1743 3591 ultimus
1757 3564 1806 3590 est
1820 3569 1839 3590 a
1854 3566 1922 3599 quo
1943 3559 2054 3589 omnia
2077 3559 2237 3589 rationem
2261 3558 2340 3589 boni
2362 3558 2491 3590 habent.

1471 3603 1705 3636 cosmam
1727 3603 1898 3636 conclusio
1917 3603 2107 3662 auctoritate
2130 3602 2243 3634 Exodi
2262 3612 2368 3638 xxxm.
2385 3608 2423 3634 ει
2433 3603 2492 3634 84-

1410 3649 1556 3690 pientiae
1569 3658 1624 3680 vn.

2531 2227 2605 2251 ἸΔΙι.
2614 2227 2654 2256 m,
2663 2233 2748 2251 απιι.

2554 2441 2580 2464 la
2595 2441 2639 2470 Vn.
2655 2447 2696 2469 vn.
2713 2446 2745 2464 ιι.
