2768 4134
65 755 75 766 ·
89 754 160 776 Locis
173 753 214 775 cit.
227 752 278 775 init.

65 781 134 804 huius
148 782 226 808 parag.

66 932 76 942 ·
89 930 146 954 Loc-
161 929 200 952 cit.

100 2009 173 2065 ἐξ

175 2027 182 2034 .
201 2015 238 2036 ιις
261 2013 284 2032 et

44 3659 45 3662 ’
76 3660 87 3671 ·
100 3659 170 3683 Num.
180 3667 231 3688 vui,
241 3667 261 3684 2.

876 273 1064 311 SUMMA
1094 274 1315 312 CONTRA
1345 274 1619 323 GENTILES,
1650 276 1761 313 CAP.
1782 277 1931 314 LXVII.

360 351 506 382 Primum
530 351 650 382 horum
665 356 754 391 patet
770 360 808 382 ex
824 351 837 382 I
854 351 952 387 Sent.,
970 351 1000 382 d.
1017 362 1144 389 xxxvm,
1162 363 1189 383 a.
1206 353 1276 390 ult„
1293 353 1333 384 ad
1348 363 1379 393 4.

306 396 353 427 lbi
375 396 464 426 enim
487 396 532 426 ait
555 395 691 427 Sanctus
716 396 863 427 Thomas
890 395 980 436 quod
1009 397 1091 427 illud
1119 398 1311 428 antecedens
1334 403 1382 428 est

307 441 525 471 necessarium
556 441 712 476 absolute,
738 445 804 471 tum
834 450 876 471 ex
900 441 1121 472 immobilitate
1147 442 1249 472 divini
1277 448 1380 478 actus,

306 491 373 516 tum
393 495 435 516 ex
459 485 575 515 ordine
591 485 635 516 ad
654 485 780 522 scitum,
798 486 875 525 quia
894 487 1081 517 terminatur
1103 487 1236 517 scientia
1259 487 1320 517 Dei
1341 486 1382 517 ad

306 540 375 561 rem
390 536 427 561 ut
443 536 491 561 est
512 530 547 560 in
563 531 677 570 seipsa.
698 530 763 561 Ubi
778 535 904 561 constat
914 530 1011 571 ,quod
1033 531 1179 572 loquitur
1194 531 1234 562 de
1249 532 1382 562 scientia

307 575 368 606 Dei
396 576 431 605 in
462 584 508 610 se,
531 584 601 605 non
629 580 739 605 autem
769 575 950 606 secundum
980 575 1071 615 quod
1097 575 1294 616 significatur
1324 585 1382 616 per

307 620 443 651 verbum
466 620 628 660 praeteriti
651 620 822 660 temporis:
847 621 923 660 quia
938 620 1011 651 illae
1035 620 1240 651 conditiones
1263 629 1382 651 conve-

307 665 402 695 niunt
423 664 577 695 scientiae
601 664 663 694 Dei
686 665 720 695 in
743 674 788 701 se,
812 674 881 695 non
905 670 1014 696 autem
1037 671 1073 696 ut
1096 664 1303 706 significatur.

363 708 552 740 Secundum
581 718 715 749 quoque
744 719 814 740 esse
841 709 968 746 falsum,
997 715 1085 750 patet
1107 719 1147 740 ex
1169 709 1273 740 dictis.
1297 709 1383 747 Quia

307 753 445 785 Sanctus
461 753 608 784 Th0mas
631 754 666 784 in
688 754 796 785 Prima
810 754 903 785 Parte
919 761 951 785 et
966 754 1032 793 Qu.
1053 754 1150 785 Verit.
1163 755 1190 790 *,
1210 754 1305 794 ponit
1318 754 1384 783 hoc

307 807 525 839 consequenS‚
548 798 610 829 hoc
637 799 708 834 erit,
733 809 802 830 esse
826 799 972 830 similiter
993 799 1140 829 absolute
1165 798 1383 829 necessarium

305 843 391 874 sicut
405 848 438 874 et
451 843 654 874 antecedens.
678 843 795 874 Nullus
810 849 920 875 autem
942 843 1062 875 diceret
1083 842 1164 874 illud
1179 851 1385 883 consequens

307 897 377 919 esse
392 888 450 918 illo
467 889 574 929 primo
591 888 693 919 modo
708 889 927 920 necessarium
943 888 1106 919 absolute:
1128 888 1232 918 immo
1248 887 1385 918 Sanctus

308 932 465 969 Thomas,
481 934 516 963 in
531 933 638 964 Prima
653 933 746 964 Parte
762 934 789 969 *,
813 933 953 964 declarat
976 933 1046 963 eius
1068 932 1266 962 necessitatis
1288 932 1384 962 ratio-

307 987 395 1014 nem,
419 978 496 1018 quia
521 987 615 1008 omne
637 978 726 1019 quod
748 982 805 1013 est,
829 976 961 1018 quando
985 981 1041 1012 est,
1067 985 1194 1007 necesse
1224 981 1271 1006 est
1298 985 1367 1006 esse
1374 983 1386 1012 ;

307 1022 400 1063 quod
423 1028 550 1053 constat
572 1023 791 1053 necessarium
813 1031 883 1053 esse
906 1030 975 1052 non
999 1021 1157 1056 absolute,
1180 1020 1237 1051 sed
1266 1021 1386 1051 immu-

308 1068 446 1098 tabiliter
469 1077 529 1108 pro
553 1067 671 1098 eodem
694 1076 795 1098 nunc.

365 1112 514 1143 Tertium
537 1121 673 1152 quoque
702 1110 820 1142 falsum
847 1119 918 1140 esse
945 1110 1149 1141 convincitur
1172 1115 1204 1140 et
1227 1110 1261 1140 in
1284 1120 1329 1146 se,
1354 1115 1384 1140 et

309 1157 396 1198 apud
419 1156 575 1188 Sanctum
598 1156 774 1187 Thomam.
799 1154 835 1185 In
851 1164 885 1185 se
901 1154 1045 1195 quidem,
1062 1155 1139 1195 quia
1161 1155 1286 1195 accipio
1302 1155 1385 1185 hanc

308 1202 569 1243 propositionem
595 1209 706 1231 veram
732 1199 772 1230 de
798 1200 982 1240 praeterito,
998 1199 1103 1230 Adam
1121 1199 1205 1241 suit,
1231 1205 1262 1230 et
1285 1208 1385 1239 arguo

307 1247 364 1278 sic.
381 1247 482 1282 Deus,
498 1245 646 1276 absolute
660 1244 841 1285 loquendo,
858 1245 966 1285 potuit
980 1254 1049 1275 non
1066 1243 1246 1285 producere
1264 1243 1384 1274 Adam:

308 1292 385 1333 quia
407 1291 508 1321 libere
530 1289 694 1330 produxit.
720 1289 806 1330 Ergo
822 1290 931 1330 potuit
945 1298 1115 1330 nunquam
1131 1298 1205 1320 vera
1222 1298 1290 1319 esse
1307 1289 1386 1319 haec

307 1334 624 1378 propositiaerldam
639 1339 697 1365 est.
714 1334 801 1375 Ergo
817 1340 849 1365 et
865 1335 923 1365 ista
939 1334 980 1365 de
997 1334 1180 1374 praeterito,
1199 1343 1283 1374 quae
1298 1334 1386 1364 illam

274 1377 281 1379 ⁴
305 1380 350 1412 de
371 1379 534 1420 praesenti
556 1380 802 1420 praesupponit,
817 1379 926 1420 potuit
941 1388 1010 1410 non
1026 1388 1095 1409 esse
1110 1388 1196 1410 vera.
1220 1379 1306 1419 Ergo
1329 1388 1387 1409 sua

308 1425 462 1466 opposita
484 1424 594 1465 potuit
616 1433 686 1455 esse
710 1433 795 1460 vera,
819 1423 952 1460 scilicet,
976 1423 1080 1454 Adam
1105 1433 1170 1454 non
1185 1423 1268 1465 fuit.
1300 1423 1386 1463 Ergo

308 1470 379 1506 ista,
402 1469 509 1500 Adam
523 1469 609 1511 fuit,
625 1478 694 1500 non
718 1474 767 1499 est
789 1469 969 1500 necessaria
988 1468 1146 1504 absolute,
1169 1474 1325 1508 tanquam
1341 1468 1387 1498 vi-

306 1514 428 1547 delicet
449 1524 507 1545 sua
530 1514 683 1554 opposita
705 1513 852 1554 implicet
875 1513 1177 1544 contradictionem.
1208 1513 1296 1552 Ergo
1319 1522 1387 1542 non

305 1559 418 1591 ⁴onmis
439 1559 623 1600 propositio
647 1558 688 1589 de
718 1558 890 1599 praeterito
920 1563 969 1588 est
995 1557 1052 1588 illo
1079 1557 1181 1588 modo
1209 1557 1388 1588 necessaria

306 1604 468 1636 absolute.
491 1621 514 1626 —
537 1602 637 1644 Apud
666 1602 823 1634 Sanctum
847 1602 1013 1633 Thomam
1041 1611 1176 1643 quoque
1205 1601 1287 1632 illud
1319 1610 1388 1632 esse

308 1649 429 1681 falsum
452 1653 579 1679 constat
602 1657 642 1678 ex
665 1648 703 1678 iis
726 1657 810 1688 quae
841 1646 919 1678 dicit
947 1646 1055 1683 Verit„
1080 1651 1113 1687 q.
1130 1656 1216 1683 xxm,
1240 1656 1268 1676 a.
1284 1656 1316 1686 4.
1342 1645 1388 1676 Ibi

308 1694 408 1730 enim,
425 1693 466 1725 ad
480 1702 513 1732 4,
535 1693 644 1732 inquit
665 1691 757 1732 quod
779 1692 886 1723 Deum
902 1691 1044 1722 voluisse
1059 1691 1195 1732 aliquid,
1214 1696 1388 1731 postquam

305 1739 423 1774 voluit,
447 1743 496 1769 est
518 1737 737 1768 necessarium
768 1747 811 1768 ex
839 1736 1071 1777 suppositione,
1093 1737 1179 1767 sicut
1207 1741 1238 1766 et
1261 1735 1388 1766 Sortem

309 1783 496 1815 cucurrisse
505 1787 682 1823 postquam
697 1781 854 1813 cucurrit.
880 1780 1089 1812 Manifestum
1110 1787 1157 1812 est
1173 1786 1282 1811 autem
1298 1779 1389 1821 quod

309 1829 384 1861 illae
399 1833 476 1860 sunt
490 1827 734 1868 propositiones
749 1826 790 1858 de
806 1826 990 1867 praeterito.
1015 1826 1101 1866 Ergo
1122 1831 1182 1856 etc.
1202 1843 1226 1847 —
1246 1825 1309 1856 Sed
1334 1834 1389 1855 ve-

306 1883 384 1905 -mm
405 1878 455 1904 est
477 1871 580 1913 quod,
603 1871 802 1912 implicando
825 1871 859 1902 in
879 1880 914 1901 re
929 1871 1100 1911 praeterita
1114 1870 1388 1911 praeteritionem,

308 1917 495 1960 'propositio
519 1922 567 1948 est
590 1916 738 1947 absolute
760 1916 955 1947 necessaria:
987 1915 1070 1946 sicut
1093 1915 1119 1945 si
1143 1914 1259 1950 dicam,
1284 1914 1387 1945 Adam

306 1962 507 2004 praeteritus
521 1961 605 2003 fuit,
630 1961 664 1991 in
687 1970 785 1992 sensu
809 1960 1007 2000 composito.

367 2007 421 2038 Xl.
438 2005 723 2038 Considerandum
745 2005 841 2036 tertio
854 2006 881 2041 *,
905 2003 998 2045 quod
1024 2004 1121 2034 etiam
1143 2003 1322 2038 scientiam,
1340 2003 1388 2032 in-

311 2057 469 2094 quantum
492 2059 636 2086 causam‚
655 2050 872 2081 necessariam
888 2058 966 2084 esse,
984 2048 1155 2088 dupliciter
1170 2053 1278 2088 potest
1296 2047 1389 2078 intel-

308 2097 382 2138 ligi:
408 2105 477 2127 uno
508 2094 622 2131 modo,
655 2105 694 2126 ex
724 2100 814 2134 parte
844 2103 960 2125 causae
986 2094 1021 2124 in
1052 2102 1100 2129 se;
1126 2092 1190 2123 alio
1212 2092 1325 2128 modo,
1350 2102 1388 2122 ex

311 2147 401 2183 parte
425 2139 651 2182 productionis
667 2138 812 2170 effectus.
832 2139 942 2169 Primo
958 2137 1060 2168 modo
1076 2137 1193 2168 dicitur
1216 2146 1312 2168 causa
1331 2147 1388 2167 ne-

312 2186 447 2218 cessaria
469 2183 603 2226 quando
619 2183 790 2225 dispositio
806 2182 988 2214 secundum
1005 2191 1104 2222 quam
1127 2188 1174 2213 est
1197 2182 1390 2222 productiva

311 2230 456 2267 effectus,
473 2235 506 2261 et
521 2239 605 2270 quae
621 2235 669 2260 est
691 2228 942 2260 fundamentum
957 2226 1154 2258 habitudinis
1173 2226 1213 2257 ad
1237 2226 1389 2257 effectum

311 2281 468 2316 tanquam
483 2274 525 2306 ad
547 2273 761 2315 producibile,
778 2279 826 2304 est
846 2273 880 2304 in
901 2282 935 2303 se
957 2272 1135 2303 necessaria
1152 2277 1184 2302 et
1198 2281 1266 2302 non
1282 2276 1390 2311 potest

310 2320 403 2352 aliter
425 2330 460 2351 se
482 2319 615 2350 habere:
636 2328 677 2349 eo
693 2318 796 2349 modo
820 2327 888 2358 quo
912 2317 1050 2348 dicimus
1073 2322 1202 2347 motum
1223 2316 1300 2346 solis
1321 2325 1390 2346 esse

310 2374 444 2397 causam
467 2363 692 2400 necessariam,
710 2364 787 2404 quia
801 2372 869 2394 non
886 2367 994 2403 potest
1008 2371 1077 2392 non
1102 2370 1170 2392 esse
1195 2360 1390 2398 (secundum

310 2410 434 2442 seilicet
456 2409 650 2450 opinionem
665 2407 966 2448 philosophorum).
987 2406 1141 2438 Secundo
1156 2405 1258 2436 modo
1275 2404 1391 2436 dicitur

308 2465 409 2486 eausa
431 2453 611 2485 necessaria
633 2452 767 2493 quando
790 2462 859 2483 non
883 2457 992 2492 potest
1014 2460 1082 2482 non
1106 2450 1287 2491 producere
1315 2449 1390 2480 effe-

311 2506 417 2531 ctum:
441 2499 526 2530 sicut
547 2503 678 2528 motum
701 2498 831 2528 orbium
861 2496 1000 2528 dicimus
1023 2505 1093 2526 esse
1118 2505 1248 2526 causam
1278 2504 1390 2533 neces-

311 2545 428 2576 sariam
451 2542 644 2574 defectionis
666 2542 745 2574 solis
761 2548 816 2573 aut
839 2541 946 2572 lunae.
967 2541 1116 2581 Utroque
1131 2539 1234 2571 modo
1257 2540 1390 2570 scientia

310 2589 422 2620 divina
437 2594 486 2619 est
501 2597 598 2618 causa
619 2587 800 2618 necessaria
814 2596 923 2618 rerum
939 2587 1106 2617 scitatum:
1127 2591 1159 2616 et
1175 2585 1252 2625 quia
1267 2584 1390 2615 scilicet

312 2643 381 2665 non
404 2637 514 2674 potest
536 2641 605 2663 non
629 2640 715 2668 esse;
747 2637 779 2662 et
802 2632 879 2671 quia
901 2641 970 2662 non
993 2636 1101 2670 potest
1131 2629 1281 2670 impediri
1309 2630 1389 2668 quin

313 2678 447 2710 effectus
467 2677 595 2708 divinae
617 2676 770 2707 scientiae
794 2676 931 2712 eveniat,
955 2675 1136 2708 secundum
1159 2674 1297 2705 modum
1321 2683 1388 2713 quo

311 2728 470 2755 statutum
493 2727 542 2752 est
564 2730 622 2761 per
643 2721 734 2752 illam
757 2725 794 2751 ut
817 2721 952 2751 eveniat.

368 2766 612 2799 Attendendum
628 2771 737 2796 tamen
753 2764 854 2805 quod,
872 2774 949 2796 cum
964 2765 1005 2795 sit
1021 2763 1140 2804 duplex
1160 2762 1387 2796 necessarium,

312 2813 436 2844 scilicet
458 2811 606 2842 absolute
628 2810 857 2845 necessarium,
877 2815 910 2839 et
931 2819 971 2840 ex
993 2808 1219 2849 suppositione
1239 2816 1275 2837 ac
1291 2806 1388 2836 etiam

312 2856 580 2889 immutabilitatis
614 2855 820 2890 necessitate,
852 2863 922 2884 non
951 2854 998 2884 sic
1027 2852 1215 2892 intelligitur
1246 2850 1388 2881 divinam

313 2903 482 2934 scientiam
505 2910 574 2931 esse
604 2900 638 2930 in
666 2908 699 2930 se
727 2898 941 2929 necessariam
970 2907 1008 2928 ex
1037 2902 1127 2938 parte
1155 2905 1270 2926 causae
1294 2901 1326 2926 et
1349 2904 1388 2925 ex

313 2944 403 2988 parte
431 2944 668 2986 dependentiae
698 2942 842 2979 effectus,
872 2943 963 2983 quasi
993 2943 1028 2972 in
1055 2942 1118 2972 illis
1148 2941 1188 2970 sit
1216 2940 1388 2970 necessitas

313 2992 471 3022 absoluta.
495 2990 572 3020 Hoc
602 2989 690 3019 enim
717 2997 786 3019 non
815 2992 863 3018 est
889 2996 1014 3023 verum,
1043 2986 1083 3017 ad
1112 2990 1256 3015 mentem
1279 2984 1388 3016 Sancti

314 3037 478 3067 Thomae:
504 3044 580 3066 cum
604 3033 692 3074 apud
714 3033 823 3073 ipsum
846 3031 980 3062 scientia
1001 3031 1135 3061 visionis
1149 3030 1300 3070 potuerit
1319 3038 1387 3059 non

313 3091 384 3112 esse
407 3081 447 3111 ab
470 3085 613 3115 aeterno,
628 3079 712 3109 sicut
735 3082 767 3108 et
789 3077 879 3107 Deus
902 3076 1009 3116 potuit
1032 3076 1071 3106 ab
1087 3080 1219 3105 aeterno
1241 3083 1311 3104 non
1333 3073 1387 3104 de-

313 3126 502 3157 terminasse
517 3129 734 3155 creaturarum
753 3121 1019 3162 productionem;
1042 3119 1187 3150 similiter
1201 3123 1234 3149 et
1256 3117 1388 3148 effectus

313 3171 414 3202 libere
437 3170 476 3200 ab
498 3170 569 3210 ipsa
591 3168 794 3209 proveniant,
816 3175 892 3196 cum
915 3165 1058 3206 potuerit
1081 3164 1170 3195 Deus
1193 3164 1232 3193 ab
1256 3168 1387 3194 aeterno
1413 3163 1417 3202 1

314 3215 528 3246 determinare
543 3219 580 3244 ut
594 3223 663 3244 non
677 3213 852 3243 evenirent.
870 3210 934 3241 Sed
945 3209 1133 3249 intelligitur
1148 3207 1188 3239 de
1199 3208 1388 3238 necessitate

314 3260 550 3302 suppositionis
574 3264 606 3289 et
627 3256 905 3288 immutabilitatis.
930 3254 1109 3295 Supposito
1133 3253 1221 3283 enim
1244 3251 1335 3292 quod
1354 3252 1388 3282 in

315 3306 449 3336 scientia
472 3304 532 3335 Dei
557 3304 596 3334 sit
619 3308 656 3334 ut
678 3302 732 3332 ille
751 3300 883 3332 effectus
907 3299 1043 3334 eveniat,
1059 3307 1128 3329 non
1144 3298 1263 3338 poterit
1285 3297 1388 3336 impe-

315 3350 376 3381 diri
399 3350 480 3390 quin
504 3349 640 3380 eveniat.
658 3346 759 3385 Quod
777 3347 811 3376 in
834 3345 937 3376 causis
956 3343 1106 3374 secundis
1126 3342 1388 3381 contingentibus

314 3404 384 3426 non
406 3394 583 3425 invenitur:
606 3398 712 3433 potest
734 3391 822 3422 enim
845 3390 953 3430 aliqua
974 3388 1045 3418 talis
1070 3396 1166 3418 causa
1187 3396 1257 3417 esse
1279 3386 1388 3426 dispo-

315 3441 375 3470 sita
398 3439 439 3470 ad
462 3438 716 3479 productionem
742 3435 884 3470 effectus,
905 3440 936 3464 et
959 3439 1066 3464 tamen
1089 3431 1238 3472 impediri
1261 3431 1300 3460 ab
1320 3431 1389 3460 eius

316 3484 434 3515 actuali
466 3483 694 3524 productione.
725 3481 768 3511 Et
798 3479 952 3514 similiter,
982 3477 1152 3517 supposito
1182 3475 1272 3516 quod
1299 3475 1389 3505 Deus

316 3530 432 3560 habeat
453 3528 621 3559 scientiam
645 3526 686 3557 de
708 3525 870 3566 aliquibus
891 3524 987 3554 rebus
1010 3528 1046 3553 ut
1068 3519 1296 3562 producendis,
1320 3529 1389 3550 non

316 3579 425 3614 potest
447 3573 566 3604 mutari
588 3578 625 3602 ut
647 3571 735 3601 illam
758 3579 826 3600 non
850 3569 975 3599 habeat.

373 3618 441 3648 XII.
465 3618 536 3648 Istis
558 3616 744 3657 suppositis,
761 3614 801 3645 ad
821 3614 957 3644 dubium
981 3617 1092 3642 contra
1114 3609 1252 3650 primam
1266 3617 1389 3648 propo-

317 3663 469 3693 sitionem
485 3664 502 3679 ⁴*
529 3661 746 3702 respondetur
778 3658 869 3699 quod
897 3659 950 3688 hic
978 3655 1110 3697 quidem
1141 3663 1247 3684 sermo
1272 3658 1320 3683 est
1349 3652 1389 3683 de

2432 281 2501 328 195

1436 354 1568 384 scientia
1592 354 1654 384 Dei
1678 360 1712 385 ut
1740 355 1836 385 habet
1866 355 2087 386 habitudinem
2117 365 2231 386 causae
2259 356 2299 387 ad
2327 361 2506 388 causatum.

1435 398 1656 429 Veruntamen
1673 404 1812 438 utroque
1827 399 1929 430 modo
1954 406 2000 430 est
2019 401 2196 431 necessaria
2215 401 2325 441 aliquo
2340 402 2453 438 modo,
2470 408 2507 433 ut

1436 442 1648 474 ostendimus,

1492 486 1580 516 Cum
1602 487 1709 526 primo
1726 487 1927 526 improbatur
1942 488 2033 527 quod
2055 490 2277 520 necessitatem
2299 500 2368 521 non
2391 491 2507 522 habeat

1435 530 1471 560 in
1485 531 1610 561 ratione
1626 531 1791 561 scientiae:
1813 531 2025 571 respondetur
2041 533 2131 572 quod
2146 539 2235 564 actus
2251 534 2378 566 divinae
2388 536 2505 567 volun-

1436 575 1509 604 tatis
1532 575 1615 605 circa
1638 575 1869 615 contingentia,
1886 576 1961 606 licet
1979 585 2047 606 non
2066 578 2106 607 sit
2128 580 2324 610 necessarius
2347 580 2504 617 absolute,

1437 624 1485 649 est
1496 624 1606 650 tamen
1617 620 1815 650 necessarius
1830 621 2018 650 necessitate
2033 621 2308 660 immutabilitatis,
2322 633 2389 664 quo
2404 625 2505 656 modo

1437 663 1577 694 diximus
1600 664 1767 694 scientiam
1790 664 1922 694 visionis
1945 674 2014 695 esse
2036 667 2257 699 necessariam.

1495 707 1582 738 Cum
1604 714 1714 739 autem
1737 709 1940 748 improbatur
1967 709 2057 748 quod
2087 719 2148 741 nec
2177 711 2210 741 in
2238 713 2361 743 ratione
2391 722 2506 744 causae

1438 752 1478 782 sit
1500 753 1691 783 necessaria:
1708 753 1825 784 dicitur
1840 754 1957 793 primo,
1975 754 2065 793 quod
2085 763 2125 784 eo
2148 755 2250 786 modo
2266 766 2332 796 quo
2349 766 2444 788 causa
2459 764 2507 788 est

1438 797 1626 834 necessaria,
1650 807 1718 828 non
1741 803 1849 838 potest
1872 807 1941 828 esse
1965 799 2044 838 quin
2069 799 2137 828 eius
2159 799 2290 830 effectus
2314 803 2448 832 eveniat.
2472 802 2507 834 Si

1439 841 1527 872 enim
1543 847 1590 872 est
1605 843 1782 873 necessaria
1797 842 1956 879 absolute,
1972 852 2040 873 non
2056 849 2163 883 potest
2178 853 2247 875 esse
2266 846 2412 876 absolute
2427 848 2507 887 quin

1439 885 1572 916 effectus
1595 887 1736 917 eveniat:
1761 887 1788 917 si
1811 892 1918 918 autem
1944 887 1983 917 sit
2006 888 2184 918 necessaria
2207 898 2245 919 ex
2271 891 2506 930 suppositione,

1439 940 1507 960 non
1520 937 1627 971 potest
1639 941 1707 962 esse
1720 941 1758 962 ex
1770 932 1996 972 suppositione
2008 932 2088 972 quin
2100 932 2226 963 eveniat
2238 933 2380 965 effectus.
2393 935 2507 972 Modo,

1440 974 1563 1006 dictum
1587 981 1634 1006 est
1657 976 1823 1006 scientiam
1846 976 1909 1007 Dei
1931 985 1999 1007 esse
2022 977 2233 1008 necessariam
2256 988 2324 1009 non
2351 979 2507 1016 absolute,

1440 1019 1496 1050 sed
1519 1030 1558 1050 ex
1577 1021 1813 1061 suppositione.
1838 1020 1915 1051 Ideo
1931 1030 1999 1051 non
2015 1022 2160 1062 sequitur
2177 1022 2267 1062 quod
2284 1024 2352 1054 eius
2376 1023 2508 1055 effectus

1439 1074 1508 1095 non
1524 1066 1626 1105 possit
1640 1075 1708 1096 non
1725 1075 1807 1102 esse,
1820 1066 1881 1096 nisi
1905 1075 1943 1096 ex
1967 1067 2203 1107 suppositione.
2228 1066 2315 1098 Cum
2334 1073 2443 1099 autem
2459 1070 2507 1100 in—

1440 1108 1549 1146 fertur,
1573 1110 1667 1151 Ergo
1696 1120 1761 1140 non
1793 1115 1840 1141 est
1866 1111 2069 1153 contingens,
2096 1117 2231 1151 negatur
2261 1115 2506 1154 consequentia:

1440 1155 1516 1194 quia
1539 1156 1710 1185 necessitas
1734 1164 1772 1185 ex
1795 1156 2021 1196 suppositione
2039 1165 2107 1186 non
2132 1156 2216 1187 tollit
2238 1158 2507 1198 contingentiam;

1441 1198 1567 1230 Sortem
1584 1200 1672 1230 enim
1696 1199 1806 1230 sedere
1829 1200 1975 1231 absolute
1992 1208 2039 1231 est
2059 1202 2261 1241 contingens,
2278 1208 2310 1233 et
2331 1208 2439 1234 tamen
2461 1209 2508 1234 est

1440 1245 1656 1275 necessarium
1680 1245 1850 1285 supposito
1874 1244 1965 1285 quod
1987 1245 2104 1276 sedeat.

1495 1289 1621 1319 Dicitur
1643 1288 1788 1320 secundo
1812 1289 1913 1329 quod,
1937 1299 2032 1320 causa
2051 1291 2205 1321 existente
2228 1292 2416 1328 necessaria,
2439 1301 2508 1323 non

1441 1339 1548 1373 potest
1563 1343 1632 1364 esse
1648 1334 1728 1374 quin
1751 1334 1820 1364 eius
1843 1333 1976 1365 effectus
1991 1335 2116 1365 eveniat
2131 1344 2168 1365 eo
2185 1335 2281 1365 modo
2297 1345 2361 1376 quo
2378 1341 2425 1368 est
2439 1337 2509 1368 eius

1441 1377 1584 1419 effectus.
1602 1378 1636 1410 Si
1651 1379 1739 1409 enim
1754 1378 1795 1408 sit
1810 1378 1879 1409 eius
1895 1378 2027 1409 effectus
2040 1385 2199 1419 quantum
2215 1380 2255 1410 ad
2271 1389 2338 1411 esse
2354 1382 2400 1411 rei
2415 1381 2508 1412 abso-

1440 1422 1519 1459 lute,
1538 1432 1606 1454 non
1631 1428 1738 1463 potest
1760 1432 1830 1453 esse
1853 1423 1933 1463 quin
1956 1422 2088 1454 effectus
2111 1424 2179 1454 eius
2203 1425 2328 1455 eveniat
2351 1431 2509 1466 quantum

1442 1467 1482 1498 ad
1505 1477 1574 1498 esse
1597 1468 1744 1498 absolute
1767 1467 2020 1498 consideratum:
2045 1469 2071 1498 si
2094 1473 2202 1498 autem
2223 1469 2264 1499 sit
2286 1470 2354 1500 eius
2378 1470 2510 1501 effectus

1443 1517 1602 1552 quantum
1618 1511 1658 1543 ad
1674 1522 1743 1542 esse
1762 1512 1858 1542 simul
1881 1518 1913 1542 et
1935 1512 2072 1543 modum
2096 1513 2335 1553 contingentiae
2354 1520 2385 1544 et
2399 1524 2511 1546 neces-

1442 1557 1554 1593 sitatis,
1578 1566 1647 1587 non
1665 1562 1774 1596 potest
1793 1565 1861 1586 esse
1881 1557 1960 1596 quin
1979 1557 2105 1587 eveniat
2123 1557 2304 1588 secundum
2323 1558 2416 1589 illum
2438 1569 2511 1590 mo-

1443 1601 1533 1633 dum.
1557 1601 1697 1631 Scientia
1713 1606 1822 1631 autern
1837 1600 1897 1631 Dei
1915 1606 1961 1630 est
1977 1610 2072 1631 causa
2087 1610 2195 1631 rerum
2214 1608 2371 1641 quantum
2387 1603 2427 1634 ad
2443 1613 2511 1635 esse

1444 1651 1476 1676 et
1490 1645 1639 1677 modum.
1664 1645 1742 1676 Ideo
1757 1654 1825 1675 non
1848 1650 1956 1685 potest
1979 1654 2048 1676 esse
2072 1646 2152 1685 quin
2171 1645 2303 1676 effectus
2317 1646 2372 1677 ille
2387 1649 2513 1678 eveniat

1443 1691 1625 1721 necessario
1642 1690 1698 1730 qui
1715 1695 1762 1720 est
1777 1690 1810 1720 in
1826 1689 1958 1720 scientia
1973 1689 2035 1720 Dei
2054 1695 2090 1720 ut
2114 1691 2240 1720 eveniat
2261 1692 2456 1722 necessario:
2481 1699 2513 1723 et

1444 1744 1512 1766 non
1535 1740 1643 1775 potest
1667 1744 1736 1765 esse
1760 1734 1839 1774 quin
1862 1734 2087 1774 contingenter
2105 1735 2231 1765 eveniat
2254 1735 2385 1766 effectus
2404 1737 2461 1777 qui
2478 1738 2513 1767 in

1444 1779 1576 1810 scientia
1592 1779 1653 1810 Dei
1674 1785 1721 1810 est
1742 1784 1777 1809 ut
1793 1779 2017 1819 contingenter
2033 1779 2168 1809 eveniat.
2191 1779 2328 1810 Constat
2350 1786 2459 1812 autem
2475 1791 2514 1812 ex

1444 1825 1508 1855 hoc
1530 1834 1599 1854 non
1622 1823 1693 1854 tolli
1715 1824 1971 1863 contingentiam
1994 1822 2140 1854 effectus:
2164 1824 2267 1855 immo
2290 1825 2400 1865 potius
2421 1827 2512 1866 poni.

1498 1868 1582 1900 XIII.
1598 1868 1651 1899 Ad
1667 1867 1860 1899 evidentiam
1876 1867 2010 1899 secundi
2023 1867 2112 1899 dubii
2121 1869 2148 1904 ⁵,
2165 1869 2433 1900 considerandum
2449 1871 2513 1911 pri-

1443 1923 1511 1950 mo,
1528 1923 1567 1944 ex
1584 1912 1730 1944 doctrina
1746 1912 1854 1943 Sancti
1870 1912 2019 1943 Thomae
2035 1913 2092 1943 ubi
2107 1922 2204 1953 supra
2219 1914 2245 1950 ³,
2263 1919 2294 1944 et
2311 1914 2418 1950 Verit.,
2435 1924 2466 1955 q.
2479 1925 2512 1952 11,

1443 1968 1472 1988 a.
1493 1966 1544 1997 14,
1561 1956 1662 1998 quod,
1682 1966 1758 1987 cum
1781 1956 1822 1987 ad
1845 1966 1914 1988 esse
1938 1956 2070 1987 effectus
2093 1956 2304 1997 dependentis
2327 1968 2345 1988 a
2366 1959 2512 1998 pluribus

1444 2003 1547 2033 causis
1570 2001 1724 2032 ordinatis
1747 2006 1883 2041 utraque
1907 2011 2003 2032 causa
2025 2002 2213 2042 requiratur,
2234 2003 2402 2043 utriusque
2425 2003 2511 2035 defe-

1443 2053 1514 2078 ctus
1530 2046 1654 2077 inducit
1669 2045 1833 2076 defectum
1849 2046 1882 2076 in
1898 2045 2025 2076 effectu.
2050 2045 2091 2076 Et
2110 2045 2196 2082 ideo,
2215 2047 2282 2077 sive
2298 2056 2394 2078 causa
2408 2049 2512 2087 prima

1443 2093 1483 2122 sit
1506 2091 1698 2131 contingens
1721 2091 1787 2121 sive
1810 2089 1962 2126 secunda,
1982 2089 2114 2121 effectus
2138 2091 2327 2131 contingens
2347 2092 2419 2122 erit:
2443 2102 2511 2123 non

1444 2142 1563 2172 autem,
1580 2136 1606 2166 si
1623 2144 1687 2166 una
1706 2135 1745 2165 sit
1760 2135 1948 2170 necessaria,
1965 2133 2096 2166 effectus
2116 2135 2174 2165 erit
2188 2137 2395 2167 necessarius.
2415 2136 2512 2168 Defe-

1444 2187 1515 2212 ctus
1538 2181 1626 2211 enim
1649 2179 1785 2210 alicuius
1808 2179 1898 2219 quod
1922 2178 1962 2209 ad
1985 2188 2054 2210 esse
2076 2180 2258 2219 requiritur,
2278 2180 2440 2211 defectum
2462 2182 2511 2212 in-

1445 2225 1534 2256 ducit
1556 2226 1590 2255 in
1614 2223 1745 2260 effectu3
1770 2223 1810 2254 ad
1832 2224 2046 2263 integritatem
2070 2229 2178 2254 autem
2201 2225 2247 2255 rei
2269 2226 2441 2265 requiritur
2463 2226 2512 2256 in-

1444 2270 1571 2311 tegritas
1595 2270 1833 2308 cuiuscumque
1859 2267 2005 2298 facientis
2033 2267 2072 2298 ad
2101 2278 2169 2299 esse
2192 2269 2252 2306 rei;
2275 2279 2351 2299 nam
2378 2270 2511 2308 malum,

1445 2321 1481 2346 ut
1495 2314 1603 2354 inquit
1615 2314 1791 2354 Dionysius
1803 2314 1830 2348 ἦ
1847 2322 1889 2343 ex
1903 2313 2044 2354 singulis
2060 2313 2236 2354 defectibus
2251 2314 2377 2350 accidit,
2393 2315 2512 2345 bonum

1445 2369 1522 2391 vero
1547 2369 1589 2389 ex
1613 2359 1744 2400 integra
1767 2367 1878 2388 causa.
1910 2357 2004 2388 Unde
2028 2363 2059 2387 et
2085 2357 2232 2388 videmus
2260 2359 2295 2388 in
2321 2359 2513 2399 syllogismis

1445 2404 1546 2445 quod,
1562 2403 1680 2434 minori
1695 2403 1849 2433 existente
1866 2402 2076 2442 contingenti,
2091 2403 2236 2442 sequitur
2251 2404 2418 2434 conclusio
2435 2413 2512 2434 con-

1444 2450 1583 2489 tingens,
1607 2447 1754 2488 quamvis
1777 2447 1880 2477 maior
1903 2447 1943 2476 sit
1964 2447 2152 2477 necessaria.

1501 2491 1782 2524 Considerandum
1809 2490 1954 2522 secundo
1983 2490 2084 2531 quod,
2112 2501 2187 2522 cum
2219 2491 2389 2531 dupliciter
2418 2502 2513 2523 causa

1444 2538 1546 2579 possit
1557 2537 1620 2568 dici
1635 2536 1823 2571 necessaria,
1835 2535 1957 2565 scilicet
1967 2541 2023 2566 aut
2034 2536 2110 2576 quia
2128 2545 2187 2566 sua
2201 2535 2370 2576 dispositio
2386 2546 2513 2577 semper

1445 2582 1562 2613 eodem
1577 2581 1680 2612 modo
1697 2590 1731 2611 se
1745 2580 1842 2610 habet
1857 2585 1889 2610 et
1903 2580 2021 2610 mutari
2036 2589 2104 2610 non
2119 2586 2237 2620 potest,
2254 2586 2310 2610 aut
2325 2582 2400 2620 quia
2416 2591 2512 2612 suum

1444 2626 1596 2658 effectum
1611 2625 1792 2656 necessario
1808 2623 1960 2664 producit
1973 2625 2018 2654 ita
2030 2624 2120 2664 quod
2131 2633 2199 2654 non
2214 2629 2322 2664 potest
2335 2625 2427 2655 illum
2442 2635 2510 2656 non

1443 2671 1641 2712 producere;
1665 2678 1742 2699 cum
1756 2669 1863 2708 inquit
1882 2668 2018 2699 Sanctus
2034 2668 2178 2699 Thomas
2194 2668 2294 2708 quod,
2310 2669 2385 2699 licet
2407 2670 2511 2709 prima

1444 2725 1539 2746 causa
1561 2716 1601 2745 sit
1622 2714 1810 2749 necessaria,
1826 2718 1936 2743 tamen
1952 2711 2084 2743 effectus
2099 2718 2207 2753 potest
2229 2722 2297 2743 esse
2320 2714 2510 2753 contingens

1443 2765 1575 2801 propter
1602 2758 1857 2798 contingentiam
1887 2756 2047 2788 secundae
2075 2767 2200 2793 causae,
2227 2766 2295 2787 non
2325 2758 2511 2798 intelligitur

1442 2806 1580 2845 primam
1600 2812 1731 2834 causam
1749 2811 1817 2833 esse
1838 2802 2050 2832 necessariam
2069 2801 2213 2832 secundo
2235 2801 2347 2838 modo,
2364 2802 2419 2832 sed
2440 2808 2510 2832 tan-

1442 2855 1513 2880 tum
1529 2849 1636 2889 primo
1652 2847 1764 2878 modo.
1777 2846 1872 2882 Nam,
1885 2846 2029 2877 secundo
2042 2846 2143 2877 modo
2156 2846 2355 2886 accipiendo,
2366 2847 2511 2886 implicat

1441 2893 1731 2925 contradictionem
1747 2891 1890 2931 aliquam
1905 2900 2033 2922 causam
2049 2900 2118 2921 esse
2133 2892 2343 2922 necessariam
2359 2897 2390 2921 et
2401 2896 2509 2921 tamen

1442 2939 1512 2970 eius
1536 2937 1688 2969 effectum
1711 2945 1806 2977 posse
1824 2945 1891 2966 non
1916 2935 2068 2976 produci:
2092 2945 2177 2972 nam,
2201 2936 2227 2965 si
2250 2941 2357 2975 potest
2377 2934 2509 2966 effectus

1441 2993 1510 3014 non
1521 2982 1670 3023 produci,
1686 2986 1794 3021 potest
1809 2990 1904 3011 causa
1918 2990 1987 3011 non
1999 2979 2189 3021 producere.
2205 2980 2339 3020 Propter
2353 2980 2415 3010 hoc
2427 2981 2509 3010 bene

1441 3029 1547 3068 inquit
1571 3027 1698 3062 Scotus,
1723 3025 1749 3056 11
1774 3025 1872 3061 Sent.,
1895 3024 1925 3055 d.
1949 3035 1969 3061 1,
1992 3034 2023 3065 q.
2046 3035 2081 3055 111
2093 3026 2119 3061 ἢ
2145 3024 2234 3065 quod
2256 3024 2442 3064 philosophi
2464 3025 2508 3054 la-

1441 3078 1546 3104 tenter
1577 3075 1807 3102 concesserunt
1837 3069 1904 3100 duo
1937 3069 2192 3105 contradictoria,
2220 3068 2357 3099 dicendo
2387 3068 2509 3108 aliquid

1442 3117 1667 3156 contingenter
1689 3114 1768 3151 fieri,
1793 3120 1824 3145 et
1853 3115 1991 3155 primam
2014 3123 2143 3144 causam
2166 3114 2344 3143 necessario
2368 3122 2507 3143 causare.

1441 3162 1532 3192 Patet
1559 3161 1656 3192 etiam
1684 3169 1722 3190 ex
1745 3160 1809 3189 hoc
1833 3158 1982 3199 exemplo
2011 3158 2118 3189 Sancti
2141 3158 2298 3188 Thomae.
2329 3157 2392 3187 Dat
2421 3158 2508 3188 enim

1443 3206 1628 3246 exemplum
1652 3204 1692 3235 de
1719 3209 1812 3234 motu
1841 3203 1931 3239 caeli,
1957 3212 2054 3243 quern
2085 3202 2160 3233 dicit
2187 3202 2401 3232 necessarium
2424 3210 2506 3232 esse:

1443 3256 1568 3282 constat
1598 3255 1706 3280 autem
1731 3248 1820 3289 quod
1847 3254 1894 3279 est
1924 3248 1957 3278 in
1988 3257 2021 3277 se
2049 3246 2180 3287 quidem
2210 3246 2416 3281 necessarius,
2439 3255 2508 3276 non

1442 3301 1552 3326 autem
1575 3295 1756 3325 necessario
1779 3298 1886 3323 causat
1908 3293 1987 3322 haec
2010 3291 2170 3326 inferiora,
2186 3297 2222 3321 ut
2242 3290 2357 3320 dicitur
2377 3289 2508 3321 inferius

1442 3342 1476 3371 in
1498 3341 1580 3370 libro
1606 3339 1657 3374 111,
1682 3348 1709 3369 c.
1729 3343 1860 3373 Lxxxv1,
1877 3342 1907 3367 et
1929 3337 2045 3371 Prima,
2066 3345 2097 3375 q.
2117 3345 2186 3370 cxv,
2206 3345 2234 3365 a.
2255 3334 2285 3364 6.

1479 3384 1618 3415 ‘Sensus
1639 3393 1715 3423 ergo
1738 3388 1786 3413 est
1808 3381 1897 3422 quod
1921 3386 2004 3411 stant
2026 3380 2122 3410 simul
2144 3380 2281 3420 primam
2303 3388 2432 3409 causam
2453 3379 2509 3409 ali-

1443 3430 1535 3460 cuius
1551 3427 1683 3459 effectus
1700 3437 1768 3458 esse
1791 3427 1825 3456 in
1848 3435 1882 3456 se
1899 3426 2121 3459 necessariam,
2145 3430 2176 3454 et
2200 3423 2436 3454 immutabilem
2459 3432 2509 3453 se-

1444 3473 1588 3504 cundum
1603 3472 1863 3512 'dispositionem
1892 3479 1956 3510 qua
1979 3475 2025 3500 est
2048 3469 2159 3504 activa,
2185 3474 2216 3498 et
2238 3477 2366 3508 semper
2393 3467 2509 3498 eodem

1443 3517 1544 3549 modo
1572 3527 1606 3548 se
1629 3517 1812 3551 habentem,
1837 3521 1868 3545 et
1890 3520 1998 3544 tamen
2021 3514 2089 3544 eius
2112 3512 2261 3543 effectum
2285 3512 2510 3552 contingenter

1444 3563 1582 3598 evenire,
1598 3566 1731 3602 propter
1754 3559 2006 3598 contingentiam
2030 3564 2061 3588 et
2083 3556 2330 3588 mutabilitatem
2349 3555 2510 3587 secundae

1444 3616 1575 3638 causae:
1591 3615 1660 3636 non
1676 3610 1784 3636 autem
1797 3603 1886 3644 quod
1898 3603 1999 3643 prima
2016 3611 2110 3633 causa
2127 3602 2166 3632 sit
2179 3601 2360 3632 necessario
2373 3601 2423 3631 sui
2435 3600 2510 3631 effe-

1444 3658 1514 3682 ctus
1529 3650 1730 3692 productiva,
1748 3655 1778 3679 et
1794 3654 1902 3678 tamen
1917 3647 1970 3677 ille
1987 3646 2119 3677 effectus
2134 3646 2358 3686 contingenter
2374 3646 2509 3676 eveniat.

2540 1871 2549 1879 ·
2564 1869 2633 1892 Num.
2646 1876 2692 1897 vm,
2703 1876 2723 1898 2,
2730 1877 2751 1899 3.

2540 1915 2549 1923 ·
2570 1913 2618 1935 11³.
2651 1920 2698 1940 xiv,
2719 1921 2726 1936 i
2744 1930 2750 1940 ,

2540 1940 2568 1961 ad
2580 1947 2602 1966 ις
2617 1930 2627 1961 l
2640 1940 2713 1967 Sent.,
2745 1957 2750 1963 .

2541 1973 2639 1993 xxxvnl,
2654 1973 2675 1988 a.
2684 1967 2725 1989 ult.

2539 2316 2547 2325 ·
2563 2314 2599 2336 De
2612 2314 2665 2336 Diu.
2675 2314 2751 2341 Nom„

2539 2347 2559 2389 ξ·
2569 2347 2607 2389 τ’ἶῐ
2630 2347 2687 2389 ἴῖἒ·
2703 2340 2751 2367 ⁶¹¹⁴

2535 3018 2665 3072 {ligggssgy
2673 3017 2717 3039 col.
2726 3022 2747 3044 23
