2814 4290
71 866 81 875 ⁴
98 864 152 886 Via.
169 864 197 886 ad
214 865 259 887 loc.

71 916 87 937 fi
100 921 112 935 v
129 915 142 936 b
154 921 174 936 τι.

1291 123 1560 164 APPENDIX

322 209 373 227 una
392 206 418 227 et
435 201 530 227 eadem
547 202 632 227 virtus
651 203 716 228 solis
730 204 755 228 in
770 210 899 238 quantum
913 206 1028 231 continet
1043 206 1189 232 virtualiter
1200 208 1318 233 diversos
1338 208 1399 233 effe-

321 257 388 284 ctus,
407 252 468 278 facit
493 253 578 278 solem
597 254 722 279 omnibus
746 256 858 281 similem
882 257 961 282 rebus
981 258 1007 282 in
1032 258 1128 291 quibus
1147 260 1187 284 sol
1207 260 1315 285 effectus
1334 266 1399 286 suos

322 303 459 330 efficaciter
477 305 576 330 inducit
601 299 655 342 (Et
679 303 724 333 sic
748 304 796 334 sol
821 306 975 336 omnibus
998 306 1059 336 illis
1083 307 1195 337 similis
1219 308 1399 349 aliqualiter

321 351 439 382 dicitur
455 352 488 382 in
505 352 625 392 quibus
641 362 719 383 suos
737 354 870 385 effectus
888 355 1059 387 efficaciter
1076 357 1213 393 inducit)
1239 369 1256 389 a
1280 360 1398 399 quibus

321 407 429 433 tamen
454 413 564 433 rursus
583 407 622 432 sol
644 405 798 435 omnibus
816 405 977 437 dissimilis
994 414 1051 444 est,
1068 409 1263 449 inquantum
1287 411 1399 441 huius-

320 453 411 484 modi
436 454 570 485 effectus
594 465 662 486 non
688 455 806 486 eodem
837 457 939 488 modo
970 459 1138 498 possident
1162 465 1234 497 quod
1253 467 1293 490 soi
1322 467 1400 492 habet

322 503 478 546 (calorem
513 511 545 537 et
579 507 770 538 huiusmodi
795 517 862 548 quo
895 509 927 538 in
952 509 1020 540 sole
1052 511 1182 552 habetur)
1211 517 1258 541 sed
1286 518 1313 542 in
1342 519 1400 543 sole

319 560 404 585 multo
426 561 583 587 eminentius
607 558 781 589 invenitur.
808 558 853 589 Ita
877 561 974 590 etiam
999 567 1030 591 et
1054 562 1143 592 Deus
1168 568 1314 592 secundum
1336 568 1399 593 illud

319 620 401 637 unum
430 621 509 638 suum
538 613 651 647 simplex
679 621 739 638 esse
762 615 833 646 quod
857 620 898 639 est
920 615 987 648 ipse,
1010 617 1135 643 omnibus
1157 617 1246 642 omnia
1270 614 1400 653 (omnes

320 660 539 701 perfectiones
568 661 679 702 rebus)
711 662 833 698 tribuit,
867 673 903 693 ac
935 673 993 704 per
1021 665 1084 695 hoc
1112 670 1234 694 omnibus
1254 674 1294 694 est
1325 675 1400 696 cum

317 713 472 743 omnibus
495 712 742 743 similitudinem
756 713 854 744 habet
874 720 905 744 et
922 714 1218 747 dissimilitudinem
1236 717 1341 747 simul.
1359 718 1401 748 Et

316 762 393 794 inde
417 771 464 794 est
489 763 579 804 quod
607 773 696 794 sacra
714 789 720 796 .
736 788 743 794 .
759 789 766 796 .
783 767 912 805 ponetis
938 765 985 797 ei?
1010 768 1105 805 (etin
1130 778 1189 808 ps„
1215 769 1303 799 Deus
1328 769 1400 809 quis

316 814 430 846 similis
447 815 506 845 erit
521 813 620 856 tibi?).
641 821 723 845 Cuius
743 821 791 846 Cui
810 822 888 846 etiam
907 817 936 858 (§
954 818 1040 849 Huic
1061 818 1184 859 autem)
1202 820 1319 850 rationi
1336 820 1399 850 Dio

315 869 391 895 testis
402 866 591 902 concordat,
605 868 662 908 qui
677 873 702 897 in
712 880 787 897 nono
806 872 888 906 (nono
900 874 1024 907 capitulo)
1045 871 1092 911 (in
1110 881 1200 901 nono
1215 870 1370 913 capitulo)
1384 873 1400 888 ’ἒ

315 916 355 948 de
380 916 422 948 di.
448 927 502 948 no.
528 918 616 955 dicit,
642 919 766 950 Eadem
785 944 791 950 .
808 944 814 950 .
831 946 837 952 .
855 922 921 951 suis
941 923 1056 952 causis.
1081 924 1097 939 ἦ
1114 924 1131 961 §
1149 923 1336 954 Secundum
1355 930 1399 953 ta-

314 978 390 1000 men
405 993 412 1000 .
428 993 435 999 .
451 993 458 999 .
474 975 648 1003 creaturae.
667 971 708 1001 Et
725 972 769 1002 sic
787 979 931 1003 creatura
948 973 1044 1004 habet
1061 973 1151 1013 quod
1172 974 1233 1004 Dei
1251 980 1296 1005 est
1323 982 1349 1003 et
1374 979 1400 1002 D

314 1020 402 1052 unde
427 1026 458 1051 et
482 1021 554 1052 Deo
572 1028 658 1053 recte
678 1023 791 1054 similis
809 1023 935 1055 dicitur.
962 1025 1036 1055 Non
1062 1031 1172 1055 autem
1191 1049 1197 1055 .
1213 1051 1220 1058 .
1236 1050 1242 1055 .
1260 1026 1398 1056 similem

313 1082 394 1105 esse.
412 1072 503 1104 Sicut
526 1083 587 1104 nec
606 1074 776 1105 hominem
797 1075 935 1107 dicimus
955 1082 1059 1114 proprie
1079 1087 1155 1108 suae
1172 1078 1305 1118 imagini
1330 1088 1398 1108 esse

313 1124 464 1161 similem,
490 1126 543 1156 cui
569 1118 680 1156 tamen
711 1137 769 1157 sua
801 1128 910 1168 imago
942 1134 1029 1160 recte
1060 1129 1172 1159 similis
1201 1130 1397 1161 enuntiatur.

312 1177 331 1215 §
348 1176 455 1207 Multo
480 1178 578 1208 etiam
594 1179 703 1209 minus
721 1180 852 1220 proprie
869 1180 987 1210 dicitur
1011 1181 1102 1221 quod
1119 1181 1208 1212 Deus
1233 1188 1398 1223 creaturae

312 1229 482 1266 similetur,
507 1239 583 1260 narn
608 1231 797 1262 assimilatio
821 1238 950 1263 motum
975 1233 1015 1263 ad
1040 1233 1286 1264 similitudinem
1310 1234 1396 1270 dicit,

312 1289 338 1309 et
356 1285 394 1310 sic
413 1284 546 1310 defectum
565 1293 579 1310 a
598 1286 770 1312 similitudine
785 1288 935 1320 aliqualiter
953 1289 1096 1322 importare
1106 1289 1217 1320 videtur,
1232 1289 1276 1322 qui
1290 1289 1397 1322 quidem

312 1331 430 1358 defectus
455 1341 509 1369 non
533 1333 591 1359 Deo
615 1334 663 1359 sed
689 1333 747 1359 aliis
773 1334 853 1359 rebus
881 1336 1012 1365 convenit,
1037 1343 1085 1369 per
1108 1343 1185 1369 quem
1210 1336 1397 1362 convenientia

255 1370 578 1416 ‘'wfffu‘ffi'fifffectum
597 1385 723 1418 perfectio
741 1385 919 1411 similitudinis
938 1387 1081 1420 impeditur
1100 1383 1146 1421 (et
1169 1385 1215 1414 sic
1239 1385 1397 1424 competit

311 1431 341 1461 ei
367 1431 459 1472 quod
483 1432 522 1461 ab
547 1432 612 1462 alio
641 1434 760 1473 accipit
787 1433 874 1464 unde
900 1434 1005 1465 simile
1031 1435 1081 1465 sit.
1107 1435 1263 1466 Creatura
1288 1442 1396 1466 autem

270 1518 273 1521 ,
311 1484 430 1523 accipit
454 1494 471 1514 a
496 1484 568 1515 Deo
593 1485 681 1515 unde
706 1486 736 1516 ei
757 1490 888 1515 similetur
905 1487 959 1527 [sit
983 1488 1123 1527 similis]‚
1148 1498 1216 1519 non
1246 1494 1353 1518 autem
1379 1498 1396 1518 e

45 1797 51 1800 ·
62 1783 83 1821 4
92 1788 195 1818 αμα·
203 1794 228 1818 ρ.
243 1794 280 1819 9²-

57 2517 73 2529 ³
82 2514 137 2539 vid.
150 2517 181 2539 ad
196 2517 241 2540 loc.

78 3397 146 3419 ra5.

52 3859 63 3868 '
78 3857 112 3879 lb.
127 3863 174 3884 mg.
190 3857 231 3879 inf.

311 1544 483 1565 converso.
502 1536 578 1566 Non
595 1537 693 1576 igitur
710 1536 800 1567 Deus
817 1543 981 1568 creaturae
999 1539 1203 1574 assimilatur,
1222 1539 1278 1569 sed
1295 1540 1396 1578 magis

311 1597 329 1618 e
354 1588 543 1629 converso.)

347 1691 431 1740 Cap:
455 1699 555 1729 XXX.
581 1699 675 1737 Quas
699 1709 822 1730 uorum
847 1711 886 1731 nr.
911 1701 983 1731 Deo
1008 1711 1136 1731 rossmr
1161 1711 1357 1731 pannomiam.

354 1792 393 1824 R,
414 1796 533 1820 Nomina
554 1796 587 1821 de
603 1792 697 1830 Quae
718 1793 852 1823 nomina
869 1793 909 1824 de
926 1793 998 1824 Deo
1018 1795 1144 1834 possint
1170 1794 1356 1834 praedicari.
1375 1812 1397 1816 —

308 1845 327 1884 ἕ
343 1844 391 1875 Ex
416 1845 466 1875 his
490 1845 588 1875 etiam
614 1844 812 1875 considerari
842 1851 950 1885 potest
982 1845 1061 1886 quid
1089 1845 1128 1877 de
1160 1846 1231 1876 Deo
1258 1846 1319 1877 dici
1346 1847 1394 1877 vel

308 1905 377 1928 non
402 1896 465 1928 dici
488 1897 601 1937 possit,
627 1896 747 1937 quidve
773 1901 879 1934 proprie
903 1896 942 1927 de
961 1907 1001 1927 eo
1019 1903 1145 1928 tantum
1163 1898 1297 1934 dicatur,
1316 1898 1394 1938 quid

308 1947 407 1979 etiam
423 1947 463 1979 de
489 1958 529 1979 eo
554 1949 652 1979 simul
669 1954 700 1979 et
717 1948 786 1978 aliis
802 1949 907 1979 rebus.
926 1948 1013 1987 Quia
1030 1949 1117 1979 enim
1135 1958 1268 1979 omnem
1289 1948 1394 1989 perfe-

309 2000 454 2031 ctionem
470 2006 635 2030 creaturae
653 2000 751 2030 estin
777 2000 848 2030 Deo
866 2000 1011 2030 invenire
1036 1999 1092 2030 sed
1116 2010 1174 2040 per
1198 2000 1296 2030 alium
1322 2010 1393 2030 mo-

308 2050 388 2083 dum
413 2052 676 2087 eminentiorem,
696 2054 824 2087 quicquid
843 2061 1074 2092 quaecumque
1091 2052 1227 2081 nomina
1244 2051 1392 2081 absolute

307 2103 545 2144 perfectionem
573 2102 709 2145 (absque
738 2101 883 2141 defectu)
909 2102 1079 2143 designant
1103 2108 1159 2132 sine
1183 2108 1271 2140 aliqua
1296 2108 1391 2140 imper-

307 2158 427 2185 fectionis
456 2159 623 2190 admixtione,
652 2154 692 2185 de
728 2155 800 2185 Deo
829 2166 881 2183 non
911 2159 1125 2184 inconvenienter
1155 2155 1391 2196 praedicantur,

307 2219 377 2245 quae
395 2211 475 2237 etiam
495 2217 522 2236 et
540 2211 573 2236 de
592 2212 718 2236 creaturis
739 2211 859 2236 dicuntur
879 2205 923 2249 (et
940 2207 979 2238 de
996 2208 1065 2239 aliis
1082 2206 1203 2250 rebus),
1220 2213 1282 2245 quia
1297 2212 1393 2237 talibus

308 2264 461 2290 nominibus
487 2264 661 2297 <exprimitur
685 2263 807 2289 absolute
830 2264 894 2288 illud
919 2264 1066 2289 secundum
1086 2265 1175 2297 quod>
1201 2263 1394 2297 (exprimuntur

307 2316 483 2350 perfectiones
512 2316 658 2340 secundum
687 2314 765 2349 quas)
791 2323 833 2340 res
860 2315 997 2348 (aliquae)
1029 2314 1118 2351 (aliae)
1149 2316 1206 2340 Deo
1238 2317 1393 2346 similantur,

306 2365 390 2395 sicut
407 2369 455 2395 est
467 2364 607 2400 bonitas,
620 2364 788 2404 sapientia,
802 2373 882 2400 esse,
897 2369 929 2394 et
941 2364 1002 2395 alia
1015 2364 1215 2397 huiusmodi.
1228 2366 1246 2404 §
1263 2368 1393 2401 Quicquid

307 2414 585 2457 (Quodcumque)
610 2425 688 2446 vero
714 2415 865 2456 (nomen)
891 2415 1081 2446 huiusmodi
1103 2415 1319 2456 perfectiones
1339 2427 1392 2446 ex-

305 2467 417 2507 primit
434 2477 511 2497 curn
535 2466 638 2496 modo
663 2467 798 2506 proprio
825 2467 989 2503 creaturis,
1007 2466 1046 2497 cle
1063 2467 1136 2498 Deo
1154 2467 1218 2497 dici
1235 2477 1301 2498 non
1319 2474 1392 2508 pot-

305 2523 363 2558 est,
388 2519 450 2548 nisi
481 2527 539 2559 per
572 2517 818 2548 similitudinem
844 2515 903 2559 (et)
928 2518 1150 2558 metaphorae,
1167 2519 1184 2535 ³*
1207 2528 1265 2559 per
1293 2528 1391 2558 quam

305 2579 390 2610 quae
415 2575 491 2600 sunt
514 2570 612 2599 unius
636 2569 683 2599 rei
707 2569 798 2599 alteri
822 2568 929 2599 solent
957 2569 1110 2615 adaptari,
1140 2571 1222 2600 sicut
1247 2571 1390 2610 (aliquis)

305 2621 407 2652 homo
433 2620 552 2651 dicitur
575 2620 657 2660 lapis
675 2628 817 2660 ‚propter
841 2620 993 2651 duritiam
1017 2621 1201 2652 intellectus
1227 2625 1294 2650 sicut
1313 2627 1390 2650 etiam

303 2681 330 2702 et
348 2677 480 2710 scriptura
498 2683 574 2701 sacra
586 2676 720 2700 interdum
739 2676 828 2709 aliqua
847 2676 903 2701 Deo
923 2677 1039 2701 attribuit
1058 2678 1174 2702 nomina.
1190 2674 1389 2705 Huiusmodi

303 2722 414 2756 autem
431 2730 507 2755 sunt
524 2724 636 2755 omnia
653 2725 788 2754 nomina
806 2725 959 2765 imposita
973 2724 1013 2756 ad
1026 2725 1263 2765 designandum
1276 2730 1389 2755 alicuius

302 2780 412 2805 alterius
436 2777 581 2817 speciem
597 2776 644 2806 rei
662 2775 825 2817 (creatae),
844 2777 928 2807 sicut
949 2777 1051 2807 homo
1070 2776 1128 2818 (et)
1152 2778 1232 2818 lapis
1257 2787 1282 2806 et
1300 2782 1389 2807 huius-

302 2833 374 2858 modi
394 2832 432 2865 (et
451 2840 521 2866 quae
544 2832 631 2866 ipsam
658 2833 870 2866 consequuntur)
894 2833 936 2857 vel
962 2841 1030 2865 quae
1054 2834 1143 2865 ipsum
1165 2834 1295 2859 defectum
1319 2843 1388 2860 crea—

301 2890 376 2909 turae
394 2884 437 2909 vel
456 2884 574 2917 aliquam
593 2884 782 2916 proprietatem
802 2891 850 2908 seu
871 2883 1000 2909 defectum
1021 2885 1058 2909 rei
1072 2885 1181 2910 alicuius
1201 2893 1270 2918 quae
1289 2891 1389 2911 constat

302 2936 335 2961 de
353 2935 411 2960 Deo
430 2935 480 2960 dici
499 2943 552 2960 non
571 2942 654 2968 posse
676 2935 726 2960 nisi
745 2935 892 2960 secundum
917 2935 1110 2969 metaphoram,
1133 2938 1245 2970 qualiter
1267 2939 1292 2962 in
1315 2947 1387 2963 sacra

301 2988 431 3021 scriptura
449 2989 612 3021 quandoque
636 2988 693 3013 Deo
718 2988 823 3013 attribui
847 2988 1016 3013 inveniuntur
1042 2985 1128 3026 (nam
1155 2987 1288 3017 cuilibet
1315 2997 1387 3027 Spe-

301 3036 363 3066 ciei
394 3035 530 3066 debetur
557 3037 709 3076 proprius
734 3036 853 3066 modus
884 3036 1094 3076 perfectionis
1126 3043 1156 3067 et
1181 3047 1260 3068 esse.
1293 3039 1387 3068 Simi—

299 3087 373 3118 liter
401 3088 498 3118 etiam
524 3097 756 3127 quaecumque
780 3089 915 3118 nomina
951 3090 1166 3129 proprietates
1195 3099 1302 3120 rerum
1331 3090 1386 3120 de-

300 3140 428 3179 signant
457 3148 542 3180 quae
573 3148 612 3169 ex
637 3139 776 3180 propriis
800 3140 967 3180 principiis
995 3141 1179 3180 specierum
1202 3147 1384 3178 causantur,

299 3189 387 3221 unde
413 3189 452 3220 de
476 3189 549 3220 Deo
575 3189 639 3219 dici
663 3199 731 3220 non
759 3196 900 3230 possunt
929 3191 991 3220 nisi
1016 3191 1264 3232 metaphorice.)
1292 3192 1384 3230 Quae

298 3251 376 3272 vero
389 3265 396 3272 .
410 3265 416 3272 .
430 3264 437 3271 .
452 3241 512 3271 alia
525 3241 726 3272 huiusmodi.
740 3242 849 3280 §Dico
863 3248 974 3272 autem
988 3266 994 3272 .
1011 3266 1017 3272 .
1033 3266 1039 3272 .
1054 3243 1257 3283 impositum.
1272 3243 1384 3281 Quan-

298 3298 370 3322 tum
395 3293 483 3322 enim
500 3291 540 3322 ad
555 3291 694 3322 modum
719 3291 923 3332 significandi
940 3302 1040 3323 omne
1058 3292 1210 3333 (nomen)
1235 3303 1309 3323 cum
1328 3293 1382 3323 de-

299 3342 387 3374 fectu
415 3350 471 3374 est.
497 3343 581 3374 Nam
606 3344 742 3373 nomine
774 3342 851 3385 (res)
881 3344 1093 3384 exprimimus
1118 3354 1158 3374 eo
1186 3344 1289 3374 modo
1315 3354 1382 3384 quo

297 3389 466 3425 intellectu
483 3394 700 3434 concipimus.
718 3394 905 3425 Intellectus
923 3420 930 3427 .
945 3420 951 3427 .
968 3418 974 3425 .
989 3405 1057 3425 non
1075 3396 1261 3425 subsistens.
1287 3397 1302 3412 ⁷‘'
1316 3396 1381 3425 Ha-

297 3446 377 3476 bens
404 3451 515 3476 autem
539 3446 678 3476 formam
703 3447 868 3476 invenitur
895 3446 1029 3487 quidem
1054 3448 1231 3477 subsistens
1251 3458 1275 3475 ct
1296 3447 1377 3487 (sed)

297 3507 365 3528 non
389 3497 537 3538 simplex,
562 3498 666 3528 immo
691 3499 940 3528 concretionem
969 3499 1101 3528 habens.
1137 3499 1231 3529 Unde
1256 3499 1380 3528 intelle-

297 3553 368 3578 ctus
386 3572 392 3578 .
409 3572 415 3578 .
430 3571 438 3578 .
456 3554 491 3578 ut
515 3557 583 3588 quo
609 3554 666 3579 est.
692 3549 733 3579 Et
764 3550 810 3579 sic
834 3550 866 3579 in
893 3550 985 3579 omni
1013 3551 1149 3580 nomine
1174 3553 1322 3577 humanitus
1348 3550 1379 3588 (a

296 3599 404 3640 nobis)
430 3599 528 3636 dicto,
554 3606 716 3640 quantum
733 3601 773 3631 ad
789 3601 928 3632 modurn
944 3601 1156 3642 significandi,
1174 3600 1378 3640 imperfectio

296 3651 460 3682 invenitur
473 3662 524 3687 per
542 3663 624 3688 quam
641 3662 725 3692 quae
754 3653 825 3683 Deo
853 3663 921 3683 non
951 3654 1118 3693 competit,
1151 3653 1297 3692 quamvis
1329 3661 1377 3681 res

296 3701 475 3742 significata
506 3703 617 3744 aliquo
649 3705 806 3734 eminenti
841 3704 942 3734 modo
964 3709 996 3732 de
1022 3704 1093 3734 Deo
1126 3704 1308 3738 conveniat,
1343 3708 1377 3732 ut

295 3759 384 3794 patet
414 3754 448 3784 in
471 3754 607 3785 nornine
635 3755 789 3785 bonitatis
818 3761 849 3785 et
873 3756 961 3785 boni.
994 3755 1077 3785 Nam
1102 3755 1229 3784 bonitas
1317 3755 1376 3783 im-

295 3805 438 3844 ponitur.
463 3805 638 3844 §Possunt
660 3806 758 3846 igitur
785 3805 834 3847 (ut
863 3807 927 3836 Dio
961 3805 1069 3845 docet)
1102 3805 1288 3835 huiusmodi
1317 3814 1373 3833 no-

295 3856 383 3886 mina
400 3881 407 3888 .
423 3880 430 3888 .
445 3879 452 3887 .
470 3856 675 3897 significandi
699 3857 848 3890 modum.
874 3859 890 3874 ξ
909 3858 939 3897 (§
964 3856 1082 3887 Modus
1106 3862 1216 3886 autem
1245 3865 1375 3894 supere-

2518 134 2537 151 ὗε

2492 147 2530 183 9..

1456 215 1542 245 nem,
1567 208 1650 239 sicut
1677 219 1751 240 cum
1782 209 1919 241 dicimus
1948 212 2055 242 Deum
2084 219 2251 244 aeternum
2280 216 2330 246 vel
2358 215 2532 254 infinitum,

1456 258 1506 288 vel
1531 259 1627 289 etiam
1648 271 1698 295 per
1712 264 1824 289 habituri
1843 271 1900 302 per
1923 262 2112 294 relationem
2136 265 2236 305 ipsius
2256 265 2295 296 ad
2319 267 2389 303 alia,
2407 274 2442 298 ut
2458 278 2533 298 curn

1456 309 1572 340 dieitur
1595 311 1698 350 prima
1715 321 1810 342 causa
1834 313 1883 343 vel
1908 323 2073 344 summum
2098 316 2232 347 bonum.
2257 317 2332 348 Non
2357 319 2442 349 enim
2463 324 2535 355 quod

1456 360 1495 391 cle
1520 361 1592 391 Deo
1618 371 1731 402 capere
1756 373 1929 404 possumus
1962 366 2040 405 quid
2066 371 2122 405 est,
2147 367 2203 397 sed
2227 368 2305 408 quid
2327 379 2395 400 non
2421 377 2477 407 est,
2502 378 2534 402 et

1423 429 1431 447 ς
1456 412 1592 450 qualiter
1607 413 1666 443 alia
1684 423 1716 444 se
1734 415 1872 446 habeant
1888 416 1928 447 ad
1945 418 2051 457 ipsum
2070 424 2105 449 ut
2128 424 2157 457 es
2177 425 2250 456 quod
2273 432 2311 452 ex
2328 432 2424 462 supra
2440 423 2532 454 dictis

1456 463 1569 502 patet.)

1524 573 1604 613 Cap.
1622 575 1737 606 XXXI.
1762 577 1859 614 Quor>
1883 589 1991 609 mvrxA
2016 591 2186 612 rarwacrro
2212 594 2249 613 ET
2274 594 2462 615 PLURAMTAS

1478 634 1622 655 NOMINUM
1648 636 1822 657 [JIVINORUM
1845 639 1972 660 DIVINAE
1997 642 2200 663 SIMPLICITATI
2225 645 2288 664 NON
2313 645 2507 667 REPUGNANT.

1418 682 1441 695 10

1501 718 1537 747 R.
1557 718 1657 756 Quod
1674 720 1781 751 divina
1798 733 1849 757 per
1867 723 2024 762 perfectio
2042 731 2106 761 plur
2126 733 2156 757 et
2173 729 2335 768 pluralitas
2356 731 2529 761 nominum
2559 738 2571 759 7
2584 738 2594 753 Γ
2608 738 2652 754 ³²¹
2681 738 2723 760 Ῥ·
2737 739 2771 768 9,5’

1424 783 1428 787 -
1457 766 1640 799 divinorum
1673 770 1799 802 divinae
1833 774 2029 814 simplicitati
2063 787 2128 807 non
2164 786 2352 819 repugnant.
2378 799 2399 803 —
2422 783 2440 820 §
2460 786 2531 810 Patet

1455 824 1534 848 etiam
1557 821 1604 851 Ex
1629 822 1799 861 praedictis
1826 824 1935 864 (etiam
1966 827 2063 857 videri
2095 835 2213 868 potest)
2239 844 2291 868 quo
2310 837 2389 861 modo
2413 832 2530 874 (quod)

1456 870 1563 902 divina
1594 874 1753 913 perfectio
1784 882 1815 906 et
1840 881 1953 912 plurium
1979 884 2114 908 nominum
2141 887 2172 910 de
2201 887 2259 920 ipso
2282 888 2411 913 dictorum
2433 889 2530 914 veritas

1417 936 1438 956 ις
1457 922 1562 963 (plura
1579 926 1713 956 nomina
1738 926 1821 957 dicta
1846 927 1884 958 de
1903 928 1986 971 Deo)
2009 942 2129 962 summae
2145 934 2245 973 ipsius
2262 936 2456 975 simplicitati
2474 941 2531 965 nul-

1456 979 1558 1003 iatenus
1585 975 1678 1017 (non)
1696 987 1822 1014 repugnat
1847 979 2006 1021 (repugnent
2021 984 2227 1024 repugnant.)
2245 985 2297 1016 Sic
2314 988 2398 1017 enim
2417 997 2530 1018 omnes

1456 1025 1670 1065 perfectiones
1695 1030 1727 1059 in
1752 1030 1847 1061 rebus
1872 1031 1940 1062 aliis
1969 1034 2114 1065 inventas
2145 1036 2216 1066 Deo
2242 1038 2368 1068 attribui
2393 1038 2530 1070 diximus

1455 1077 1537 1107 sicut
1554 1077 1687 1109 effectus
1705 1080 1737 1110 in
1758 1081 1823 1111 suis
1840 1084 1944 1112 causis
1959 1086 2145 1124 aequivocis
2163 1087 2370 1119 inveniuntur
2393 1094 2418 1118 in
2437 1093 2530 1126 quibus

1454 1137 1517 1157 sunt
1534 1134 1681 1159 secundum
1701 1136 1777 1161 aliam
1796 1142 1821 1161 et
1840 1139 2037 1164 eminentiorem
2057 1142 2193 1168 rationem.
2213 1139 2279 1177 Qui
2299 1140 2431 1180 quidem
2456 1140 2530 1171 effe-

1413 1195 1439 1209 2⁰
1454 1185 1524 1210 ctus
1542 1204 1570 1211 ..
1586 1205 1592 1211 .
1611 1190 1788 1222 generaret.
1817 1185 1865 1215 Ex
1897 1186 1956 1217 hac
1985 1188 2081 1227 igitur
2108 1190 2223 1221 virtute
2255 1191 2304 1221 sol
2336 1191 2457 1223 calidus
2484 1192 2531 1223 di-

1455 1231 1536 1261 citur
1565 1242 1631 1263 non
1660 1234 1768 1265 solum
1794 1237 1869 1276 quia
1894 1238 2034 1269 calorem
2060 1240 2145 1276 facit,
2170 1242 2226 1272 sed
2250 1243 2325 1283 quia
2352 1243 2450 1273 virtus
2474 1253 2532 1283 per

1454 1291 1552 1322 quam
1569 1285 1633 1314 hoc
1650 1284 1726 1315 facit
1744 1286 1819 1327 (est)
1843 1289 1965 1329 aliquid
1989 1300 2029 1319 est
2052 1296 2084 1320 de
2102 1304 2198 1329 genere
2224 1293 2419 1333 (conforme)
2438 1299 2530 1323 caloris

1454 1334 1591 1371 (calori.)
1618 1336 1678 1366 Per
1703 1337 1838 1368 eandem
1855 1363 1860 1368 .
1877 1364 1883 1371 .
1900 1363 1905 1369 .
1920 1346 1955 1370 ut
1980 1342 2151 1380 probatum
2169 1349 2226 1373 est.
2253 1346 2270 1383 §
2287 1344 2339 1374 Sic
2363 1346 2459 1383 igitur
2483 1355 2531 1375 sa-

1453 1386 1545 1424 piens
1569 1387 1658 1418 Deus
1676 1388 1792 1420 dicitur
1809 1401 1876 1421 non
1894 1393 2000 1423 solum
2018 1394 2196 1426 secundum
2214 1396 2277 1426 hoc
2295 1396 2384 1436 quod
2404 1398 2530 1437 sapien-

1412 1450 1434 1470 ²5
1452 1437 1529 1468 tiam
1559 1438 1655 1470 efficit
1679 1443 1728 1475 (sic
1753 1446 1821 1470 enim
1848 1453 1873 1472 et
1901 1448 1965 1480 lapis
1986 1449 2114 1474 diceretur
2138 1451 2215 1475 simili
2234 1448 2344 1480 ratione)
2375 1448 2430 1479 sed
2454 1449 2530 1489 quia

1452 1490 1633 1521 secundum
1651 1493 1740 1532 quod
1757 1495 1918 1534 sapientes
1934 1507 2047 1527 sumus
2063 1503 2079 1531 1-
2091 1511 2164 1527 sunm
2176 1504 2193 1535 †
2207 1499 2370 1540 (virtutem
2385 1502 2454 1532 eius
2467 1511 2530 1541 qua

1452 1541 1613 1580 sapientes
1637 1552 1698 1573 nos
1723 1543 1811 1586 facit)
1829 1546 2030 1585 aliquatenus
2051 1550 2226 1581 imitamur.
2250 1551 2326 1582 Non
2351 1557 2460 1582 autem
2484 1551 2530 1581 di-

1453 1590 1535 1620 citur
1559 1592 1649 1632 lapis,
1668 1596 1815 1634 quamvis
1832 1597 1955 1636 lapides
1979 1598 2100 1636 fecerit,
2118 1602 2194 1641 quia
2211 1602 2244 1632 in
2262 1603 2395 1633 nomine
2416 1601 2530 1642 lapidis

1452 1642 1641 1682 intelligitur
1661 1645 1779 1676 modus
1803 1648 1819 1663 ἦε
1837 1647 2068 1681 determinatus
2093 1653 2219 1683 essendi
2236 1664 2286 1689 per
2305 1665 2380 1689 quem
2404 1657 2472 1689 lapis
2491 1660 2531 1682 est
2558 1661 2569 1681 7
2581 1661 2591 1676 r
2606 1656 2619 1675 b
2633 1663 2650 1677 ι·

1414 1708 1437 1725 ³0
1452 1693 1634 1724 S'ecundur'n
1662 1705 1761 1735 quem
1787 1697 1867 1738 lapis
1892 1703 1976 1729 Deum
2003 1713 2056 1730 non
2081 1706 2196 1732 imitatur
2215 1708 2262 1733 sed
2280 1708 2312 1733 ab
2332 1716 2364 1733 eo
2387 1703 2419 1745 (a
2442 1703 2528 1745 Deo)

1453 1742 1670 1784 distinguitur.
1700 1746 1846 1778 Imitatur
1874 1756 1983 1780 autem
2015 1752 2094 1792 lapis
2123 1753 2229 1784 Deum
2259 1760 2295 1785 ut
2322 1765 2452 1785 causam
2480 1765 2529 1785 se—

1453 1794 1597 1825 cundum
1616 1805 1684 1826 esse
1704 1796 1913 1839 (secundum)
1933 1801 2111 1833 bonitatem
2129 1810 2160 1834 et
2176 1804 2236 1834 alia
2256 1805 2444 1836 huiusmodi
2463 1817 2530 1842 quae

1452 1849 1484 1874 de
1503 1849 1560 1875 Deo
1580 1852 1660 1876 modo
1679 1860 1761 1885 supra
1780 1853 1849 1878 dicto
1860 1856 2043 1887 praedicantur
2064 1851 2162 1894 (sicut
2179 1860 2210 1885 et
2234 1855 2314 1886 aliae
2340 1855 2526 1896 creaturae.)

1451 1899 1467 1914 *
1481 1898 1512 1936 (§
1529 1898 1637 1930 Huius
1651 1907 1759 1931 autem
1774 1902 1878 1932 simile
1892 1926 1900 1932 .
1915 1927 1922 1932 .
1941 1927 1947 1933 .
1962 1904 2122 1936 humanis.
2138 1906 2321 1937 Intellectus
2334 1908 2420 1937 enim
2434 1909 2529 1938 unica
2558 1912 2566 1919 ·
2578 1910 2611 1931 ¹1*-
2626 1918 2672 1938 mg.
2690 1918 2742 1938 sup.

1412 1963 1432 1982 ³5
1451 1949 1567 1980 virtute
1592 1953 1762 1990 cognoscit
1787 1957 1871 1982 multo
1886 1958 1971 1989 plura
1996 1957 2106 1986 omnia
2124 1966 2207 1996 quae
2224 1966 2296 1997 pars
2315 1958 2464 1988 sensitiva
2482 1959 2528 1989 di-

1450 2002 1546 2031 versis
1564 2003 1717 2042 potentiis
1735 2005 1948 2044 apprehendit
1965 2012 1995 2036 et
2013 2008 2108 2037 etiam
2129 2008 2190 2038 alia
2206 2008 2317 2039 multa.
2336 2013 2424 2037 Homo
2445 2013 2526 2038 etiam

1450 2052 1634 2083 Intellectus
1660 2055 1755 2084 etiam
1774 2078 1781 2084 .
1797 2080 1803 2087 .
1820 2081 1826 2087 .
1844 2056 1973 2087 habent.
1999 2057 2052 2088 Sic
2069 2059 2165 2098 igitur
2181 2064 2212 2088 et
2229 2059 2317 2089 Deus
2342 2069 2400 2099 per
2423 2070 2526 2090 unum

1448 2105 1583 2145 simplex
1594 2115 1690 2136 suum
1704 2116 1772 2137 esse
1786 2109 2010 2140 omnimodam
2024 2110 2258 2150 perfectionem
2271 2111 2414 2151 possidet
2427 2121 2525 2152 quam

1448 2166 1497 2186 res
1521 2157 1601 2188 aliae
1625 2162 1705 2185 etiam
1727 2163 1810 2187 multo
1834 2160 1936 2190 immo
1962 2161 2066 2191 multo
2091 2162 2252 2192 minorem
2281 2172 2338 2202 per
2365 2163 2524 2202 quaedam

1408 2221 1434 2241 4⁰
1449 2207 1572 2238 diversa
1597 2217 1854 2251 consequuntur.
1880 2213 1897 2250 §
1914 2212 1960 2242 Ex
1987 2222 2053 2252 quo
2079 2218 2166 2252 patet
2184 2237 2189 2242 .
2206 2237 2211 2242 .
2227 2237 2234 2243 .
2253 2219 2284 2243 et
2307 2223 2430 2244 nornen
2456 2214 2523 2244 eius

1450 2259 1579 2302 unum.)

1531 2374 1612 2415 Cap.
1638 2376 1764 2407 XXXII.
1791 2376 1887 2414 Quot)
1913 2387 1997 2406 snm.
2022 2388 2062 2407 m:
2087 2378 2158 2408 Dao
2184 2389 2221 2408 ET
2246 2389 2340 2408 Raacs
2365 2389 2443 2409 Anus

1785 2438 1922 2459 UNIVOCE
1955 2439 2181 2459 PRAEDICATUR.

1411 2480 1430 2499 ti

1492 2518 1508 2551 §
1531 2519 1573 2543 Sic
1592 2519 1670 2552 igitur
1698 2525 1769 2552 patet
1793 2521 1864 2553 quod
1889 2521 1951 2546 nihil
1977 2522 2008 2546 de
2036 2522 2092 2546 Deo
2118 2527 2143 2547 et
2161 2522 2240 2547 rebus
2260 2523 2317 2548 aliis
2338 2523 2450 2548 univoce
2473 2524 2520 2549 dici
2548 2531 2582 2551 7r
2597 2526 2640 2552 bs-

1448 2575 1543 2604 potest,
1562 2579 1622 2596 nam
1642 2571 1751 2597 effectus
1771 2572 1815 2605 qui
1838 2573 1870 2597 ad
1889 2573 2004 2605 speciem
2031 2581 2126 2598 causae
2149 2582 2202 2598 non
2228 2573 2349 2607 pertingit
2368 2575 2411 2607 <et
2436 2575 2520 2600 adsi-

1448 2623 1536 2647 milem
1556 2622 1665 2647 modum
1685 2623 1808 2655 essendi>
1828 2623 1966 2648 univocam
1992 2624 2211 2656 praedicationem
2235 2633 2287 2649 non
2312 2625 2404 2657 recipit
2428 2633 2520 2650 eorum

1446 2682 1514 2707 quae
1527 2675 1710 2707 praedicantur
1723 2674 1755 2699 de
1774 2682 1852 2699 causa
1872 2675 1958 2706 <unde
1973 2675 2093 2700 animalia
2105 2676 2200 2700 virtute
2213 2677 2275 2701 solis
2292 2679 2461 2709 generantur
2474 2684 2519 2709 ge-

1406 2738 1431 2757 5⁰
1446 2732 1534 2751 nerata
1547 2734 1594 2751 seu
1608 2726 1750 2759 originata>
1767 2726 1848 2759 (unde
1860 2727 1926 2759 ignis
1939 2728 2033 2752 virtute
2044 2728 2107 2752 solis
2122 2730 2272 2761 generatus)
2284 2728 2344 2760 quia
2359 2728 2390 2752 ad
2403 2729 2517 2761 speciem

1445 2778 1509 2802 solis
1524 2785 1577 2801 non
1597 2777 1775 2810 perducuntur
1787 2777 1803 2793 *
1823 2777 1895 2809 <eius
1909 2778 2023 2802 nominis
2041 2778 2256 2810 praedicationem
2272 2779 2421 2803 nullatenus
2435 2779 2516 2803 susci·
2546 2782 2555 2789 ·
2570 2778 2630 2802 Cfisu
2648 2787 2694 2803 non
2710 2787 2759 2802 cor-

2545 2808 2587 2834 rig.
2603 2807 2625 2828 in
2644 2807 2755 2835 perduci·—

1445 2828 1534 2860 piunt>
1564 2826 1671 2860 (caloris
1700 2829 1755 2852 eius
1782 2829 2000 2860 praedicationem
2023 2829 2134 2853 univoce
2161 2837 2212 2853 non
2237 2829 2355 2861 suscipit)
2380 2829 2444 2861 quia
2469 2837 2517 2854 nec
2544 2837 2591 2855 teir.

1444 2880 1552 2905 alicuius
1572 2879 1737 2912 proprietatis
1757 2879 1848 2912 ipsius.
1869 2880 1968 2904 Domus
1988 2887 2051 2904 vero
2070 2887 2137 2911 quae
2157 2885 2197 2904 est
2215 2879 2240 2903 in
2260 2879 2375 2909 materia,
2395 2879 2516 2911 quamvis

1444 2931 1499 2966 (ad)
1518 2931 1633 2965 speciem
1657 2931 1752 2955 dom'us
1775 2932 1881 2963 attingat
1906 2939 1973 2964 quae
1997 2937 2037 2956 est
2060 2931 2085 2955 in
2112 2936 2174 2961 arte,
2194 2931 2254 2964 quia
2277 2936 2364 2955 tamen
2388 2931 2516 2955 dissimile

1404 2997 1426 3016 55
1443 2992 1503 3009 esse
1523 2983 1701 3016 consequitur,
1721 2983 1939 3016 praedicationem
1959 2983 2065 3015 quidem
2085 2983 2201 3007 eiusdem
2220 2982 2332 3007 nominis
2352 2982 2449 3015 recipit,
2468 2983 2514 3007 sed

1443 3044 1495 3060 non
1514 3036 1660 3060 secundum
1681 3043 1759 3059 unam
1778 3036 1914 3066 rationem,
1934 3042 1985 3059 non
2006 3035 2074 3059 enim
2094 3034 2203 3058 univoce
2223 3034 2314 3058 dicitur
2332 3034 2427 3059 domus
2446 3042 2514 3067 quae

1443 3092 1483 3112 est
1501 3087 1526 3111 in
1547 3087 1633 3111 anima
1646 3092 1672 3111 et
1685 3094 1753 3119 quae
1766 3091 1807 3110 est
1819 3086 1844 3110 in
1860 3085 1975 3114 materia,
1992 3085 2058 3109 sicut
2077 3093 2124 3109 nec
2138 3084 2233 3109 animal
2251 3085 2348 3117 pictum
2368 3090 2394 3109 et
2412 3093 2514 3110 verum.

1443 3139 1495 3162 Res
1515 3143 1602 3162 autem
1623 3145 1735 3170 quarum
1756 3137 1827 3161 Deus
1850 3141 1890 3160 est
1914 3144 1993 3160 causa

1486 3187 1523 3217 R.
1549 3187 1649 3224 Quod
1667 3186 1745 3216 nihil
1764 3185 1802 3215 de
1820 3185 1890 3215 Deo
1913 3191 1943 3214 et
1959 3185 2052 3214 rebus
2077 3184 2144 3213 aliis
2170 3185 2307 3213 univoce
2326 3202 2339 3214 {—
2361 3201 2375 3214 t-
2396 3202 2417 3206 -
2433 3185 2450 3222 §
2470 3187 2511 3212 Sic
2540 3194 2571 3215 7r
2586 3189 2654 3217 1³19.-
2665 3196 2688 3217 p.
2703 3196 2739 3218 97·

1398 3249 1425 3268 60
1440 3245 1518 3277 igitur
1542 3241 1603 3274 (Ex
1628 3241 1676 3269 his
1701 3238 1823 3278 autem)
1849 3244 1935 3277 patet
1960 3237 2047 3276 quod
2072 3237 2150 3266 nihil
2179 3236 2218 3266 de
2253 3237 2323 3267 Deo
2355 3243 2384 3267 et
2417 3237 2511 3267 rebus

1440 3292 1507 3321 aliis
1525 3296 1631 3331 potest
1645 3291 1784 3320 univoce
1798 3288 1982 3328 praedicari,
2000 3297 2074 3317 nam
2089 3287 2220 3317 effectus
2235 3288 2290 3327 qui
2305 3287 2383 3326 (non
2398 3289 2511 3328 recipit

1439 3341 1590 3374 formam)
1606 3341 1786 3372 secundum
1803 3340 1944 3379 speciem
1959 3339 2096 3368 similem
2109 3342 2220 3366 formam
2236 3350 2288 3367 non
2304 3343 2395 3375 recipit
2408 3340 2436 3369 ei
2453 3349 2511 3379 per

1438 3404 1536 3434 quam
1555 3403 1651 3433 agens
1669 3393 1742 3432 agit,
1759 3401 1881 3421 nomen
1899 3391 1936 3420 ab
1954 3390 2006 3420 illa
2024 3389 2127 3419 forma
2144 3394 2311 3429 sumptum
2328 3390 2509 3421 secundum

1439 3445 1610 3474 univocam
1635 3442 1908 3483 praedicationem
1929 3441 2072 3479 recipere
2096 3449 2164 3469 non
2188 3445 2304 3479 potest,
2330 3450 2396 3470 non
2422 3442 2508 3471 enirn

1395 3505 1419 3529 ες
1436 3497 1575 3526 univoce
1589 3495 1705 3525 dicitur
1722 3493 1842 3524 calidus
1859 3493 1940 3532 ignis
1954 3502 1971 3521 a
1987 3491 2054 3521 sole
2072 3496 2240 3531 generatus
2254 3496 2285 3521 et
2301 3491 2348 3521 sol
2365 3503 2424 3520 nam
2439 3496 2509 3521 calor

1436 3552 1501 3584 ignis
1519 3558 1572 3575 non
1586 3550 1686 3582 attingit
1700 3549 1731 3573 ad
1745 3548 1859 3580 speciem
1874 3547 1975 3572 virtutis
1988 3547 2089 3576 solaris,
2105 3547 2225 3579 quamvis
2240 3547 2324 3579 ipsam
2343 3548 2507 3580 aliquatenus
2547 3566 2555 3573 .

1437 3602 1558 3626 imitatur.
1582 3598 1702 3627 Rerum
1727 3601 1835 3625 autem
1860 3604 1998 3635 quarum
2022 3594 2110 3624 Deus
2134 3600 2181 3624 est
2205 3604 2300 3624 causa
2324 3593 2447 3625 formae
2468 3594 2506 3625 ad

1433 3648 1576 3688 speciem
1602 3646 1728 3677 divinae
1744 3646 1870 3675 virtutis
1886 3655 1953 3675 non
1978 3645 2171 3684 perveniunt
2190 3649 2218 3673 di·
2237 3654 2311 3675 cum
2329 3645 2454 3676 divisim
2476 3651 2506 3676 et

1433 3699 1664 3739 particulariter
1688 3697 1843 3736 recipiant
1860 3696 1950 3735 quod
1971 3697 2002 3725 in
2029 3695 2099 3725 Deo
2125 3695 2312 3736 simpliciter
2328 3702 2359 3726 et
2377 3697 2505 3726 univer-

1391 3767 1418 3787 7⁰
1433 3749 1538 3779 salites
1562 3749 1732 3783 invenitur,
1758 3751 1824 3775 sicut
1846 3751 1916 3775 nulla
1941 3750 2067 3783 <aliarum
2093 3751 2262 3783 naturarum>
2288 3751 2407 3783 (aliarum
2433 3758 2505 3775 crea-

1432 3805 1560 3837 turarum)
1581 3810 1620 3829 est
1644 3804 1743 3829 homini
1763 3804 1910 3829 secundum
1935 3803 2050 3836 speciem
2070 3803 2171 3835 similis,
2197 3804 2258 3836 quia
2282 3805 2307 3829 in
2333 3804 2439 3829 homine
2458 3804 2502 3828 ali-

1431 3857 1543 3889 qualiter
1570 3857 1694 3880 uniuntur
1718 3861 1869 3880 naturarum
1894 3854 2068 3888 perfectiones
2094 3863 2162 3888 quae
2186 3856 2211 3880 in
2235 3856 2343 3888 singulis
2371 3854 2500 3887 sigillatim

294 3907 471 3938 minentiae
489 3931 496 3937 .
512 3932 519 3940 .
534 3932 541 3940 .
558 3907 730 3948 significari
754 3918 822 3938 non
846 3914 963 3948 potest,
989 3908 1050 3937 nisi
1074 3907 1124 3936 vel
1149 3915 1207 3946 per
1229 3906 1374 3945 negatio·
1431 3908 1551 3932 existunt.
1575 3903 1665 3934 Patet
1689 3903 1785 3943 igitur
1802 3902 1893 3943 quod
1916 3901 1956 3933 de
1980 3903 2051 3933 Deo
2071 3908 2101 3933 et
2122 3903 2217 3933 rebus
2243 3903 2309 3932 aliis
2334 3901 2411 3931 nihil
2429 3901 2500 3930 uni-

368 4012 384 4037 b
402 4011 492 4044 46-58
511 4013 553 4038 Sic
570 4012 771 4047 igitur—causa]
793 4013 842 4038 Hic
860 4014 934 4038 locus
950 4014 1051 4038 deletus
1071 4018 1110 4037 est
1129 4012 1179 4036 sub
1199 4011 1280 4044 prima
1301 4011 1449 4043 scriptione,
1468 4015 1495 4034 ut
1514 4014 1584 4041 patet
1603 4017 1633 4034 ex
1653 4009 1861 4041 incompletione.

439 4067 534 4091 Sinum
553 4067 664 4092 Com-rm
683 4067 818 4092 Geminas
838 4068 868 4091 D.
888 4067 1004 4092 'saonae
1024 4067 1095 4091 Tou.
1115 4066 1133 4091 1.

2321 4067 2334 4091 xl
