2768 4134
770 262 960 300 SUMMA
990 264 1213 303 CONTRA
1240 267 1516 315 GENTILES,
1545 271 1640 308 LIB.
1661 273 1702 317 H,
1733 272 1845 310 CAP.
1867 273 1995 314 XCIII.

282 348 389 374 essent
411 343 520 383 specie
545 341 723 378 distinctae,
739 341 784 372 ita
804 340 954 372 videlicet
978 342 1070 381 quod
1089 348 1138 373 tot
1158 349 1264 374 essent
1286 354 1359 384 spe-

2408 278 2482 314 565

1413 345 1530 375 iterum
1551 346 1644 382 istam
1664 347 1800 387 speciem
1816 348 1856 379 de
1871 358 1956 380 novo
1966 350 2154 390 producere
2170 352 2202 382 in
2219 352 2287 383 alio
2304 353 2483 390 individuo,

282 387 374 419 cifice
405 387 554 419 distincta
577 392 662 427 quot
685 391 762 418 sunt
789 386 939 417 distincta
961 386 1145 417 secundum
1168 397 1358 425 numerurm
1413 398 1478 419 non
1495 395 1603 420 autem
1619 392 1652 421 in
1670 392 1801 423 eodem:
1816 394 1991 424 secundum
2017 395 2092 425 illos
2114 397 2171 437 qui
2193 396 2307 428 dicunt
2328 399 2483 439 quoniam

280 442 351 464 non
374 437 458 464 esset
479 437 590 463 tamen
612 431 800 472 simpliciter
822 430 1012 471 perfectius:
1033 432 1110 471 quia
1129 433 1285 463 continue
1303 432 1358 463 de-

281 477 416 509 ficerent
442 477 569 517 aliquae
591 476 727 517 species,
756 481 788 507 et
810 474 942 506 tandem
968 475 1076 506 nullae
1100 482 1206 506 essent
1228 477 1262 507 in
1285 478 1357 517 ipso

281 523 406 563 species
429 531 538 553 rerum
561 520 832 562 corruptibilium.
849 519 915 551 Sed
929 520 964 551 in
979 520 1076 550 rebus
1093 521 1359 552 immaterialibus

281 572 451 608 permanet
474 574 692 606 unaquaeque
714 565 839 605 species
854 565 888 596 in
904 570 1115 605 perpetuum:
1139 575 1215 596 cum
1231 566 1294 596 sint
1309 566 1358 595 in-

281 611 517 653 corruptibiles.
546 610 680 646 Idcirco,
706 610 734 651 si
758 609 938 641 multitudo
960 610 1104 650 ipsarum
1131 619 1199 640 non
1226 616 1275 640 est
1297 620 1358 640 nu-

280 657 410 688 meralis
437 661 576 691 tantum,
603 654 660 686 sed
690 653 853 695 specifica,
877 655 1066 686 universum
1095 654 1285 694 simpliciter
1311 660 1359 685 est

281 701 464 742 perfectius,
481 704 597 740 utpote
620 699 714 731 cuius
734 699 944 740 principalior
957 708 1031 740 pars
1046 699 1088 730 sit
1101 699 1135 730 in
1151 699 1269 730 multas
1285 708 1358 740 spe-

281 748 352 778 cies
370 751 403 777 et
423 744 547 776 multos
569 744 687 784 gradus
709 744 933 784 multiplicata,
950 753 1035 784 quae
1057 743 1287 784 multiplicatio
1312 749 1359 774 est

279 791 424 823 nobilior
445 789 719 829 multiplicatione
740 789 902 821 numerali
923 790 958 820 in
982 788 1096 820 eadem
1119 789 1238 828 specie.

335 835 390 867 VI.
417 834 551 871 Quinto.
576 834 613 865 In
637 834 829 875 corporibus
855 834 1057 870 caelestibus,
1084 839 1219 874 propter
1241 841 1357 863 eorum

279 879 526 922 perfectionem,
541 888 611 910 non
628 879 794 910 invenitur
814 879 876 910 nisi
900 883 1006 910 unum
1028 877 1235 909 individuum
1259 878 1357 908 unius

113 916 116 918 ¹
164 926 167 931 '
180 912 186 930 ³
208 926 221 947 Ἰ
277 926 411 967 speciei.
424 925 514 956 Tum
524 925 602 965 quia
612 923 878 964 unumquodque
889 933 1007 955 eorum
1018 929 1146 954 constat
1158 933 1196 954 ex
1207 927 1277 953 tota
1288 930 1356 952 rna-

0 1000 9 1035 k,

0 1040 11 1056 r

28 1149 48 1165 ’·
58 1152 112 1176 Fol.
125 1159 160 1183 3¹-

34 1599 252 1654 kffiffi'l:

33 1653 54 1704 ξ.
76 1659 146 1704 nqgv
172 1652 250 1683 mom.

10 3172 13 3174 ’
34 3170 46 3182 ·
57 3169 110 3194 1⁷01.
124 3176 186 3201 3ov.

35 3307 46 3318 ·
58 3307 82 3329 Α
126 3322 133 3328 .
145 3309 226 3329 coam
238 3313 250 3336 5

35 3337 122 3361 eone..
141 3337 164 3356 et
182 3333 251 3356 Solu-

34 3359 250 3442 {germis

278 971 357 1002 teria
371 979 450 1001 suae
472 969 604 1010 speciei.
622 968 712 1000 Tum
731 969 808 1009 quia
822 969 856 999 in
872 978 941 1000 uno
964 967 1134 999 individuo
1150 972 1198 999 est
1215 965 1358 1007 perfecte

277 1015 378 1046 virtus
393 1015 515 1055 speciei
530 1013 570 1045 ad
581 1013 615 1044 id
630 1013 670 1044 ad
686 1012 777 1054 quod
787 1022 846 1044 sua
856 1014 982 1054 species
997 1012 1174 1044 ordinatur.
1191 1013 1278 1053 Ergo
1294 1012 1358 1043 hoc

278 1060 384 1091 multo
407 1059 511 1099 magis
533 1064 582 1090 est
603 1058 639 1089 in
660 1058 846 1089 substantiis
873 1057 1154 1095 intellectualibus,
1175 1067 1260 1098 quae
1283 1062 1359 1088 sunt

278 1104 496 1146 perfectiores.
512 1120 536 1127 -
550 1103 612 1134 Ista
634 1103 727 1135 ratio.
740 1107 870 1143 sumpta
888 1108 936 1134 est
951 1112 990 1134 ex
1006 1103 1019 1134 1
1038 1103 1140 1139 Caeli,
1157 1108 1235 1134 text.
1257 1110 1312 1142 92.

281 1169 285 1171 Δ
337 1158 368 1180 2.
391 1148 457 1180 Sed
472 1148 517 1180 ad
528 1149 639 1190 ipsam
661 1147 740 1179 dicit
754 1147 883 1184 Scotus,
899 1147 977 1179 loco
993 1148 1209 1189 praeallegato
1222 1148 1250 1183 *,
1267 1145 1358 1187 quod

197 1209 200 1217 ι
220 1205 221 1210 ’
278 1194 456 1235 utiquesic
467 1193 666 1227 existimavit
681 1192 871 1224 Aristoteles
887 1191 927 1223 de
943 1193 1137 1233 corporibus
1156 1191 1358 1227 caelestibus,

279 1239 363 1280 quim
377 1238 484 1270 voluit
506 1237 598 1278 quod
613 1238 680 1268 tale
695 1247 815 1278 corpus
837 1237 1011 1279 singulam
1019 1238 1132 1279 fuerit
1146 1247 1189 1269 ex
1204 1241 1274 1268 tota
1287 1245 1358 1267 ma-

277 1284 469 1325 inviasque
484 1282 606 1324 speciei
628 1287 696 1314 tam
706 1282 883 1323 potentiali
901 1292 999 1324 quam
1018 1283 1153 1314 actuali.
1170 1281 1237 1313 Sed.
1249 1286 1356 1313 tamen

268 1326 426 1371 'affilogi
456 1337 525 1359 non*
554 1327 760 1359 concordant
786 1337 860 1358 cum
886 1328 968 1369 ipso,
999 1337 1104 1369 neque
1130 1327 1165 1358 in
1190 1325 1356 1368 principio

364 1383 383 1405 e
404 1373 439 1404 in
463 1373 684 1404 conclusione.

298 1432 300 1437 ι
321 1419 368 1457 ι3.
391 1418 445 1450 Ad
465 1419 533 1448 hoc
553 1417 732 1449 dicendum
753 1417 872 1457 primo,
897 1417 988 1457 quod
1010 1427 1080 1448 non
1103 1415 1251 1458 procedit
1277 1415 1357 1446 haec

276 1464 361 1495 tutio
375 1463 423 1494 ad<
441 1462 649 1504 probandum
671 1470 741 1493 non
764 1471 863 1502 posse
880 1471 950 1493 esse
965 1461 1074 1503 plures
1091 1461 1285 1493 substantias
1308 1460 1357 1490 in-

277 1507 479 1541 tellectuales
489 1509 524 1539 in
540 1507 656 1539 eadem
670 1507 791 1547 specie,
806 1512 963 1547 tanquam
978 1507 1102 1538 scilicet
1116 1507 1264 1547 implicet
1278 1514 1358 1536 con-

276 1553 521 1585 tradictionem:
546 1553 624 1593 quia
645 1552 711 1583 hoc
729 1561 799 1583 non
817 1557 868 1583 est
881 1551 924 1583 de
945 1557 1056 1583 mente
1071 1551 1181 1584 Sancti
1196 1551 1356 1585 Thomae,

274 1598 454 1637 mehaberi
480 1602 590 1638 potest
615 1606 656 1628 ex
682 1596 837 1628 Tractatu
864 1601 982 1628 contra
1009 1597 1219 1628 Averroistas
1233 1597 1261 1632 *,
1291 1595 1356 1631 ubi,

276 1642 438 1674 solvmdo
460 1642 621 1673 rationem
645 1651 711 1681 qua
733 1641 928 1681 arguebatur
942 1641 1052 1673 Deum
1070 1651 1140 1672 non
1158 1650 1256 1683 posse
1270 1638 1357 1671 mul-

275 1688 424 1729 aplicare
446 1687 640 1722 intellecms,
656 1691 813 1726 tanquam
831 1685 915 1718 illud
937 1685 1231 1718 contradictionem
1248 1685 1356 1726 impli—

273 1732 436 1770 aedicit·
449 1731 555 1772 quod,
566 1731 717 1772 quamvis
735 1731 919 1762 intellectus
936 1741 1005 1762 non
1022 1731 1158 1762 haberet
1170 1730 1356 1762 naturalem

276 1787 412 1810 causam
437 1776 730 1817 multiplicationis,
748 1781 862 1817 posset
885 1780 992 1807 tamen
1017 1777 1135 1808 sortiri
1161 1775 1357 1816 multiplica—

274 1822 467 1855 annm-ex-
484 1821 732 1862 supernaturali
755 1830 867 1858 causa,
891 1830 951 1852 nec
972 1826 1056 1853 esset
1077 1821 1255 1862 implicatio
1279 1829 1356 1851 con—

275 1866 494 1907 wadiotionis.
506 1867 595 1897 ¹Puto
611 1866 705 1904 enim,
718 1865 901 1897 secundum
915 1871 1062 1898 mentem
1085 1867 1156 1897 eius
1177 1864 1356 1897 tenendum

274 1920 436 1953 mamper
461 1911 605 1942 divinam
631 1911 816 1951 potentiam
841 1910 990 1942 absolute
1020 1920 1118 1952 posse
1148 1920 1217 1942 esse
1248 1910 1356 1950 plures

276 1955 578 1998 mgelos'eiusdem
596 1955 728 1996 speciei,
745 1956 843 1989 etiam
864 1960 968 1986 stante
986 1955 1052 1986 hoc
1068 1955 1183 1987 ordine
1200 1956 1354 1987 universi.

277 2001 320 2033 Et
335 2001 481 2032 fortassis
497 2001 538 2032 de
553 1999 640 2031 facto
661 2005 737 2031 sunt
751 2000 788 2032 in
805 2009 872 2031 una
892 2001 1001 2041 specie
1016 2000 1141 2041 plures:
1162 2001 1238 2032 licet
1259 2001 1355 2031 nobis

278 2055 376 2078 causa
398 2045 615 2077 distinctionis
639 2054 755 2076 eorum
777 2054 846 2076 non
865 2045 906 2076 sit
923 2045 1104 2076 manifesta.
1122 2045 1222 2084 Quod
1246 2051 1355 2076 autem

277 2089 467 2132 aliquando,
483 2096 520 2122 ut
534 2090 588 2121 hic
603 2090 639 2121 in
655 2090 817 2130 aliquibus
835 2090 1027 2127 rationibus,
1044 2095 1076 2121 et
1090 2091 1124 2121 in
1136 2091 1243 2122 Prima
1252 2090 1355 2127 Parte,
1374 2099 1377 2103 ’

277 2145 310 2177 q.
330 2146 359 2172 r,
383 2145 412 2166 a.
434 2144 467 2175 4,
491 2135 617 2166 dicatur
640 2134 731 2175 quod
753 2135 818 2165 hoc
842 2140 890 2166 est
912 2135 1130 2175 impossibile:
1154 2135 1357 2176 interpretari

277 2189 454 2222 possumus
477 2179 569 2221 quod
585 2185 633 2211 est
647 2179 860 2220 impossibile,
876 2189 946 2211 non
963 2181 1163 2221 simpliciter,
1180 2181 1236 2211 sed
1253 2190 1356 2221 quan-

275 2231 348 2257 tum
372 2224 413 2256 ad
434 2225 553 2256 modos
583 2225 864 2266 multiplicationis
886 2225 986 2261 nobis,
1007 2231 1117 2267 notos,
1140 2231 1178 2263 et
1195 2231 1357 2268 quantum

276 2270 318 2302 ad
340 2269 479 2301 modum
502 2268 790 2310 multiplicationis.
803 2264 993 2303 tumier'ssls·l
1003 2267 1099 2302 nobis
1112 2269 1160 2302 ab
1171 2267 1355 2303 'Arsstcitele

277 2321 311 2347 et
324 2314 383 2346 VII
403 2320 435 2346 et
457 2314 516 2346 XII
541 2315 787 2356 Metaplgrsicae
809 2314 973 2345 traditum'.

310 2360 460 2400 :Dicitur
482 2359 640 2402 secundo,
656 2359 749 2400 quod
771 2358 1023 2400 procedithaec
1061 2360 1127 2391 atio
1151 2360 1190 2391 ab
1213 2360 1355 2402 proban-

276 2401 414 2437 dumfle
429 2404 516 2436 facto
535 2412 605 2435 non
625 2412 695 2435 esse
710 2405 745 2435 in
761 2403 947 2435 substantiis
968 2369 1134 2439 abstlactis
1156 2404 1250 2445 plura
1272 2404 1356 2435 indi-

275 2449 375 2481 vidua
396 2450 495 2480 unius
516 2450 647 2490 speciei,
664 2458 703 2479 ex
719 2449 965 2490 comparatione
980 2448 1022 2480 ad
1038 2444 1181 2490 ‘corpora
1196 2450 1354 2480 caelestia.

275 2494 365 2533 Quia
379 2495 463 2526 sicut
476 2494 512 2526 in
526 2494 600 2531 illis,
615 2498 750 2535 propter
772 2503 888 2525 eorum
911 2491 1158 2535 perfectionem,
1173 2504 1244 2527 non
1265 2495 1355 2527 inve-

276 2540 365 2580 nitur
381 2540 445 2571 nisi
462 2546 568 2571 unum
590 2538 796 2571 individuum
811 2539 846 2570 in
861 2548 928 2571 una
942 2539 1063 2580 specie,
1079 2545 1116 2571 ut
1131 2545 1220 2581 patet
1235 2540 1269 2570 in
1285 2540 1355 2572 sole

277 2589 310 2616 et
326 2584 416 2622 luna,
433 2583 591 2627 quicquid
605 2584 646 2615 sit
661 2583 702 2615 de
722 2583 884 2625 possibili;
905 2584 961 2622 ita,
986 2593 1063 2616 cum
1086 2585 1282 2616 substantiae
1305 2594 1355 2616 se-

275 2629 492 2671 paratae‘sint
514 2627 726 2670 perfectiores
750 2628 943 2670 corporibus
966 2629 1168 2666 caelestibus,
1187 2629 1355 2671 probabile

277 2676 327 2705 est
349 2673 441 2715 quod
461 2682 532 2704 non
555 2673 596 2704 sit
617 2673 680 2704 nisi
702 2682 769 2705 una
791 2674 889 2705 unius
913 2674 1044 2715 speciei.

300 2734 303 2736 v
335 2728 368 2759 4.
389 2717 594 2759 Responderi
609 2718 756 2749 secundo
770 2723 889 2759 potest,
905 2719 1049 2750 tenendo
1065 2718 1158 2759 quod
1175 2719 1257 2749 haec
1272 2719 1354 2750 ratio

275 2763 377 2796 otiam
390 2762 432 2795 do
446 2763 707 2804 impossibilitate
729 2762 896 2804 procedat,
915 2763 1008 2804 quod
1021 2773 1090 2795 non
1108 2763 1276 2795 concludit
1290 2764 1355 2795 hoc

275 2816 349 2849 esse
369 2808 558 2849 simpliciter
579 2808 794 2849 impossibile:
819 2807 878 2840 sed
896 2808 988 2849 quod
1010 2814 1059 2840 est
1080 2808 1282 2849 impossibile
1305 2818 1355 2840 se-

277 2850 423 2884 cundum
446 2853 640 2893 opinionem
656 2852 849 2889 Aristotelis,
867 2853 925 2894 qui
947 2854 1060 2894 posuit
1077 2863 1147 2884 non
1163 2862 1260 2895 posse
1284 2863 1356 2885 cor—

275 2907 358 2939 pora
376 2897 535 2937 caelestia,
550 2902 685 2938 propter
701 2907 816 2928 eorum
831 2897 1078 2939 perfectionem,
1096 2897 1279 2930 secundum
1293 2908 1355 2929 nu-

275 2950 405 2973 merum
414 2942 449 2976 in
465 2941 579 2973 eadem
591 2942 700 2982 specie
711 2942 930 2983 multiplicari.
943 2942 977 2974 Si
987 2943 1075 2974 enim
1087 2943 1162 2979 hoc,
1172 2942 1354 2974 secundum

276 2986 357 3018 eius·
370 2987 574 3027 opinionem,
597 2986 632 3017 in
654 2987 848 3028 corporibus
869 2987 1060 3019 caelestibus
1082 2993 1217 3028 propter
1237 2997 1355 3020 eorum

276 3030 514 3072 perfectionem
534 3032 715 3068 invenitur;
736 3032 843 3064 multo
865 3033 968 3072 magis
991 3033 1026 3063 in
1053 3033 1238 3064 substantiis
1261 3042 1354 3074 sepa-

275 3077 362 3112 ratis,
386 3085 471 3117 quae
501 3076 711 3117 perfectiores
737 3082 822 3114 sunt,
846 3077 1040 3117 invenietur.
1069 3077 1111 3109 Et
1133 3078 1179 3109 sic
1201 3077 1291 3109 nulla
1315 3078 1355 3110 ad

276 3122 362 3152 hanc
384 3122 544 3152 rationem
568 3126 616 3152 est
638 3122 809 3162 responsio
832 3131 872 3153 ex
894 3122 1000 3153 verbis
1023 3121 1114 3154 Sooti
1137 3128 1276 3164 sumpta.

332 3165 402 3197 VII.
425 3166 499 3207 Ipse
523 3171 632 3197 autem
656 3165 784 3204 Scotus,
808 3166 842 3197 in
865 3166 942 3197 loco
966 3167 1183 3208 praeallegato
1195 3167 1223 3205 ·‚
1248 3177 1356 3209 oppo-

277 3211 376 3242 situm
406 3211 504 3246 huius
536 3210 768 3247 conclusionis,
793 3210 833 3242 de
861 3211 1009 3252 possibili
1027 3211 1223 3253 loquendo,
1238 3213 1354 3249 tenuit,

277 3261 310 3286 et
332 3265 426 3287 suam
449 3256 644 3296 opinionem
666 3255 777 3287 multis
799 3256 980 3287 rationibus
995 3255 1180 3288 confirmat.
1197 3257 1263 3288 Sed
1277 3258 1356 3298 quia

277 3309 333 3331 eas
354 3300 542 3342 plenissime
558 3300 750 3341 Capreolus,
765 3301 802 3332 in
816 3300 845 3331 ΙΙ
859 3300 959 3336 Sent„
977 3299 1009 3332 d.
1019 3310 1066 3338 111,
1083 3310 1114 3342 q.
1135 3309 1150 3332 1v
1164 3302 1191 3338 *,
1209 3308 1354 3339 evacuat„

278 3350 311 3375 et
333 3354 387 3381 eas
409 3351 442 3376 et
465 3355 577 3377 earum
600 3345 780 3376 solutiones
804 3346 992 3377 summatim
1015 3351 1142 3378 tanturn
1172 3352 1353 3386 tangemus.

334 3390 451 3430 Arguit‘
473 3399 550 3431 ergo
573 3390 693 3431 primo,
718 3390 794 3431 quia
819 3390 925 3421 omnis
943 3390 1118 3431 quintanas,
1134 3396 1291 3432 quantum
1308 3397 1357 3424 est

278 3434 319 3465 de
340 3443 384 3469 se,
409 3434 703 3466 communicabilis.
718 3439 783 3466 est:
810 3444 883 3465 cum
915 3444 974 3466 nec
1000 3444 1042 3465 ex
1065 3432 1273 3478 perfectione
1294 3437 1356 3467 sibi

279 3484 449 3520 repugnet,
475 3489 534 3510 nec
556 3489 599 3510 ex
622 3480 876 3522 imperfectione.

335 3523 498 3560 Secundo,
523 3525 600 3564 quia
629 3525 791 3566 quaelibet
819 3524 983 3566 quidditas
1000 3529 1110 3565 potest
1133 3525 1274 3567 intelligi
1296 3526 1354 3556 sub

279 3568 410 3598 ratione
433 3568 627 3599 universalis
650 3570 770 3610 absque
792 3569 1062 3600 contradictione.
1078 3568 1176 3606 Quod
1191 3579 1256 3600 non
1274 3576 1356 3601 esset

277 3613 307 3644 si
330 3612 370 3644 de
391 3622 427 3644 se
449 3618 532 3648 esset
553 3614 643 3645 haec.
741 3647 744 3649 ,

334 3657 458 3694 Tertio,
482 3658 559 3698 quia
576 3663 687 3699 potest
708 3659 798 3689 Deus
821 3659 908 3689 hunc
931 3658 1086 3700 angelum
1110 3658 1306 3695 annihilare,
1323 3664 1355 3689 et

1411 433 1507 463 homo
1532 444 1597 464 non
1615 441 1728 475 posset
1750 436 1833 467 idem
1858 448 1993 469 numero
2018 449 2193 482 resurgere
2209 442 2272 472 nisi
2291 443 2403 473 eadem
2423 453 2483 474 nu-

1411 486 1502 507 mero
1526 478 1637 509 anima
1661 480 1856 512 intellectiva
1880 489 2073 515 remaneret.

1467 521 1604 558 Quarto,
1629 524 1706 562 quia
1733 525 1864 556 animae
1894 527 2116 565 intellectivae,
2140 539 2224 569 quae
2249 536 2326 561 sunt
2343 531 2483 572 formae

1405 574 1525 604 purae,
1549 566 1799 607 distinguuntur
1821 579 1956 601 numero
1981 572 2013 602 in
2038 573 2149 604 eadem
2171 575 2285 614 specie.

1468 609 1605 647 Quinto,
1632 612 1710 650 quia
1735 614 1915 644 secundum
1942 616 2162 656 Augustinum
2190 620 2224 649 in
2254 619 2480 656 Enchiridion‚

1411 662 1482 693 cap.
1507 663 1572 684 xvu
1584 655 1611 691 ’ζ
1635 656 1869 687 inconveniens
1889 664 1936 689 est
1959 661 2049 700 quod
2072 662 2180 702 aliqua
2202 664 2325 703 species
2348 669 2481 695 naturae
2510 667 2518 676 ”

1411 697 1638 729 intellectualis
1660 700 1700 730 sit
1723 705 1792 730 tota
1814 701 1973 734 damnata.
2423 731 2426 734 .

1467 742 1577 779 Sexto,
1590 743 1667 783 quia
1683 754 1768 775 unus
1785 746 1925 786 angelus
1936 753 2015 778 esset
2023 748 2218 789 formaliter
2229 751 2393 792 infinitus:
2403 753 2480 793 quia

1411 791 1494 817 esset
1515 787 1642 828 infinite
1664 790 1952 826 communicabilis,
1976 793 2003 822 si
2025 795 2258 825 communicari
2280 802 2399 835 posset.

1468 831 1601 868 Ultimo,
1617 833 1651 863 in
1666 832 1855 871 Quolibetis,
1869 841 1991 874 quaest.
2008 846 2031 865 11
2038 837 2065 872 ἡ
2076 838 2188 877 arguit,
2204 840 2279 879 quia
2293 841 2352 870 ista
2368 841 2480 880 opinio

1411 884 1470 915 per
1491 876 1601 916 plures
1624 878 1777 908 articulos
1800 879 1993 911 Parisienses
2016 886 2064 911 est
2087 881 2235 912 damnata
2250 884 2276 913 ἦ
2301 884 2338 914 In
2363 886 2481 924 quibus

1412 919 1528 951 dieitur
1551 930 1694 952 errorem
1710 932 1779 953 esse
1807 923 1898 964 quod
1920 925 2011 955 Deus
2034 934 2100 955 non
2118 927 2225 966 possit
2230 928 2350 968 facere
2366 930 2481 968 plures

1411 965 1646 1007 intelligentias
1670 967 1767 998 unius
1788 969 1915 1008 speciei,
1935 970 2013 1010 quia
2036 980 2101 1000 non
2125 972 2242 1001 habent
2265 975 2444 1004 materiam.
2461 991 2483 996 -—

1411 1009 1504 1046 Item,
1521 1010 1613 1051 quod
1627 1011 1718 1042 Deus
1733 1022 1798 1042 non
1812 1014 1919 1053 possit
1942 1015 2159 1055 multiplicare
2182 1016 2349 1046 individua
2366 1018 2399 1047 in
2417 1027 2481 1048 una

1409 1055 1516 1095 specie
1537 1055 1609 1086 sine
1632 1057 1780 1087 materia.
1805 1075 1828 1080 -
1851 1058 1942 1094 Item,
1966 1059 2057 1099 quod
2070 1061 2210 1101 formae
2233 1070 2298 1091 non
2324 1062 2484 1102 recipiunt

1411 1099 1604 1131 divisionem
1629 1100 1692 1131 m'si
1714 1102 1890 1132 secundum
1914 1105 2094 1134 materiam.

1468 1143 1552 1176 VIII.
1576 1145 1639 1176 Pro
1656 1145 1821 1177 solutione
1837 1147 1951 1178 harum
1967 1149 2138 1184 rationum,
2155 1149 2338 1180 reducenda
2352 1156 2428 1182 sunt
2443 1150 2483 1181 ad

1410 1190 1606 1220 memoriam
1628 1199 1667 1220 ea
1689 1200 1772 1231 quae
1795 1192 1830 1221 in
1853 1193 2118 1232 praecedentibus
2131 1194 2146 1209 ⁴⁶
2163 1193 2203 1224 de
2226 1193 2404 1226 differentia
2426 1205 2483 1227 na-

1411 1239 1503 1265 turae
1518 1239 1551 1265 et
1565 1236 1728 1275 suppositi
1744 1235 1828 1266 dicta
1843 1242 1928 1267 sunt.
1943 1236 2119 1268 Ostensum
2131 1243 2178 1269 est
2190 1239 2276 1269 enim
2293 1240 2393 1279 quod,
2406 1249 2482 1270 cum

1409 1279 1446 1309 in
1467 1279 1564 1310 rebus
1587 1280 1853 1311 immaterialibus
1880 1286 1993 1312 natura
2017 1281 2057 1312 de
2080 1292 2114 1313 se
2138 1288 2169 1312 et
2193 1292 2262 1314 non
2280 1293 2338 1323 per
2360 1285 2482 1325 aliquid

1410 1323 1559 1355 additum
1581 1325 1622 1356 sit
1643 1325 1725 1356 haec
1748 1330 1781 1356 et
1803 1325 1978 1363 individua,
2002 1327 2036 1356 in
2059 1326 2119 1357 illis
2142 1333 2254 1357 natura
2278 1334 2310 1358 et
2331 1330 2482 1369 supposi-

1410 1373 1483 1399 tum
1505 1378 1574 1400 non
1597 1369 1750 1400 differunt
1773 1379 1831 1410 per
1852 1371 2034 1408 intrinseca,
2052 1371 2144 1411 quasi
2161 1372 2282 1403 scilicet
2297 1373 2362 1403 sint
2376 1374 2483 1414 aliqua

1409 1414 1570 1455 principia
1592 1414 1828 1446 individuantia
1850 1421 1998 1446 naturam
2021 1425 2105 1456 quae
2123 1417 2187 1446 sint
2202 1416 2242 1447 de
2259 1418 2383 1448 ratione
2406 1428 2482 1459 sup-

1410 1459 1520 1499 positi,
1543 1468 1613 1490 non
1636 1465 1747 1490 autem
1771 1459 1811 1490 de
1835 1459 1960 1490 ratione
1981 1466 2128 1491 naturae:
2148 1461 2206 1492 sed
2227 1470 2285 1501 per
2308 1463 2483 1495 extrinseca

1409 1509 1538 1534 tantum
1560 1503 1814 1545 distinguuntur,
1833 1505 2028 1545 inquantum
2051 1506 2097 1536 illi
2120 1511 2252 1539 naturae
2275 1508 2484 1548 coniungitur

1409 1557 1480 1579 esse
1503 1554 1536 1580 et
1557 1548 1620 1580 alia
1638 1549 1828 1586 accidentia,
1846 1558 1930 1590 quae
1953 1559 2022 1580 non
2044 1556 2120 1580 sunt
2142 1550 2182 1581 de
2205 1551 2330 1582 ratione
2351 1559 2483 1584 naturae

1409 1603 1519 1634 neque
1534 1593 1576 1625 de
1590 1595 1718 1625 ratione
1740 1595 1911 1635 suppositi,
1927 1594 1984 1626 sed
2005 1600 2115 1626 tamen
2131 1595 2185 1626 illa
2208 1596 2349 1627 excludit
2371 1603 2484 1628 natura

1409 1644 1442 1669 et
1465 1638 1638 1679 quidditas,
1654 1640 1864 1680 suppositum
1887 1645 1996 1670 autem
2019 1649 2087 1670 non
2112 1640 2262 1671 excludit.
2289 1641 2484 1673 Gabrielitas

1409 1684 1500 1715 enim
1522 1683 1602 1715 dicit
1624 1693 1663 1715 ea
1685 1690 1813 1715 tantum
1836 1685 1956 1724 quibus
1979 1683 2111 1715 Gabriel
2134 1690 2182 1715 est
2201 1684 2345 1716 Gabriel:
2362 1686 2419 1722 sed
2433 1687 2485 1717 hic

1411 1728 1547 1760 Gabriel
1575 1728 1654 1760 dicit
1682 1729 1804 1760 habens
1829 1729 2084 1771 gabrielitatem;
2110 1729 2186 1759 huic
2213 1735 2322 1760 autem
2345 1740 2414 1761 non
2435 1741 2485 1762 re-

1409 1778 1534 1814 pugnat
1556 1774 1675 1805 habere
1699 1774 1823 1815 aliquid
1844 1774 1934 1806 aliud
1956 1783 2056 1814 quam
2077 1774 2327 1815 gabrielitatem.
2351 1775 2400 1806 Ex
2422 1776 2485 1806 hoc

1410 1819 1559 1859 sequitur
1582 1818 1675 1859 quod
1704 1825 1820 1850 natura
1842 1818 2062 1851 immaterialis
2085 1818 2267 1850 secundum
2290 1829 2324 1850 se
2347 1829 2415 1851 non
2438 1826 2485 1851 est

1410 1864 1694 1895 communicabilis
1716 1873 1827 1904 neque
1850 1863 2040 1896 universalis
2062 1863 2174 1895 multis
2199 1865 2384 1904 suppositis,
2409 1866 2485 1905 quia

1409 1907 1594 1941 secundum
1616 1918 1650 1940 se
1674 1914 1724 1940 est
1744 1910 1842 1941 haec:
1865 1910 1949 1940 sicut
1972 1917 2082 1949 neque
2097 1908 2207 1939 Sortes
2230 1914 2278 1939 est
2300 1911 2484 1940 communis

1408 1953 1520 1985 multis
1538 1962 1598 1993 per
1615 1953 1755 1986 modum
1773 1954 1972 1985 universalis.
1990 1953 2096 1991 Unde,
2111 1953 2196 1984 sicut
2200 1954 2320 1995 forma
2335 1964 2419 1994 quae
2438 1960 2485 1985 est

1410 1997 1444 2027 in
1460 1998 1614 2033 subiecto,
1632 1999 1858 2030 individuatur
1867 2008 1932 2039 per
1945 1999 2007 2029 hoc
2021 1997 2111 2039 quod
2126 2003 2175 2028 est
2197 1998 2230 2028 in
2255 1999 2315 2030 isto
2330 1999 2482 2035 subiecto,

1410 2043 1456 2073 ita
1479 2043 1662 2074 substantia
1678 2044 1908 2075 intellectualis
1924 2042 2151 2074 individuatur
2160 2052 2223 2083 per
2237 2043 2299 2074 hoc
2314 2044 2400 2084 quod
2415 2054 2480 2075 non

1409 2093 1458 2119 est
1485 2092 1564 2119 nata
1588 2088 1622 2119 in
1646 2089 1758 2130 aliquo
1782 2098 1862 2126 esse,
1887 2094 1923 2120 ut
1951 2087 2068 2119 dicitur
2091 2088 2259 2128 Spritual„
2282 2099 2310 2118 a.
2335 2088 2365 2124 8,
2388 2088 2428 2119 ad
2450 2099 2482 2128 4.

1409 2133 1451 2164 Et
1473 2133 1518 2163 ita
1539 2142 1608 2164 non
1632 2139 1680 2164 est
1702 2135 1736 2164 in
1759 2134 1838 2174 ipsis
1861 2143 1900 2164 ex
1923 2138 2014 2174 parte
2037 2133 2083 2163 rei
2111 2133 2272 2163 distinctio
2297 2134 2482 2164 universalis

1410 2183 1442 2208 et
1457 2178 1637 2219 singularis,
1657 2178 1714 2209 sed
1736 2178 1824 2209 idem
1848 2183 1896 2209 est
1919 2178 2057 2209 omnino
2081 2183 2194 2208 natura
2210 2183 2242 2208 et
2256 2178 2334 2208 haec
2357 2184 2480 2209 natura.

1444 2256 1451 2266 Ι,
1466 2223 1531 2256 Sed
1546 2223 1681 2263 licetita
1696 2224 1737 2255 sit
1750 2224 1786 2256 in
1800 2233 1846 2262 re,
1863 2223 1941 2264 quia
1959 2228 2069 2254 tamen
2089 2222 2270 2253 intellectus
2292 2229 2400 2254 noster
2415 2233 2483 2254 non

1407 2273 1521 2308 potest
1540 2267 1736 2309 quidditates
1758 2267 1987 2302 immateriales
2010 2266 2191 2299 secundum
2214 2267 2304 2308 quod
2322 2269 2356 2298 in
2371 2269 2483 2308 seipsis

1409 2319 1486 2344 sunt
1500 2313 1756 2354 apprehendere,
1768 2313 1843 2345 ideo
1859 2312 2074 2354 apprehendit
2090 2322 2143 2343 eas
2154 2322 2212 2352 per
2223 2312 2360 2343 modum
2376 2322 2482 2343 rerum

1407 2359 1636 2395 materialium,
1651 2358 1928 2401 apprehendendo
1953 2367 2011 2399 per
2033 2357 2171 2389 modum
2194 2358 2341 2388 abstracti
2357 2363 2388 2389 et
2404 2367 2481 2388 con-

1409 2404 1498 2440 creti,
1512 2409 1543 2434 et
1557 2412 1618 2444 per
1631 2404 1770 2435 modum
1787 2403 1975 2435 universalis
1991 2407 2023 2433 et
2038 2402 2245 2443 particularis.
2259 2402 2482 2443 Apprehendit

1409 2449 1498 2479 enirn
1513 2449 1618 2489 ipsam
1634 2454 1783 2480 naturam
1795 2455 1952 2489 tanquam
1965 2448 2136 2479 essentiam
2149 2446 2312 2487 quandam
2325 2448 2480 2483 absolute,

1409 2499 1570 2535 quantum
1586 2493 1627 2525 ad
1641 2494 1801 2535 principia
1825 2493 1974 2524 videlicet
1997 2492 2185 2529 essentialia,
2209 2501 2277 2531 quo
2300 2491 2402 2522 modo
2426 2502 2481 2535 ap-

1408 2538 1582 2580 prehendit
1602 2545 1732 2580 naturas
1749 2539 1929 2570 materiales
1945 2548 2003 2578 per
2018 2537 2265 2568 abstractionem
2281 2545 2299 2566 a
2313 2536 2480 2576 principiis

1408 2580 1695 2615 individuantibus.
1713 2584 1754 2615 Et
1778 2584 1855 2625 quia
1878 2589 1991 2614 natura
2013 2581 2183 2612 materialis
2199 2581 2244 2610 sic
2263 2581 2418 2612 abstracta
2433 2586 2480 2611 est

1409 2629 1608 2666 universalis,
1632 2629 1708 2660 ideo
1732 2634 1764 2660 et
1786 2634 1919 2660 naturae
1946 2626 2147 2658 immateriali
2176 2625 2280 2655 taliter
2304 2625 2479 2656 abstractae

1406 2683 1476 2705 non
1498 2679 1668 2715 repugnat,
1689 2684 1728 2705 ex
1750 2674 1852 2705 modo
1877 2671 2153 2706 considerationis,
2169 2669 2383 2700 intentionem
2406 2670 2478 2699 uni-

1406 2719 1596 2750 versalitatis
1618 2720 1759 2750 attribui.
1779 2717 2004 2760 Apprehendit
2027 2717 2122 2747 etiarn
2145 2720 2292 2745 naturam
2316 2723 2391 2744 cum
2414 2715 2477 2745 hoc

1407 2773 1478 2795 esse
1500 2770 1533 2795 et
1556 2773 1634 2796 cum
1655 2765 1694 2796 iis
1717 2764 1938 2796 accidentibus
1961 2761 2205 2793 advenientibus
2228 2764 2375 2789 naturae:
2394 2768 2477 2799 quae

1407 2807 1546 2850 quidem*
1564 2818 1634 2841 non
1655 2809 1860 2840 individuant
1875 2814 2032 2846 naturam,
2051 2815 2127 2837 cum
2150 2806 2218 2846 ipsa
2240 2803 2420 2834 secundum
2443 2813 2477 2835 se

1407 2854 1448 2884 sit
1470 2854 1560 2890 haec,
1584 2855 1688 2888 immo
1712 2855 1814 2895 magis
1838 2863 1876 2884 ex
1900 2854 1968 2893 ipsa
1990 2850 2244 2885 individuantur3
2270 2849 2345 2888 quia
2368 2854 2477 2879 tamen

1407 2903 1522 2929 natura
1544 2899 1578 2929 in
1601 2899 1698 2930 rebus
1721 2898 1938 2930 materialibus
1962 2906 2001 2927 ex
2018 2894 2260 2936 particularibus
2285 2892 2476 2933 quibusdam

1408 2943 1630 2974 accidentibus
1655 2949 1686 2975 et
1709 2944 1841 2974 materia
1865 2941 2082 2973 individuatur
2098 2945 2130 2970 et
2144 2938 2181 2969 fit
2197 2938 2285 2973 haec,
2303 2947 2371 2977 quo
2389 2937 2426 2967 fit
2440 2942 2477 2968 ut

1407 2993 1522 3020 natura
1536 2988 1725 3020 universalis
1741 2994 1774 3019 et
1788 2987 1985 3029 particularis
2002 2985 2235 3025 distinguantur
2250 2983 2332 3013 sicut
2344 2991 2382 3012 ea
2393 2991 2474 3022 quo-

1407 3043 1481 3065 rum
1507 3043 1613 3065 unum
1637 3033 1724 3066 addit
1754 3032 1934 3064 secundum
1961 3040 2052 3061 suam
2080 3029 2236 3060 rationem
2259 3026 2299 3057 ad
2322 3027 2474 3064 alterum;

1406 3078 1494 3115 ideo,
1511 3078 1592 3110 dum
1606 3078 1790 3112 intellectus
1812 3082 1922 3108 noster
1939 3074 2151 3116 apprehendit
2166 3078 2313 3103 naturam
2328 3072 2476 3102 immate-

1406 3123 1519 3155 rialem
1534 3123 1755 3155 accidentibus
1770 3121 2014 3163 particularibus
2030 3120 2247 3152 coniunctam,
2265 3115 2476 3156 apprehendit

1407 3169 1512 3208 ipsam
1532 3178 1591 3210 per
1609 3168 1747 3199 modum
1770 3165 1977 3208 particularis,
1994 3164 2105 3204 sicque
2121 3161 2287 3202 distinguit
2301 3161 2334 3191 in
2350 3160 2404 3190 illa
2418 3169 2475 3190 na-

1407 3218 1479 3243 tura
1500 3213 1681 3244 universale
1697 3218 1729 3242 et
1743 3210 1942 3252 particulare,
1959 3217 1996 3238 ac
2012 3209 2038 3238 si
2062 3208 2115 3238 illa
2130 3206 2305 3237 accidentia
2327 3208 2475 3249 naturam

1407 3257 1655 3289 individuarent.
1680 3257 1715 3287 In
1738 3257 1802 3286 hoc
1825 3259 1933 3286 autem
1955 3252 2074 3282 falsitas
2096 3260 2164 3282 non
2188 3249 2303 3281 accidit
2324 3250 2359 3279 in
2381 3250 2475 3280 intel—

1407 3303 1509 3334 lectu:
1527 3303 1604 3343 quia
1619 3303 1679 3336 iste
1697 3300 1815 3331 modus
1830 3296 2028 3337 intelligendi
2043 3306 2077 3327 se
2092 3301 2180 3333 tenet
2195 3300 2319 3325 tantum
2335 3303 2374 3324 ex
2385 3299 2474 3334 parte

1407 3347 1601 3383 intellectus,
1618 3356 1687 3377 non
1706 3350 1814 3376 autern
1830 3352 1868 3374 ex
1883 3347 1972 3382 parte
1996 3341 2052 3371 rei.
2075 3341 2151 3371 Non
2176 3340 2262 3370 enim
2287 3343 2416 3378 oportet
2438 3343 2475 3369 ut

1407 3392 1496 3423 idem
1522 3393 1562 3423 sit
1585 3390 1703 3422 modus
1726 3386 1922 3427 intelligendi
1939 3395 1976 3415 ex
1992 3390 2080 3425 parte
2101 3383 2292 3418 intellectus,
2309 3388 2341 3412 et
2356 3382 2475 3422 modus

1408 3436 1535 3467 essendi
1559 3446 1598 3466 ex
1617 3440 1705 3476 parte
1729 3434 1788 3463 rei:
1813 3440 1888 3462 curn
1911 3429 2084 3460 materialia
2107 3426 2357 3458 immaterialiter
2380 3427 2475 3458 intel-

1408 3481 1511 3512 lectus
1535 3477 1762 3521 apprehendat,
1787 3482 1817 3506 et
1844 3474 2024 3514 composita
2048 3472 2173 3503 divisim
2197 3472 2363 3511 intelligat.
2391 3484 2400 3491 ε
2441 3503 2444 3505 ,

1464 3526 1517 3556 ῙΧ.
1535 3525 1604 3555 Istis
1619 3521 1802 3562 suppositis,
1819 3519 1859 3549 ad
1874 3520 2011 3559 primam
2022 3518 2180 3551 rationun
2195 3517 2228 3547 in
2245 3516 2435 3556 oppositum
2446 3517 2474 3552 ¹²,

1407 3575 1543 3610 negatur
1558 3571 1759 3607 assumptum
1772 3564 1811 3595 de
1824 3562 2119 3594 communicatione
2133 3570 2196 3600 qua
2209 3560 2387 3591 universale
2403 3570 2475 3601 par—

1407 3614 1595 3645 ticularibus
1619 3609 1886 3644 communicatur,
1904 3607 1943 3637 de
1960 3616 2024 3646 qua
2046 3605 2343 3636 communicatione
2359 3610 2407 3636 est
2421 3605 2474 3635 hic

1409 3668 1526 3689 sermo.
1555 3658 1596 3687 Et
1623 3655 1737 3686 dicitur
1760 3651 1850 3692 quod
1877 3651 2025 3691 provenit
2051 3659 2091 3680 ex
2117 3648 2329 3690 perfectione.
2342 3654 2475 3680 naturae

2551 666 2636 695 Migne,
2671 672 2725 694 cap.

2508 699 2573 715 xxix.

2509 840 2517 849 ·
2538 838 2589 860 Fol.
2603 844 2638 865 ,μ’
2653 837 2722 866 (Ven.

2507 865 2573 923 ³433.)
2577 880 2612 912 'de
2627 890 2721 922 Rubeis,
2758 898 2768 910 ι

2508 917 2617 939 Dnserta
2623 919 2645 939 tt
2651 923 2665 939 ο
2671 924 2685 939 η
2691 924 2705 939 e
2710 924 2722 939 s

2509 944 2621 992 ξὲἰῧῗαε,
2659 944 2721 966 Dias.

2509 1195 2519 1204 '
2529 1193 2580 1215 Lib.
2587 1194 2604 1220 Ι,
2613 1200 2663 1222 cap.
2672 1201 2721 1221 xxi,

2509 1220 2634 1243 Comment
2644 1227 2666 1243 n.
2675 1227 2690 1248 ι,
2701 1227 2722 1244 2.

2502 3520 2511 3528 ‘
2527 3518 2596 3540 Num.
2607 3524 2649 3540 vn.
