2768 4134
77 528 86 536 ·
102 525 138 547 Cf.
156 524 289 554 Comm-ent.

77 558 128 580 cap.
144 557 227 579 praec.,
239 553 288 572 init.

77 1547 85 1556 ·
101 1545 158 1574 Cap.
174 1551 249 1574 praec.

80 3307 88 3315 ·
104 3305 159 3333 Cap.
172 3311 246 3333 praec.

80 3514 88 3521 “
104 3513 140 3535 Cf.
156 3520 205 3541 cap.
217 3522 264 3536 mx.

321 286 334 311 1
343 286 394 322 74

355 368 356 371 ¹
1078 371 1417 406 Commentario.

392 482 506 504 sranso
539 473 572 502 in
604 472 676 502 Deo
700 472 867 502 veritatem
892 480 971 507 esse,
996 470 1177 501 ostenditur
1193 478 1282 500 nunc
1302 468 1394 509 quod

319 485 459 558 inse
481 517 523 547 sit
545 526 607 547 sua
631 516 753 547 veritas
769 517 795 546 ὕ.

372 563 395 593 Ι.
420 562 464 592 Et
485 562 652 602 probatur
677 562 786 601 primo
815 561 872 591 sic.
905 560 1086 600 Intelligere
1116 559 1175 590 Dei
1208 565 1255 589 est
1285 558 1394 589 divina

317 608 463 638 essentia.
488 606 576 647 Ergo
600 612 632 637 et
655 607 780 636 veritas.
804 623 827 628 -—
850 606 1008 636 Probatur
1031 604 1275 644 consequentia.
1308 603 1394 641 Quia

316 653 431 683 veritas
448 658 496 682 est
511 650 668 692 perfectio
691 651 916 682 intellectualis
940 650 1149 690 operationis.
1174 649 1265 680 Haec
1284 653 1394 678 autem

316 707 385 729 non
408 695 574 737 perficitur
597 706 655 737 per
678 695 800 736 aliquid
823 696 1065 736 supervenienS,
1082 695 1165 724 sicut
1183 703 1244 724 nec
1261 702 1330 723 esse
1347 692 1394 723 di-

317 743 445 773 vinum:
471 740 528 772 sed
550 750 608 782 per
631 741 770 781 seipsam
794 746 842 771 est
866 739 1016 781 perfecta.
1042 739 1140 778 Ergo,
1165 739 1191 769 si
1215 738 1393 778 intelligere

317 793 365 818 est
389 786 497 818 divina
520 786 707 822 substantia,
733 786 829 816 etiarn
852 785 967 815 veritas
991 789 1038 815 est
1066 783 1174 814 divina
1205 783 1392 814 substantia.

372 830 513 862 Adverte
538 830 629 871 quod
652 839 765 862 verum
789 835 837 860 est
859 828 1016 870 perfectio
1036 828 1262 859 intellectualis
1278 837 1394 868 opera-

317 876 415 907 tionis
428 877 511 906 sicut
521 876 679 907 terminus
692 875 775 907 eius:
790 884 866 905 cum
878 874 918 904 sit
930 878 1110 913 conceptus
1122 873 1305 904 intellectus
1317 882 1393 903 curn

317 921 553 962 adaequatione
577 919 616 950 ad
640 929 709 950 rem
732 919 939 950 intellectam.
969 918 1005 949 ln
1030 918 1141 948 divino
1166 923 1276 948 autem
1299 917 1392 948 intel-

317 966 404 997 lectu
427 975 494 996 non
520 970 567 996 est
591 965 708 1005 aliquis
731 969 911 1004 conceptus
935 964 974 993 ab
998 963 1070 1003 ipso
1094 968 1168 994 actu
1192 961 1393 1003 intelligendi

317 1011 496 1046 distinctus,
513 1010 569 1040 sed
586 1015 633 1040 est
649 1010 718 1049 ipsa
739 1009 846 1039 divina
870 1008 1007 1040 essentia
1027 1007 1190 1039 intellecta
1210 1013 1247 1039 ut
1262 1007 1394 1048 propria

317 1056 397 1086 ratio
413 1055 679 1094 uniuscuiusque.
694 1054 828 1094 Propter
839 1053 904 1084 hoc
915 1051 1073 1093 perfectio
1085 1052 1186 1084 divini
1199 1052 1392 1089 intellectus,

317 1109 400 1141 quae
416 1105 464 1130 est
479 1100 605 1135 veritas,
622 1100 661 1129 ab
683 1100 754 1139 ipso
775 1104 850 1129 actu
870 1097 1072 1138 intelligendi
1087 1107 1156 1128 non
1174 1097 1392 1138 distinguitur.

372 1145 420 1175 Ex
443 1144 507 1174 hoc
531 1145 678 1184 sequitur
701 1143 792 1183 quod
815 1143 930 1173 veritas
954 1152 1022 1176 non
1046 1142 1124 1174 dicit
1139 1144 1173 1174 in
1189 1152 1248 1174 sua
1267 1143 1393 1173 ratione

316 1195 442 1220 tantum
455 1195 638 1230 respectum
651 1188 910 1228 adaequationis:
923 1205 946 1209 -
956 1197 1018 1218 nec
1034 1194 1229 1228 respectum,
1246 1188 1393 1228 inquam,

317 1234 460 1269 rationis,
485 1234 562 1274 quia
584 1239 663 1264 tunc
686 1233 776 1264 Deus
804 1242 873 1263 non
905 1238 988 1263 esset
1011 1233 1137 1270 veritas,
1162 1242 1238 1264 curn
1262 1242 1331 1263 non
1354 1233 1395 1263 sit

317 1289 373 1310 ens
396 1279 543 1315 rationis;
568 1288 628 1309 nec
652 1278 782 1314 realem,
808 1278 885 1318 quia
909 1277 971 1308 Dei
993 1277 1034 1308 ad
1058 1284 1238 1310 creaturam
1261 1287 1331 1308 non
1347 1283 1395 1308 est

316 1324 428 1354 relatio
444 1323 550 1354 realis:
567 1341 591 1345 -
606 1323 662 1354 sed
679 1323 755 1354 dicit
771 1323 954 1354 absolutum
971 1332 1044 1353 cum
1062 1328 1217 1364 respectu.
1242 1323 1285 1354 Et
1305 1322 1395 1354 Deus

317 1374 364 1399 est
388 1370 501 1399 veritas
525 1374 685 1408 quantum
709 1367 749 1399 ad
772 1368 960 1402 absolutum
984 1367 1076 1408 quod
1105 1369 1310 1408 importatur,
1334 1368 1395 1398 sci-

316 1414 390 1444 licet
414 1418 574 1454 quantum
603 1412 644 1443 ad
674 1413 919 1445 similitudinem
949 1413 1161 1445 intellectam:
1185 1423 1254 1444 non
1285 1418 1395 1444 autem

317 1464 476 1499 quantum
501 1458 541 1489 ad
564 1463 749 1499 respectum
773 1464 1000 1495 connotatum.

373 1503 535 1534 Secundo.
561 1503 650 1534 Deus
674 1509 722 1534 est
745 1513 803 1534 sua
831 1504 970 1534 bonitas.
1002 1503 1090 1543 Ergo
1122 1508 1154 1534 et
1183 1512 1241 1534 sua
1264 1502 1394 1534 veritas:

317 1549 394 1588 quia
418 1549 538 1579 veritas
562 1553 609 1578 est
631 1548 760 1579 bonitas
784 1549 975 1585 intellectus,
997 1554 1034 1579 ut
1054 1547 1179 1579 dictum
1196 1554 1243 1579 est
1258 1557 1356 1588 supra
1367 1548 1395 1578 ἦ

377 1594 497 1624 Tertio.
521 1593 610 1624 Nihil
633 1593 667 1624 in
692 1593 764 1624 Deo
788 1593 1010 1634 participative
1034 1592 1239 1633 dicipotest:
1264 1602 1341 1624 cum
1357 1593 1396 1623 sit

317 1647 414 1669 suum
438 1648 517 1670 esse.
542 1638 641 1679 Ergo,
666 1648 743 1669 cum
766 1639 882 1669 veritas
905 1639 945 1669 sit
968 1639 1002 1669 in
1019 1638 1102 1674 Deo,
1120 1638 1209 1669 Deus
1226 1644 1273 1669 est
1289 1647 1395 1669 essen-

318 1683 434 1714 tialiter
456 1684 582 1715 veritas.

377 1728 516 1765 Quarto.
540 1729 675 1765 Veritas,
699 1728 775 1760 licet
797 1728 831 1759 in
855 1729 1020 1760 intellectu
1044 1734 1197 1768 ponatur,
1217 1733 1264 1759 est
1287 1733 1396 1758 tamen

319 1774 416 1805 etiam
432 1774 465 1804 in
482 1784 531 1805 re:
554 1773 735 1805 secundum
751 1773 842 1814 quod
857 1774 964 1814 inquit
979 1773 1147 1804 Avicenna
1164 1773 1331 1804 veritatem
1349 1772 1397 1803 rei

319 1828 387 1850 esse
404 1819 641 1859 proprietatem
665 1819 717 1849 sui
741 1827 809 1850 esse
824 1819 912 1859 quod
933 1818 1111 1849 stabilitum
1135 1823 1182 1848 est
1205 1818 1235 1849 ei
1240 1824 1252 1854 ;
1276 1824 1308 1849 et
1330 1817 1395 1848 hoc

318 1863 501 1895 secundum
525 1863 615 1904 quod
631 1869 705 1895 nata
722 1869 769 1894 est
785 1873 835 1894 res
851 1863 891 1894 de
915 1873 949 1894 se
973 1862 1078 1894 facere
1102 1872 1212 1893 veram
1237 1862 1397 1893 existima—

318 1909 442 1939 tionem
466 1909 499 1939 in
519 1908 695 1945 intellectu,
714 1914 745 1938 et
760 1909 956 1948 inquantum
973 1908 1139 1948 propriam
1155 1908 1206 1938 sui
1225 1907 1396 1942 rationem,

319 1962 402 1993 quae
433 1959 480 1983 est
512 1953 545 1983 in
579 1958 688 1984 mente
719 1952 837 1989 divina,
862 1953 1015 1984 imitatur.
1047 1951 1111 1983 Sed
1142 1952 1231 1983 Deus
1261 1957 1309 1982 est
1339 1961 1396 1982 sua

318 1998 465 2028 essentia.
491 1997 578 2038 Ergo
602 2003 649 2029 est
673 2007 731 2028 sua
754 1998 879 2033 veritas,
904 1997 971 2027 sive
996 1996 1036 2028 de
1058 1997 1189 2028 veritate
1213 1996 1397 2027 intellectus

317 2043 502 2082 loquamur,
527 2043 593 2073 sive
617 2042 658 2073 de
682 2042 814 2072 veritate
838 2043 893 2072 rei.

373 2087 410 2118 11.
436 2086 587 2123 Adverte,
609 2097 647 2117 ex
672 2087 818 2117 doctrina
837 2086 947 2118 Sancti
967 2086 1116 2118 Thomae
1140 2086 1247 2117 Prima
1270 2085 1362 2117 Parte
1379 2087 1396 2103 ⁴*

318 2137 348 2162 et
365 2133 397 2162 in
414 2132 669 2170 Quaestionibus
685 2132 724 2162 de
747 2132 886 2163 Veritate
902 2132 928 2167 ⁹,
946 2131 1037 2172 quod
1061 2141 1111 2163 res
1134 2131 1287 2162 dicuntur
1302 2141 1396 2163 verae

318 2182 348 2207 et
372 2178 405 2207 in
431 2177 675 2218 comparatione
699 2176 739 2207 ad
762 2177 964 2208 intellectum
989 2176 1147 2213 divinum,
1165 2182 1196 2207 et
1212 2177 1245 2207 in
1263 2185 1396 2217 compa-

318 2222 441 2252 ratione
465 2222 505 2252 ad
529 2222 729 2253 intellectum
753 2223 946 2253 humanum.
971 2221 1023 2252 Ad
1042 2222 1244 2253 intellectum
1262 2221 1396 2262 quidem

318 2266 475 2303 divinum,
492 2266 674 2298 secundum
687 2267 779 2307 quod
793 2267 961 2300 imitantur
973 2266 1113 2298 formam
1129 2270 1222 2298 suam
1236 2267 1271 2298 in
1286 2272 1397 2299 mente

318 2311 424 2342 divina
448 2313 652 2344 existentem:
678 2313 761 2343 sicut
785 2318 817 2343 et
840 2321 889 2343 res
916 2311 1096 2343 artificiales
1128 2311 1280 2343 dicuntur
1303 2320 1397 2343 verae

317 2357 511 2397 inquantum
535 2358 702 2388 imitantur
726 2357 865 2388 formam
896 2358 970 2388 artis
1002 2358 1191 2388 existentem
1222 2357 1255 2387 in
1287 2362 1397 2388 mente

863 268 1052 305 SUMMA
1082 266 1306 304 CONTRA
1334 265 1612 311 GENTlLES,
1644 265 1756 303 CAP.
1777 267 1860 314 LX,
1881 267 1979 303 LXI.

1447 370 1761 404 Fen-ariensis

1446 467 1586 499 artificis.
1611 468 1653 498 Et
1675 469 1858 501 secundum
1881 471 1976 502 istam
2000 471 2280 511 comparationem
2303 480 2353 501 res
2377 471 2529 503 dicuntur

1446 513 1634 553 simpliciter
1651 519 1683 544 et
1698 514 1847 546 absolute
1870 525 1979 549 verae:
2005 525 2045 547 eo
2070 515 2162 556 quod
2177 515 2216 546 ab
2233 515 2400 547 intellectu
2417 516 2528 548 divino

1446 557 1630 588 secundum
1654 567 1724 589 esse
1748 558 1964 599 dependeant.
1984 578 2011 583 --
2035 561 2071 596 ln
2096 561 2342 601 comparatione
2362 567 2472 593 autem
2488 562 2529 593 ad

1446 602 1648 634 intellectum
1665 603 1858 640 humanum,
1870 605 2107 645 speculativum
2124 605 2256 642 scilicet,
2270 616 2288 636 a
2304 616 2373 647 quo
2388 616 2458 638 non
2471 606 2528 638 de-

1446 647 1600 689 pendent,
1618 647 1772 679 dicuntur
1787 658 1882 679 verae
1901 650 2098 690 inquantum
2113 656 2208 682 natae
2223 657 2300 682 sunt
2316 651 2356 682 de
2372 660 2407 683 se
2422 651 2529 683 facere

1446 702 1556 723 veram
1580 693 1854 724 existimationem
1876 694 1912 724 in
1934 695 2008 735 ipso
2030 696 2209 727 intellectu.
2235 696 2277 727 Et
2303 697 2350 727 sic
2377 696 2530 728 dicuntur

1446 747 1541 768 verae
1556 737 1740 770 secundum
1757 737 1851 778 quid:
1876 747 1918 769 eo
1942 739 2041 791 quod
2056 741 2098 772 ad
2119 741 2322 775 intellectum
2345 742 2529 775 humanum

1446 792 1515 814 non
1528 783 1669 814 habeant
1685 782 1965 824 comparationem
1981 784 2044 815 nisi
2058 794 2116 825 per
2132 786 2292 823 accidens,
2304 796 2383 818 cum
2399 788 2439 817 ab
2454 788 2529 828 ipso

1446 837 1515 859 non
1539 827 1756 868 dependeant.

1502 872 1551 904 Ex
1575 873 1695 913 quibus
1719 873 1867 914 sequitur
1889 872 1991 914 quod,
2016 874 2100 905 sicut
2116 874 2232 905 veritas
2247 875 2432 911 intellectus
2452 876 2530 908 dicit

1447 917 1526 954 duo,
1551 917 1674 948 scilicet
1703 918 1893 949 absolutum
1925 923 1958 949 et
1987 924 2184 959 respectum,
2208 919 2275 951 sive
2302 921 2468 952 materiale
2498 927 2531 953 et

1446 962 1594 999 formale,
1618 963 1662 993 ita
1686 968 1717 993 et
1741 963 1857 994 veritas
1880 963 1938 994 rei.
1962 963 2162 995 Absolutum
2178 970 2226 995 est
2241 974 2311 996 esse
2326 966 2394 998 sive
2414 967 2531 998 entitas

1446 1008 1506 1041 rei:
1531 1013 1698 1048 respectus
1722 1013 1833 1039 autem
1856 1013 1904 1039 est
1927 1007 2085 1040 habitudo
2109 1008 2150 1040 ad
2172 1009 2386 1045 intellectum.

1503 1052 1537 1084 Si
1561 1058 1734 1093 quaeratur
1761 1059 1871 1084 autem
1904 1062 1945 1083 an
1975 1053 2028 1084 isti
2058 1059 2224 1094 respectus
2254 1054 2319 1085 sint
2347 1055 2448 1087 reales
2477 1055 2530 1087 vel

1446 1098 1595 1128 rationis:
1621 1097 1738 1129 dicitur
1768 1097 1860 1139 quod
1889 1105 2057 1139 respectus
2087 1098 2129 1130 ad
2155 1098 2360 1131 intellectum
2383 1099 2531 1132 divinum

1447 1148 1495 1173 est
1518 1142 1622 1179 realis,
1647 1143 1725 1183 quia
1748 1149 1796 1174 est
1819 1148 1986 1185 respectus
2004 1144 2183 1178 mensurati
2199 1143 2459 1182 ad-mensuram;
2483 1150 2532 1179 est

1447 1188 1536 1219 enirn
1566 1187 1751 1222 intellectus
1781 1188 1911 1221 divinus
1940 1197 2093 1220 mensura
2123 1189 2275 1220 omnium
2305 1199 2425 1226 rerum,
2449 1190 2533 1221 sicut

1447 1233 1630 1264 intellectus
1653 1231 1784 1264 artificis
1813 1239 1862 1264 est
1890 1242 2043 1265 mensura
2072 1229 2328 1269 artific'iatorum.
2351 1235 2534 1276 Respectus

1447 1287 1526 1308 vero
1550 1277 1591 1309 ad
1614 1277 1818 1309 intellectum
1842 1278 2024 1310 humanum
2048 1279 2286 1319 speculativum
2303 1285 2351 1311 est
2365 1285 2533 1321 respectus

1447 1323 1592 1359 rationis,
1617 1323 1694 1364 quia
1718 1329 1766 1354 est
1788 1332 1961 1354 mensurae
1984 1323 2026 1354 ad
2047 1330 2286 1356 mensuratum:
2304 1325 2420 1357 veritas
2443 1325 2532 1357 enim

1448 1368 1631 1399 intellectus
1653 1369 1756 1399 nostri
1771 1369 1812 1399 ab
1828 1369 1899 1409 ipsa
1912 1377 1947 1399 re
1963 1369 2313 1406 mensuratur,vdicitur
2333 1370 2422 1404 enim
2437 1379 2534 1400 verus

1448 1413 1631 1444 intellectus
1655 1423 1696 1444 eo
1720 1413 1812 1455 quod
1834 1414 1879 1444 ita
1901 1413 2051 1454 intelligit
2070 1415 2154 1446 sicut
2177 1420 2226 1445 est
2247 1414 2282 1446 in
2305 1424 2350 1446 re.

1506 1457 1684 1490 Sciendum
1707 1468 1844 1500 quoque
1869 1457 1970 1499 quod,
1994 1458 2071 1490 licet
2093 1459 2209 1491 veritas
2229 1459 2341 1500 aliquo
2364 1458 2468 1491 modo
2492 1459 2533 1491 sit

1448 1504 1483 1534 in
1506 1513 1551 1540 re,
1576 1509 1686 1535 tamen
1717 1503 1771 1534 illa
1801 1504 1981 1544 improprie
2013 1503 2135 1535 dicitur
2154 1504 2285 1537 veritas:
2315 1513 2392 1536 cum
2415 1504 2534 1536 veritas

1449 1549 1562 1589 primov
1573 1554 1606 1579 et
1621 1558 1680 1589 per
1691 1557 1726 1580 se
1738 1549 1778 1579 sit
1792 1549 1828 1580 in
1842 1549 2020 1580 intellectu.
2037 1549 2144 1586 Unde,
2156 1549 2350 1590 simpliciter>
2357 1555 2390 1580 et
2401 1550 2534 1591 proprie

1449 1593 1629 1634 loquendo,
1654 1603 1704 1624 res
1727 1603 1796 1624 non
1820 1593 1938 1624 dicitur
1960 1603 2035 1624 vera
2058 1594 2119 1625 nisi
2143 1595 2322 1627 extrinseca
2340 1593 2533 1626 denomina-

1449 1639 1551 1674 tione,
1575 1639 1698 1670 scilicet
1721 1648 1739 1669 a
1762 1639 1896 1669 veritate
1919 1638 2113 1670 intellectus.
2137 1639 2168 1670 A
2192 1638 2298 1671 forma
2320 1645 2432 1672 autem
2446 1640 2482 1672 in
2496 1649 2534 1674 se
2567 1662 2570 1665 -

1450 1684 1606 1715 existente
1628 1683 1801 1714 intrinsece
1825 1682 1942 1714 dicitur
1961 1693 2047 1720 vera,
2064 1683 2122 1715 sed
2145 1684 2340 1726 improprie.
2364 1685 2449 1716 sicut
2463 1693 2533 1716 me-

1450 1728 1558 1762 dicina
1581 1729 1713 1769 proprie
1737 1728 1854 1760 dicitur
1873 1737 1951 1759 sana
1974 1738 1993 1759 a
2016 1729 2152 1760 sanitate
2167 1729 2323 1760 existente
2339 1730 2374 1761 in
2389 1729 2534 1766 animali,

1450 1774 1628 1814 improprie
1652 1778 1763 1804 autern
1786 1783 1804 1804 a
1827 1773 1945 1804 virtute
1968 1773 2003 1804 in
2026 1774 2096 1814 ipsa
2121 1774 2288 1805 existente.

1507 1817 1679 1850 Conclusit
1695 1827 1772 1858 ergo
1785 1817 1923 1849 Sanctus
1935 1817 2082 1850 Thomas
2097 1818 2200 1859 quod,
2217 1819 2284 1850 sive
2299 1818 2476 1871 loquamur
2491 1818 2532 1854 de

1451 1863 1583 1894 veritate
1598 1862 1781 1894 intellectus
1795 1863 1864 1894 sive
1879 1862 1920 1894 de
1935 1863 2069 1894 veritate
2084 1863 2142 1900 rei,
2158 1864 2248 1895 Deus
2264 1869 2313 1895 est
2331 1873 2391 1898 sua
2405 1864 2534 1901 vestitas,

1450 1917 1527 1938 cum
1558 1907 1599 1938 sit
1621 1916 1680 1938 sua
1708 1907 1855 1940 essentia.
1884 1907 1971 1946 Quia
1998 1909 2025 1939 si
2054 1908 2254 1949 accipiamus
2275 1909 2445 1940 veritatem
2466 1909 2532 1944 -im-

1450 1953 1592 1993 proprie,
1610 1962 1627 1982 a
1651 1961 1717 1992 qua
1740 1951 1863 1983 scilicet
1886 1961 1937 1983 res
1960 1952 2134 1984 intrinsece
2157 1952 2274 1985 dicitur
2296 1963 2383 1990 vera,
2399 1962 2470 1986 non
2483 1958 2534 1988 est

1450 1996 1538 2028 aliud
1565 2006 1665 2038 quam
1688 1997 1758 2038 ipsa
1787 1997 1965 2028 substantia
1986 1998 2044 2034 rei,
2068 1997 2120 2029 vel
2142 1998 2214 2030 eius
2237 2007 2317 2030 esse.
2348 1997 2487 2036 Idcirco.
2505 1998 2534 2031 si

1450 2042 1540 2073 Deus
1568 2047 1616 2073 est
1645 2051 1704 2073 sua
1734 2042 1882 2078 essentia,
1906 2043 2055 2083 sequitur
2077 2042 2170 2083 quod
2196 2043 2237 2075 sit
2263 2053 2323 2075 sua
2348 2043 2475 2076 veritat.
2498 2042 2533 2075 si

1451 2087 1548 2118 etiam
1570 2087 1770 2128 accipiamus
1793 2087 1960 2118 veritatem
1981 2088 2027 2119 rei
2051 2097 2069 2118 a
2085 2097 2150 2129 qua
2166 2088 2298 2129 proprie
2316 2097 2367 2119 res
2383 2087 2534 2120 denomi-

1450 2137 1545 2163 natur
1560 2142 1645 2169 vera,
1663 2132 1811 2173 quamvis
1834 2133 2023 2170 extrinsece,
2040 2142 2124 2174 quae
2140 2139 2188 2164 est
2203 2134 2319 2165 veritas
2339 2132 2533 2170 intellectus,

1450 2177 1496 2208 sic
1521 2178 1619 2208 etiam
1643 2177 1767 2209 dictum
1791 2183 1838 2208 est
1858 2177 1950 2218 quod
1973 2184 2021 2209 est
2043 2178 2114 2219 ipsa
2130 2177 2191 2209 Dei
2207 2178 2355 2210 essentia.
2380 2177 2533 2217 Quomo-

1451 2221 1640 2263 documque
1663 2223 1761 2263 igitur
1784 2231 1834 2253 res
1859 2222 1984 2254 dicatur
1998 2232 2083 2260 vera,
2101 2223 2248 2264 sequitur
2263 2222 2355 2264 quod
2371 2222 2462 2255 Deus
2485 2229 2534 2254 est

1432 2271 1434 2273 '
1451 2276 1510 2298 sua
1532 2267 1658 2299 veritas.

1508 2311 1742 2343 Corinium-run
1766 2311 1936 2344 conclusio
1960 2313 2152 2344 auctoritate
2169 2312 2263 2344 Ioan.
2281 2323 2344 2350 xrv,
2360 2312 2436 2355 Ego
2459 2321 2533 2344 sum

1452 2357 1518 2393 via,
1543 2357 1665 2388 veritas
1689 2362 1720 2388 et
1743 2358 1819 2388 vita.

1377 2482 1469 2523 ww

673 2667 1162 2725 CAPITULUM
1200 2668 1814 2726 SEXAGESIMUM
1850 2670 2177 2727 PRIMUM

996 2796 1025 2826 Α
1063 2796 1111 2826 5ν
1151 2796 1215 2836 b9‚
1241 2797 1407 2827 coniunct.
1439 2804 1505 2837 17r
1543 2797 1630 2836 b45‚
1656 2797 1725 2828 sine
1749 2797 1855 2834 titulo.

822 2895 998 2948 QUOD
1033 2895 1198 2938 DEUS
1233 2896 1349 2938 EST
1382 2896 1712 2939 PURISSIMA
1746 2896 2016 2939 VERITAS

341 3080 345 3090 A
496 3058 507 3086 ¹:
528 3048 577 3074 oc
596 3044 729 3073 autern
749 3044 917 3083 ostenso,
938 3035 1185 3074 manifestum
1204 3045 1260 3074 est
1283 3038 1392 3086 quod

377 3108 433 3134 g..
490 3089 504 3122 ἶ
541 3089 582 3127 in
610 3090 696 3127 Deo
723 3097 779 3127 est
807 3101 909 3140 pura
931 3089 1083 3137 veritas,
1112 3090 1175 3127 cui
1205 3091 1308 3128 nulla
1326 3091 1392 3128 fal-

493 3161 506 3193 :⁴
541 3143 631 3181 sitas
658 3144 722 3180 vel
749 3143 926 3193 deceptio
955 3143 1159 3182 admisceri
1188 3152 1325 3193 potest.

392 3222 396 3226 ,
428 3219 430 3221 -
595 3197 744 3235 Veritas
769 3196 875 3234 enirn
895 3196 1096 3235 salsitatem
1124 3209 1206 3235 non
1234 3210 1393 3248 compa-

318 3228 424 3288 titur:
452 3251 549 3289 sicut
577 3263 650 3288 nec
678 3250 818 3288 albedo
846 3249 1100 3299 nigredinem.
1128 3251 1236 3289 Deus
1262 3259 1394 3289 autem
1417 3270 1426 3290 ς

319 3316 398 3341 non
418 3306 547 3342 solum
567 3313 622 3342 est
646 3316 774 3351 verus,
800 3304 868 3341 sed
888 3311 944 3341 est
968 3304 1051 3354 ipsa
1075 3304 1260 3342 veritas*.
1290 3306 1393 3354 Ergo

320 3357 358 3394 in
387 3370 435 3394 eo
463 3358 602 3395 falsitas
631 3370 714 3396 esse
742 3370 823 3396 non
851 3365 988 3407 potest.

373 3411 564 3461 Amplius.
594 3413 809 3449 Intellectus
843 3423 925 3449 non
961 3410 1150 3461 decipitur
1178 3411 1218 3449 in
1250 3424 1393 3461 cogno-

320 3464 463 3501 scendo
478 3465 586 3515 quod
606 3465 701 3514 quid
721 3473 793 3502 est:
816 3465 913 3502 sicut
932 3477 1004 3502 nec
1019 3477 1156 3502 sensus
1176 3464 1214 3502 in
1234 3465 1393 3515 proprio

1449 3049 1490 3075 se
1510 3038 1627 3076 habet
1646 3038 1695 3076 ad
1714 3038 1884 3076 modurn
1902 3037 2118 3076 intellectus
2133 3038 2402 3087 cognoscentis
2419 3038 2529 3089 quod

1449 3091 1543 3141 quid
1568 3099 1635 3139 est,
1660 3099 1703 3129 ut
1727 3099 1930 3130 ostensum
1949 3091 2050 3129 est*.
2077 3091 2322 3152 Impossibile
2341 3099 2399 3131 est
2417 3090 2530 3141 igitur

1449 3144 1488 3182 in
1518 3144 1650 3183 divina
1682 3144 1903 3194 cognitione
1936 3157 2111 3184 errorem
2139 3145 2228 3184 sive
2255 3144 2527 3196 deceptionem

1449 3206 1515 3236 aut
1543 3198 1745 3237 falsitatem
1774 3211 1870 3237 esse.

1500 3253 1718 3290 Praeterea.
1748 3253 1964 3291 Intellectus
1991 3251 2033 3290 in
2059 3251 2195 3302 primis
2220 3251 2419 3302 principiis
2445 3263 2528 3290 non

1450 3313 1560 3353 errat,
1590 3306 1659 3344 sed
1688 3305 1727 3343 in
1760 3305 2078 3344 conclusionibus
2113 3304 2321 3352 interdum,
2351 3305 2414 3344 ad·
2430 3317 2528 3356 quas

1449 3371 1497 3397 ex
1520 3358 1719 3410 principiis
1747 3359 1884 3410 primis
1906 3358 2173 3398 ratiocinando
2201 3358 2388 3409 procedit.
2417 3359 2527 3398 Intel-

1449 3414 1570 3451 lectus
1597 3421 1731 3451 autem
1759 3412 1916 3451 divinus
1944 3424 2026 3450 non
2054 3419 2111 3451 est
2143 3411 2433 3451 ratiocinativus
2461 3420 2528 3451 aut

1449 3466 1700 3514 discursivus,
1724 3474 1766 3504 ut
1793 3465 1945 3516 supra*
1973 3473 2174 3503 ostensum
2199 3473 2266 3503 est.
2297 3466 2391 3504 Non
2414 3465 2528 3515 igitur

321 3517 487 3555 sensibili
501 3518 532 3555 *.
551 3519 692 3556 Omnis
706 3527 838 3556 autem
857 3518 1026 3567 cognitio
1046 3518 1168 3556 divini
1183 3518 1394 3556 intellectus
1410 3537 1436 3552 ιο
1450 3528 1575 3569 potest
1603 3532 1686 3558 esse
1714 3519 1756 3558 in
1783 3519 1870 3570 ipso
1896 3518 2037 3557 falsitas
2065 3527 2131 3557 aut
2159 3519 2349 3570 deceptio.

376 3630 388 3654 3
408 3632 449 3655 vel
470 3632 504 3662 N:
523 3638 556 3657 et.
647 3642 663 3667 9
682 3634 707 3659 in
727 3634 833 3667 proprio
853 3634 1007 3665 NWZsYP3
1025 3635 1142 3668 proprio.

376 3665 388 3689 3
410 3651 563 3700 cognitione]
584 3670 757 3701 cognitionem
778 3671 799 3695 Α
818 3677 891 3696 casu.
985 3677 1018 3696 ιο
1037 3670 1091 3703 aut]
1111 3678 1159 3696 nec
1179 3671 1223 3696 Pe.

2558 3090 2641 3119 ‘Cap.
2652 3097 2720 3114 ινιιι.

2555 3465 2564 3473 ·
2581 3463 2638 3492 cup.
2649 3469 2708 3486 un.
