2768 4134
77 419 223 464 *capfxiw

76 859 85 869 ·
97 857 155 879 lbid.

71 1122 80 1130 ·
106 1120 143 1142 cf.
167 1120 176 1142 1
199 1120 282 1147 Ethic„

70 1153 121 1171 vin.
137 1148 163 1169 8:
180 1153 221 1168 xm
244 1154 262 1169 1

69 1387 78 1397 ”
93 1386 149 1414 Cap.
166 1393 227 1408 xnvl.

67 2027 75 2036 ·
90 2025 126 2047 Cf.
146 2025 279 2056 Comment.

67 2058 87 2074 c.
97 2059 134 2078 ιν,
148 2056 198 2074 inu.

69 2926 77 2935 ’
93 2925 128 2946 Cl.
145 2931 166 2947 n.
179 2931 214 2947 111.

71 3369 79 3378 ”
95 3368 160 3389 Alias
170 3374 192 3396 q.

71 3505 128 3525 Ἀ
119 3504 163 3526 ·ic.
182 3504 212 3526 de
230 3505 274 3526 Am

71 3537 122 3557 ma,
147 3531 284 3552 308011511-

71 3547 234 3580 Naturalium.
258 3560 283 3580 P.

142 3601 148 3606 .
171 3591 192 3606 νι
217 3582 283 3609 iven.

326 287 396 323 162

77 376 179 429 'Cfvu
194 374 291 396 deam·
316 372 405 401 ante
433 361 639 410 intelligere
653 359 684 396 *.
715 359 930 397 Ostensum
953 365 1010 395 est
1038 364 1170 395 autern
1199 356 1308 406 311οᾱ
1336 356 1392 393 in-

317 418 487 454 tellectus
520 413 676 451 divinus
707 413 815 450 nullo
848 411 970 449 modo
1009 418 1066 449 est
1098 411 1138 448 in
1171 409 1342 460 potentia
1359 409 1390 446 *.

317 471 436 507 Nullo
456 468 569 516 igitur
588 467 710 504 modo
730 473 787 503 est
808 465 849 503 in
868 465 953 515 ipso
983 463 1188 502 habitualis
1211 462 1390 512 cognitio.

369 523 522 560 Adhuc.
554 520 696 559 Omnis
724 519 937 557 intellectus
970 517 1216 556 habitualiter
1247 517 1392 567 aliquid

915 279 1106 317 SUMMA
1135 278 1358 316 CONTRA
1387 277 1665 325 GENTILES,
1695 278 1807 316 CAP.
1827 280 1932 317 Lvl:

1447 368 1546 406 quas
1574 355 1723 406 species
1749 356 2001 407 intelligibiles
2029 357 2216 396 essentiae
2245 360 2523 409 superadditas.

1449 409 1591 447 Omnis
1623 416 1755 447 autem
1788 410 2000 450 intellectus
2035 411 2075 449 in
2107 412 2243 450 habitu
2275 424 2347 463 per
2377 414 2526 464 aliquas

1447 463 1596 513 species
1624 462 1811 513 intelligit:
1841 477 1934 503 nam
1957 466 2112 503 habitus
2142 467 2203 504 vel
2230 474 2287 504 est
2314 466 2525 506 habilitatio

1447 516 1643 566 quaedam
1662 516 1875 556 intellectus
1893 519 1943 557 ad
1963 519 2232 570 recipiendum
2251 520 2399 570 species
2417 520 2525 559 intel-

316 574 582 624 cognoscentis
619 581 675 612 est
709 573 814 612 aliud
852 572 935 610 eius
970 571 1135 610 essentia
1171 583 1293 621 quam
1322 582 1393 608 sua
1415 582 1423 602 ⁵
1447 569 1606 619 ligibiles
1633 570 1778 631 quibus
1797 579 1886 610 actu
1903 572 1972 610 fiat
1997 573 2229 634 13101113035;
2254 575 2318 612 vel
2344 582 2400 612 est
2422 575 2525 613 ordi-

316 628 488 680 operatio
508 626 784 674 intellectualis,
804 638 906 676 quae
925 633 982 663 est
1010 625 1093 676 ipsa
1115 623 1389 662 consideratio:

315 682 521 720 intellectui
541 681 647 719 enim
667 680 911 718 habitualiter
929 677 1176 739 cognoscenti
1195 678 1303 715 deest
1321 689 1391 715 sua

315 736 506 787 operatio;
531 747 613 773 non
641 742 773 773 autem
797 734 880 771 eius
904 732 1068 771 essentia
1089 732 1223 769 deesse
1248 731 1282 768 ei
1306 738 1391 792 pot-

307 795 381 828 est.
407 791 450 828 In
473 790 559 827 Deo
586 796 718 827 autem
743 800 813 826 sua
839 786 1003 825 essentia
1024 793 1080 823 est
1103 798 1174 823 sua
1203 784 1389 845 operatio,

307 840 357 882 ’111
384 856 502 894 supra
520 843 541 865 *
565 850 766 880 ostensum
795 849 862 878 est.
892 841 985 878 Non
1014 847 1070 877 est
1098 838 1211 888 igitur
1239 838 1278 875 in
1307 838 1390 877 eius
1406 855 1414 869 ι

314 897 507 935 intellectu
537 895 741 934 habitualis
768 893 948 943 cognitio.

366 952 473 988 110111.
491 951 705 988 Intellectus
720 947 964 986 habitualiter
982 954 1134 984 tantum
1149 958 1389 995 cognoscens

312 1017 394 1042 non
413 1012 470 1042 est
489 1003 528 1041 in
544 1016 614 1041 sua
633 1002 768 1040 ultima
787 1001 1036 1052 perfectione.
1058 1000 1164 1037 unde
1183 1012 1257 1037 nec
1275 999 1388 1037 felici-

312 1066 380 1103 tas,
405 1070 506 1108 quae
535 1064 590 1094 est
616 1055 823 1108 optimum,
848 1054 1008 1105 ponitur
1031 1053 1251 1092 secundum
1279 1053 1387 1092 habi-

311 1119 409 1157 tum,
439 1111 507 1149 sed
535 1110 755 1148 secundum
781 1116 913 1146 actum
931 1107 962 1145 *.
993 1107 1034 1146 81
1061 1107 1174 1157 1311111
1202 1108 1310 1146 1)0115
1332 1116 1388 1146 051

310 1164 554 1202 habitualiter
572 1174 810 1212 cognoscens
829 1174 900 1213 per
914 1174 1027 1199 suam
1046 1161 1314 1210 substantiam,
1330 1174 1387 1199 50-

310 1218 487 1256 cundum
512 1229 625 1255 suam
650 1215 905 1254 substantiam
931 1215 1198 1253 consideratus
1217 1227 1299 1253 non
1318 1215 1388 1253 erit

310 1271 577 1310 universaliter
604 1271 807 1321 perfectus.
839 1269 963 1308 Cuius
991 1269 1230 1307 contrarium
1260 1277 1387 1307 osten-

310 1338 399 1363 sum
428 1332 484 1363 est
512 1337 629 1375 supra
643 1324 674 1361 *.

1446 631 1536 661 11313
1564 623 1780 672 aggregatio
1813 623 1988 675 ipsarum
2022 627 2241 678 specierum
2278 627 2524 666 existentium

1446 677 1486 714 in
1515 676 1708 715 intellectu
1736 689 1818 715 non
1851 680 2071 718 secundum
2097 682 2348 741 'completum
2380 689 2523 729 actum,

1446 730 1514 768 sed
1538 730 1671 769 medio
1693 731 1816 769 modo
1839 731 1939 769 inter
1959 734 2174 783 potentiam
2197 743 2235 773 et
2262 743 2405 773 actum.
2430 724 2522 774 Νο11

1446 792 1503 822 051
1530 783 1645 834 igitur
1672 784 1712 822 in
1741 784 1826 835 ipso
1854 785 2060 824 habitualis
2088 787 2257 826 scientia

1500 839 1713 877 Praeterea.
1745 839 1911 877 Habitus
1931 840 2128 890 quaedam
2152 841 2315 892 qualitas
2339 851 2406 881 est.
2436 843 2522 881 Deo

1444 900 1577 930 autem
1605 905 1686 930 non
1707 901 1834 943 potest
1855 905 1929 931 nec
1951 893 2115 944 qualitas
2143 907 2215 932 nec
2242 895 2402 946 aliquod
2426 896 2523 935 acci—

1444 946 1541 984 dens
1560 946 1747 992 accidere,
1763 954 1806 984 ut
1820 947 1970 997 supra*
1982 948 2194 998 probatum
2209 954 2277 986 est.
2297 950 2392 988 Non
2410 950 2524 999 igitur

1444 1000 1530 1038 Deo
1559 1000 1746 1051 competit
1773 1000 1979 1039 habitualis
2006 1001 2188 1051 cognitio.

1498 1053 1603 1102 Quia
1627 1066 1722 1092 vero
1751 1054 1952 1106 dispositio
1976 1068 2055 1106 qua
2083 1055 2171 1106 quis
2194 1063 2252 1093 est
2278 1056 2414 1095 habitu
2441 1063 2523 1095 tan—

1404 1115 1529 1146 stum
1549 1107 1801 1146 considerans
1820 1117 1887 1147 aut
1906 1110 2043 1148 volens
2062 1110 2125 1147 vel
2149 1121 2267 1159 agens
2291 1109 2524 1151 assimilatur

1443 1161 1687 1212 dispositioni
1707 1162 1935 1200 dormientis
1948 1162 1981 1211 *,
2002 1163 2095 1201 hinc
2115 1171 2172 1201 est
2190 1163 2301 1214 quod
2320 1163 2460 1211 David,
2479 1172 2523 1202 ut

1443 1215 1683 1254 habitualem
1697 1215 1994 1266 dispositionem
2009 1229 2033 1255 a
2046 1217 2134 1255 Deo
2148 1225 2380 1265 removeret,
2391 1217 2520 1256 dicit*:

1444 1271 1553 1314 Ecce,
1584 1282 1659 1307 non
1689 1270 1903 1309 dormitavit
1936 1283 2056 1322 neque
2082 1272 2242 1309 dormiet
2275 1273 2340 1322 qui
2369 1272 2523 1311 custodit

1443 1323 1575 1361 Israel.
1602 1323 1705 1361 Hinc
1731 1323 1847 1362 etiam
1874 1332 1930 1363 est
1953 1325 2062 1375 quod
2087 1325 2202 1364 Eccli.
2224 1323 2344 1363 xx111²⁸
2366 1325 2520 1365 dicitur:

363 1378 554 1429 Amplius.
586 1378 800 1417 Ostensum
828 1377 919 1415 est*
946 1378 1056 1428 quod
1085 1376 1167 1427 ipse
1196 1385 1252 1415 est
1280 1377 1387 1415 intel·
1403 1393 1429 1408 ³⁰
1447 1377 1556 1415 Oculi
1577 1378 1738 1415 Domini
1763 1379 1879 1416 multo
1906 1385 1991 1416 sunt
2017 1379 2217 1417 lucidiores
2249 1392 2363 1430 super
2388 1380 2524 1419 solem.-

310 1433 428 1483 ligens
456 1445 526 1483 per
553 1431 760 1470 essentiam
794 1444 919 1479 suam,
949 1443 1031 1469 non
1064 1439 1197 1469 autem
1225 1443 1295 1482 per
1322 1431 1387 1469 ali-

364 1554 374 1572 1
398 1552 458 1572 ante
477 1547 628 1580 intelligere]
649 1547 795 1580 intelligere
813 1552 872 1572 ante
891 1547 940 1577 «E,
959 1547 1104 1581 intelligere
1121 1547 1155 1577 G,
1174 1551 1234 1572 ante
1251 1547 1407 1580 intelligeret
1426 1547 1469 1573 Pc.

1443 1443 1537 1469 nam
1566 1432 1623 1469 sol
1652 1443 1808 1482 semper
1835 1440 1891 1470 est
1919 1432 1960 1470 in
1988 1440 2077 1471 actu
2105 1432 2272 1471 lucendi.

1559 1554 1578 1579 4
1596 1546 1690 1572 Adhuc
1708 1547 1731 1572 Α
1749 1547 1836 1578 setus;
1855 1546 1986 1580 Amplius.
2076 1547 2175 1581 aliquid
2193 1547 2378 1582 cognoscentis
2396 1553 2438 1574 est
2454 1547 2525 1574 aliud

308 1582 348 1615 (in
367 1584 389 1607 A
409 1586 482 1608 totus
499 1583 574 1608 locus
593 1583 662 1608 iacet
678 1583 733 1608 sic:
750 1583 846 1608 Omnis
864 1583 1011 1608 intellectus
1029 1582 1198 1608 habitualiter
1215 1588 1316 1608 tantum
1336 1583 1436 1617 aliquid
1455 1590 1621 1616 cognoscens
1639 1587 1681 1608 est
1698 1583 1769 1608 aliud
1787 1590 1868 1616 quam
1886 1590 1936 1608 sua
1953 1583 2072 1617 operatio
2090 1584 2205 1609 essentia
2223 1591 2304 1617 quam
2323 1591 2372 1609 sua
2389 1579 2522 1617 oph-adm

308 1619 414 1644 deletur
431 1624 546 1650 tanturm
564 1626 603 1644 ex
620 1626 783 1652 cognoscens
795 1619 834 1652 fit
851 1618 1048 1651 cognoscentis3
1067 1625 1152 1652 supra
1161 1626 1242 1653 quam
1261 1627 1311 1645 sua
1326 1619 1444 1652 operatio
1458 1626 1506 1651 pr.
1517 1619 1577 1645 loco
1595 1619 1712 1645 deletum
1730 1619 1860 1645 scribitur
1871 1618 1940 1653 eius)
1953 1620 1977 1646 A
1989 1620 2076 1651 solun
2094 1620 2277 1653 cognoscemus
2289 1619 2388 1653 aliquid
2401 1624 2443 1645 eat
2453 1619 2524 1646 aliud

309 1655 418 1685 aDEPc,
437 1662 601 1688 cognoscens
620 1654 719 1688 aliquid
738 1660 779 1680 est
791 1655 861 1680 aliud
874 1655 983 1685 NWYb,
997 1663 1161 1688 cognoscem
1179 1654 1374 1688 (cognoscentis
1391 1654 1443 1689 sG)
1462 1659 1503 1680 est
1517 1655 1615 1688 aliquid
1627 1655 1698 1680 aliud
1710 1655 1743 1685 G,
1756 1660 1858 1681 tantum
1876 1656 2060 1688 cognoscentis
2079 1655 2177 1689 aliquid
2191 1655 2262 1682 aliud
2274 1660 2315 1681 est
2328 1655 2348 1680 Z
2361 1655 2410 1682 sed
2422 1659 2523 1683 nanim

309 1691 488 1724 expungitur.
581 1698 614 1716 20
633 1690 699 1724 ipse]
720 1690 792 1716 Deus
811 1691 869 1721 abc,
887 1691 945 1724 ipse
964 1691 1036 1716 Deus
1055 1691 1104 1716 Pd.

363 1734 381 1758 4
399 1726 545 1752 intellectus
565 1726 598 1758 Z;
617 1733 671 1752 om.
757 1734 774 1760 9
793 1726 860 1760 ipsol
881 1727 938 1752 Deo
958 1727 1020 1752 αΡε.

309 1762 410 1787 111113οὶ1
428 1762 518 1788 DZPc.
610 1769 638 1787 21
663 1762 774 1795 lucendi}
795 1762 872 1788 lucidi
891 1763 959 1793 Gw,
980 1763 1083 1788 lucidus
1103 1763 1134 1788 N.

1108 1726 1140 1752 15
1159 1726 1211 1760 vell
1231 1732 1276 1752 3111
1294 1726 1431 1756 EGNZPc,
1450 1725 1506 1760 (aut
1524 1728 1674 1761 expuncto)
1693 1727 1736 1752 vel
1749 1726 1782 1752 Y.

1869 1733 1901 1760 ¹7
1921 1726 1991 1760 dicit]
2011 1727 2100 1753 dicens
2120 1735 2146 1753 α.
2233 1726 2266 1753 18
2285 1726 2444 1761 dormitavit]
2463 1727 2523 1752 dor·

1075 1869 1415 1903 Commentario
1440 1869 1754 1902 Fen-ariensis

310 1987 487 2052 8110131110,
512 1976 653 2008 ostendit
676 1977 768 2018 quod
792 1978 824 2007 in
849 1977 921 2008 Deo
954 1986 1019 2007 non
1051 1981 1099 2008 est
1127 1976 1304 2007 habitualis
1332 1985 1385 2007 co-

375 2022 456 2053 nitio
473 2023 500 2052 *.

349 2032 388 2098 Sl.
405 2066 447 2098 Et
458 2067 563 2108 arguit
573 2066 685 2107 primo
701 2067 757 2098 sic.
776 2066 865 2097 Deus
881 2066 992 2097 omnia
1004 2066 1102 2097 simul
1114 2071 1189 2097 actu
1205 2066 1385 2106 cognoscit.

307 2112 393 2152 Ergo
409 2121 479 2142 non
495 2117 543 2143 est
557 2112 626 2143 eius
643 2111 789 2152 cognitio
805 2111 987 2142 habitualis.
998 2128 1023 2133 —
1034 2111 1125 2142 Patet
1141 2111 1388 2151 consequentia.

307 2156 393 2195 Quia
417 2157 473 2188 ubi
496 2162 544 2188 est
567 2156 739 2187 habitualis
763 2156 920 2197 cognitio,
937 2156 1046 2197 aliqua
1061 2160 1310 2196 cognoscuntur
1332 2156 1389 2187 ha-

307 2202 376 2233 bitu
400 2206 538 2238 tantum,
562 2211 630 2232 non
654 2206 764 2232 autem
788 2206 872 2232 actu.

363 2246 523 2278 Secundo.
542 2246 726 2278 Intellectus
742 2245 871 2277 divinus
887 2245 980 2277 nullo
996 2244 1099 2276 modo
1115 2250 1164 2276 est
1179 2245 1212 2276 in
1229 2245 1386 2285 potentia.

308 2290 395 2332 Ergo
420 2295 481 2321 etc.
497 2309 520 2314 —
535 2291 626 2322 Patet
649 2290 896 2331 consequentia.
929 2289 1016 2328 Quia
1039 2289 1162 2320 habens
1185 2290 1332 2320 habitum
1357 2294 1388 2320 et

308 2345 376 2366 non
411 2335 620 2366 considerans
651 2340 699 2366 est
730 2335 764 2366 in
792 2335 939 2375 potentia
969 2333 1233 2376 quodammodo:
1265 2334 1388 2365 scilicet

308 2379 509 2417 accidentali,
533 2389 601 2411 non
625 2385 734 2411 autem
758 2379 928 2410 essentiali.

368 2425 488 2456 Tertio.
514 2424 549 2456 ln
569 2425 641 2456 Deo
666 2424 814 2465 operatio
838 2430 886 2455 est
913 2433 971 2455 sua
1002 2424 1150 2455 essentia.
1176 2423 1262 2464 Ergo
1287 2429 1348 2454 etc.
1365 2441 1387 2446 -

307 2469 466 2501 Probatur
489 2470 734 2510 consequentia.
767 2469 854 2507 Quia
884 2468 940 2500 ubi
971 2468 1154 2500 intellectus
1184 2468 1388 2500 habitualiter

309 2515 488 2555 cognoscit,
505 2515 549 2546 ibi
573 2514 661 2546 aliud
683 2520 759 2545 sunt
782 2514 919 2545 essentia
943 2519 974 2544 et
997 2513 1131 2544 actualis
1147 2514 1309 2554 operatio:
1331 2513 1386 2544 ha-

308 2559 469 2591 bitualiter
492 2560 581 2591 enim
605 2559 817 2600 cognoscenti
840 2557 930 2590 deest
953 2558 1086 2589 actualis
1106 2558 1334 2595 consideratio,
1352 2563 1388 2589 ut

308 2605 367 2641 sic3
393 2604 530 2635 essentia
553 2610 663 2635 autern
687 2604 717 2635 ei
741 2603 852 2635 deesse
874 2612 944 2634 non
967 2608 1086 2644 potest.

366 2648 504 2686 Quarto.
530 2649 562 2680 Si
587 2649 651 2680 hoc
675 2654 768 2684 esset,
786 2649 875 2680 Deus
890 2657 959 2679 non
976 2653 1059 2679 esset
1076 2648 1298 2679 universaliter
1313 2657 1385 2688 per-

307 2694 421 2724 fectus.
438 2712 460 2716 —
477 2694 634 2724 Probatur
658 2693 903 2734 consequentia.
929 2692 1015 2731 Quia
1038 2693 1221 2724 intellectus
1240 2692 1386 2724 habitua-

307 2738 377 2769 liter
401 2748 603 2779 cognoscens
619 2748 687 2770 non
705 2745 752 2769 est
768 2739 800 2769 in
818 2748 875 2769 sua
892 2737 1006 2768 ultima
1022 2737 1237 2778 perfectione:
1263 2738 1386 2770 scilicet

307 2782 487 2814 secundum
510 2793 612 2824 genus
636 2783 818 2815 intellectus
842 2788 878 2814 ut
901 2783 956 2813 sic.
981 2782 1076 2813 Unde
1093 2792 1153 2814 nec
1170 2781 1304 2814 felicitas
1325 2792 1385 2824 po-

307 2829 393 2859 nitur
409 2838 426 2859 a
442 2828 644 2869 Philosopho
661 2838 729 2859 esse
746 2827 928 2859 secundum
952 2828 1110 2864 habitum,
1127 2827 1183 2859 sed
1203 2827 1385 2859 secundum

307 2878 426 2904 actum.

366 2917 488 2954 Quinto
505 2919 531 2948 ’.
553 2918 630 2949 Non
646 2923 720 2949 sunt
736 2918 769 2949 in
793 2917 959 2949 intellectu
982 2916 1094 2948 divino
1117 2917 1244 2958 aliquae
1260 2918 1386 2959 species

308 2962 541 3003 superadditae.
574 2963 660 3003 Ergo
692 2968 752 2993 etc.
783 2981 805 2985 —
833 2962 991 2993 Probatur
1023 2963 1267 3003 consequentia.
1299 2962 1385 3001 Quia

307 3008 414 3038 omnis
437 3007 619 3038 intellectus
644 3008 676 3038 in
700 3008 811 3038 habitu
832 3006 981 3048 intelligit
1004 3016 1062 3047 per
1089 3007 1212 3047 aliquas
1244 3008 1383 3048 species:

308 3053 383 3093 quia
407 3052 534 3083 habitus
563 3053 612 3083 vel
644 3059 690 3083 051
720 3052 867 3083 habilitas
899 3050 1059 3092 quaedam
1091 3051 1130 3083 ad
1161 3052 1385 3093 recipiendum

307 3097 430 3138 species
454 3097 683 3138 intelligibiles;
709 3098 758 3128 vel
783 3102 830 3128 est
860 3096 1007 3127 ordinata
1030 3098 1214 3138 aggregatio
1241 3098 1385 3139 ipsarum

308 3142 489 3182 specierum
512 3142 763 3182 intelligibilium
790 3142 997 3174 existentium
1020 3142 1054 3172 in
1077 3142 1245 3174 intellectu
1274 3142 1384 3175 medio

308 3186 408 3217 modo
433 3187 515 3218 inter
539 3193 647 3218 actum
672 3193 703 3219 et
727 3187 918 3228 potentiam.

365 3231 401 3262 11.
427 3231 671 3263 Advertendum
695 3231 787 3273 quod
810 3232 946 3263 Sanctus
965 3231 1110 3262 Thomas
1134 3232 1185 3262 hic
1210 3231 1249 3262 de
1274 3233 1385 3263 habitu

308 3276 459 3307 scientiae
471 3277 531 3308 sub
543 3276 761 3309 disiunctione
774 3277 930 3318 loquitur,
943 3282 1077 3317 propter
1093 3277 1194 3307 varias
1211 3277 1385 3318 opiniones

309 3319 348 3351 de
373 3321 454 3361 ipso.
480 3321 563 3352 Nam
587 3323 764 3359 Avicenna,
789 3327 826 3353 ut
848 3321 965 3353 dicitur
991 3321 1100 3357 Verit„
1124 3331 1155 3362 q.
1173 3331 1226 3358 xn,
1251 3332 1279 3352 a.
1303 3331 1328 3359 1,
1354 3328 1385 3354 et

206 3375 280 3393 κω.
309 3365 352 3394 IV
368 3365 466 3401 Sem„
485 3365 561 3403 d.1.,
588 3377 616 3398 a.
636 3377 653 3398 2
671 3367 698 3403 ⁶,
723 3367 833 3408 posuit
856 3365 1003 3397 habitum
1028 3366 1180 3397 scientiae
1204 3375 1272 3397 esse
1295 3367 1385 3398 habi-

310 3409 431 3440 litatem
454 3411 618 3450 quandam
643 3413 769 3443 animae
793 3417 922 3442 nostrae
947 3411 986 3442 ad
1010 3410 1235 3453 recipiendum
1265 3412 1384 3443 illumi-

310 3455 475 3485 nationem
499 3456 727 3498 intelligentiae
751 3457 876 3497 agentis
899 3462 931 3487 et
953 3456 1082 3497 species
1106 3456 1322 3497 intelligibiles
1346 3458 1385 3488 ab

311 3507 347 3529 ea
371 3499 576 3532 01Ἠ11011105“.
595 3501 697 3533 -Α111
713 3511 790 3533 vero
808 3501 958 3533 dixerunt
973 3501 1120 3533 habitum
1143 3502 1296 3533 scientiae
1316 3511 1386 3535 esse

312 3543 538 3576 collectionem
551 3547 773 3586 specierum-
750 3546 921 3577 -Sanctus
930 3545 1075 3577 Thomas
1088 3552 1197 3577 autem
1209 3546 1384 3587 aliquando

312 3586 436 3618 videtur
460 3589 564 3620 dicere
588 3591 695 3631 ipsum
719 3601 787 3622 esse
808 3591 971 3632 quandam
990 3591 1166 3632 simplicem
1183 3591 1383 3632 qualitatem,

313 3637 348 3661 ut
371 3631 476 3663 Prima
499 3633 677 3671 Secundae,
702 3646 732 3676 q.
751 3646 811 3672 mv,
829 3646 857 3667 a.
874 3646 912 3675 4.
938 3635 1114 3677 aliquando
1138 3645 1216 3667 vero
1240 3635 1331 3677 quod
1347 3637 1386 3667 sit

312 3675 459 3707 collectio
484 3679 659 3709 multarum
684 3681 872 3720 specierQum
898 3686 934 3712 ut
955 3681 1064 3717 Ver-it„
1082 3690 1113 3722 q.
1131 3691 1181 3717 xx,
1199 3691 1227 3712 3.
1246 3690 1275 3711 2.

1498 1975 1650 2007 Dicerem
1665 1985 1739 2016 ego,
1756 1985 1817 2017 pro
1833 1976 2040 2017 expositione
2056 1977 2224 2018 opinionis
2239 1975 2350 2008 Sancti
2361 1977 2522 2015 Tirone,

1440 2019 1532 2061 quod
1547 2020 1589 2052 de
1604 2021 1717 2052 habitu
1732 2019 1914 2052 scientifico
1930 2021 2113 2053 intellectus
2127 2021 2231 2053 nostri
2243 2021 2416 2063 dupliciter
2430 2022 2523 2065 loqui

1440 2075 1631 2106 possumus:
1656 2066 1780 2098 scilicet
1794 2065 1988 2104 formaliter3
2014 2072 2046 2098 et
2066 2065 2360 2104 fundamentaliter,
2376 2068 2443 2100 sive
2459 2068 2524 2100 ori-

1440 2111 1591 2151 ginative.
1616 2110 1650 2142 Si
1674 2109 1960 2143 fundamentaliter
1987 2117 2020 2143 et
2049 2112 2241 2153 originative
2270 2112 2458 2153 loquamur.
2476 2113 2523 2146 sic

1441 2160 1489 2187 est
1512 2155 1664 2187 collectio
1688 2156 1832 2197 ipsarum
1855 2156 2049 2197 specierum.
2082 2156 2158 2189 Non
2182 2157 2271 2189 enim
2293 2163 2403 2198 potest
2429 2158 2523 2191 intel-

1441 2200 1545 2232 lectus
1569 2200 1799 2232 conclusiones
1823 2201 1947 2242 aliquas
1971 2200 2176 2233 considerare
2191 2202 2255 2234 nisi
2269 2202 2309 2233 sit
2325 2203 2359 2234 in
2375 2208 2450 2235 actu
2464 2211 2524 2245 per

1441 2246 1567 2286 species
1590 2245 1806 2286 intelligibiles
1830 2246 1947 2277 virtute
1977 2246 2160 2278 intellectus
2191 2247 2314 2287 agentis
2342 2257 2360 2278 a
2387 2247 2523 2288 phanta-

1441 2290 1598 2321 smatibus
1622 2290 1805 2322 abstractas.
1821 2309 1844 2314 -
1860 2290 1925 2322 Sed
1948 2291 2025 2332 quia
2048 2291 2171 2324 habens
2193 2291 2384 2324 huiusmodi
2399 2293 2523 2334 species

1441 2344 1510 2366 non
1534 2340 1642 2375 potest
1665 2335 1744 2376 ipsis
1767 2335 1916 2367 ordinate
1939 2337 1987 2368 uti
2010 2341 2043 2368 et
2065 2334 2242 2368 scientifice
2265 2337 2328 2368 nisi
2350 2345 2410 2378 per
2433 2346 2522 2369 exer-

1442 2380 1630 2411 citationem
1654 2381 1688 2411 in
1712 2379 2045 2413 demonstrationibus
2060 2390 2099 2412 ex
2115 2381 2154 2412 iis
2169 2381 2340 2422 speciebus
2362 2380 2467 2420 factis,
2483 2391 2522 2414 ex

1442 2425 1562 2465 quibus
1586 2425 1619 2456 in
1643 2425 1811 2456 intellectu
1835 2431 1986 2458 causatur
2008 2426 2146 2468 qualitas
2169 2425 2332 2466 quaedam
2348 2435 2414 2467 qua
2427 2427 2522 2459 intel-

1442 2469 1544 2501 lectus
1568 2475 1617 2501 est
1648 2469 1763 2500 habilis
1794 2469 1836 2501 ad
1867 2470 2140 2502 considerandum
2167 2471 2399 2503 conclusiones
2424 2472 2522 2504 unius

1441 2514 1594 2546 scientiae
1618 2519 1771 2555 prompte
1794 2520 1826 2546 et
1850 2514 2094 2553 delectabiliten
2119 2515 2195 2547 ideo
2219 2516 2289 2557 ipsa
2311 2515 2460 2548 habilitas
2474 2522 2523 2549 est

1441 2559 1610 2591 essentiale
1626 2564 1658 2590 et
1672 2558 1809 2591 formale
1820 2560 1854 2591 in
1866 2561 1978 2592 habitu
1990 2560 2182 2597 scientifico;
2197 2561 2334 2592 nomine
2344 2560 2523 2594 habilitatis

1441 2604 1653 2645 intelligendo
1677 2614 1746 2636 non
1769 2604 1993 2637 habitudinem
2010 2611 2042 2636 et
2057 2605 2249 2637 relationem
2272 2605 2449 2643 dumtaxat.
2464 2605 2523 2639 sed

1441 2649 1630 2690 qualitatem
1663 2658 1721 2690 per
1745 2658 1845 2689 quam
1877 2650 2060 2682 intellectus
2091 2649 2127 2682 fit
2157 2650 2272 2682 habilis
2302 2651 2452 2692 proxime
2481 2649 2522 2683 ad

1441 2693 1600 2725 utendum
1624 2694 1795 2734 speciebus
1826 2694 2081 2736 intelligibilibus
2113 2700 2144 2726 et
2177 2694 2218 2727 ad
2248 2694 2521 2727 considerandum

1440 2739 1592 2771 scientiae
1609 2738 1849 2770 conclusiones.
1871 2739 2007 2782 Propter
2022 2740 2087 2771 hoc
2103 2739 2181 2771 dicit
2195 2739 2332 2772 Sanctus
2347 2740 2521 2772 Thomas*

1439 2784 1586 2815 habitum
1614 2793 1684 2815 esse
1715 2783 1939 2816 collectionem
1966 2785 2144 2826 specierum
2173 2785 2421 2816 ordinatarum:
2444 2786 2521 2827 quia

1440 2828 1590 2860 videlicet
1613 2830 1702 2870 ipsae
1722 2829 1847 2869 species
1862 2839 1931 2860 non
1947 2830 2066 2860 habent
2083 2830 2243 2861 rationem
2266 2830 2394 2862 habitus
2418 2831 2520 2862 scien-

1439 2873 1518 2904 tifici
1550 2874 1610 2904 nisi
1642 2874 1711 2914 ipsa
1734 2873 1881 2905 habilitas
1905 2884 1969 2916 qua
1993 2880 2068 2905 sunt
2099 2874 2264 2906 ordinatae
2292 2875 2325 2905 in
2354 2874 2520 2906 intellectu

1441 2924 1601 2960 quantum
1625 2917 1666 2950 ad
1689 2927 1787 2950 usum
1809 2918 1964 2960 ipsarum,
1989 2920 2205 2961 superveniat.

1496 2963 1591 2995 Unde
1604 2963 1738 2994 scientia
1750 2962 1866 2994 dicitur
1878 2964 2012 3006 effectus
2025 2964 2314 2995 demonstrationis
2331 2973 2400 2995 esse
2410 2965 2438 3001 *,
2451 2973 2519 2995 non

1440 3007 1575 3049 quidem
1594 3014 1754 3049 quantum
1771 3008 1811 3039 ad
1827 3009 1935 3050 ipsum
1960 3008 2221 3046 fundamentum,
2239 3009 2316 3050 quia
2331 3010 2456 3050 species
2470 3009 2520 3040 in-

1439 3053 1620 3094 telligibiles
1644 3062 1712 3084 non
1737 3059 1910 3085 causantur
1932 3063 1991 3095 per
2021 3063 2106 3095 opus
2137 3054 2320 3085 intellectus
2346 3053 2518 3095 possibilis,

1440 3097 1625 3130 cuiusmodi
1659 3104 1706 3129 est
1737 3097 1983 3136 demonstratio,
2014 3098 2070 3130 sed
2103 3108 2161 3140 per
2193 3104 2302 3130 actum
2338 3097 2518 3129 intellectus

1439 3144 1576 3185 agentis:
1602 3142 1658 3174 sed
1682 3148 1842 3185 quantum
1865 3143 1905 3175 ad
1930 3143 2076 3180 formale,
2092 3143 2215 3175 scilicet
2231 3148 2389 3184 quantum
2405 3141 2446 3173 ad
2462 3142 2518 3173 ha-

1439 3188 1609 3224 bilitatem;
1635 3197 1693 3229 per
1716 3187 2029 3220 demonstrationem
2053 3188 2141 3220 enim
2164 3187 2308 3219 redditur
2337 3186 2518 3218 intellectus

1440 3233 1553 3264 habilis
1569 3233 1610 3264 ad
1626 3232 1786 3264 utendum
1810 3234 1980 3274 speciebus
1999 3232 2253 3274 intelligibilibus
2276 3232 2359 3263 circa
2383 3231 2518 3262 conclu-

1438 3278 1566 3310 sionem
1582 3277 1846 3310 demonstratam.
1866 3278 1908 3311 Et
1924 3279 2000 3320 quia
2015 3287 2074 3319 per
2088 3285 2190 3310 unam
2206 3276 2517 3309 demonstrationem

1440 3323 1524 3354 circa
1548 3332 1652 3354 unum
1675 3332 1778 3363 genus
1801 3322 2053 3364 intelligibilium
2077 3326 2227 3354 causatur
2249 3321 2396 3352 habilitas
2419 3321 2453 3352 in
2469 3321 2517 3352 in-

1439 3368 1571 3399 tellectu
1595 3367 1634 3398 ad
1660 3367 1933 3399 considerandum
1956 3376 2014 3410 per
2037 3366 2161 3408 species
2184 3365 2270 3397 illius
2285 3366 2422 3407 generis,
2442 3365 2517 3399 ideo

1439 3421 1498 3453 per
1521 3413 1597 3443 alias
1621 3411 1916 3443 demonstrationes
1939 3412 2023 3443 circa
2046 3410 2133 3442 idem
2156 3420 2259 3451 genus
2283 3421 2351 3442 non
2368 3415 2518 3443 causatur

1439 3467 1525 3488 nova
1548 3457 1686 3498 qualitas
1709 3462 1741 3488 et
1763 3466 1849 3488 nova
1872 3456 2033 3492 habilitas,‘
2052 3455 2109 3487 sed
2132 3456 2221 3496 prius
2248 3461 2377 3488 causata
2406 3461 2516 3487 exten-

1439 3502 1525 3534 ditur
1548 3508 1579 3534 et
1603 3501 1779 3543 perficitur.
1803 3500 1985 3533 secundum
2007 3500 2099 3541 quod
2122 3500 2304 3533 intellectus
2327 3510 2386 3542 per
2412 3500 2516 3541 ipsam

1440 3547 1475 3578 fit
1505 3547 1619 3578 habilis
1651 3546 1691 3578 ad
1721 3544 1994 3578 considerandum
2028 3545 2137 3586 plures
2173 3546 2402 3577 conclusiones
2433 3545 2516 3576 circa

1439 3591 1526 3623 idem
1549 3601 1652 3633 genus
1682 3590 1891 3632 intelligibile,
1916 3589 1956 3621 ad
1987 3600 2068 3632 quas
2097 3591 2186 3631 prius
2214 3596 2280 3622 erat
2310 3590 2343 3621 in
2369 3590 2516 3631 potentia

1439 3642 1576 3673 tantum,
1600 3637 1687 3668 iuxta
1719 3645 1756 3667 ea
1789 3644 1873 3676 quae
1905 3634 1982 3666 dicit
2013 3634 2149 3667 Sanctus
2176 3635 2322 3666 Thomas
2349 3635 2382 3665 111
2409 3633 2516 3666 Prima

1440 3680 1609 3712 Secundae
1625 3682 1652 3711 *-

2551 954 2559 963 ·
2575 952 2633 981 Cap.
2644 958 2714 975 xxm.

2550 1163 2560 1173 ·
2569 1163 2607 1186 01.
2615 1162 2646 1185 xi
2651 1162 2765 1192 neem„

2551 1195 2584 1216 ix,
2596 1197 2616 1213 ι.

2549 1221 2559 1230 ·
2574 1219 2612 1242 es.
2622 1226 2676 1247 cxx,
2685 1227 2709 1247 4.

2548 2743 2558 2752 ·
2573 2741 2598 2764 ln
2613 2742 2660 2765 hoe
2669 2747 2720 2771 esp.

2548 2966 2557 2976 ·
2567 2964 2576 2986 1
2586 2964 2760 2990 meter-,Anae

2548 2997 2574 3018 n,
2585 2998 2611 3019 ⁴³
2625 2998 2644 3014 s.
2654 2991 2700 3014 Th.
2711 2993 2726 3014 l.
2736 3000 2760 3019 4.

2544 3679 2552 3688 ·
2569 3677 2624 3699 Loe.
2637 3678 2684 3702 011..
2698 3677 2727 3700 sd
2736 3682 2757 3706 3.
