2716 4302
56 451 61 460 1
70 472 80 482 ·
88 471 149 494 eun
156 477 199 498 pro
207 472 232 492 et
249 471 284 502 vel

68 497 191 546 ego'gtgpm
196 487 284 519 et-th.

66 939 184 962 a6vb1.

66 1093 92 1116 nv
114 1094 236 1122 ιιιιςιιι.

1286 191 1551 229 APPENDIX

309 262 442 289 tristitiam
455 263 523 296 facit,
539 265 607 291 sicut
623 269 802 294 convenientis
820 270 993 297 remotionem
1009 272 1128 304 remotio,
1143 274 1289 307 praesentia
1302 280 1388 299 autem

312 315 445 347 gaudium.
464 316 493 341 In
509 316 565 342 Deo
579 323 667 344 autem
687 325 727 345 est
752 321 888 347 delectatio
907 322 965 356 (<ut
987 329 1125 350 ostensum
1149 324 1228 358 est>).
1247 325 1295 351 Est
1313 325 1390 359 igitur

313 371 338 391 et
356 368 440 391 amor.
458 363 477 402 g
493 363 621 395 Adhuc.
647 365 763 398 Omnis
787 368 966 400 affectionis
995 371 1192 412 principium
1217 378 1264 402 est
1287 382 1389 403 amor.

313 411 478 444 Gaudium
502 415 619 456 (enim)
637 422 668 447 et
685 417 879 450 desiderium
904 431 971 451 non
996 429 1043 452 est
1067 423 1126 453 nisi
1144 425 1240 454 amati
1266 423 1390 465 (boni);

312 465 411 495 timor
434 466 531 496 etiam
555 468 711 498 *tristitia
736 479 803 500 non
828 478 874 501 est
898 473 957 502 nisi
983 473 1021 503 de
1046 474 1132 503 malo
1157 475 1247 514 quod
1265 481 1391 505 contra·

312 516 411 547 riatur
434 517 524 547 bono
548 525 672 555 amat0;
698 530 735 550 ex
760 522 808 552 his
832 528 940 553 autem
959 533 1073 561 omnes
1098 525 1176 556 aliae
1202 525 1389 557 affectiones

312 567 472 598 oriuntur.
498 573 589 598 Divina
608 580 695 599 autem
711 573 831 601 voiuntas
851 583 891 602 est
910 579 1022 609 primum
1043 581 1197 613 principium
1212 582 1331 606 omnium
1353 583 1389 606 af-

313 622 456 648 fectionum
484 629 510 650 et
537 626 710 658 appetituum.
737 627 789 652 Sibi
815 629 892 661 igitur
916 630 1027 654 maxime
1051 633 1174 663 competit
1193 640 1274 657 amor.
1295 633 1390 665 §Am-

311 674 389 706 plius.
412 675 478 700 utud
501 677 573 709 quod
596 678 766 710 consequitur
784 681 871 704 omnia
890 682 965 711 entia,
985 687 1087 714 oportet
1107 683 1218 708 maxime
1237 684 1344 709 inveniri
1365 685 1389 709 in

311 727 398 760 primo
416 733 485 759 ente,
504 729 577 762 quod
597 735 637 754 est
657 730 779 755 omnibus
804 733 958 765 principium
981 734 1094 765 essendi,
1115 741 1143 759 ut
1156 743 1234 767 supra
1252 742 1388 761 ostensum

311 785 360 805 est.
381 780 463 804 Amor
481 785 570 805 autem
588 781 712 807 omnibus
726 783 829 808 entibus
844 785 967 816 competit
982 786 1126 810 secundum
1142 787 1256 820 aliquem
1272 789 1391 819 modum,

311 838 359 864 per
376 830 428 855 hoc
447 831 517 856 enim
536 833 748 866 unumquodque
777 841 840 859 suae
862 836 1050 860 conservationi
1072 838 1166 866 studet,
1187 844 1211 862 et
1230 839 1390 863 convertitur

311 882 344 907 ad
362 881 414 908 alia
433 887 461 907 ut
480 882 512 908 ab
533 883 571 908 eis
590 884 696 917 recipiat
720 886 760 910 vel
780 886 818 910 eis
837 886 940 911 tribuat.
966 887 1021 912 Deo
1040 888 1116 921 igitur
1136 889 1246 914 maxime
1265 891 1391 922 competit

311 941 394 959 amor.
414 934 428 949 ⁸
452 933 468 966 ἕ
487 933 524 958 Ex
548 935 700 967 praemissis
720 942 808 962 autem
828 938 971 963 rationibus
991 940 1056 964 solvi
1080 945 1166 972 potest
1194 942 1314 972 quaestio
1338 949 1389 974 qua

310 985 444 1018 quaeritur
467 985 488 1009 si
519 986 589 1010 Deus
618 986 715 1019 aliquid
735 987 786 1011 alio
805 989 888 1021 magis
908 989 1003 1022 diligat.
1033 991 1110 1020 Quod
1130 992 1236 1024 quidem
1256 1000 1268 1017 s
1288 993 1390 1018 videtur

311 1035 332 1060 si
351 1036 494 1061 similitudo
519 1037 664 1062 dilectionis
687 1043 727 1063 est
751 1039 823 1069 ratio,
849 1046 890 1064 est
917 1040 986 1065 enim
1015 1042 1112 1074 aliquid
1132 1043 1181 1067 alio
1201 1043 1248 1067 sibi
1269 1045 1389 1071 similius.

309 1087 326 1122 g
339 1087 361 1113 Ε
381 1093 470 1113 contra
490 1096 553 1113 vero
576 1085 592 1101 θ
612 1083 688 1126 (Sed
711 1086 743 1116 in
770 1086 841 1117 Deo
866 1094 912 1117 est
928 1088 1083 1127 gaudium
1102 1096 1132 1119 et
1149 1090 1329 1127 delectatio,
1356 1098 1390 1122 ut

310 1145 407 1176 supra
422 1142 591 1167 ostensum
608 1143 664 1167 est.
683 1137 769 1177 Ergo
786 1138 818 1168 in
836 1138 908 1168 Deo
925 1145 972 1169 est
988 1149 1089 1170 amor.
1114 1141 1132 1178 ἓ
1149 1141 1261 1171 Posset
1281 1148 1389 1172 autem

310 1187 406 1218 alicui
431 1188 531 1219 videri
548 1188 637 1228 quod
656 1189 744 1220 Deus
761 1199 829 1220 non
848 1192 950 1231 magis
975 1192 1038 1222 hoc
1059 1202 1157 1232 quam
1175 1193 1252 1223 illud
1272 1194 1388 1228 amen)

309 1240 326 1256 ¹*
342 1240 367 1270 si
393 1239 509 1281 (enim)
535 1241 675 1271 intensio
697 1247 729 1271 et
752 1243 898 1272 remissio
922 1248 1055 1273 naturae
1072 1244 1235 1274 mutabilis
1260 1245 1389 1284 proprie
1406 1257 1415 1270 ε

309 1297 367 1328 est,
393 1291 464 1323 Deo
489 1298 678 1332 competere
702 1302 770 1323 non
795 1299 912 1333 potest,
929 1304 947 1324 a
963 1304 1030 1334 quo
1057 1296 1163 1325 omnis
1189 1296 1386 1326 mutabilitas

267 1380 278 1381 ἶ
293 1343 499 1384 ,pmculesn
523 1343 542 1382 ξ
558 1343 691 1374 Rursus.
716 1343 851 1374 Nullum
868 1345 1007 1375 aliorum
1025 1369 1031 1375 .
1048 1369 1075 1375 ..
1093 1345 1221 1386 gaudet.
1242 1347 1260 1385 §
1278 1346 1388 1376 Scien—

62 1657 76 1670 ·
88 1652 152 1680 &a
162 1662 204 1680 om
217 1663 279 1681 ene.

17 1709 22 1718 1

65 2466 172 2504 ἔφη..

0 3175 6 3178 -
62 3149 113 3172 ²7·
127 3149 160 3173 ²5-
173 3151 220 3172 -ρ,
230 3150 276 3172 251.

62 3299 97 3322 lb.
112 3305 152 3328 mg
167 3299 210 3322 int.

60 3703 94 3726 lb.
110 3709 123 3724 n
130 3706 167 3725 an.

309 1394 388 1425 dum
402 1418 408 1424 .
425 1417 432 1424 .
449 1419 455 1424 .
470 1394 615 1425 eiusdem
633 1395 756 1438 virtutis
773 1401 829 1425 est.
847 1396 950 1426 Amor
966 1402 1074 1426 autem
1091 1397 1271 1427 secundum
1289 1399 1390 1437 magis

309 1450 341 1476 et
355 1446 465 1476 minus
483 1446 655 1486 dupliciter
671 1445 734 1477 dici
759 1453 876 1487 potest.
895 1447 970 1478 Uno
987 1447 1121 1488 quidem
1137 1448 1239 1478 modo
1255 1472 1261 1478 .
1277 1472 1284 1478 .
1300 1471 1306 1478 .
1321 1448 1388 1478 effi-

309 1497 417 1528 cacius
443 1497 605 1530 volumus.
631 1497 740 1528 Primo
759 1521 765 1528 .
781 1521 788 1528 .
803 1522 810 1528 .
829 1499 965 1529 bonum.
982 1499 1135 1530 Secundo
1160 1506 1269 1530 autem
1286 1499 1387 1530 modo

309 1549 372 1580 dici
403 1559 471 1580 non
503 1545 621 1589 potest,
646 1549 759 1580 eadem
785 1551 909 1580 ratione
929 1562 979 1586 qua
1003 1551 1114 1590 (quae)
1140 1551 1179 1581 de
1205 1551 1272 1581 aliis
1292 1558 1388 1581 dictum

309 1599 423 1642 (dicta)
453 1606 510 1630 est.
541 1601 560 1639 5
577 1600 666 1630 Patet
696 1601 793 1639 igitur
825 1610 862 1630 ex
888 1601 1058 1641 praedictis
1089 1602 1178 1642 quod
1203 1602 1243 1633 de
1271 1604 1388 1634 nostris

309 1651 536 1682 affectionibus
559 1651 648 1681 nulla
679 1657 726 1681 est
757 1661 841 1691 quae
865 1652 897 1681 in
924 1652 994 1682 Deo
1020 1654 1150 1692 proprie
1175 1655 1304 1693 possit*
1329 1656 1389 1685 nisi

307 1702 463 1742 gaudium
500 1709 532 1732 et
566 1711 668 1732 amor.
708 1702 866 1740 Quamvis
889 1704 1052 1733 ...nobis
1087 1705 1160 1735 sint.
1197 1705 1295 1743 Quod
1333 1716 1389 1736 au-

308 1760 374 1784 tem
393 1777 400 1783 .
419 1776 448 1783 ..
467 1751 688 1784 confirmatur.
714 1752 840 1783 Dicitur
855 1754 943 1784 enim
968 1755 999 1784 in
1021 1763 1080 1794 ps„
1098 1755 1338 1786 Delectationes
1355 1758 1387 1787 in

309 1804 420 1836 dextra
443 1810 498 1835 tua
524 1813 627 1844 usque
651 1805 684 1834 in
709 1803 825 1840 finem;
851 1814 942 1844 prov.
964 1816 1004 1842 tx,
1029 1806 1219 1837 Delectabar
1243 1817 1299 1847 per
1323 1809 1387 1838 sin-

307 1855 404 1897 gulos
428 1855 497 1886 dies
521 1855 637 1886 ludens
662 1864 772 1886 coram
796 1865 847 1892 eo,
867 1861 969 1886 dicitur
988 1857 1064 1888 dicit
1088 1858 1195 1888 divina
1220 1860 1387 1899 sapientia,

309 1916 393 1947 quae
418 1906 508 1937 Deus
536 1913 594 1943 est,
623 1913 657 1937 ut
685 1912 852 1937 ostensum
885 1914 947 1943 est;
982 1909 1046 1939 luc.
1071 1919 1121 1945 xv,
1147 1909 1312 1940 Gaudium
1341 1917 1387 1940 est

308 1960 341 1990 in
367 1959 458 1990 caelo
483 1968 580 1999 super
605 1968 672 1989 uno
697 1966 868 1999 peccatore
896 1961 1130 2000 poenitentiam
1155 1968 1279 2001 agente.
1313 1962 1386 1991 Phi-

308 2011 468 2051 losophus
486 2033 493 2040 .
508 2033 515 2040 .
531 2034 538 2040 .
556 2010 783 2041 delectatione.
808 2012 825 2050 §
843 2012 998 2042 Amorem
1024 2013 1120 2042 etiam
1146 2013 1207 2043 Dei
1231 2014 1387 2054 scriptura
1406 2025 1412 2041 ³

309 2067 558 2098 commemorat,
575 2061 663 2091 deut.
684 2073 756 2090 xxxiv
779 2061 902 2103 (xxxin)
919 2062 1038 2093 Dilexit
1054 2063 1213 2103 populos;
1232 2065 1287 2094 ier.
1304 2074 1387 2101 xxxx,

309 2114 342 2144 in
375 2114 504 2144 caritate
539 2118 694 2154 perpetua
723 2112 820 2143 dilexi
852 2119 900 2148 te;
930 2115 972 2144 io.
999 2124 1060 2152 xvi,
1093 2114 1163 2154 Ipse
1187 2116 1274 2146 enim
1299 2122 1388 2156 pater

309 2171 395 2196 arnat
411 2174 479 2195 vos.
498 2164 688 2204 Philosophi
702 2188 709 2194 .
725 2188 731 2194 .
746 2187 753 2194 .
768 2174 924 2195 amorem.
941 2169 988 2194 Eis
1001 2165 1065 2196 Cui
1081 2173 1240 2196 consonat
1254 2190 1260 2196 .
1277 2191 1283 2197 .
1299 2191 1305 2197 .
1319 2169 1388 2198 sine

308 2218 454 2257 germine
489 2226 569 2247 esse.
604 2218 623 2255 ξ
646 2215 823 2247 Sciendum
859 2223 988 2247 tamen.
1005 2217 1226 2248 ..affectionis
1258 2229 1388 2259 praece-

309 2268 424 2300 dentis.
449 2269 468 2307 ἓ
485 2268 568 2298 Dico
593 2274 701 2298 autem
727 2267 914 2304 effectuum,
939 2270 1015 2309 quia
1047 2269 1209 2300 interdum
1238 2271 1388 2301 voluntas

310 2319 377 2362 (ex)
405 2319 582 2360 sapientiae
613 2319 727 2349 ordine
751 2320 783 2349 in
808 2319 900 2349 illum
925 2319 1076 2351 effectum
1101 2321 1203 2351 tendit
1229 2323 1262 2352 in
1287 2332 1385 2362 quem

307 2375 365 2409 aliq
385 2372 516 2413 (aliquis
541 2371 593 2412 ex)
621 2371 772 2411 passione
803 2370 961 2401 defectiva
991 2372 1174 2408 inclinatur,
1202 2377 1267 2402 sicut
1291 2374 1386 2405 iudex

309 2421 427 2464 (enim)
456 2431 494 2452 ex
527 2421 646 2452 iustitia
680 2422 784 2461 punit,
816 2422 898 2452 sicut
930 2428 960 2452 et
984 2423 1082 2453 iratus
1107 2434 1144 2453 ex
1177 2424 1230 2454 ira.
1261 2425 1388 2454 Dicitur

308 2475 405 2515 igitur
420 2473 596 2514 aliquando
621 2473 709 2504 Deus
734 2474 831 2503 iratus
844 2474 860 2489 '³‘
885 2474 1079 2514 inquantum
1094 2499 1100 2505 .
1117 2499 1123 2505 .
1139 2499 1145 2505 .
1162 2485 1222 2506 nec
1236 2477 1387 2516 poenitu-

308 2525 384 2556 dine
400 2524 560 2556 flectetur.
575 2523 618 2566 (ἓ)
633 2524 716 2555 Dico
733 2531 841 2555 autem
859 2532 992 2566 propter
1008 2526 1251 2557 similitudinem
1267 2550 1273 2557 .
1289 2551 1296 2557 .
1310 2551 1317 2557 .
1332 2537 1389 2567 per

308 2576 445 2607 modum
470 2575 553 2607 finis.
579 2575 674 2606 Unde
700 2577 795 2606 etiam
821 2577 891 2607 irati
915 2578 1086 2617 punientes
1110 2578 1251 2618 gaudent
1284 2578 1388 2620 (quasi

307 2628 408 2659 finem
432 2627 624 2668 assequuti).
652 2627 791 2669 (Dicitur
814 2629 910 2669 igitur
934 2629 1022 2660 Deus
1047 2630 1173 2669 tristari)
1193 2631 1386 2670 inquantum

307 2680 459 2711 accidunt
474 2680 583 2720 aliqua
607 2680 764 2710 contraria
790 2681 838 2710 his
863 2690 945 2720 quae
970 2682 1038 2721 ipse
1062 2687 1147 2711 amat
1171 2688 1202 2711 et
1218 2682 1385 2721 approbat,

307 2732 390 2762 sicut
407 2737 438 2761 et
462 2731 493 2761 in
512 2731 607 2761 nobis
624 2737 670 2761 est
695 2731 819 2761 tristitia
844 2731 883 2761 de
908 2732 956 2761 his
981 2741 1063 2772 quae
1088 2733 1183 2762 nobis
1200 2733 1386 2763 nolentibus

307 2783 468 2814 accidunt.
486 2783 527 2813 Et
543 2783 606 2812 hoc
625 2806 631 2812 .
647 2806 654 2812 .
669 2805 677 2812 .
694 2789 852 2813 occurrat.
869 2784 887 2821 §
900 2783 945 2814 Ex
964 2784 1134 2824 praedictis
1151 2790 1259 2814 autern
1277 2785 1384 2814 exclu-
1403 2792 1409 2796 ·

307 2834 392 2864 ditur
416 2843 504 2864 error
528 2833 733 2878 quorundam
765 2833 968 2871 iudaeorum,
993 2839 1037 2871 qui
1056 2839 1082 2863 in
1103 2846 1192 2864 eorum
1213 2839 1306 2863 talmut
1324 2847 1384 2863 con-

305 2890 407 2918 tinetur,
428 2885 672 2916 attribuentium
698 2885 769 2914 Deo
787 2885 944 2915 tristitiam
960 2909 966 2914 .
983 2909 989 2915 .
1005 2909 1011 2915 .
1027 2885 1159 2916 dicatur.

332 3026 413 3066 Cap.
440 3025 539 3056 XClI.
564 3025 732 3063 Quonono
758 3036 787 3055 IN
813 3025 1075 3057 Daoromxruk
1100 3037 1169 3058 essa
1192 3037 1352 3058 VIRTUTES.

350 3136 368 3172 ξ
385 3134 602 3174 Consequens
617 3141 663 3165 est
688 3141 795 3164 autern
813 3134 906 3165 dictis
927 3136 1096 3166 ostendere
1114 3146 1181 3176 quo
1202 3137 1303 3167 modo
1322 3139 1382 3167 vir-

305 3192 390 3216 tutes
406 3187 438 3216 in
464 3185 536 3216 Deo
553 3195 676 3225 ponere
693 3192 833 3225 oportet.
851 3189 957 3222 Proprie
977 3190 1084 3222 quidem
1098 3191 1168 3215 nulla
1182 3198 1274 3216 eorum
1289 3199 1382 3216 earum

305 3242 452 3267 secundum
466 3241 581 3266 habitum
595 3242 620 3266 in
641 3240 697 3266 Deo
710 3240 802 3266 dicitur
814 3242 881 3266 sicut
899 3242 963 3266 etin
983 3243 1067 3267 nobis.
1089 3242 1175 3267 Virtus
1189 3243 1258 3267 enim
1275 3244 1382 3268 alicuius

305 3298 346 3318 est
364 3292 508 3318 secundum
523 3299 601 3325 quam
622 3292 721 3317 bonum
741 3293 827 3325 ipsum
843 3293 959 3317 redditur
978 3299 1003 3318 et
1021 3300 1089 3325 opus
1109 3293 1173 3318 eius.
1193 3291 1210 3306 ⁴*
1227 3289 1382 3330 (Oportet

305 3342 404 3378 enim,
421 3341 503 3372 sicut
523 3350 592 3371 esse
609 3341 678 3371 eius
702 3346 749 3370 est
772 3341 992 3371 universaliter
1016 3341 1206 3381 perfectum,
1232 3343 1381 3373 omnium

305 3393 430 3422 entium
462 3391 678 3432 perfectiones
706 3392 737 3420 in
765 3403 780 3427 q
806 3401 839 3422 se
865 3392 1008 3431 quodam
1033 3392 1134 3422 modo
1163 3394 1380 3432 comprehen-

305 3443 395 3479 dens,
411 3444 454 3473 ita
478 3449 510 3474 et
526 3444 705 3473 bonitatem
722 3445 790 3473 eius
807 3444 954 3474 omnium
973 3445 1132 3474 bonitates
1157 3445 1188 3473 in
1210 3455 1225 3479 q
1245 3454 1279 3473 se
1296 3454 1380 3483 quo-

305 3494 379 3524 dam
409 3494 512 3524 modo
543 3494 831 3534 comprehendere.
858 3495 965 3524 Virtus
992 3501 1100 3524 autem
1125 3501 1172 3524 est
1191 3500 1213 3528 b,
1234 3499 1378 3524 secundum

304 3556 385 3582 quam
399 3549 499 3573 habens
513 3545 640 3575 bonitas
653 3545 811 3585 quaedam
824 3549 945 3574 habentis
961 3547 1186 3582 virtuosi,nam
1200 3546 1379 3577 secundum

305 3606 377 3627 eam
401 3600 535 3626 virtuosus
555 3596 672 3627 dicitur
697 3598 801 3627 bonus
826 3603 856 3627 et
880 3605 964 3636 opus
988 3598 1056 3627 eius
1081 3598 1216 3627 bonum.
1241 3597 1379 3636 Oportet

305 3658 383 3688 ergo
403 3652 458 3677 virt
476 3649 655 3680 bonitatem
668 3648 809 3679 divinam
827 3658 941 3678 omnes
954 3649 1085 3678 virtutes
1102 3658 1162 3678 suo
1180 3648 1281 3678 modo
1300 3658 1379 3678 con—

304 3700 417 3731 tinere.
430 3700 526 3731 Unde
542 3702 558 3717 ἃ
575 3701 662 3732 nulla
687 3710 797 3731 earum
822 3699 1000 3730 secundum
1019 3700 1163 3730 habitum
1185 3701 1216 3729 in
1243 3700 1313 3732 Deo
1331 3699 1379 3729 di-

305 3751 398 3788 citur,
418 3752 502 3782 sicut
524 3753 558 3782 in
582 3751 703 3793 nobis.)
727 3752 799 3782 Deo
819 3761 905 3780 autem
927 3750 1042 3791 (enim)
1059 3760 1124 3780 non
1143 3751 1295 3780 convenit
1320 3752 1379 3780 bo-

303 3812 385 3834 num
401 3812 470 3834 esse
494 3813 552 3843 per
568 3803 691 3844 aliquid
706 3804 794 3834 aliud
811 3804 838 3833 ei
856 3802 1108 3843 superadditum,
1126 3801 1180 3832 sed
1198 3811 1254 3841 per
1271 3811 1378 3831 essen·
1394 3816 1403 3834 ,-

303 3853 382 3883 tiam
406 3863 509 3890 suam,
529 3858 592 3883 alias
611 3858 804 3883 accidentaliter
817 3858 902 3882 bonus
922 3863 992 3882 esset
1010 3863 1035 3882 et
1054 3865 1105 3881 non
1121 3856 1274 3889 principium
1295 3856 1378 3880 bono-

303 3917 363 3934 rum
382 3910 501 3935 omnium
523 3905 611 3947 (Cum
629 3907 669 3936 sit
684 3907 822 3937 omnino
839 3904 999 3946 simplex.)
1018 3909 1070 3934 Per
1089 3908 1230 3933 essentiam
1245 3907 1326 3932 etiam
1346 3914 1377 3932 su

302 3957 372 3988 Nec
397 3958 494 3988 etiam
518 3966 576 3997 per
600 3956 721 3997 aliquid
746 3966 822 3987 suae
847 3957 1002 3986 essentiae
1033 3955 1176 3986 additum
1202 3955 1275 3995 agit,
1301 3964 1376 3984 cum

303 4018 359 4038 sua
383 4009 469 4039 actio
493 4009 533 4038 sit
556 4017 652 4038 suurn
677 4017 757 4044 esse,
782 4014 817 4038 ut
842 4014 1008 4038 ostensum
1034 4014 1089 4038 est.
1110 4007 1183 4037 Non
1210 4014 1256 4036 est
1280 4007 1376 4046 igitur

1408 749 1432 762 ΙΙ)

1405 1515 1428 1533 ²5

1406 1770 1430 1787 30

1404 2281 1430 2300 ⁴⁰

1403 2534 1426 2554 45

1401 3044 1422 3063 55

1396 3296 1423 3314 60

2447 203 2518 252 37*

1448 272 1532 302 bitus
1551 295 1579 303 ..
1595 296 1602 303 .
1627 272 1798 314 perfectus.
1830 277 1848 314 §
1865 277 1992 308 Adhuc.
2025 278 2162 310 Habitus
2191 282 2355 320 potentiae
2383 283 2518 314 alicuius

1447 322 1641 363 perfectivus
1665 331 1721 356 est.
1742 330 1761 354 d
1781 327 1815 357 ln
1841 327 1912 358 Deo
1940 334 2046 360 autem
2072 331 2151 361 nihil
2180 337 2227 362 est
2254 333 2434 364 secundum
2458 343 2518 374 po-

1449 375 1593 411 tentiam,
1610 376 1666 406 sed
1690 377 1796 407 solum
1813 379 1994 410 secundum
2019 385 2137 411 actum.
2163 382 2197 412 In
2216 392 2256 412 eo
2273 384 2368 423 igitur
2391 385 2518 416 habitus

1449 435 1516 456 esse
1541 436 1608 457 non
1627 433 1742 467 potest.
1759 430 1778 467 ξ
1794 429 1970 460 Praeterea.
1989 431 2126 462 Habitus
2151 433 2190 464 de
2213 444 2330 473 genere
2345 460 2351 465 .
2366 460 2372 466 .
2388 459 2395 466 .
2410 446 2517 467 essen-

1448 478 1535 507 tiam.
1560 477 1677 516 §Cum
1703 486 1810 510 autem
1828 481 1959 511 virtutes
1976 482 2135 513 humanae
2159 485 2221 514 sint
2237 486 2353 525 quibus
2377 487 2518 518 humana

1448 529 1509 558 vita
1535 529 1694 569 dirigitur;
1720 531 1861 562 humana
1886 539 1994 564 autem
2016 535 2077 564 vita
2103 542 2149 566 est
2170 536 2298 577 duplex,
2317 540 2518 579 contempla·

1449 579 1510 608 tiva
1528 585 1555 608 et
1575 581 1693 615 activa;
1712 591 1794 620 quae
1813 583 1944 621 quidem
1965 588 2107 613 secundum
2129 585 2166 615 ad
2184 588 2319 617 activam
2342 589 2437 618 vitam
2458 590 2518 619 vir-

1447 636 1530 660 tutes
1548 632 1719 670 pertinent,
1739 637 1802 662 Deo.
1824 641 1921 673 prout
1939 636 2019 666 hanc
2034 637 2130 667 vitam
2148 637 2329 678 perficiunt,
2343 639 2413 671 Deo
2427 650 2517 671 com·

1448 687 1554 721 petere
1585 692 1651 712 non
1676 688 1823 722 possunt.
1851 686 1921 715 Vita
1953 687 2039 717 enim
2059 712 2064 717 .
2081 711 2109 718 ..
2129 689 2211 719 hanc
2239 691 2335 720 vitam
2366 690 2516 731 dirigunt.

1445 733 1462 770 ξ
1476 731 1601 763 Adhuc.
1619 733 1817 764 Huiusmodi
1830 736 1963 766 virtutes
1976 747 2082 768 mores
2097 761 2103 767 .
2117 763 2121 767 .
2134 740 2159 768 ,κ’
2173 749 2238 769 non
2253 741 2391 771 multum
2407 741 2517 772 viden-

1447 788 1505 813 tur.
1522 783 1626 813 Multo
1640 785 1736 823 igitur
1749 786 1856 816 minus
1870 786 1941 816 Deo
1955 790 2127 819 convenire
2141 797 2286 830 possunt,
2303 793 2395 822 cuius
2411 803 2463 821 non
2477 801 2518 822 est

1446 836 1648 865 conversatio
1677 835 1734 875 (et)
1762 838 1823 866 vita
1852 837 1948 877 longe
1973 845 2018 868 est
2050 851 2066 869 a
2099 841 2199 871 modo
2228 843 2389 874 humanae
2423 844 2515 875 vitae.

1446 890 1461 921 ξ
1476 890 1531 914 Hoc
1547 891 1666 923 (autem)
1688 892 1788 923 (etiam)
1803 886 1958 919 vauctoritate
1979 894 2128 928 philosophi
2149 902 2218 928 patet
2237 898 2261 922 in
2280 905 2296 922 x
2315 897 2365 923 eth.
2385 899 2517 930 Actiones,

1446 940 1535 973 inquit,
1561 942 1652 974 quales
1673 943 1812 968 attribuere
1838 945 1953 970 debitum
1973 952 2013 970 est
2032 946 2081 971 deo
2101 948 2140 971 vel
2164 947 2228 972 diis?
2248 954 2335 973 utrum
2354 949 2450 974 iustas?
2469 950 2517 975 Vel

1421 1001 1428 1005 -
1446 991 1543 1016 ridiculi
1564 993 1724 1025 apparebunt
1749 997 1970 1021 communicantes
1989 998 2012 1022 ⁴¹.
2039 1003 2064 1022 et
2084 998 2260 1030 depositiones
2280 1000 2379 1032 dantes,
2398 1006 2423 1026 et
2437 1009 2516 1034 quae-

1445 1050 1559 1076 cumque
1578 1044 1638 1069 talia
1658 1045 1721 1069 alia?
1742 1046 1773 1070 Et
1797 1046 1915 1072 similiter
1939 1049 2107 1081 prosequitur
2133 1050 2165 1074 de
2188 1050 2244 1074 aliis
2269 1051 2417 1077 virtutibus.
2443 1053 2518 1078 Unde

1446 1095 1583 1125 concludit,
1604 1095 1848 1122 pertranseuntibus
1864 1104 1950 1123 autem
1970 1101 2057 1124 omnia
2076 1101 2237 1134 apparebunt
2256 1102 2346 1134 utique
2365 1110 2433 1135 quae
2452 1104 2518 1128 circa

1445 1147 1560 1171 actiones
1587 1155 1666 1180 parva
1689 1154 1715 1173 et
1742 1149 1846 1182 indigna
1870 1151 1920 1175 deo
1946 1152 1988 1176 vel
2014 1153 2070 1177 diiS.
2096 1150 2114 1187 ξ
2131 1150 2255 1180 Harum
2280 1160 2365 1179 autern
2393 1150 2517 1193 (etiam)

1446 1195 1599 1224 virtutum
1622 1218 1629 1225 .
1645 1205 1759 1226 ..non
1789 1207 1972 1236 possumus.
2004 1203 2092 1228 Etiam
2118 1201 2259 1231 Virtutes
2288 1201 2402 1242 (enim)
2435 1211 2518 1242 quae

1446 1245 1528 1274 circa
1546 1246 1711 1285 passiones
1728 1254 1812 1283 sunt,
1827 1258 1863 1278 ex
1881 1250 1956 1289 ipsis
1970 1251 2173 1290 passionibus
2186 1254 2328 1292 speciem
2341 1254 2519 1284 sortiuntur

1445 1295 1527 1325 sicut
1540 1306 1577 1326 ex
1595 1298 1732 1337 propriis
1745 1299 1889 1329 obiectis.
1910 1301 2001 1331 [inde
2019 1307 2049 1331 et
2066 1305 2276 1343 temperantia
2291 1328 2297 1334 .
2311 1329 2319 1346 .-
2336 1327 2343 1333 .
2357 1313 2425 1334 esse
2442 1313 2517 1344 pos-

1445 1350 1572 1386 sunt.¹§
1591 1348 1679 1378 Item.
1706 1349 1903 1381 Huiusmodi
1930 1353 2126 1383 virtutes...
2143 1355 2174 1384 in
2200 1365 2242 1383 vn
2274 1355 2355 1394 phis.
2388 1355 2422 1385 ln
2447 1355 2517 1386 Deo

1445 1404 1552 1428 autem
1579 1405 1635 1428 sola
1660 1405 1815 1430 intellectiva
1841 1414 1901 1439 pars
1927 1408 2027 1432 animae
2051 1409 2247 1434 similitudinem
2266 1410 2343 1435 habet
2362 1406 2441 1446 (non
2471 1413 2518 1437 est

1444 1450 1593 1480 sensitiva
1619 1460 1699 1490 parS,
1724 1451 1780 1483 sed
1799 1452 1888 1483 solus
1905 1453 2108 1495 intellectus.)
2133 1456 2336 1496 Relinquitur
2353 1457 2448 1497 igitur
2466 1481 2472 1487 .
2488 1480 2494 1487 .
2510 1480 2516 1486 .

1445 1502 1590 1540 proprias
1612 1503 1761 1533 rationes.
1783 1507 1798 1539 ξ
1813 1507 1923 1533 Rursus.
1939 1509 2078 1535 Passiones
2100 1518 2166 1543 quae
2181 1517 2242 1536 sunt
2254 1512 2377 1537 virtutum
2396 1512 2518 1537 materiae

1444 1559 1471 1579 et
1492 1563 1582 1587 penes,
1602 1560 1628 1581 et
1654 1558 1745 1587 vitam,
1770 1562 1796 1583 et
1813 1566 1866 1590 pen
1887 1567 1968 1591 penes
1987 1561 2087 1585 obiecta
2107 1561 2235 1592 differunt,
2255 1570 2366 1595 quorum
2389 1562 2518 1595 quaedam

1446 1611 1507 1630 sunt
1522 1608 1672 1639 corporalia,
1686 1609 1816 1641 quaedam
1831 1611 1963 1635 animalia:
1977 1612 2104 1642 animalia,
2120 1618 2148 1636 ut
2160 1613 2252 1644 honor,
2266 1613 2418 1645 dominium,
2433 1619 2458 1639 et
2470 1613 2518 1639 hu-

1444 1656 1572 1687 iusmodi;
1588 1658 1732 1689 corporalia
1744 1667 1816 1689 vero,
1832 1665 1859 1684 ut
1873 1660 1946 1684 cibus
1968 1664 1997 1685 ut
2015 1666 2040 1686 et
2059 1667 2144 1694 potus.
2166 1663 2220 1688 l-lee
2239 1663 2315 1695 igitur
2333 1663 2441 1688 virtutes
2451 1671 2519 1697 quae

1443 1705 1510 1730 circa
1529 1706 1631 1731 obiecta
1651 1708 1787 1739 passiones
1809 1709 1885 1745 <sunt
1899 1709 1964 1734 circa
1984 1710 2148 1743 huiusmodi>
2171 1710 2244 1744 (sunt
2254 1711 2406 1745 corporalia)
2419 1713 2518 1737 obiecta

1444 1758 1577 1789 habentes,
1591 1759 1696 1791 speciali
1717 1760 1814 1784 ratione
1836 1761 2036 1794 <excludentur>
2059 1761 2250 1796 (excluduntur)
2261 1772 2275 1788 a
2289 1764 2353 1795 Deo,
2366 1772 2418 1788 non
2431 1765 2518 1789 solum

1444 1810 1543 1835 ratione
1562 1810 1654 1835 obiecti
1675 1812 1792 1843 proximi,
1809 1813 1879 1844 quod
1895 1818 1936 1837 est
1950 1814 2047 1845 passim
2067 1815 2113 1838 sed
2133 1817 2209 1839 etiam
2226 1815 2318 1840 obiecti
2332 1815 2433 1845 remoti,
2447 1816 2519 1849 quod

1443 1865 1484 1885 est
1503 1862 1639 1894 corporale
1664 1863 1769 1895 aliquod
1796 1864 1894 1888 bonum
1915 1865 1955 1888 vel
1985 1866 2091 1895 malum,
2111 1865 2185 1890 cuius
2210 1873 2273 1890 usus
2296 1866 2351 1891 Deo
2371 1872 2519 1900 competere

1444 1919 1495 1936 non
1516 1917 1611 1944 potest,
1631 1913 1675 1945 qui
1689 1919 1729 1938 est
1741 1914 1849 1938 omnino
1863 1915 2040 1947 incorporeus.
2054 1916 2070 1948 ξ
2079 1916 2176 1948 (item)
2193 1917 2261 1941 lnter
2273 1916 2320 1942 has
2334 1916 2444 1951 (autem)
2459 1925 2518 1950 pas-

1442 1963 1530 1988 siones
1561 1964 1694 1996 quaedam
1719 1973 1786 1997 quae
1808 1965 1909 1990 obiecta
1928 1967 2071 1998 corporalia
2094 1967 2197 1998 habent,
2217 1968 2345 1999 quaedam
2375 1968 2518 1993 differentia

1443 2015 1623 2040 consideratur
1651 2023 1681 2040 ex
1707 2022 1779 2048 parte
1804 2017 1924 2042 effectus:
1954 2025 2013 2042 nam
2042 2019 2171 2050 quaedam
2191 2019 2207 2043 h
2236 2027 2324 2044 earum
2345 2019 2467 2044 inclinant
2485 2019 2517 2044 ad

1443 2068 1581 2100 passibiles
1612 2069 1655 2100 <et
1683 2069 1858 2103 defectibiles>
1889 2071 1926 2102 (et
1948 2069 2074 2104 infirmas)
2100 2072 2273 2104 operationes,
2302 2073 2367 2097 sicut
2395 2074 2517 2106 concupi-

1443 2120 1541 2145 scentia
1556 2127 1727 2146 venereorum
1744 2127 1769 2146 et
1789 2122 1915 2152 ciborum,
1932 2123 2059 2154 quaedam
2080 2131 2143 2147 vero
2162 2123 2194 2147 ad
2215 2124 2342 2156 quasdam
2362 2124 2516 2157 (potentes)

1443 2172 1577 2203 (robustas
1602 2173 1729 2205 actiones)
1756 2173 1822 2198 sicut
1845 2174 1951 2198 audacia
1974 2174 2006 2198 ad
2031 2175 2246 2207 aggrediendum,
2269 2175 2305 2200 ira
2331 2176 2364 2200 ad
2386 2177 2516 2202 vindican-

1444 2224 1515 2248 dum.
1537 2225 1562 2248 Si
1583 2224 1659 2257 igitur
1673 2224 1734 2249 nihil
1754 2224 1885 2250 infirmum
1902 2231 1926 2250 et
1942 2226 2063 2258 passibile
2078 2226 2133 2251 Deo
2148 2227 2286 2252 convenire
2299 2233 2393 2259 potest,
2411 2235 2441 2253 ex
2461 2228 2517 2261 ipsa

1444 2275 1543 2299 ratione
1563 2275 1670 2300 actionis
1689 2283 1757 2307 quae
1776 2277 1947 2308 consequitur
1970 2277 2128 2309 passionem,
2148 2279 2277 2309 quaedam
2295 2278 2402 2303 virtutes
2428 2287 2442 2303 a
2461 2279 2516 2304 Deo

1444 2332 1625 2352 removentur.
1643 2327 1659 2359 ς
1670 2326 1725 2351 Hee
1745 2327 1821 2360 igitur
1839 2328 1947 2352 virtutes
1967 2329 2112 2352 secundum
2133 2329 2220 2353 omnia
2240 2337 2254 2353 a
2269 2329 2326 2353 Deo
2339 2335 2516 2359 removentur,

1444 2384 1496 2400 non
1516 2376 1602 2400 solum
1623 2375 1685 2407 quia
1699 2375 1811 2405 habitus,
1827 2377 1873 2400 sed
1889 2376 1949 2408 quia
1963 2377 2029 2401 circa
2043 2377 2186 2401 humanam
2205 2377 2284 2402 vitam
2299 2384 2368 2408 sunt,
2388 2384 2413 2403 et
2432 2379 2457 2403 in
2469 2377 2518 2404 hac

1443 2427 1510 2451 circa
1529 2427 1675 2458 passiones,
1697 2427 1767 2451 unde
1786 2435 1838 2450 non
1858 2435 2051 2460 quascumque,
2071 2428 2117 2452 sed
2137 2436 2205 2460 quae
2229 2429 2363 2460 corporale
2388 2429 2515 2454 motivum

1443 2478 1538 2503 habent
1558 2484 1584 2503 et
1609 2479 1758 2510 passibilem
1783 2484 1808 2503 et
1827 2478 1959 2503 infirmum
1980 2479 2111 2504 effectum.
2132 2480 2206 2505 Unde
2229 2480 2277 2504 hee
2301 2480 2356 2505 Deo
2378 2481 2517 2506 convenire

1443 2537 1495 2553 non
1515 2534 1627 2561 possunt
1653 2529 1697 2560 (ut
1721 2534 1782 2561 pote
1801 2530 1946 2554 secundum
1972 2536 2048 2554 suam
2074 2538 2137 2555 suae
2162 2530 2257 2562 speciei
2282 2531 2416 2562 rationem,
2436 2539 2516 2564 quam

1443 2579 1474 2604 ab
1494 2579 1602 2604 obiectis
1618 2579 1729 2609 trahunt,
1748 2587 1815 2611 quae
1832 2585 1893 2603 sunt
1911 2580 2057 2612 passiones,
2079 2581 2133 2605 Deo
2152 2581 2353 2612 repugnantes),
2372 2589 2419 2606 nec
2438 2582 2515 2606 etiam

1443 2631 1619 2663 metaphorice
1647 2631 1690 2663 (de
1717 2632 1773 2663 ipso
1801 2631 1930 2665 dicuntur)
1957 2638 1985 2656 ut
2010 2638 2070 2664 pote
2096 2632 2157 2656 nihil
2187 2633 2271 2657 simile
2296 2633 2352 2658 Deo
2379 2633 2515 2659 habentes.

1443 2684 1517 2708 Unde
1530 2684 1555 2707 in
1571 2691 1642 2708 sacra
1658 2683 1785 2715 scriptura
1805 2691 1852 2707 nec
1871 2684 1959 2707 castus
1979 2690 2026 2707 nec
2041 2683 2144 2707 sobrius
2160 2688 2203 2707 aut
2216 2689 2374 2715 temperatus
2393 2685 2432 2708 vel
2453 2691 2515 2708 con—

1442 2734 1525 2758 tinens
1542 2734 1612 2758 Deus
1629 2734 1731 2758 dicitur:
1746 2733 1813 2758 circa
1832 2733 1896 2757 tales
1911 2733 1979 2758 enim
2000 2734 2135 2764 passiones
2155 2733 2303 2758 huiusmodi
2317 2733 2425 2759 virtutes
2444 2739 2514 2760 sunt.

1443 2784 1456 2799 *
1473 2784 1489 2816 g
1502 2784 1618 2808 Virtutes
1637 2790 1722 2808 autem
1738 2791 1804 2816 quae
1818 2785 1884 2808 circa
1897 2785 2032 2816 passiones
2047 2790 2107 2808 sunt
2121 2792 2189 2816 quae
2207 2785 2333 2809 motivum
2348 2786 2390 2817 spi
2403 2786 2513 2810 animale

1440 2836 1479 2860 vel
1505 2835 1638 2868 spirituale
1659 2835 1761 2863 habent,
1781 2835 1847 2859 sicut
1862 2835 2060 2867 magnanimitas
2076 2841 2101 2859 et
2120 2836 2260 2865 humilitas,
2274 2836 2370 2868 quibus
2385 2836 2451 2861 bene
2464 2844 2513 2861 nos

1441 2883 1569 2908 habemus
1589 2884 1620 2907 ad
1641 2883 1767 2907 honorem
1787 2883 1827 2907 vel
1848 2883 1992 2907 dominium
2017 2885 2159 2908 secundum
2180 2884 2316 2916 passiones
2339 2883 2447 2910 fiduciae
2471 2885 2513 2910 vel

1441 2935 1668 2967 praesumptionis,
1689 2935 1744 2958 Deo
1763 2935 1868 2966 quidem
1890 2935 2028 2959 convenire
2052 2943 2101 2959 non
2128 2941 2239 2967 possunt
2258 2936 2370 2968 proprie,
2389 2943 2422 2960 eo
2440 2937 2511 2969 quod

1440 2986 1506 3011 circa
1520 2986 1658 3018 passiones
1674 2991 1749 3010 sunt:
1764 2985 1823 3017 quia
1839 2990 1926 3010 tamen
1942 2985 2081 3017 spiritualia
2093 2986 2167 3015 bona,
2180 2992 2206 3010 ut
2221 2986 2305 3011 honor
2319 2992 2345 3011 et
2357 2987 2510 3019 dominium,

1440 3036 1495 3061 Deo
1510 3042 1670 3068 competunt,
1685 3039 1711 3061 et
1725 3036 1819 3061 habent
1833 3037 1930 3069 aliquid
1946 3037 2013 3060 unde
2034 3036 2134 3061 divinae
2150 3037 2298 3068 perfectioni
2318 3037 2472 3069 similentur,
2486 3043 2512 3062 et

1438 3089 1497 3112 ideo
1517 3089 1549 3112 de
1575 3089 1629 3112 Deo
1649 3088 1825 3120 metaphorice
1841 3089 1887 3112 dici
1903 3094 2022 3120 possunt,
2036 3094 2064 3112 ut
2079 3089 2195 3113 dicamus
2211 3089 2295 3113 Deum
2313 3090 2509 3124 magnanimum

1439 3138 1592 3171 inquantum
1605 3139 1659 3163 vult
1669 3139 1716 3163 sibi
1732 3139 1872 3163 maximum
1888 3139 2023 3167 honorem,
2040 3138 2164 3163 humilem
2179 3143 2265 3163 autem
2276 3138 2430 3171 inquantum
2443 3140 2511 3164 ultra

1438 3196 1512 3213 suam
1533 3196 1682 3213 mensuram
1704 3190 1735 3213 de
1755 3197 1783 3213 se
1802 3197 1854 3213 non
1875 3190 2016 3221 praesumit
2030 3189 2076 3214 sed
2090 3197 2121 3214 ea
2135 3197 2203 3222 quae
2217 3189 2280 3214 infra
2293 3190 2360 3215 vires
2373 3198 2435 3215 suas
2450 3197 2511 3216 sunt

1438 3241 1566 3267 interdum
1587 3246 1718 3273 operatur.
1742 3240 1757 3272 g
1773 3241 1896 3264 Similiter
1920 3245 2007 3264 autem
2027 3246 2052 3264 et
2071 3242 2179 3265 virtutes
2198 3248 2264 3273 quae
2281 3247 2342 3266 sunt
2360 3241 2426 3266 circa
2449 3249 2508 3274 pas-

1437 3293 1524 3317 siones
1544 3300 1654 3325 quarum
1671 3292 1797 3316 motivum
1815 3298 1855 3316 est
1870 3292 1966 3324 aliquid
1987 3293 2120 3324 corporale
2135 3298 2160 3316 et
2174 3298 2260 3317 tamen
2275 3292 2394 3318 effectum
2413 3292 2509 3318 habent

1437 3345 1550 3377 aliquam
1565 3344 1743 3377 operationem
1764 3344 1907 3373 robustam.
1927 3345 1993 3368 sicut
2008 3344 2138 3373 fortitudo,
2158 3352 2225 3377 quae
2244 3351 2284 3370 est
2297 3346 2364 3370 circa
2378 3346 2507 3378 audacias,

1437 3402 1462 3421 et
1475 3397 1658 3426 mansuetudo,
1669 3403 1736 3427 quae
1751 3400 1790 3419 est
1803 3395 1869 3420 circa
1884 3396 1942 3424 iras,
1957 3396 1988 3420 de
2002 3395 2058 3420 Deo
2072 3396 2120 3420 dici
2134 3402 2252 3428 possunt.
2268 3397 2315 3421 etsi
2332 3405 2383 3421 non
2394 3398 2507 3430 proprie,

1436 3453 1522 3472 tamen
1538 3446 1722 3478 metaphorice,
1736 3451 1842 3478 propter
1854 3445 2048 3471 similitudinem
2064 3447 2215 3479 (actorum)
2231 3447 2346 3477 actionis.
2362 3453 2390 3473 ut
2409 3449 2508 3474 dicatur

1436 3499 1509 3523 fortis
1530 3500 1682 3531 inquantum
1703 3498 1763 3522 nihil
1784 3504 1824 3523 est
1844 3499 1913 3531 quod
1934 3494 2015 3531 ipsius
2035 3504 2156 3523 conatum
2170 3499 2313 3531 reprimere
2332 3500 2423 3531 possit,
2436 3501 2508 3526 unde

1411 3558 1418 3562 ·
1435 3551 1526 3575 dicitur
1540 3550 1624 3581 primo
1641 3550 1704 3580 Reg.
1715 3557 1746 3578 Jt,
1759 3550 1816 3574 Non
1833 3555 1873 3575 est
1883 3549 1956 3574 fortis
1970 3550 2037 3574 sicut
2052 3550 2123 3574 Deus
2137 3556 2238 3579 noster;
2250 3556 2403 3576 mansuetus
2419 3557 2506 3577 autem

1435 3602 1475 3627 vel
1496 3602 1573 3631 mitis,
1593 3602 1747 3633 inquantum
1767 3602 1849 3634 parcit
1861 3610 1908 3627 nec
1927 3610 1973 3634 per
1989 3609 2087 3634 poenae
2102 3602 2289 3627 demissionem
2309 3603 2331 3627 ei
2351 3603 2447 3636 aliquid
2461 3604 2506 3629 de—

1434 3657 1547 3684 rogatur,
1557 3652 1627 3676 unde
1640 3651 1718 3676 mich.
1729 3659 1765 3680 111.
1776 3651 1897 3681 Quaerite
1912 3658 2086 3683 mansuetum,
2101 3652 2218 3684 quaerite
2230 3652 2340 3677 bonum.
2355 3650 2372 3666 ’κ’
2388 3650 2420 3691 (§
2431 3650 2505 3680 Pas-

1434 3701 1562 3730 sionum
1589 3706 1695 3730 autem
1715 3723 1721 3729 .
1737 3723 1743 3729 .
1759 3723 1766 3729 .
1785 3700 1992 3730 continentia.
2012 3700 2102 3730 Unde
2128 3701 2203 3739 quia
2221 3701 2403 3740 corporales
2419 3701 2505 3732 dele-

1435 3752 1590 3781 ctationes
1619 3752 1755 3781 omnino
1783 3761 1800 3780 a
1829 3751 1900 3781 Deo
1925 3758 2068 3781 remotae
2093 3758 2177 3788 sunt,
2201 3756 2355 3781 huirasmodi
2373 3754 2504 3783 virtutes

1435 3802 1615 3842 praedictae
1644 3812 1703 3832 nec
1730 3813 1785 3831 esse
1812 3804 1941 3842 proprie
1973 3803 2044 3832 Deo
2076 3804 2286 3840 conveniunt,
2318 3814 2391 3834 cum
2421 3805 2502 3834 circa

1434 3855 1599 3893 passiones
1631 3855 1702 3889 sint,
1727 3864 1787 3883 nec
1820 3855 1914 3884 etiam
1947 3855 2167 3894 metaphorice
2193 3855 2230 3885 de
2258 3855 2329 3885 Deo
2354 3855 2503 3885 dicuntur

1434 3906 1465 3934 in
1486 3905 1661 3944 scripturis,
1680 3906 1755 3944 quia
1771 3914 1838 3934 non
1857 3911 1903 3935 est
1928 3905 2074 3945 accipere
2091 3905 2332 3935 similitudinem
2358 3906 2501 3944 ipsorum

1433 3957 1464 3985 in
1492 3956 1561 3985 Deo
1588 3955 1768 3985 secundum
1794 3955 2036 3986 similitudinem
2068 3956 2203 3985 alicuius
2227 3955 2368 3985 effectus.
2393 3954 2502 3991 Quae—

1433 4006 1506 4037 dam
1533 4016 1607 4037 vero
1626 4030 1632 4037 .
1648 4030 1655 4036 .
1671 4030 1677 4036 .
1696 4013 1726 4036 et
1750 4007 1829 4036 aliae
1854 4006 2052 4037 huiusmodi.
2075 4006 2167 4036 Circa
2184 4014 2324 4048 quorum
2345 4014 2428 4045 spes,
2445 4014 2501 4035 au-

302 4053 402 4089 virtus
427 4061 496 4090 eius
520 4060 636 4099 aliquis
660 4059 797 4094 habitus,
823 4059 879 4089 sed
907 4069 963 4089 sua
989 4060 1133 4089 essentia.
1159 4058 1282 4096 §iteum
1310 4057 1376 4087 Ha·
1391 4071 1415 4092 75
1433 4057 1537 4087 dacias
1560 4063 1591 4087 et
1615 4058 1752 4087 omnino
1777 4059 1938 4097 appetitus
1963 4064 2036 4087 sunt
2061 4056 2226 4092 fortitude,
2247 4055 2501 4095 magnanimitas,

2547 745 2649 771 37rbt.

2546 1004 2553 1011 ¹
2565 1002 2626 1024 Casu
2642 1009 2684 1030 pro
2698 1010 2716 1025 c«

2545 1031 2662 1051 mutante:
2670 1030 2685 1051 .⁹
2704 1031 2716 1050 x

2545 1055 2688 1078 eomm.inx
2697 1056 2716 1078 E

2547 1084 2596 1104 lect.
2615 1089 2647 1104 12.

2541 2792 2590 2811 ²7⁸*
2606 2792 2618 2806 a
2636 2793 2651 2807 t.

2534 3659 2558 3678 2¹7
2570 3659 2579 3672 r
2595 3653 2607 3671 b
2624 3658 2661 3678 ing
2677 3652 2716 3672 int.
