2768 4134
46 546 57 556 “
73 545 109 567 Cf.
125 549 188 564 num.
203 547 251 568 seq.

44 896 53 905 ‘
67 894 104 916 Cf.
120 900 142 916 n.
155 900 186 915 iv.

39 2550 48 2558 ·
70 2548 141 2571 Num.
166 2555 189 2576 ιι,
213 2549 255 2571 Se—

39 2576 123 2598 cundo.

290 286 367 323 216

288 370 320 396 et
334 360 595 401 multiplicabilis,
613 358 668 388 sed
685 357 792 387 solum
808 355 989 386 secundum
1005 363 1098 384 suam
1109 352 1364 388 similitudinem,

289 417 371 448 quae
396 416 414 435 a
436 404 546 435 multis
569 402 786 443 participatur.
812 400 899 440 Ergo
923 399 1023 435 Deus,
1035 397 1178 429 volendo
1200 406 1291 428 suam
1315 406 1364 434 es-

288 451 433 485 sentiam,
457 448 526 478 vult
550 447 647 478 etiam
669 454 778 476 rerum
801 443 1053 475 multitudinem.

343 495 380 524 11.
407 493 501 524 Circa
523 492 608 522 hanc
626 491 785 521 rationem
802 488 974 529 dupliciter
989 487 1163 518 dubitatur.
1188 486 1229 517 Et
1245 487 1364 527 primo,

287 540 370 570 circa
396 537 528 568 rationis
551 535 801 567 fundamentum
816 534 843 563 ἦ
868 533 952 563 Nam
977 542 1015 562 ex
1039 541 1079 562 eo
1104 531 1249 572 sequitur
1272 531 1364 572 quod

287 584 376 613 Deus
399 582 476 612 velit
500 590 569 611 esse
592 580 703 611 omnia
734 587 817 619 quae
846 587 938 607 suam
967 577 1146 611 bonitatem
1172 576 1364 616 participare

285 631 432 667 possunt.
458 625 545 661 Cum
568 625 656 656 enim
679 624 755 654 velit
778 624 882 663 ipsam
905 622 1084 652 bonitatem
1099 626 1233 661 propter
1253 630 1297 657 se,
1314 630 1363 651 se-

287 671 396 712 quitur
412 669 504 711 quod
523 669 593 700 vult
615 678 697 704 eam,
715 672 873 708 quantum
890 665 1043 706 possibile
1063 671 1120 702 est,
1144 665 1362 705 multiplicari.

286 715 519 756 Multiplicatur
543 719 651 745 autem
674 718 807 753 propter
830 711 1112 751 participationem
1142 710 1211 740 eius
1234 719 1252 740 a
1277 719 1364 740 crea-

285 761 374 791 turis.
399 760 487 800 Ergo
511 759 656 799 sequitur
680 756 770 797 quod
793 756 869 786 velit
893 764 1027 785 omnem
1051 760 1230 786 creaturam
1259 755 1363 795 possi-

286 805 385 835 bilem
407 803 556 845 produci.

342 848 505 886 Secundo,
523 849 606 879 circa
623 846 819 877 intellectam
842 845 998 885 implicite
1016 844 1289 884 propositionem,
1301 844 1363 874 sci-

285 894 361 924 licet
376 893 469 934 quod
483 891 708 933 multiplicatio
725 891 802 921 boni
817 890 860 920 sit
871 890 940 920 eius
950 889 1113 930 perfectio
1123 890 1150 919 ’ἢ
1164 889 1258 920 Hanc
1275 889 1363 919 enim

284 938 411 969 videtur
434 938 622 969 subsumere
645 936 726 966 velle
751 934 887 966 Sanctus
911 934 1068 970 Thomas,
1090 943 1169 964 cum
1193 933 1233 964 ad
1256 933 1363 964 decla-

284 982 421 1014 randum
438 982 527 1023 quod
544 981 768 1021 unusquisque
791 979 949 1010 desiderat
971 978 1206 1019 perfectionem
1229 983 1363 1018 propter

285 1037 319 1058 se
334 1028 426 1058 voliti
450 1032 481 1057 et
505 1027 611 1062 amati,
637 1025 769 1055 assumit
793 1023 884 1064 quod
908 1033 945 1054 ea
969 1032 1052 1064 quae
1076 1028 1210 1064 propter
1225 1033 1260 1053 se
1275 1032 1363 1053 arna-

283 1081 368 1108 mus,
385 1072 537 1102 volumus
554 1080 622 1101 esse
642 1070 765 1110 optima
789 1074 821 1099 et
843 1069 979 1099 meliora
1002 1074 1034 1099 et
1055 1068 1273 1108 multiplicari.
1298 1067 1363 1099 Sed

283 1122 362 1147 tunc
386 1117 531 1157 sequitur
555 1114 655 1155 quod,
680 1124 748 1144 non
773 1114 928 1144 existente
952 1119 1107 1149 creatura,
1124 1113 1158 1143 in
1175 1122 1239 1153 qua
1255 1112 1363 1143 divina

284 1162 420 1192 essentia
443 1171 503 1191 suo
527 1160 629 1191 modo
653 1158 896 1199 multiplicatur,
920 1158 1028 1189 divina
1051 1158 1188 1188 essentia
1211 1167 1280 1188 non
1304 1158 1363 1188 erit

283 1207 326 1236 ita
342 1205 484 1246 perfecta
506 1206 589 1235 sicut
605 1209 651 1239 est
666 1203 826 1245 producta
841 1208 997 1234 creatura.
1014 1203 1056 1234 Et
1079 1203 1125 1234 sic
1147 1211 1187 1244 ex
1209 1203 1362 1244 creaturis

283 1249 405 1291 aliquid
429 1250 488 1280 sibi
512 1248 719 1290 perfectionis
743 1248 905 1279 accrescit.
1121 1259 1123 1261 ·

338 1295 390 1325 ΙΙΙ.
415 1294 466 1325 Ad
489 1295 631 1334 primurn
655 1298 762 1334 potest
785 1293 892 1333 primo
923 1292 1111 1333 responderi
1139 1291 1229 1332 quod
1253 1292 1362 1323 Deum

282 1339 364 1370 velle
388 1340 566 1369 bonitatem
591 1348 683 1369 suam
706 1338 913 1378 multiplicari
937 1343 1097 1378 quantum
1125 1336 1279 1377 possibile
1304 1342 1361 1373 est,

283 1383 454 1424 dupliciter
476 1389 584 1424 potest
606 1383 751 1424 intelligi.
776 1383 852 1414 Uno
876 1382 989 1418 modo,
1006 1388 1042 1413 ut
1058 1382 1090 1424 ly
1106 1386 1263 1423 quantum
1282 1391 1361 1422 pos-

281 1429 372 1459 sibile
397 1434 445 1459 est
467 1428 550 1459 dicat
580 1427 851 1468 adaequationem
874 1426 1082 1468 perfectionis
1110 1426 1238 1458 divinae
1267 1426 1360 1457 boni-

282 1473 354 1503 tatis
370 1473 410 1503 ad
427 1474 495 1504 eius
511 1473 833 1513 multiplicationem:
851 1478 887 1502 ut
903 1472 1024 1503 scilicet
1036 1472 1126 1503 Deus
1138 1471 1214 1502 velit
1226 1481 1360 1502 omnem

282 1517 516 1558 perfectionem
540 1527 618 1548 suae
641 1517 792 1548 bonitatis
809 1527 826 1547 a
843 1517 995 1548 creaturis
1018 1517 1273 1558 participabilem
1289 1526 1361 1557 par-

282 1563 417 1603 ticipari.
442 1563 484 1593 Et
506 1563 559 1593 hic
583 1566 696 1593 sensus
718 1571 786 1592 non
803 1567 851 1592 est
865 1571 971 1597 verus,
988 1571 1050 1592 nec
1072 1562 1126 1592 hic
1149 1562 1303 1592 intentus.
1319 1561 1362 1592 Et

283 1613 395 1638 contra
418 1608 506 1638 hunc
529 1606 677 1648 procedit
700 1607 853 1638 obiectio.
869 1625 893 1630 -
907 1607 983 1637 Alio
1007 1606 1120 1643 modo,
1136 1611 1173 1637 ut
1189 1605 1274 1638 dicat
1288 1615 1362 1637 mo-

283 1651 363 1683 dum
386 1652 707 1684 communicationis:
738 1658 775 1682 ut
805 1651 927 1682 scilicet
956 1651 1045 1682 Deus
1074 1651 1151 1682 velit
1182 1651 1361 1682 bonitatem

283 1706 376 1727 suam
400 1697 636 1728 communicari
659 1695 840 1727 secundum
864 1696 956 1727 illum
979 1695 1118 1726 modum
1138 1696 1362 1727 communica-

283 1742 381 1772 tionis
397 1751 464 1782 quo
481 1741 590 1772 divina
606 1741 733 1772 bonitas
745 1741 981 1772 communicari
997 1746 1029 1771 et
1044 1741 1227 1782 participari
1242 1745 1361 1782 potest,

283 1795 352 1817 non
376 1792 485 1817 autem
508 1785 690 1817 secundum
713 1785 831 1816 modos
847 1785 1154 1816 communicationis
1169 1785 1216 1816 illi
1239 1785 1362 1826 impos-

283 1830 400 1861 sibiles.
425 1830 531 1867 Unde,
555 1831 632 1871 quia
663 1830 817 1871 possibile
849 1835 895 1861 est
926 1836 962 1860 ut
991 1830 1173 1861 secundum
1197 1829 1361 1871 quandam

281 1875 619 1916 proportionalitatem
643 1881 675 1906 et
697 1874 879 1906 secundum
906 1874 1070 1915 quandam
1100 1875 1150 1906 sui
1179 1874 1363 1906 similitudi-

282 1929 359 1950 nem
390 1920 611 1960 participetur,
635 1929 703 1950 non
734 1925 845 1950 autem
874 1925 911 1950 ut
939 1920 1150 1960 participetur
1180 1918 1362 1950 secundum

281 1963 483 1995 identitatem
504 1964 706 1995 numeralem
730 1969 785 1995 aut
808 1962 1010 2004 specificam;
1035 1963 1111 1995 ideo
1127 1964 1196 1994 vult
1217 1973 1290 1994 eam
1304 1963 1361 1994 illo

281 2008 383 2039 modo
407 2009 600 2050 participari,
624 2017 692 2039 non
723 2014 832 2039 autem
861 2009 929 2039 istis
960 2007 1076 2039 modis.
1108 2008 1150 2039 Et
1172 2009 1224 2039 hic
1249 2017 1362 2039 sensus

281 2059 329 2083 est
351 2053 404 2084 hic
427 2053 581 2083 intentus.
605 2053 647 2083 Et
670 2058 783 2083 contra
805 2053 913 2093 ipsum
937 2062 1006 2083 non
1029 2052 1178 2093 procedit
1207 2052 1360 2084 obiectio.

337 2097 490 2129 Secundo
514 2097 703 2139 responderi
726 2103 835 2138 potest
851 2097 942 2137 quod
958 2097 1071 2128 volens
1087 2097 1208 2138 aliquid
1228 2102 1363 2138 propter

280 2152 325 2179 se,
341 2152 410 2173 non
425 2142 495 2173 vult
509 2148 612 2173 totam
636 2142 942 2183 multiplicationem
959 2152 1042 2183 quae
1058 2147 1167 2183 potest
1182 2151 1251 2174 esse
1267 2143 1362 2173 abso—

281 2187 358 2224 Inte,
383 2187 439 2218 sed
463 2197 547 2228 quae
571 2193 678 2228 potest
709 2197 778 2219 esse
809 2188 978 2228 supposita
1010 2186 1188 2218 directione
1218 2187 1361 2218 rationis.

281 2231 322 2263 Et
338 2231 424 2269 ideo,
441 2241 517 2263 curn
534 2232 690 2273 sapientia
706 2231 815 2263 divina
831 2232 870 2263 sit
886 2232 995 2273 regula
1014 2232 1270 2273 participationis
1285 2241 1362 2263 suae

281 2277 444 2313 bonitatis,
470 2286 545 2308 cum
570 2276 659 2307 Deus
682 2276 752 2308 vult
775 2277 954 2307 bonitatem
978 2285 1071 2307 suam
1087 2286 1105 2309 a
1122 2277 1274 2308 creaturis
1290 2286 1362 2318 par-

281 2321 416 2362 ticipari,
440 2330 509 2352 non
533 2322 602 2352 vult
625 2322 729 2362 ipsam
753 2327 878 2352 tantum
903 2321 1086 2362 participari
1110 2327 1269 2362 quantum
1286 2331 1363 2362 pos-

281 2366 373 2396 sibile
404 2371 451 2397 est
482 2366 638 2402 absolute,
663 2366 719 2397 sed
750 2371 909 2407 quantum
933 2366 1087 2407 possibile
1117 2372 1164 2396 est
1194 2367 1363 2407 supposita

281 2411 392 2451 regula
416 2416 447 2442 et
471 2410 674 2442 ordinatione
698 2410 825 2442 divinae
848 2411 1035 2451 sapientiae.
1067 2410 1144 2442 ldeo
1168 2420 1206 2442 ea
1235 2417 1362 2442 tantum

282 2465 352 2486 esse
366 2455 436 2486 vult
452 2465 535 2496 quae
551 2455 660 2487 divina
675 2456 832 2497 sapientia
848 2455 1072 2487 determinavit
1085 2461 1120 2486 ut
1132 2456 1205 2487 sint.
1217 2474 1240 2479 —
1255 2456 1362 2487 Prima

281 2505 390 2531 tamen
413 2500 583 2542 responsio
607 2500 687 2532 mihi
710 2501 811 2541 magis
834 2500 949 2541 placet.

338 2544 391 2575 IV.
416 2544 467 2576 Ad
491 2544 673 2576 secundum
689 2545 706 2562 ⁴*
730 2544 846 2576 dicitur
870 2544 960 2586 quod
985 2544 1104 2586 duplex
1129 2550 1176 2575 est
1203 2544 1361 2586 perfectio

282 2589 408 2620 divinae
433 2590 602 2620 essentiae:
627 2590 748 2620 scilicet
771 2590 954 2626 intrinseca,
980 2595 1012 2620 et
1035 2589 1221 2620 extrinseca.
1246 2589 1362 2621 Intrin-

281 2643 354 2664 seca
369 2639 417 2664 est
433 2643 498 2675 qua
513 2634 603 2665 Deus
626 2635 660 2665 in
683 2635 791 2675 seipso
811 2633 991 2675 perficitur:
1016 2634 1194 2665 extrinseca
1209 2640 1258 2665 est
1276 2644 1361 2676 quae

281 2679 320 2709 ab
344 2679 416 2719 ipso
441 2684 599 2710 causatur.
625 2678 658 2710 Si
682 2679 858 2720 loquamur
880 2678 921 2710 de
948 2679 1121 2710 intrinseca
1148 2678 1363 2720 perfectione,

279 2724 324 2754 sic
348 2723 575 2765 multiplicatio
605 2723 732 2755 divinae
763 2724 920 2756 essentiae
941 2724 976 2755 in
999 2724 1152 2755 creaturis
1174 2733 1233 2765 per
1255 2724 1361 2756 imita-

279 2767 404 2799 tionem
419 2778 488 2799 non
504 2769 643 2809 pertinet
658 2767 699 2799 ad
714 2769 784 2800 eius
807 2768 1057 2810 perfectionem:
1083 2769 1150 2799 sive
1169 2769 1256 2800 enim
1273 2778 1360 2802 crea-

279 2818 369 2844 turae
393 2813 456 2844 sint
479 2813 546 2844 sive
569 2822 638 2844 non
662 2813 735 2850 sint,
761 2813 830 2844 eius
854 2813 991 2844 essentia
1015 2813 1048 2844 in
1072 2813 1176 2854 seipsa
1193 2813 1360 2855 perfectis-

279 2858 359 2888 sima
384 2863 441 2888 est.
465 2855 561 2889 Unde
585 2863 618 2889 et
640 2858 693 2888 hic
717 2857 834 2889 dicitur
858 2857 949 2899 quod
971 2858 1148 2889 secundum
1171 2867 1206 2889 se
1230 2868 1296 2890 non
1313 2864 1361 2890 est

279 2902 532 2944 augmentabilis
554 2907 586 2933 et
608 2902 871 2944 multiplicabilis.
887 2920 912 2926 -
931 2902 965 2934 Si
988 2908 1097 2934 autern
1120 2903 1297 2944 loquamur
1319 2903 1360 2935 de

278 2946 479 2989 perfectione
503 2947 690 2984 extrinseca,
707 2956 792 2988 quae
815 2946 932 2979 dicitur
946 2957 1016 2979 esse
1032 2947 1094 2978 Dei
1109 2947 1266 2988 perfectio
1283 2949 1360 2989 quia

280 2997 327 3022 est
351 2992 390 3022 ab
420 2991 492 3032 ipso
523 2991 692 3033 producta,
717 2992 763 3023 sic
793 2992 1020 3033 multiplicatio
1049 2992 1090 3023 ad
1121 2993 1190 3024 eius
1219 2994 1359 3034 pertinet

278 3035 524 3076 perfectionem.
550 3036 591 3067 Et
615 3037 660 3068 sic
683 3046 752 3068 non
777 3042 823 3068 est
847 3037 1080 3068 inconveniens
1100 3036 1228 3069 divinae
1251 3047 1359 3070 essen-

279 3081 341 3111 tiae
358 3080 480 3122 aliquid
503 3080 711 3122 perfectionis
728 3090 765 3112 ex
783 3082 934 3112 creaturis
950 3091 1131 3113 accrescere
1147 3091 1205 3123 per
1220 3082 1359 3115 modum

279 3126 475 3156 extensionis
492 3126 697 3157 extrinsecae.
715 3125 790 3157 Hoc
803 3127 891 3157 enim
902 3126 983 3157 nihil
995 3126 1082 3157 aliud
1098 3126 1187 3158 dictu
1199 3133 1247 3158 est
1259 3137 1358 3168 quam

280 3169 380 3210 quod,
405 3171 615 3202 existentibus
639 3171 801 3207 creaturis,
827 3176 874 3202 est
897 3171 1005 3211 aliqua
1028 3171 1185 3212 perfectio
1209 3181 1227 3202 a
1251 3172 1358 3204 divina

281 3215 416 3246 essentia
440 3215 636 3256 exemplata;
662 3221 703 3252 et,
724 3216 801 3256 ipsis
817 3225 886 3247 non
903 3216 1123 3253 existentibus,
1140 3226 1208 3251 non
1224 3223 1272 3248 est
1288 3218 1358 3249 talis

279 3258 445 3299 perfectio.
471 3260 512 3291 Et
536 3259 610 3291 ideo
635 3260 748 3291 volens
765 3260 854 3291 Deus
870 3260 1042 3292 essentiam
1061 3270 1164 3298 suam,
1181 3261 1250 3292 vult
1265 3271 1358 3294 suam

279 3302 513 3343 perfectionem
536 3305 759 3342 extrinsecam,
779 3311 812 3336 et
833 3314 903 3336 non
925 3310 1052 3337 tantum
1075 3306 1282 3337 intrinsecam
1297 3307 1357 3338 sibi

281 3353 311 3378 et
335 3349 547 3381 essentialem.

338 3402 367 3423 2.
384 3390 523 3425 Adverte
539 3400 649 3425 tamen
665 3394 767 3435 quod,
779 3394 854 3426 licet
870 3393 1008 3425 concedi
1023 3394 1127 3435 possit
1142 3395 1233 3435 quod
1248 3395 1358 3427 multi—

280 3436 410 3476 plicatio
435 3438 561 3470 divinae
585 3439 741 3470 essentiae
765 3440 805 3470 sit
828 3439 898 3470 eius
921 3438 1033 3480 aliquo
1057 3437 1159 3470 modo
1188 3438 1356 3480 perfectio,

280 3481 474 3521 inquantum
498 3483 537 3514 ab
561 3484 630 3524 ipsa
661 3484 768 3515 omnis
799 3482 956 3526 perfectio
987 3483 1199 3525 exemplatur,
1224 3489 1255 3515 et
1282 3484 1356 3516 ideo

281 3525 320 3555 sit
343 3525 440 3557 volita
464 3537 482 3558 a
505 3527 592 3564 De0;
616 3537 683 3559 non
707 3534 816 3560 tamen
839 3527 966 3560 videtur
996 3528 1077 3559 mihi
1107 3528 1357 3560 concedendum

282 3568 371 3608 quod
395 3569 501 3603 Deum
524 3572 606 3603 velle
630 3573 690 3604 alia
713 3583 731 3604 a
754 3583 799 3610 se,
824 3578 860 3604 ut
883 3573 939 3610 sic,
964 3572 1048 3604 dicat
1071 3571 1307 3614 perfectionem
1323 3575 1356 3605 in

282 3612 364 3644 Deo.
389 3614 545 3652 Quamvis
568 3618 655 3648 enim
686 3618 871 3649 absolutum
902 3617 993 3659 quod
1018 3618 1212 3658 importatur
1234 3618 1268 3649 in
1291 3618 1356 3649 hoc

281 3657 371 3698 quod
395 3658 479 3696 dico,
503 3659 607 3691 Deum
631 3662 712 3693 velle
735 3663 803 3693 alia
820 3672 841 3694 a
856 3673 900 3699 se,
918 3661 1002 3694 dicat
1018 3661 1262 3704 perfectionem,
1279 3663 1355 3704 quia

857 276 1047 314 SUMMA
1076 274 1300 313 CONTRA
1329 272 1607 320 GENTILES,
1639 273 1750 311 CAP.
1770 274 1927 310 LXXV.

1420 357 1468 382 est
1491 358 1581 383 actus
1611 351 1739 384 divinae
1769 353 1955 390 voluntatis,
1980 353 2083 383 immo
2113 353 2183 393 ipsa
2213 353 2321 385 divina
2344 355 2500 392 essentia:-

1418 405 1527 436 neque
1551 402 1660 427 tamen
1690 403 1857 437 respectus
1885 398 2079 438 importatus
2109 397 2149 428 ad
2179 398 2249 438 ipsa
2271 398 2371 430 volita
2397 399 2499 431 ullam

1419 440 1496 471 dicit
1518 439 1755 481 perfectionem
1777 442 1829 472 vel
1851 442 2145 482 imperfectionem,
2163 443 2239 482 quia
2257 442 2381 479 relatio,
2397 449 2434 474 ut
2447 453 2500 475 rea

1418 485 1507 522 latio,
1530 494 1640 525 neque
1663 483 1898 525 perfectionem
1925 496 2033 528 neque
2056 486 2339 527 imperfectionem
2357 487 2445 525 dicit,
2461 494 2498 519 ut

1418 539 1514 570 saepe
1526 530 1633 569 inquit
1644 529 1782 568 Sanctus
1794 530 1939 562 Thomas
1951 532 1984 568 ἡ
2001 541 2063 563 nec
2075 537 2165 563 actus
2180 533 2251 572 ipse
2261 531 2498 571 perfectionem

1418 574 1535 614 accipit
1551 575 1591 604 ab
1607 574 1664 605 illo
1681 575 1823 612 obiecto,
1840 585 1917 607 cum
1933 576 2042 607 divina
2065 577 2212 617 operatio
2228 586 2297 607 non
2313 575 2498 616 perficiatur

1418 620 1457 649 ab
1482 619 1672 655 extrinseco,
1697 619 1781 650 sicut
1803 626 1914 651 nostra
1936 621 2083 661 operatio
2106 622 2146 652 ab
2170 621 2301 654 obiecto
2318 621 2498 653 extrinseco

1418 663 1654 704 perfectionem
1677 664 1804 704 accipit.
1829 663 1918 701 Ideo,
1942 666 1969 696 si
1991 665 2082 697 Deus
2104 666 2185 696 nihil
2204 665 2291 697 aliud
2307 676 2326 696 a
2341 665 2501 703 sevellet,

1417 708 1498 739 nihil
1520 708 1629 738 minus
1653 713 1736 738 esset
1758 707 1922 748 perfectus
1944 719 2045 750 quam
2067 710 2148 741 illud
2170 711 2298 741 volens:
2325 711 2402 751 quia
2427 711 2498 751 ipse

1418 758 1508 783 actus
1524 752 1665 788 volendi,
1682 758 1843 793 quantum
1858 753 1899 784 ad
1915 763 2051 785 omnem
2064 755 2134 785 eius
2149 754 2385 796 perfectionem
2398 764 2498 796 quam

1418 797 1505 834 dicit,
1522 803 1702 828 remaneret
1718 798 1816 828 etiam
1832 798 1858 828 si
1874 797 1915 829 ad
1929 799 2146 832 extrinsecum
2165 800 2332 832 obiectum
2347 809 2416 832 non
2435 806 2498 831 ter-

1417 843 1603 873 minaretur.
2371 866 2374 870 «

1475 887 1504 918 3.
1530 887 1594 918 Sed
1617 892 1730 918 contra
1758 887 1822 918 hoc
1847 887 1973 918 videtur
1996 897 2066 918 esse
2088 897 2260 928 processus
2281 889 2391 921 Sancti
2406 890 2499 921 Tho-

1417 941 1490 962 mae
1505 932 1623 969 Prima,
1640 942 1671 972 q.
1688 942 1750 969 xxx,
1767 942 1796 962 a.
1811 941 1841 968 2,
1858 932 1914 963 ubi
1937 933 2041 973 arguit
2064 932 2166 973 quod,
2189 933 2219 964 si
2241 943 2294 965 res
2317 935 2498 971 naturales,

1418 976 1610 1017 inquantum
1635 977 1806 1019 perfectae
1834 982 1920 1013 sunt,
1944 987 2039 1008 suum
2063 977 2182 1008 bonum
2213 978 2289 1009 aliis
2318 980 2497 1010 communi-

1418 1027 1503 1056 cant,
1520 1022 1582 1052 hoc
1599 1022 1695 1052 etiam
1713 1021 1756 1052 ad
1780 1022 1959 1052 voluntatis
1983 1022 2144 1053 rationem
2163 1023 2309 1063 pertinet
2323 1028 2360 1054 ut
2377 1023 2497 1054 bonum

1417 1066 1505 1107 quod
1528 1067 1600 1107 quis
1623 1066 1719 1097 habet
1741 1067 1816 1097 aliis
1839 1067 2063 1098 communicet.
2094 1066 2140 1097 Et
2160 1067 2263 1098 multo
2287 1068 2396 1109 magis
2422 1078 2498 1109 per-

1417 1111 1498 1142 tinet
1520 1111 1564 1141 ad
1587 1112 1787 1142 voluntatem
1802 1111 1947 1142 divinam
1965 1117 2000 1142 ut
2014 1112 2134 1142 bonum
2157 1121 2252 1143 suum
2275 1112 2352 1143 aliis
2369 1122 2433 1153 per
2454 1113 2498 1144 si-

1417 1155 1632 1186 militudinem
1656 1156 1880 1187 communicet.
1905 1157 1968 1187 Iste
1992 1158 2080 1188 enim
2095 1166 2267 1198 processus
2282 1157 2409 1188 videtur
2423 1157 2498 1188 fun-

1417 1200 1484 1231 dari
1499 1209 1597 1241 super
1613 1201 1687 1242 hoq,
1705 1200 1796 1241 quod
1814 1201 1977 1242 ,quicquid
2000 1201 2219 1243 perfectionis.
2226 1207 2273 1232 est
2288 1202 2322 1232 in
2341 1201 2497 1239 inferiori,

1415 1245 1609 1285 ponendum
1633 1251 1682 1276 est
1703 1245 1990 1287 proportionaliter
2016 1247 2051 1277 in
2075 1245 2244 1287 superiori.
2273 1246 2316 1277 Et
2341 1247 2498 1287 implicite

1415 1290 1603 1331 intelligitur
1626 1290 1705 1321 haec
1729 1291 1926 1331 propositio:
1951 1291 2058 1322 Deum
2082 1292 2164 1322 velle
2184 1291 2252 1322 alia
2269 1301 2289 1321 a
2305 1301 2340 1322 se
2355 1297 2403 1322 est
2419 1301 2498 1332 per-

1406 1335 1516 1377 fectio
1538 1342 1619 1366 suae
1643 1335 1831 1366 voluntatis.

1471 1379 1710 1421 Respondetur‚
1735 1386 1767 1411 et
1790 1379 1907 1411 dicitur
1930 1381 2048 1421 primo,
2065 1380 2156 1421 quod
2172 1390 2344 1421 processus
2358 1380 2414 1412 ille
2427 1390 2497 1412 non

1415 1423 1570 1456 fundatur
1584 1433 1683 1465 super
1696 1425 1751 1456 illa
1765 1425 2004 1465 propositione,
2019 1424 2183 1466 Quicquid
2191 1426 2408 1468 perfectionis
2423 1431 2497 1463 etc„

1415 1469 1472 1500 sed
1504 1479 1602 1510 super
1633 1470 1936 1510 proportionalitate
1970 1469 2111 1511 quadam
2143 1470 2340 1501 substantiae
2371 1470 2498 1502 intelle—

1416 1514 1529 1545 ctualis
1545 1514 1585 1545 ad
1601 1524 1652 1545 res
1667 1514 1838 1552 naturales,
1855 1524 1955 1556 quam
1970 1515 2004 1546 in
2019 1515 2128 1556 primo
2143 1515 2280 1546 articulo
2296 1515 2382 1546 illius
2397 1524 2498 1557 quae-

1415 1559 1529 1590 stionis
1552 1565 1706 1600 posuerat
1721 1559 1858 1591 Sanctus
1873 1559 2034 1591 Thomas:
2057 1558 2148 1600 quod
2164 1560 2248 1591 sieut
2262 1569 2297 1591 se
2311 1559 2502 1603 habenta-s

1414 1604 1576 1635 naturales
1592 1604 1632 1635 ad
1648 1614 1745 1635 suum
1761 1605 1887 1636 bonum
1902 1605 2059 1641 naturale,
2075 1605 2120 1635 ita
2133 1609 2249 1636 natura
2271 1603 2498 1642 intellectualis

1416 1648 1456 1680 ad
1479 1649 1606 1680 bonum
1628 1658 1687 1690 per
1709 1649 1849 1680 formam
1878 1649 2115 1690 intelligibilem
2137 1650 2396 1691 apprehensmm
2419 1649 2499 1694 quia

1415 1693 1499 1724 sicut
1521 1702 1579 1734 per
1603 1694 1730 1725 bonurn
1752 1694 1898 1726 naturale
1921 1693 2088 1735 perficitur
2110 1703 2161 1725 res
2183 1694 2354 1734 naturalis,
2372 1694 2433 1727 it'a
2478 1735 2480 1737 ‚

1415 1739 1542 1770 bonum
1565 1739 1815 1780 apprehensum,
1840 1739 1933 1770 cuius
1956 1739 2065 1780 specie
2088 1737 2281 1770 informatur
2303 1738 2501 1778 intellectus,

1415 1782 1581 1823 perficitur
1603 1789 1718 1814 natura
1738 1783 1950 1824 intelligibilis
1966 1785 2163 1825 inquantum
2180 1783 2381 1816 huiusmodi.
2406 1782 2496 1821 Ideo,

1416 1828 1500 1859 sicut
1522 1837 1572 1858 res
1595 1828 1756 1859 naturales
1779 1828 1819 1859 ad
1843 1829 2178 1860 communicationem
2199 1829 2323 1870 proprii
2346 1829 2425 1860 boni
2446 1829 2499 1860 in-

1417 1872 1578 1904 clinantur
1600 1882 1661 1904 suo
1681 1872 1795 1909 modo,
1811 1873 1934 1904 scilicet
1949 1874 2097 1914 appetitu
2111 1873 2260 1910 naturali,
2275 1874 2320 1904 ita
2336 1878 2369 1905 et
2382 1871 2499 1906 nauata

1416 1917 1653 1954 intellectualis,
1670 1926 1755 1958 quae
1778 1922 1826 1948 est
1849 1918 1947 1948 etiam
1970 1918 2095 1954 volens,
2111 1917 2146 1950 in
2162 1918 2502 1958 communicationem,

1415 1962 1539 2002 proprii
1562 1962 1642 1992 boni
1665 1961 1838 1993 inclinatur
1853 1971 1915 1994 suo
1930 1962 2044 1999 modo,
2061 1962 2184 1994 scilicet
2202 1971 2261 2004 per
2283 1962 2498 1995 voluntatem.

1416 2005 1457 2037 Et
1481 2006 1545 2037 hoc
1569 2007 1756 2047 praesertim
1780 2006 1934 2038 convenit
1957 2006 2040 2038 Deo.
2070 2006 2148 2038 Ideo
2177 2005 2384 2039 concluditur
2406 2006 2499 2049 quod

1416 2050 1506 2082 Deus
1529 2051 1599 2082 vult
1621 2051 1682 2082 alia
1706 2061 1724 2082 a
1747 2060 1796 2083 se:
1821 2050 1944 2083 scilicet
1961 2051 2072 2088 libere,
2088 2057 2120 2083 et
2135 2051 2317 2083 secundum
2333 2051 2499 2093 quandam

1416 2095 1674 2127 condecentiam.
2496 2097 2504 2115 ’·“

1472 2140 1599 2172 Dicitur
1621 2141 1777 2177 secundo,
1802 2140 1894 2182 quod
1916 2150 1978 2172 nec
2001 2142 2061 2172 ista
2083 2141 2277 2183 propositio,
2294 2141 2400 2176 Deum
2416 2142 2502 2174 nulle

1416 2185 1485 2217 alia
1501 2195 1521 2216 a
1536 2195 1571 2216 se
1586 2190 1634 2217 est
1649 2186 1814 2228 perfectio
1836 2185 1969 2218 diuinae
1991 2186 2181 2223 voluntatis,
2204 2187 2239 2218 in
2261 2186 2327 2218 hoc
2342 2195 2502 2227 proce-u,

1415 2229 1624 2271 intelligenda
1648 2236 1705 2262 est.
1730 2230 1795 2262 Sed
1810 2230 1891 2262 haec
1906 2236 2034 2262 tantum
2053 2231 2254 2273 comparatio
2271 2237 2304 2262 et
2318 2230 2500 2264 similitudo

1415 2274 1615 2316 intelligitur,
1632 2275 1733 2317 quod,
1751 2276 1834 2307 sicut
1857 2285 1895 2306 ex
1913 2284 1953 2306 eo
1978 2275 2069 2317 quod
2084 2285 2134 2307 res
2149 2275 2312 2307 naturales
2334 2281 2410 2307 sunt
2423 2275 2499 2319 perd

1416 2318 1530 2356 fectae‚
1554 2321 1701 2361 sequitur
1723 2319 1890 2352 inclinatio
1922 2320 2076 2352 naturalis
2098 2320 2138 2352 ad
2162 2320 2501 2355 communicationem·

1416 2364 1466 2396 sui
1485 2365 1575 2401 boni,
1591 2366 1635 2396 ita
1654 2365 1760 2396 multo
1782 2365 1895 2406 magis,
1920 2365 1997 2406 quia
2021 2365 2110 2396 Deus
2133 2364 2387 2407 perfectissimus
2402 2369 2451 2397 eet
2465 2361 2500 2397 et*

1416 2409 1580 2450 exemplar
1603 2419 1621 2440 a
1645 2419 1714 2451 quo
1738 2410 1846 2441 omnis
1869 2409 2027 2451 perfectio
2051 2409 2223 2447 derivatur,
2239 2409 2281 2442 ad
2298 2410 2369 2442 eius
2390 2408 2498 2452 pede-

1417 2455 1561 2486 ctionem
1584 2455 1731 2495 sequitur
1760 2454 1929 2486 inclinatio
1951 2455 2133 2487 voluntaria
2155 2454 2197 2486 ad
2224 2454 2499 2494 communicatio-

1415 2508 1492 2531 nem
1516 2500 1666 2540 propriae
1690 2499 1852 2531 bonitatis.
1878 2499 1915 2531 In
1929 2500 1994 2531 hoc
2010 2505 2120 2532 autem
2137 2505 2264 2531 constat
2276 2509 2348 2532 non
2361 2499 2499 2543 intelligi

1415 2544 1608 2575 volitionem
1642 2543 1704 2575 Dei
1737 2542 1777 2575 de
1809 2544 1962 2575 creaturis
1991 2553 2060 2576 esse
2089 2543 2151 2576 Dei
2180 2543 2417 2586 perfectionem
2445 2543 2497 2588 in-

1416 2594 1577 2630 quantum
1600 2588 1714 2620 volitio
1738 2594 1956 2620 creaturarum
1981 2594 2038 2620 est.

1471 2633 1511 2664 V.
1532 2634 1642 2664 Tertio
1655 2635 1682 2664 ⁹.
1699 2633 1789 2665 Deus
1805 2639 1891 2665 amat
1906 2633 1977 2664 alia.
2002 2633 2090 2675 Ergo
2107 2639 2167 2665 etc.
2183 2651 2208 2657 -—
2225 2633 2385 2667 Probatur
2406 2639 2495 2666 ante-

1415 2677 1543 2711 cedens.
1568 2678 1656 2717 Quia
1670 2678 1740 2710 vult
1755 2684 1788 2710 et
1807 2684 1893 2710 amat
1910 2687 2008 2710 suum
2032 2687 2102 2710 esse
2125 2678 2309 2711 secundum
2321 2687 2357 2710 se
2373 2684 2406 2711 et
2418 2687 2503 2721 pro·-

1414 2729 1486 2764 pter
1507 2723 1626 2765 ipsum.
1651 2723 1693 2754 Et
1716 2732 1816 2755 omne
1839 2722 1927 2755 aliud
1951 2729 1999 2754 est
2021 2722 2184 2764 quaedam
2202 2723 2392 2765 participata
2405 2723 2496 2756 αἰπύ·-

1414 2767 1519 2800 litudo
1543 2768 1594 2799 sui
1617 2777 1696 2799 esse.
1721 2768 1845 2800 Amans
1868 2774 1978 2800 autem
1994 2767 2119 2810 aliquid
2133 2774 2266 2810 propter
2285 2768 2440 2810 seipsum,
2456 2777 2501 2801 ex

1415 2813 1630 2854 consequenti
1654 2818 1740 2844 amat
1763 2812 1875 2844 omnia
1904 2812 1939 2844 in
1969 2813 2089 2854 quibus
2111 2811 2194 2844 illud
2220 2812 2392 2845 invenitur.
2415 2811 2501 2850 Pro<

1414 2858 1508 2889 batur
1523 2867 1581 2899 per
1597 2857 1785 2899 exemplum
1808 2856 1849 2889 de
1872 2863 2001 2889 amante
2025 2856 2233 2894 dulcedinem
2255 2862 2390 2900 propter
2403 2866 2449 2890 se.

1473 2902 1612 2940 Quarto.
1638 2901 1759 2934 Omnia
1781 2901 2031 2943 quodammodo
2053 2903 2273 2944 praeexistunt
2294 2902 2329 2934 in
2349 2902 2499 2944 Deoper

1414 2948 1562 2989 proprias
1575 2948 1728 2979 rationes.
1744 2946 1833 2988 Ergo
1853 2953 1915 2979 etc.
1933 2963 1957 2971 -
1972 2946 2131 2979 Probatur
2147 2947 2392 2988 consequentia.
2408 2946 2501 2987 Quini

1414 2992 1514 3030 Deus,
1533 2991 1677 3024 volendo
1701 3002 1746 3029 se,
1765 2992 1835 3024 vult
1857 2992 1969 3023 omnia
1993 3001 2077 3033 quae
2100 2992 2135 3023 in
2157 2992 2230 3033 ipso
2254 2997 2340 3023 sunt.

1469 3036 1534 3069 Sed
1549 3037 1676 3069 videtur
1698 3038 1759 3069 ista
1781 3037 1863 3068 ratio
1887 3035 2084 3069 concludere
2100 3036 2192 3078 quod
2206 3036 2297 3068 Deus
2311 3045 2382 3069 non
2397 3035 2494 3074 entia,

1413 3091 1498 3123 quae
1522 3091 1695 3123 nunquam
1719 3087 1823 3118 erunt,
1845 3081 1942 3113 etiam
1967 3081 2059 3113 velit:
2085 3081 2162 3122 quia
2185 3081 2284 3114 etiam
2305 3090 2422 3114 eoum
2443 3090 2495 3113 ra-

1412 3127 1519 3158 tiones
1541 3133 1617 3158 sunt
1640 3127 1675 3157 in
1698 3126 1781 3158 Deo.
1806 3126 1882 3158 Hoc
1906 3132 2016 3158 autem
2041 3132 2090 3158 est
2114 3125 2246 3158 falsum:
2272 3126 2351 3168 quia
2370 3126 2417 3157 sic
2434 3135 2495 3157 vo·

1412 3172 1519 3203 luntas
1542 3171 1605 3203 Dei
1627 3181 1697 3203 non
1720 3180 1849 3214 semper
1871 3171 2070 3212 impleretur.
2095 3170 2183 3212 Ergo
2207 3176 2267 3202 etc.

1467 3216 1698 3257 Respondetur
1729 3215 1821 3257 quod
1853 3215 1906 3247 illa
1935 3215 2130 3257 propositio,
2153 3215 2254 3252 Deus,
2281 3214 2421 3246 volendo
2447 3223 2492 3252 se,

1413 3261 1482 3292 vult
1505 3261 1616 3292 omnia
1640 3270 1724 3303 quae
1747 3261 1780 3292 in
1806 3261 1875 3302 ipso
1898 3265 1984 3297 sunt,
2010 3260 2182 3302 dupliciter
2207 3264 2316 3301 potest
2345 3258 2492 3301 intelligi.

1412 3306 1488 3337 Uno
1511 3305 1626 3343 modo,
1651 3304 1743 3346 quod
1765 3305 1842 3337 velit
1864 3305 1918 3337 illa
1942 3310 2102 3347 quantum
2116 3303 2158 3336 ad
2173 3313 2244 3335 esse
2266 3303 2357 3345 quod
2372 3303 2493 3336 habent

1412 3351 1446 3382 in
1469 3351 1552 3382 Deo.
1578 3350 1619 3382 Et
1642 3350 1688 3382 sic
1711 3356 1778 3382 tam
1801 3350 1888 3382 entia
1910 3359 2011 3391 quam
2031 3358 2103 3382 non
2125 3348 2212 3380 entia
2233 3349 2267 3380 in
2291 3348 2404 3390 seipsis
2422 3348 2496 3386 vult

1413 3405 1482 3426 esse
1505 3395 1539 3426 in
1562 3395 1635 3437 ipso
1659 3394 1746 3426 Deo:
1772 3395 1849 3436 quia
1871 3403 1941 3426 non
1963 3393 2072 3426 solum
2095 3393 2191 3430 entia,
2215 3392 2272 3424 sed
2303 3393 2400 3424 etiam
2422 3402 2500 3431 non,

1412 3440 1498 3471 entia
1521 3440 1555 3471 in
1579 3439 1651 3471 Deo
1675 3439 1796 3472 habent
1819 3448 1889 3471 esse
1904 3444 1939 3471 et
1950 3438 2121 3470 rationem.
2137 3455 2160 3461 -
2174 3437 2251 3469 Alio
2267 3436 2368 3470 modo
2383 3441 2497 3479 potest

1412 3484 1546 3526 intelligi
1570 3483 1661 3526 quod
1685 3483 1761 3516 velit
1782 3483 1838 3515 illa
1859 3484 1894 3514 in
1917 3483 2031 3523 seipsis
2054 3491 2133 3514 esse.
2165 3482 2208 3513 Et
2238 3482 2284 3513 sic
2313 3482 2383 3515 sola
2405 3482 2494 3521 entia

1411 3530 1481 3561 vult
1504 3539 1584 3561 esse.
1609 3529 1651 3560 Et
1673 3529 1705 3570 ly
1730 3527 1841 3560 omnia
1865 3527 2025 3559 dian-ibuit
2046 3536 2108 3568 pro
2125 3527 2253 3559 entibus
2268 3532 2406 3564 tantum,
2421 3536 2491 3558 non

1412 3580 1521 3605 autem
1544 3583 1606 3615 pro
1629 3582 1698 3605 non
1728 3572 1868 3604 entibus.
1892 3571 1934 3603 Et
1957 3572 2236 3604 cumassumitur
2265 3570 2357 3612 quod
2379 3571 2494 3603 omnia

1412 3619 1630 3659 praeexistunt
1652 3618 1688 3650 in
1710 3617 1783 3658 ipso
1806 3625 1865 3658 per
1886 3617 2035 3658 proprias
2063 3616 2215 3652 rationes,
2238 3616 2427 3657 intelligitur
2451 3615 2491 3647 de

1411 3664 1564 3694 omnibus
1587 3663 1626 3694 ab
1650 3662 1722 3703 ipso
1746 3659 1975 3702 producendis.
1999 3661 2041 3693 Et
2063 3670 2121 3702 per
2142 3661 2309 3703 propriam
2331 3660 2491 3693 rationem

2527 535 2535 544 ·
2549 533 2585 556 Cf.
2594 533 2602 555 l
2612 534 2646 559 P„
2656 540 2739 562 xxvm,

2527 567 2575 587 =‚2;
2588 560 2672 582 deVer.
2693 566 2740 589 q.1,

2525 593 2546 609 a.
2550 594 2570 616 5,
2576 587 2605 608 ad
2612 587 2646 614 ¹6;
2652 577 2740 615 hient„

2526 614 2547 636 d.
2556 620 2604 641 vm,
2614 619 2637 642 q.
2646 620 2678 641 iv,
2687 620 2708 636 a.
2718 620 2740 643 3.

2523 2630 2583 2681 2⁰th
2593 2637 2617 2655 n.
2627 2637 2644 2660 1,
2653 2631 2745 2654 Secun-
2766 2627 2768 2638 ¹
