2768 4134
75 508 84 517 ·
103 507 141 529 ΑΙ.
170 507 209 528 lib.
238 506 289 532 ΧΠ,

75 540 126 561 cap.
142 539 187 559 vu;
209 532 288 580 ῗ.Ῑ”)Ιί“ἓ.

76 560 191 613 itif’vifiq·

71 1310 82 1356 ἑ
96 1308 204 1362 (ξιξ).1ιι5ι,
220 1314 242 1329 n.
258 1315 285 1334 43

71 2232 80 2240 ·
97 2230 133 2253 Cs.
151 2231 285 2253 Commeat.

71 2263 123 2306 ἵξῃ.
133 2264 218 2286 praec„
230 2264 253 2279 n.
262 2265 284 2285 v,

74 3031 130 3053 'AL
144 3032 182 3054 lib.
200 3032 250 3054 ΧΠ.

76 3476 85 3486 ·
94 3475 130 3497 Cf.
142 3479 197 3497 text.
209 3479 230 3497 et
241 3482 286 3498 var.

318 312 396 359 450
806 305 997 343 SUMMA
1026 304 1249 342 CONTRA
1277 302 1554 349 GENTILES,
1582 304 1678 341 LIB.
1699 304 1741 350 11,
1772 303 1883 341 CAP.
1909 305 2029 342 LXX.

318 388 545 439 opinionem
574 384 795 430 Aristotelis,
826 396 905 433 qua
925 383 1056 421 anima
1075 383 1122 420 sit
1139 383 1293 420 caelum
1313 382 1393 420 ani-
1453 382 1652 431 subiungit
1670 382 1893 420 Aristoteles
1912 383 2022 432 quod
2041 385 2172 433 quibus
2191 384 2237 421 de
2264 397 2422 426 numero
2442 398 2524 423 cor·

317 447 479 479 matum,
1449 437 1679 487 ruptibilium
1699 437 1792 473 inest
1819 436 2032 483 intellectus,
2053 437 2177 473 insunt
2196 449 2326 475 omnes
2343 439 2443 476 aliae
2455 451 2526 489 po-

370 493 513 531 Probat
541 500 672 529 autem
700 491 740 528 in
773 492 824 528 XI
853 491 1141 540 Metaphysicae
1154 488 1185 535 ²⁸,
1215 488 1323 539 quod
1352 488 1392 525 in
1447 491 1582 527 tentiae
1595 489 1630 526 *z
1660 496 1704 526 ut
1731 489 1840 527 daret
1866 488 2072 538 intelligere
2103 490 2212 539 quod
2238 490 2368 540 aliqua
2400 491 2525 529 incor-

317 555 428 585 motu
457 545 551 584 caeli
581 553 636 582 est
664 544 910 582 considerare
940 542 1086 593 aliquid
1116 543 1226 593 quod
1258 550 1393 579 movet
1448 542 1644 593 ruptibilia
1675 543 1821 580 habent
1853 542 2090 581 intellectum
2123 555 2224 593 quae
2262 556 2344 581 non
2382 544 2526 583 habent

316 600 480 639 omnino
509 599 732 644 immotum,
764 606 799 634 et
827 597 974 647 aliquid
1003 597 1112 647 quod
1140 604 1275 634 movet
1307 608 1392 633 mo·
1415 607 1424 628 ⁵
1447 596 1540 634 alias
1558 595 1750 646 potentias
1778 596 1944 643 animae,
1973 596 2116 634 scilicet
2143 609 2309 647 corpora
2336 598 2523 636 caelestia.

315 663 412 692 tum.
442 653 484 690 Id
513 659 646 689 autern
674 651 783 701 quod
812 658 947 688 movet
975 650 1139 688 omnino
1168 650 1391 696 immotum,
1502 651 1596 688 Non
1624 649 1765 700 poterit
1792 649 1907 698 igitur
1933 649 2008 687 dici
2042 651 2150 700 quod
2185 651 2399 688 intellectus
2433 663 2525 689 con-

315 714 450 745 movet
478 705 577 743 sicut
604 704 877 742 desiderabile:
909 716 980 741 nec
1014 703 1182 741 dubium
1218 702 1314 752 quin
1342 703 1392 740 ab
1447 704 1619 742 tinuetur
1647 703 1878 753 corporibus
1897 703 2126 741 caelestibus
2145 716 2217 754 per
2234 705 2523 755 phantasmata:

316 773 363 798 eo
379 759 487 810 quod
506 766 701 797 movetur.
724 758 903 796 Ostendit
918 765 1051 796 autem
1066 756 1174 807 quod
1194 768 1276 794 non
1296 756 1393 794 sicut
1448 758 1518 796 sed
1546 757 1740 807 oportebit
1767 756 1895 794 dicere
1924 757 2034 807 quod
2062 757 2276 796 intellectus
2305 758 2526 796 secundum

315 813 568 852 desiderabile
596 812 789 850 desiderio
818 809 1169 861 concupiscentiae,
1199 810 1308 860 quod
1337 818 1393 847 est
1448 824 1562 849 suam
1599 810 1856 848 substantiam
1898 809 2056 848 uniatur
2097 812 2253 862 corpori
2293 812 2447 850 caelesti
2484 820 2526 850 ut

315 867 553 905 desiderium
582 878 729 913 sensus,
759 866 827 903 sed
852 866 949 903 sicut
973 862 1227 901 desiderabile
1247 863 1391 901 intelle-
1408 887 1434 902 ,ο
1447 867 1584 904 forma.

315 921 430 959 ctuali
458 920 666 958 desiderio:
697 920 804 957 unde
832 918 922 956 dicit
954 917 1063 967 quod
1099 916 1275 966 primum
1307 928 1391 955 mo·
1503 918 1567 957 Sic
1595 917 1709 966 igitur
1737 925 1774 955 et
1801 916 1956 967 corpori
1985 917 2174 964 humano,
2203 918 2313 967 quod
2345 926 2401 956 est
2429 918 2527 957 inter

314 987 412 1013 vens
431 986 513 1012 non
533 981 685 1011 motum
717 980 772 1010 est
801 971 1044 1010 desiderabile
1072 976 1105 1008 et
1133 970 1389 1008 intellectuale.
1448 972 1583 1010 omnia
1611 983 1778 1021 corpora
1796 970 1979 1008 inferiora
1997 970 2299 1018 nobilissimum,
2319 979 2357 1009 et
2383 984 2526 1022 aequa—

313 1028 430 1078 lgitur
458 1028 497 1065 id
525 1027 634 1076 quod
662 1027 711 1064 ab
746 1039 794 1064 eo
827 1032 1020 1071 movetur,
1054 1023 1195 1061 scilicet
1227 1024 1391 1070 caelum,
1448 1025 1549 1064 litate
1578 1037 1672 1063 suae
1701 1023 1983 1075 complexionis
2011 1025 2130 1071 cae10‚
2160 1024 2209 1061 ab
2238 1024 2349 1062 omni
2376 1033 2526 1064 contra-

315 1090 371 1120 est
390 1081 613 1119 desiderans
632 1088 669 1117 et
696 1079 908 1128 intelligens
927 1077 1109 1116 nobiliori
1128 1076 1250 1114 modo
1270 1089 1392 1126 quam
1448 1079 1580 1117 rietate
1608 1079 1799 1124 absoluto,
1825 1077 2079 1124 simillimum,
2100 1078 2321 1116 secundum
2348 1078 2527 1117 intentio-

313 1148 398 1181 nos,
428 1142 470 1172 ut
497 1134 781 1183 subsequenter
807 1132 958 1182 probat.
989 1132 1058 1169 Est
1092 1130 1207 1180 igitur
1238 1131 1392 1168 caelum
1408 1154 1430 1174 ,ς
1447 1145 1541 1170 nem
1578 1131 1792 1170 Aristotelis
1834 1130 2048 1169 substantia
2089 1131 2354 1170 intellectualis
2394 1132 2528 1171 unitur

313 1187 589 1238 compositum,
609 1187 827 1224 secundum
849 1185 1080 1236 opinionem
1099 1183 1324 1231 Aristotelis,
1345 1197 1391 1222 ex
1448 1198 1530 1224 non
1549 1197 1620 1236 per
1638 1185 1768 1235 aliqua
1786 1186 2069 1235 phantasmata,
2091 1185 2160 1223 sed
2178 1193 2222 1223 ut
2239 1186 2367 1224 forma
2391 1185 2524 1236 ipsius.

314 1241 446 1279 anima
474 1240 719 1278 intellectuali
748 1248 784 1277 et
812 1251 989 1290 corpore.
1020 1239 1070 1276 Et
1097 1239 1175 1276 hoc
1203 1236 1392 1286 significat
1502 1239 1591 1276 Hoc
1618 1247 1751 1277 autem
1788 1239 1896 1288 quod
1933 1238 2081 1276 dictum
2115 1246 2172 1276 est
2206 1239 2255 1277 de
2290 1239 2527 1278 animatione

314 1295 354 1333 in
382 1296 412 1333 II
441 1295 487 1332 de
513 1296 655 1332 Anima
670 1294 700 1341 ²⁸,
721 1293 790 1332 ubi
809 1293 900 1331 dicit
924 1292 1033 1343 quod
1057 1292 1277 1343 quibusdam
1300 1294 1392 1330 inest
1447 1291 1560 1339 caeli,
1594 1304 1676 1330 non
1713 1291 1884 1330 diximus
1919 1292 2031 1342 quasi
2068 1293 2278 1331 asserendo
2307 1293 2527 1331 secundum

314 1349 574 1387 intellectivam
602 1354 636 1385 et
664 1348 884 1386 intellectus:
903 1354 941 1384 ut
965 1348 1189 1393 hominibuS,
1208 1353 1243 1384 et
1269 1347 1303 1383 si
1323 1346 1391 1384 ali-

1447 1346 1540 1384 fidei
1569 1345 1801 1392 doctrinam,
1830 1345 1880 1383 ad
1907 1357 2030 1395 quam
2058 1345 2154 1383 nihil
2181 1345 2346 1396 pertinet
2372 1346 2454 1385 sive
2473 1345 2528 1384 sic

314 1403 403 1453 quid
428 1403 642 1440 huiusmodi
659 1409 710 1439 est
737 1403 910 1448 alterum,
931 1407 995 1439 aut
1022 1401 1292 1446 honorabilius,
1321 1398 1391 1438 sei·
1407 1421 1434 1436 ω
1448 1400 1530 1438 sive
1559 1399 1667 1438 aliter
1703 1399 1864 1437 dicatur.
1902 1399 2017 1438 Unde
2055 1399 2312 1448 Augustinus,
2349 1399 2392 1438 in
2427 1399 2527 1438 libro

313 1456 399 1494 licet
426 1457 590 1493 caelum.

368 1510 529 1547 Constat
561 1516 693 1546 autem
728 1508 837 1558 quod
870 1509 1023 1546 caelum
1056 1519 1137 1545 non
1167 1507 1283 1545 habet
1311 1507 1392 1545 ani-

313 1575 421 1601 mam
450 1562 684 1609 sensitivam,
705 1562 926 1600 secundum
949 1561 1180 1612 opinionem
1208 1560 1392 1598 Aristote-

312 1616 376 1654 lis:
407 1617 567 1654 haberet
586 1615 692 1654 enim
712 1615 866 1653 diversa
886 1627 1041 1664 organa,
1062 1627 1164 1664 quae
1183 1627 1266 1652 non
1285 1626 1392 1652 com-

1447 1454 1693 1492 Enchiridion
1708 1453 1740 1500 ²⁸,
1769 1452 1878 1491 dicit:
1908 1453 1993 1491 Nec
2012 1453 2105 1490 illud
2122 1453 2270 1504 quidem
2288 1460 2432 1491 certum
2460 1454 2527 1492 ha·
2554 1471 2564 1481 ·

1448 1510 1530 1554 beo,
1559 1513 1684 1545 utrum
1713 1507 1764 1545 ad
1790 1506 1949 1544 eandem
1981 1508 2205 1554 societatem,
2240 1506 2382 1546 scilicet
2413 1518 2527 1557 ange-

1448 1563 1594 1607 lorum,
1622 1563 1837 1612 pertineant
1867 1560 1925 1598 sol
1961 1565 1995 1597 et
2026 1561 2118 1598 luna
2150 1567 2184 1598 et
2217 1566 2351 1599 cuncta
2381 1557 2530 1604 sidera.-

1449 1616 1619 1665 quamvis
1647 1614 1838 1652 nonnullis
1869 1613 1994 1652 lucida
2022 1626 2100 1652 esse
2126 1626 2303 1665 corpora,
2334 1627 2410 1652 non
2438 1610 2526 1653 cum

312 1677 450 1720 petunt
468 1669 700 1719 simplicitati
719 1669 825 1707 caeli.
847 1670 897 1706 Et
915 1668 965 1706 ad
985 1669 1063 1706 hoc
1079 1667 1391 1717 significandum,
1408 1690 1432 1711 ,ς
1448 1680 1557 1706 sensu
1585 1668 1645 1706 vel
1672 1667 1928 1717 intelligentia,
1958 1667 2166 1705 videantur.

368 1792 402 1810 πο
420 1784 532 1810 alterum
551 1783 666 1817 legimus
683 1789 743 1808 cum
764 1785 844 1808 textu
868 1782 952 1808 citato
979 1786 1006 1808 et
1031 1782 1233 1808 Commentario
1253 1782 1283 1808 S.
1305 1781 1438 1811 nomae.-
1456 1782 1533 1808 altius
1553 1782 1625 1814 DsY,
1643 1787 1702 1808 actu
1721 1783 1749 1814 Z,
1769 1783 1837 1809 actio
1855 1783 1887 1815 X,
1907 1783 2021 1809 activum
2039 1783 2131 1810 ceteri.

313 1820 492 1846 rationabilius
511 1820 561 1851 cx,
580 1819 631 1844 hoc
649 1818 828 1844 honorabilius
847 1818 871 1843 b.

369 1863 398 1881 ιι
421 1856 524 1889 corpori
543 1855 659 1880 humano
678 1854 721 1879 Ita
742 1854 850 1885 stl‘3
870 1854 988 1886 corporis
1006 1853 1115 1879 humani
1133 1854 1226 1880 cereri.

312 1892 339 1918 in
358 1892 388 1918 P.
473 1898 508 1923 24
526 1889 595 1924 cum]
611 1895 700 1916 tamen
719 1896 819 1919 omnes,
839 1893 869 1915 ut
888 1889 1004 1916 videtur.

1328 1853 1360 1879 15
1380 1853 1477 1888 unitus]
1497 1853 1597 1880 homini
1614 1854 1695 1880 addit
1713 1855 1733 1880 Z
1739 1863 1747 1886 ;
1765 1855 1802 1889 cf.
1821 1862 1880 1881 var.
1893 1855 2024 1888 praeced.

2239 1782 2428 1819 honorabilius]
2446 1783 2529 1810 homo

2125 1863 2158 1881 ao
2178 1855 2205 1881 in
2222 1855 2299 1889 libro]
2318 1855 2346 1881 in
2363 1854 2431 1882 libro
2447 1855 2485 1882 de
2500 1856 2529 1887 d,

1078 1985 1417 2019 Commenta-ria.
1451 1986 1764 2019 Fon-ariensis

355 2095 465 2117 omrrrs
495 2085 673 2116 rationibus
705 2085 868 2121 Averrois,
902 2093 986 2124 quae
1018 2094 1057 2115 ex
1087 2084 1270 2115 Aristotelis
1300 2083 1394 2115 dictis

314 2096 515 2171 Ssumptae
539 2135 638 2166 erant,
663 2129 732 2160 vult
756 2128 928 2160 ostendere
959 2128 1097 2160 Sanctus
1126 2129 1273 2160 Thomas
1297 2130 1393 2160 etiam

312 2185 351 2205 ex
374 2174 555 2206 Aristotelis
569 2174 676 2205 verbis
692 2179 845 2214 oportere
861 2183 985 2214 ponere
1001 2174 1204 2204 intellectum
1219 2174 1307 2205 uniri
1323 2183 1394 2204 cor-

312 2221 385 2261 pori
408 2225 444 2251 ut
468 2219 607 2250 formam
620 2220 647 2249 *.
672 2218 713 2249 Et
738 2219 842 2259 arguit
865 2219 921 2249 sic.

369 2265 392 2295 I.
415 2264 564 2300 Caelum,
581 2262 763 2294 secundum
779 2264 974 2304 opinionem
990 2263 1184 2300 Aristotelis,
1201 2268 1249 2294 est
1272 2263 1395 2294 anima-

312 2315 384 2340 tum
399 2309 507 2340 anima
522 2308 727 2339 intellectiva.
745 2307 833 2349 Ergo
850 2308 1028 2339 substantia
1043 2307 1269 2339 intellectualis
1284 2308 1396 2339 unitur

313 2354 443 2394 corpori
460 2353 587 2384 caelesti
611 2358 650 2383 ut
665 2352 780 2383 forma.
798 2353 886 2393 Ergo
911 2358 943 2383 et
967 2353 1099 2393 corpori
1121 2353 1278 2389 humano,
1303 2351 1395 2393 quod

314 2403 361 2429 est
384 2399 466 2429 inter
491 2398 601 2428 omnia
625 2406 763 2438 corpora
779 2396 933 2428 inferiora
948 2397 1200 2434 nobilissimum,
1220 2402 1252 2428 et
1275 2406 1395 2438 aequa-

313 2443 401 2473 litate
424 2452 502 2473 suae
526 2442 764 2483 complexionis
789 2441 890 2478 caelo,
916 2442 955 2472 ab
981 2442 1073 2472 omni
1090 2442 1316 2473 contrarietate
1339 2442 1395 2472 ab-

315 2487 435 2524 soluto,
459 2487 671 2518 simillimum.

369 2531 576 2562 Antecedens
600 2531 765 2571 probatur,
790 2530 902 2571 quoad
929 2531 1068 2571 primam
1100 2536 1225 2571 partem
1249 2530 1393 2571 quidem,

313 2576 434 2607 scilicet
458 2575 549 2616 quod
573 2575 700 2606 caelum
724 2575 765 2606 sit
787 2576 978 2612 animatum,
994 2576 1102 2616 primo
1127 2585 1166 2607 ex
1189 2575 1262 2606 VIII
1278 2575 1395 2617 Physi-

314 2630 438 2651 corum.
464 2620 511 2651 lbi
535 2621 623 2651 enim
647 2618 830 2651 ostenditur
852 2619 943 2660 quod
966 2620 1109 2660 primum
1125 2620 1248 2651 mobile
1264 2624 1396 2661 oportet

313 2671 350 2696 ut
383 2665 528 2706 seipsum
562 2670 708 2701 moveat;
745 2664 862 2695 deinde
887 2665 1043 2706 probatur
1075 2664 1166 2706 quod
1185 2674 1322 2695 movens
1345 2674 1395 2696 se-

313 2710 421 2750 ipsum
444 2709 484 2740 de
507 2710 698 2740 necessitate
723 2708 874 2741 dividitur
894 2710 929 2740 in
945 2708 1025 2740 duas
1041 2715 1158 2750 partes,
1175 2719 1315 2750 quarum
1330 2719 1396 2740 una

314 2760 362 2785 est
377 2763 514 2785 movens
531 2759 563 2785 et
579 2754 677 2785 altera
694 2759 741 2784 est
756 2759 858 2786 mota.
875 2753 984 2785 Omne
1002 2759 1113 2785 autem
1139 2753 1330 2786 huiusmodi
1346 2759 1394 2785 est

314 2800 502 2835 animatum,
526 2797 708 2829 secundum
736 2798 955 2829 Aristotelem.
987 2798 1074 2839 Ergo
1099 2804 1160 2830 etc.
1183 2816 1207 2822 -
1230 2798 1394 2836 Secundo,

314 2853 352 2874 ex
368 2843 395 2874 II
414 2843 516 2874 Caeli.
534 2843 581 2874 Ibi
598 2844 685 2874 enim
703 2852 851 2883 expresse
867 2843 1000 2883 ponitur
1017 2843 1108 2884 quod
1123 2844 1251 2875 caelum
1264 2849 1311 2875 est
1327 2844 1395 2874 ani-

311 2894 449 2925 matum;
461 2893 494 2919 et
506 2887 598 2928 quod
608 2893 742 2928 propter
755 2888 819 2918 hoc
832 2893 962 2928 oportet
975 2897 1098 2928 ponere
1113 2888 1148 2919 in
1160 2889 1232 2930 ipso
1246 2888 1395 2920 differen-

312 2933 371 2964 tias
383 2932 564 2973 positionis,
576 2942 646 2963 non
657 2932 766 2963 solum
778 2931 889 2974 quoad
900 2942 972 2969 nos,
982 2932 1039 2964 sed
1051 2933 1148 2964 etiam
1158 2932 1340 2964 secundum
1350 2942 1394 2964 se.

369 2976 490 3016 Quoad
517 2975 696 3008 secundam
727 2987 804 3008 vero
832 2982 976 3018 partem,
1008 2977 1130 3008 scilicet
1161 2977 1253 3018 quod
1286 2978 1395 3009 anima

314 3022 384 3053 eius
407 3021 448 3052 sit
470 3021 675 3058 intellectiva,
699 3021 856 3062 probatur
871 3022 990 3062 primo,
1011 3022 1087 3062 quia
1102 3023 1137 3053 in
1152 3023 1196 3053 XI
1221 3023 1364 3064 Metaph.
1378 3023 1395 3039 “

314 3065 496 3097 ostenditur
519 3065 610 3107 quod
633 3075 771 3097 movens
799 3067 936 3097 omnino
966 3067 1142 3097 immotum
1172 3073 1285 3098 movet
1311 3068 1396 3098 sicut

314 3110 525 3142 desiderabile
548 3111 588 3142 ab
612 3120 653 3142 eo
677 3110 768 3151 quod
795 3116 957 3142 movetur.
984 3110 1061 3142 Non
1092 3117 1202 3143 autem
1235 3111 1394 3143 desiderio

315 3156 609 3196 concupiscentiae,
637 3155 729 3196 quod
753 3161 800 3186 est
823 3155 1019 3187 desiderium
1043 3165 1167 3193 sensuS,
1191 3156 1247 3187 sed
1270 3156 1396 3188 intelle-

316 3200 413 3231 ctuali
436 3199 612 3231 desiderio:
637 3199 726 3231 unde
750 3199 867 3232 dicitur
889 3200 1012 3232 ibidem
1036 3200 1127 3241 quod
1151 3202 1294 3241 primum
1321 3211 1394 3232 mo-

314 3254 392 3275 vens
416 3254 484 3275 non
508 3250 638 3276 motum
662 3250 709 3276 est
738 3244 954 3276 desiderabile
977 3250 1007 3276 et
1031 3244 1248 3287 intelligibile.
1274 3246 1315 3277 Et
1348 3247 1392 3277 sic

315 3295 445 3329 oportet
469 3289 605 3326 caelum,
623 3289 714 3330 quod
735 3289 774 3320 ab
798 3290 871 3330 ipso
891 3295 1052 3326 movetur,
1070 3299 1139 3320 esse
1163 3289 1346 3321 desiderans
1363 3296 1394 3321 et

314 3333 512 3374 intelligens,
538 3334 635 3364 etiam
658 3334 811 3365 nobiliori
836 3334 938 3365 modo
963 3343 1062 3375 quam
1085 3343 1156 3365 nos
1183 3352 1206 3357 —-
1229 3335 1393 3372 Secundo,

315 3378 391 3417 quia
414 3379 447 3409 in
473 3378 499 3409 11
524 3378 564 3410 de
586 3379 705 3409 Anima
730 3378 847 3410 dicitur
863 3378 955 3420 quod
978 3378 1170 3420 quibusdam
1195 3379 1277 3410 inest
1301 3380 1394 3411 intel-

317 3422 465 3453 lectivam
489 3428 521 3454 et
547 3423 737 3459 intellectus,
757 3429 793 3454 ut
814 3423 1008 3460 hominibus,
1030 3428 1062 3454 et
1083 3423 1112 3454 si
1135 3423 1260 3465 aliquid
1282 3425 1393 3455 huius-

316 3467 404 3497 modi
427 3472 474 3498 est
497 3468 637 3498 activum
654 3469 670 3485 *
695 3473 753 3499 aut
775 3468 1013 3504 honorabilius,
1038 3468 1161 3499 scilicet
1185 3469 1322 3499 caelum.

372 3511 405 3541 Si
429 3511 552 3542 dicatur
575 3511 666 3553 quod
689 3512 872 3543 intellectus
888 3514 1098 3544 continuatur
1114 3513 1305 3553 corporibus
1322 3522 1394 3544 cae—

317 3554 448 3586 lestibus
464 3565 521 3595 per
537 3557 769 3596 phantasmata,
787 3563 818 3587 et
833 3567 901 3588 non
919 3562 955 3588 ut
971 3556 1076 3588 forma
1093 3556 1172 3588 dans
1185 3566 1264 3594 esse,
1282 3563 1393 3588 contra

318 3600 468 3638 arguitur.
486 3600 570 3638 Quia
587 3607 722 3638 constat,
736 3601 917 3632 secundum
930 3602 1149 3638 Aristotelem,
1163 3601 1254 3642 quod
1266 3602 1392 3633 caelum

318 3652 385 3672 non
409 3644 504 3674 habet
527 3646 668 3675 animam
692 3646 887 3677 sensitivam.
913 3646 1001 3677 Tum
1019 3647 1095 3686 quia
1111 3647 1242 3677 haberet
1270 3646 1394 3677 diversa

1448 2085 1482 2115 in
1506 2084 1534 2115 11
1565 2084 1605 2116 de
1631 2085 1760 2122 Anima,
1792 2083 1833 2115 ad
1865 2084 1930 2116 hoc
1961 2083 2211 2122 insinuandum,
2239 2084 2318 2116 dixit
2340 2085 2530 2118 Aristoteles

1449 2128 1541 2170 quod
1563 2129 1679 2171 quibus
1705 2129 1746 2160 de
1773 2138 1910 2160 numero
1937 2129 2200 2171 corruptibilium
2230 2130 2314 2160 inest
2337 2129 2528 2167 intellectus,

1450 2174 1563 2205 insunt
1585 2183 1697 2205 omnes
1720 2174 1809 2205 aliae
1831 2174 2012 2215 potentiae,
2041 2179 2078 2205 ut
2110 2173 2199 2205 daret
2227 2174 2406 2216 intelligere
2436 2174 2530 2217 quod

1448 2219 1558 2259 aliqua
1581 2218 1851 2260 incorruptibilia,
1868 2218 1991 2250 scilicet
2007 2227 2146 2260 corpora
2162 2219 2320 2256 caelestia,
2345 2219 2466 2252 habent
2479 2220 2529 2253 in-

1447 2263 1626 2300 tellectum,
1651 2272 1735 2304 quae
1758 2273 1828 2294 non
1851 2263 1972 2295 habent
1995 2263 2072 2295 alias
2094 2263 2268 2305 potentias.

1504 2307 1554 2339 Ne
1578 2314 1689 2340 autem
1713 2308 1830 2349 aliquis
1853 2313 1982 2350 putaret
2011 2309 2121 2350 ipsum
2144 2308 2266 2340 Divum
2290 2307 2456 2341 Thomam
2477 2317 2528 2340 as·

1448 2353 1565 2384 sertive
1588 2354 1738 2394 posuisse
1761 2353 1890 2384 caelum
1913 2362 1983 2385 esse
2007 2354 2198 2390 animatum,
2221 2359 2380 2394 tanquam
2406 2353 2530 2395 aliquid

1449 2397 1489 2428 ad
1512 2396 1612 2428 fidem
1635 2398 1811 2438 pertinens,
1836 2398 2002 2429 subiunxit
2025 2397 2117 2439 quod
2139 2398 2204 2429 hoc
2227 2407 2296 2429 non
2327 2397 2406 2429 dixit
2435 2398 2529 2440 quasi

1449 2442 1622 2473 asserendo
1647 2442 1829 2473 secundum
1859 2441 1936 2474 fidei
1959 2442 2158 2474 doctrinam:
2192 2442 2269 2483 quia
2299 2441 2340 2474 ad
2369 2441 2447 2474 fidei
2469 2442 2529 2474 do-

1449 2487 1585 2517 ctn'nam
1608 2487 1690 2518 nihil
1713 2487 1812 2518 refert
1834 2487 1901 2518 sive
1925 2487 1970 2518 sic
1993 2488 2061 2518 sive
2091 2487 2182 2518 aliter
2214 2486 2348 2519 dicatur.
2372 2485 2470 2519 Unde
2497 2492 2529 2519 et

1448 2531 1652 2572 Augustinus
1675 2531 1739 2562 hoc
1763 2532 1823 2563 sub
1848 2531 1950 2563 dubio
1974 2532 2007 2562 in
2031 2532 2114 2563 libro
2138 2531 2355 2563 Enchim'dion
2386 2531 2527 2573 reliquit.

1506 2585 1536 2606 2.
1562 2575 1657 2607 Circa
1685 2576 1835 2607 ultimam
1864 2577 2134 2617 consequentiam
2168 2576 2356 2617 principalis
2385 2577 2528 2614 rationis,

1448 2618 1682 2652 advertendum
1699 2629 1738 2651 ex
1753 2620 1901 2652 doctrina
1915 2620 2026 2652 Sancti
2042 2621 2192 2652 Thomae
2207 2622 2241 2652 in
2261 2621 2326 2660 Qu.
2343 2620 2383 2652 de
2397 2621 2528 2658 Anima,

1448 2670 1505 2696 art.
1523 2664 1554 2702 8,
1571 2664 1612 2696 ad
1629 2675 1659 2702 2,
1677 2665 1768 2706 quod
1782 2675 1851 2696 non
1867 2665 1943 2696 ideo
1959 2664 2095 2696 infertur
2109 2665 2190 2696 illud
2213 2675 2420 2707 consequens
2435 2666 2530 2707 quasi

1455 2710 1564 2741 anima
1590 2709 1787 2741 intellectiva
1815 2711 1946 2741 uniatur
1969 2711 2101 2751 corpori
2116 2710 2262 2741 humano
2281 2716 2416 2751 propter
2438 2710 2527 2742 simi-

1448 2753 1619 2786 litudinem
1637 2764 1737 2795 quam
1759 2754 1858 2786 habet
1880 2754 1922 2786 ad
1945 2755 2082 2791 caelum,
2107 2754 2389 2795 quemadmodum
2411 2764 2528 2786 secun-

1449 2799 1529 2830 dum
1560 2799 1748 2830 Avicennae
1775 2799 1968 2840 opinionem
1995 2799 2172 2831 dicendum
2200 2805 2284 2831 esset
2299 2800 2331 2830 ⁹:
2360 2798 2417 2831 sed
2450 2800 2528 2841 quia

1449 2845 1648 2875 conveniens
1672 2850 1730 2882 est,
1755 2845 1782 2875 si
1805 2845 1915 2875 unitur
1939 2844 2041 2881 caelo,
2066 2843 2159 2885 quod
2182 2845 2279 2876 etiam
2302 2844 2433 2875 uniatur
2455 2853 2527 2875 cor-

1448 2889 1522 2930 pori
1546 2889 1703 2926 humano,
1728 2888 1819 2930 quod
1838 2894 1887 2920 est
1909 2889 2151 2921 nobilissimum
2173 2889 2258 2920 inter
2280 2888 2433 2920 inferiora
2454 2898 2527 2921 cor-

1448 2943 1540 2975 pora,
1563 2939 1698 2976 propter
1724 2934 1952 2975 aequalitatem
1980 2933 2228 2975 complexionis,
2252 2933 2294 2965 ad
2319 2934 2385 2965 hoc
2409 2938 2448 2966 ut
2469 2941 2528 2975 per

1449 2988 1562 3010 sensus
1586 2979 1689 3019 possit
1704 2978 1828 3020 species
1844 2978 2061 3020 intelligibiles
2077 2979 2253 3020 acquirere.
2270 2978 2324 3010 Ad
2338 2977 2404 3010 hoc
2417 2983 2528 3010 autem

1456 3023 1603 3064 sequitur
1625 3023 1734 3064 aliqua
1756 3022 1935 3054 similitudo
1959 3023 1999 3055 ad
2023 3023 2168 3055 caelum:
2193 3024 2271 3065 quia
2293 3023 2378 3055 sicut
2399 3022 2528 3061 caelum

1449 3068 1588 3099 omnino
1612 3073 1699 3099 caret
1722 3069 1901 3105 contrariis,
1924 3068 1969 3099 ita
1996 3077 2126 3110 corpus,
2150 3067 2323 3099 reductum
2345 3066 2387 3099 ad
2409 3075 2527 3109 aequa-

1448 3113 1572 3144 litatem
1595 3113 1844 3153 complexionis,
1868 3113 2010 3144 maxime
2033 3123 2053 3144 a
2075 3113 2242 3144 contrariis
2266 3113 2446 3154 elongatur.

1504 3157 1646 3189 Adverte
1669 3163 1779 3188 autem
1802 3159 1888 3189 circa
1910 3158 2014 3198 ipsam
2039 3158 2320 3199 consequentiam,
2344 3155 2437 3198 quod
2456 3165 2527 3188 non

1448 3203 1543 3243 ponit
1566 3203 1670 3243 ipsam
1694 3201 1833 3234 Sanctus
1856 3202 2003 3233 Thomas
2026 3203 2120 3243 quasi
2134 3202 2348 3234 necessariam
2367 3200 2526 3237 absolute,

1449 3246 1505 3278 sed
1529 3252 1685 3288 tanquam
1709 3247 1913 3287 probabilem
1928 3246 2110 3278 secundum
2127 3246 2319 3288 opinionem
2334 3245 2525 3290 Aristotelis.

1449 3291 1483 3322 Si
1515 3291 1602 3322 enim
1633 3292 1745 3332 posuit
1778 3291 2032 3323 intellectualem
2062 3291 2273 3323 substantiam
2304 3298 2373 3320 esse
2401 3290 2527 3321 unitam

1448 3336 1581 3376 corpori
1603 3336 1734 3367 caelesti
1750 3345 1819 3367 non
1835 3345 1893 3377 per
1908 3337 2142 3378 phantasmata,
2159 3334 2216 3366 sed
2231 3333 2414 3365 secundum
2431 3342 2525 3366 suam

1448 3381 1660 3412 substantiam
1683 3386 1720 3412 ut
1743 3379 1894 3418 formam,
1917 3381 2063 3412 similiter
2086 3378 2262 3411 dicendum
2285 3377 2412 3410 videtur
2435 3379 2527 3420 quod

1449 3426 1580 3466 corpori
1602 3425 1818 3462 nobilissimo,
1844 3425 1940 3466 quale
1963 3430 2011 3456 est
2034 3433 2154 3464 corpus
2169 3423 2362 3460 humanum,
2387 3423 2527 3456 voluerit

1448 3470 1591 3501 animam
1615 3470 1845 3501 intellectivam
1868 3470 1994 3500 unitam
2018 3477 2086 3500 esse
2102 3477 2172 3499 non
2194 3473 2321 3498 tantum
2342 3477 2399 3509 per
2423 3468 2526 3509 phan-

1447 3519 1592 3550 tasmata,
1617 3519 1654 3545 ut
1676 3514 1781 3547 voluit
1803 3514 1973 3550 Averroes,
1990 3511 2047 3543 sed
2071 3512 2167 3543 etiam
2184 3517 2220 3542 ut
2242 3511 2391 3543 formam.
2408 3512 2525 3554 Neque

1449 3559 1536 3589 enim
1560 3559 1663 3599 magis
1686 3563 1845 3599 repugnat
1874 3556 2084 3588 intellectuali
2116 3557 2312 3588 substantiae
2339 3557 2425 3588 uniri
2453 3566 2525 3588 cor-

1447 3603 1520 3643 pori
1537 3603 1714 3643 aequaliter
1732 3602 1997 3643 complexionato
2014 3610 2113 3641 quam
2129 3602 2260 3642 corpori
2285 3601 2429 3633 caelesti:
2448 3611 2524 3633 cum

1447 3657 1516 3678 non
1541 3648 1642 3688 magis
1666 3652 1799 3688 propter
1822 3646 1886 3677 hoc
1909 3646 1948 3676 ab
1975 3645 2036 3676 hac
2067 3647 2201 3677 materia
2231 3651 2372 3687 ponatur
2402 3645 2524 3687 depen-

319 3696 453 3726 organa:
479 3688 568 3727 quod
585 3699 651 3719 non
669 3691 825 3730 competit
845 3691 1041 3731 simplicitati
1059 3691 1148 3721 caeli.
1166 3709 1189 3713 —
1205 3691 1292 3721 Tum
1317 3692 1393 3732 quia
1418 3687 1422 3732 Ι
1448 3691 1522 3722 dere
1547 3701 1645 3732 quam
1669 3692 1708 3722 ab
1733 3690 1795 3721 illa.

2553 504 2565 550 Ξ
2578 502 2635 551 ιἹςὲ.
2649 502 2723 551 1ιείῐὸιι.
2733 508 2760 531 7ς

2555 2814 2564 2823 ·
2580 2811 2617 2835 ef.
2659 2818 2683 2834 ιι.
2699 2810 2768 2834 dest«

2555 2839 2627 2867 nina,
2650 2844 2688 2861 oc.
2702 2838 2743 2861 eit.
