2768 4134
55 1252 64 1261 ·
75 1251 109 1272 Cf.
125 1251 170 1272 loc.
181 1250 219 1272 cit.
231 1256 267 1271 su·

54 1283 103 1305 pra.

54 2694 62 2703 ·
78 2693 135 2721 Cap.
146 2699 207 2714 xL1V.

746 302 934 340 SUMMA
964 301 1186 338 CONTRA
1215 299 1492 346 GENTILES,
1521 299 1616 335 LIB.
1637 299 1678 343 ΙΙ,
1710 298 1820 334 CAP.
1842 296 2046 335 LXXXIII.

299 392 433 428 liorem
461 395 707 435 promovere.
729 382 822 418 Non
842 381 955 429 igitur
982 392 1029 417 ex
1057 379 1189 416 divina
1218 378 1370 415 ordina—
1426 377 1604 414 sensibus
1619 377 1719 413 fiunt
1734 376 1773 413 in
1788 376 1902 414 nobis
1921 377 2147 423 memoriae,
2164 390 2211 415 ex
2225 379 2368 428 quibus
2387 392 2502 431 expe-

298 444 402 480 tione
422 440 564 476 factum
583 436 715 473 fuisset
734 434 842 484 quod
862 434 993 471 anima
1011 432 1166 481 corpori
1182 431 1368 469 uniretur.
1426 430 1591 467 rimenta
1620 430 1668 466 de
1698 430 1814 466 rebus
1843 429 2068 479 accipimus,
2097 442 2168 480 per
2186 443 2288 480 quae
2317 433 2366 470 ad
2394 445 2502 472 com-

351 495 563 531 Praeterea.
594 490 687 526 Non
716 487 879 537 pertinet
915 487 963 524 ad
1000 485 1178 523 ordinem
1215 484 1370 522 divinae
1425 483 1753 533 prehendendum
1782 482 2016 520 universalia
2034 483 2284 522 scientiarum
2306 492 2342 522 et
2361 487 2503 524 artium

298 545 504 596 sapientiae
533 554 625 580 cum
654 541 902 591 superiorum
931 539 1164 577 detrimento
1193 551 1239 576 ea
1267 550 1369 587 quae
1424 536 1614 586 principia
1634 536 1887 586 pervenimus
1901 535 1932 573 *.
1954 558 1980 563 -
1999 536 2040 574 Si
2060 548 2152 586 ergo
2178 538 2312 575 anima·
2329 539 2504 577 humana

297 607 386 638 sunt
414 597 549 635 infima
583 594 794 632 nobilitare.
824 593 963 630 Infima
997 600 1128 630 autem
1164 591 1203 629 in
1237 603 1369 629 rerum
1391 613 1400 632 ς
1424 590 1473 627 ad
1494 589 1786 638 intelligendum
1815 589 1993 627 sensibus
2014 589 2174 638 indiget3
2205 599 2343 629 natura
2371 600 2503 630 autem

297 652 431 692 ordine
460 658 549 687 sunt
576 660 741 698 corpora
768 646 1000 696 generabilia
1029 654 1065 683 et
1093 645 1366 694 corruptibilia.
1423 643 1519 680 nulli
1554 642 1684 680 deficit
1717 642 1757 679 in
1790 643 2013 690 necessariis
2049 644 2098 681 ad
2132 644 2334 694 propriam
2367 657 2504 695 opera-

295 708 389 744 Non
417 703 529 753 igitur
555 702 687 740 fuisset
715 701 952 738 conveniens
973 699 1099 737 ordini
1129 698 1282 736 divinae
1310 710 1368 735 sa·
1423 696 1571 734 tionem
1600 696 1846 745 explendam,
1879 696 1978 734 sicut
2005 697 2239 736 animalibus
2268 698 2503 737 habentibus

295 758 471 810 pientiae,
501 756 550 794 ad
579 755 863 793 nobilitandum
893 755 1067 791 humana
1086 764 1262 801 corpora,
1288 751 1368 788 ani-
1423 749 1597 787 animam
1617 749 1842 787 sensitivam
1861 757 1899 787 et
1925 749 2128 797 motivam,
2149 752 2214 789 dat
2232 752 2504 791 convenientia

295 825 379 851 mas
399 809 696 861 praeexistentes
716 808 770 845 eis
789 808 915 845 unire:
938 819 1029 844 curn
1049 807 1125 843 hoc
1148 805 1230 842 sine
1255 804 1367 842 detri-
1423 815 1568 852 organa
1594 815 1731 840 sensus
1755 811 1792 840 et
1820 810 1969 841 motus:
1999 815 2082 841 non
2109 804 2249 842 fuisset
2269 806 2402 844 anima
2430 807 2503 844 hu-

296 873 429 904 mento
459 875 595 901 earum
615 875 698 899 esse
725 874 805 898 non
834 860 965 911 possit,
986 867 1027 896 ut
1052 871 1098 896 ex
1123 858 1232 896 dictis
1251 866 1365 908 patet.
1383 872 1409 887 ιο
1423 869 1541 894 mana
1561 856 1643 893 sine
1663 856 1888 894 necessariis
1912 856 2158 895 adminiculis
2184 870 2374 897 sensuum
2399 860 2504 897 insti-

349 920 436 956 Hoc
455 924 586 954 autern
607 916 794 964 Origenes
814 913 1073 958 considerans,
1094 924 1186 949 cum
1205 919 1368 961 poneret
1422 918 1514 947 tuta.
1546 910 1693 948 Sensus
1721 917 1854 948 autem
1882 922 1962 948 non
1992 918 2205 960 operantur
2235 911 2319 950 sine
2351 913 2505 962 organis

304 311 377 347 522

296 972 446 1011 animas
475 971 668 1007 humanas
696 981 718 1006 a
746 966 937 1017 principio
961 965 1076 1003 fuisse
1097 973 1254 1011 creatas,
1275 964 1368 1002 dixit

296 1026 405 1077 quod
424 1022 666 1062 ordinatione
696 1021 827 1058 divina
846 1020 999 1058 animae
1020 1018 1250 1068 corporibus
1279 1026 1369 1056 sunt

295 1079 436 1124 unitae,
457 1077 523 1114 sed
547 1076 587 1113 in
607 1087 742 1112 earum
766 1086 948 1123 poenam.
972 1073 1075 1110 Nam
1094 1080 1182 1110 ante
1202 1080 1368 1122 corpora·

296 1145 360 1171 eas
388 1142 566 1181 peccasse
595 1127 840 1171 existimavit;
871 1135 907 1164 et
938 1138 1011 1176 pro
1040 1126 1251 1176 quantitate
1279 1126 1368 1176 pec-

295 1186 367 1224 cati
387 1183 616 1233 corporibus
644 1181 900 1219 nobilioribus
922 1181 984 1218 vel
1012 1179 1144 1217 minus
1172 1180 1369 1218 nobilibus

295 1252 358 1277 eas
387 1249 481 1283 esse,
501 1237 612 1286 quasi
632 1235 869 1285 quibusdam
898 1233 1127 1280 carceribus,
1154 1234 1322 1271 inclusas
1335 1234 1367 1271 *.

349 1291 426 1330 Sed
455 1291 551 1328 haec
571 1289 712 1340 positio
732 1297 830 1326 stare
851 1300 931 1326 non
951 1295 1087 1337 potest.
1110 1289 1243 1325 Poena
1262 1287 1368 1325 enim

295 1347 401 1384 bono
430 1353 590 1382 naturae
619 1343 856 1388 adversatur,
877 1349 914 1379 et
933 1354 980 1379 ex
1000 1342 1076 1379 hoc
1095 1341 1235 1380 dicitur
1253 1343 1367 1380 mala.

296 1400 337 1438 Si
364 1398 477 1448 igitur
504 1397 599 1435 unio
629 1396 782 1434 animae
812 1403 848 1433 et
876 1394 1050 1445 corporis
1079 1402 1135 1432 est
1164 1395 1368 1445 quoddam

294 1453 469 1503 poenale,
498 1463 579 1489 non
607 1458 662 1488 est
690 1450 842 1487 bonum
871 1457 1042 1486 naturae.
1064 1449 1185 1496 Quod
1215 1457 1270 1486 est
1298 1449 1369 1487 im-

294 1505 491 1557 possibile:
522 1512 578 1542 est
605 1504 711 1541 enim
740 1503 930 1541 intentum
960 1515 1031 1552 per
1058 1510 1254 1549 naturam;
1276 1515 1369 1541 nam

295 1560 345 1598 ad
359 1560 436 1596 hoc
455 1557 637 1595 naturalis
656 1557 853 1606 generatio
867 1556 1107 1594 terminatur.
1124 1579 1149 1584 -
1165 1558 1214 1594 Et
1227 1557 1370 1595 iterum

295 1620 522 1663 sequeretur
540 1612 649 1662 quod
669 1623 752 1648 esse
772 1610 977 1648 hominem
996 1622 1077 1647 non
1100 1618 1199 1648 esset
1218 1611 1370 1648 bonum

296 1666 514 1704 secundum
534 1673 731 1703 naturam:
753 1677 843 1702 cum
868 1671 1001 1701 tamen
1025 1664 1118 1701 Gen.
1135 1668 1179 1701 1³¹
1210 1664 1369 1711 dicatur,

296 1727 383 1770 post
412 1718 582 1756 hominis
610 1717 858 1763 creationem,
886 1718 982 1754 Vidit
1001 1718 1103 1754 Deus
1121 1724 1256 1755 cuncta
1276 1731 1372 1768 quae

287 1775 448 1823 fecerat,
479 1778 512 1809 et
539 1778 647 1810 erant
675 1771 783 1809 valde
810 1773 920 1809 hona.

350 1828 563 1863 Praeterea.
595 1826 654 1862 Ex
673 1826 778 1862 malo
807 1836 888 1862 non
917 1823 1097 1874 provenit
1117 1825 1268 1862 bonum
1297 1824 1370 1862 nisi

295 1892 365 1930 per
393 1879 582 1916 accidens.
605 1878 646 1916 Si
665 1877 778 1926 igitur
805 1885 964 1927 propter
990 1885 1195 1926 peccatum
1216 1877 1371 1916 animae

1423 963 1632 1013 corporeis,
1653 971 1696 1001 ut
1715 976 1763 1001 ex
1790 963 1902 1002 dictis
1915 964 1936 986 *
1963 971 2078 1013 patet.
2100 965 2194 1002 Non
2218 963 2332 1014 igitur
2349 966 2419 1004 fuit
2447 967 2504 1004 in-

1424 1017 1552 1055 stituta
1580 1017 1712 1055 anima
1740 1017 1823 1055 sine
1852 1017 2007 1067 organis
2035 1018 2246 1068 corporeis.

1479 1070 1520 1108 Si
1548 1078 1681 1108 autem
1701 1071 1833 1109 anima
1852 1072 2029 1109 humana
2047 1083 2130 1109 non
2154 1071 2299 1122 indiget
2326 1072 2505 1118 sensibus

1385 1139 1407 1159 ις
1424 1125 1473 1162 ad
1502 1124 1807 1173 intelligendum,
1828 1132 1865 1162 et
1891 1133 2052 1175 propter
2080 1126 2157 1163 hoc
2189 1125 2329 1164 dicitur
2356 1127 2506 1176 absque

1424 1190 1591 1228 corpore
1618 1178 1735 1216 fuisse
1764 1186 1911 1226 creata;
1941 1186 2095 1228 oportet
2126 1179 2255 1217 dicere
2288 1180 2409 1229 quod,
2438 1193 2505 1218 an-

1424 1240 1587 1282 tequam
1623 1232 1779 1282 corpori
1814 1232 2000 1279 uniretur,
2039 1233 2220 1271 omnium
2257 1233 2508 1272 scientiarum

1424 1286 1603 1324 veritates
1631 1285 1863 1335 intelligebat
1890 1298 1962 1337 per
1989 1286 2170 1336 seipsam.
2201 1287 2324 1335 Quod
2352 1295 2390 1325 et
2421 1288 2505 1326 Pla-

1424 1340 1543 1378 tonici
1571 1347 1848 1378 concesserunt
1866 1340 1896 1386 ²¹²,
1926 1340 2098 1378 dicentes
2130 1341 2243 1388 ideas,
2278 1353 2380 1391 quae
2416 1349 2507 1380 sunt
2533 1350 2543 1359 ·

1384 1411 1410 1426 20
1424 1395 1574 1432 formae
1602 1406 1735 1432 rerum
1764 1393 2015 1442 intelligibiles
2051 1402 2250 1444 separatae
2285 1395 2506 1433 secundum

1425 1448 1595 1486 Platonis
1623 1447 1865 1494 sententiam,
1886 1459 2047 1486 causam
2067 1448 2247 1486 scientiae
2267 1460 2368 1486 esse:
2399 1448 2507 1487 unde

1425 1502 1557 1539 anima
1603 1509 1795 1551 separata,
1837 1513 1930 1539 cum
1978 1502 2131 1540 nullum
2177 1502 2505 1552 impedimentum

1425 1556 1586 1601 adesset,
1618 1555 1790 1605 plenarie
1819 1555 2002 1593 omnium
2034 1555 2285 1594 scientiarum
2320 1555 2503 1605 cognitio·

1426 1621 1518 1647 nem
1547 1609 1771 1659 accipiebat.
1793 1609 1960 1659 Oportet
1978 1608 2092 1658 igitur
2109 1609 2238 1648 dicere
2257 1610 2379 1660 quod,
2408 1609 2505 1648 dum

1385 1679 1409 1699 ις
1426 1662 1582 1712 corpori
1619 1662 1762 1708 unitur,
1797 1674 1890 1700 cum
1925 1662 2147 1700 inveniatur
2180 1663 2375 1712 ignorans,
2411 1662 2507 1702 obli-

1425 1716 1586 1753 vionem
1601 1715 1850 1766 praehabitae
1865 1715 2046 1754 scientiae
2060 1716 2238 1766 patiatur.
2251 1717 2375 1765 Quod
2387 1716 2505 1755 etiam

1427 1769 1613 1807 Platonici
1640 1769 1894 1808 confitentur:
1925 1769 2043 1807 huius
2071 1769 2126 1807 rei
2154 1770 2309 1820 signum
2338 1780 2423 1808 esse
2451 1769 2507 1808 di-

1426 1831 1556 1861 centes
1585 1823 1693 1873 quod
1729 1822 1900 1873 quilibet,
1936 1830 2306 1875 quantumcumque
2344 1823 2505 1873 ignoret,

1427 1877 1602 1914 ordinate
1622 1876 1878 1925 interrogatus
1897 1876 1947 1914 de
1975 1876 2036 1914 his
2054 1889 2158 1926 quae
2185 1876 2226 1915 in
2245 1876 2418 1915 scientiis·
2430 1877 2506 1916 tra'-

295 1939 493 1982 separatae
522 1933 598 1968 hoc
617 1931 871 1968 constitutum
900 1938 966 1976 est,
996 1931 1105 1980 quod
1134 1930 1266 1968 anima
1286 1943 1370 1969 cor·
1387 1941 1413 1961 ³⁰
1426 1930 1584 1977 duntur,
1613 1930 1816 1967 veritatem
1844 1930 2072 1980 respondet;
2102 1929 2212 1977 sicut,
2241 1942 2334 1968 cum
2367 1929 2515 1980 aliquis

294 1985 380 2035 pori
409 1985 574 2030 uniatur,
595 1996 688 2021 cum
715 1985 793 2021 hoc
821 1983 867 2020 sit
895 1983 1098 2033 quoddam
1118 1984 1281 2030 bonum,
1301 1995 1372 2034 per
1427 1983 1506 2020 iam
1535 1982 1655 2020 oblito
1683 1983 1907 2033 aliquorum
1930 1994 2032 2033 quae
2060 1983 2169 2033 prius
2188 1982 2308 2030 scivit,
2337 1982 2514 2023 seriatini

294 2038 471 2076 accidens
514 2037 594 2075 erit.
635 2037 799 2074 Casuale
842 2036 955 2085 igitur
990 2036 1060 2074 fuit
1098 2037 1208 2086 quod
1245 2038 1369 2075 homo
1426 2036 1611 2086 proponit
1639 2048 1685 2074 ea
1713 2048 1816 2086 quae
1834 2036 1943 2087 prius
1970 2036 2095 2075 fuerat
2114 2036 2268 2084 oblitus,
2297 2037 2338 2076 in
2365 2040 2523 2077 eort‘nn>

293 2092 413 2129 fieret.
444 2091 565 2138 Quod
594 2090 752 2139 derogat
779 2090 934 2128 divinae
963 2090 1183 2140 sapientiae,
1213 2091 1262 2128 de
1291 2103 1371 2141 qua
1426 2089 1662 2128 memoriam
1690 2090 1821 2140 ipsum
1850 2090 2010 2128 reducit.
2032 2091 2091 2128 Ex
2111 2103 2192 2141 quo
2221 2091 2339 2130 etiam
2368 2095 2508 2143 sequee

294 2144 442 2191 dicitur,
463 2146 550 2195 Sap.
571 2147 650 2190 xl²¹,
670 2144 779 2194 quod
799 2146 928 2182 omnia
948 2145 986 2181 in
1007 2156 1178 2191 numero,
1199 2145 1372 2194 pondere
1426 2144 1540 2181 batur
1567 2144 1677 2194 quod
1705 2144 1848 2182 discere
1884 2155 1960 2182 non
1994 2150 2085 2182 esset
2112 2145 2218 2183 aliud
2247 2157 2360 2196 quam
2394 2147 2515 2184 renti*

294 2205 327 2236 et
355 2211 532 2235 mensura
561 2199 721 2235 instituit.
1387 2212 1409 2233 ις
1426 2199 1529 2235 nisci.
1550 2219 1576 2224 -
1596 2197 1661 2235 Sic
1688 2197 1803 2246 igitur
1821 2210 1867 2235 ex
1887 2198 1961 2236 hac
1988 2197 2183 2248 positione
2202 2199 2252 2236 de
2281 2197 2507 2238 necessitate

347 2252 489 2289 Adhuc
517 2259 649 2289 autem
668 2259 705 2289 et
733 2252 810 2288 hoc
830 2258 1019 2300 repugnat
1042 2250 1244 2289 manifeste
1264 2254 1369 2302 Apo-

294 2305 448 2343 stolicae
477 2304 685 2342 doctrinae.
715 2301 874 2342 Dicitur'
894 2304 1000 2342 enim
1028 2306 1140 2342 Rom.
1170 2309 1290 2352 1x¹¹’¹²,
1320 2306 1369 2344 de
1426 2304 1695 2354 intelligentiae
1714 2304 2055 2355 impedimentum.
2076 2305 2184 2344 Nulli
2203 2314 2335 2344 autern
2365 2305 2419 2344 rei
2438 2317 2506 2344 na·-

294 2358 407 2396 Iacob
437 2366 472 2396 et
500 2359 617 2404 Esau,
637 2358 757 2407 quod,
778 2370 863 2395 cum
884 2359 1051 2395 nondum
1073 2360 1153 2396 nati
1170 2365 1288 2396 essent
1306 2366 1370 2397 aut
1424 2366 1511 2396 tura
1539 2357 1713 2407 adiungit
1740 2358 1888 2408 aliquid
1914 2366 2076 2410 propter
2093 2359 2203 2409 quod
2230 2372 2302 2398 sua
2330 2359 2515 2410 operatio

295 2412 436 2462 aliquid
462 2414 552 2449 bom·
583 2417 646 2449 aut
682 2412 777 2449 mali
807 2413 978 2462 egissent,
1013 2412 1151 2449 dictum
1185 2418 1237 2450 est
1272 2414 1372 2464 quod
1425 2411 1677 2462 impediatur:
1707 2412 1776 2450 sed
1805 2411 1932 2461 magisv
1957 2424 2004 2451 ea
2031 2424 2103 2463 per
2130 2425 2233 2463 quae
2261 2413 2330 2451 fiat
2361 2425 2505 2452 conve-

294 2467 419 2502 maior
445 2467 576 2502 serviet
604 2466 755 2502 minori.
776 2465 870 2502 Non
899 2465 1022 2514 igitur,
1052 2473 1265 2516 antequam
1293 2467 1370 2504 hoc
1384 2485 1411 2505 40
1425 2464 1603 2504 nientior.
1634 2466 1728 2503 Non
1746 2465 1861 2515 igitur
1879 2466 1949 2504 erit
1968 2466 2064 2504 unio
2084 2466 2259 2517 corporis
2287 2474 2323 2505 et
2350 2465 2505 2506 animae

293 2518 460 2555 verbum
489 2517 690 2564 diceretur,
710 2517 856 2567 aliquid
884 2530 1023 2556 eorum
1052 2519 1206 2557 animae
1234 2532 1370 2570 pecca·
1426 2519 1620 2558 naturalis
1652 2519 1701 2557 Et
1728 2519 1783 2557 sic
1802 2520 1926 2558 homo
1945 2532 2027 2558 non
2048 2520 2119 2558 erit
2138 2531 2199 2559 res
2218 2519 2506 2571 naturalisfnec

294 2579 446 2609 verant:
478 2583 570 2608 cum
598 2580 729 2609 tamen
758 2572 836 2609 hoc
863 2580 951 2622 post
979 2583 1119 2610 eorum
1148 2573 1369 2624 conceptio·
1425 2572 1510 2611 eius
1536 2572 1734 2621 generatio
1769 2573 1965 2612 naturalis.
2002 2574 2116 2626 Quae
2145 2581 2249 2624 patet
2283 2586 2367 2613 esse
2399 2574 2504 2613 falsa:

295 2637 386 2663 nem
414 2625 560 2662 dictum
590 2625 713 2671 fuerit,
741 2633 785 2662 ut
811 2633 915 2675 patet
947 2627 1040 2663 Gen.
1062 2638 1134 2663 xxv
1142 2630 1178 2664 ²³.
1480 2627 1695 2664 Praeterea.
1726 2626 1893 2665 Ultimus
1911 2626 2002 2666 finis
2023 2627 2077 2666 rei
2097 2626 2303 2666 cuiuslibet
2330 2634 2388 2666 est
2410 2624 2508 2667 illud

349 2679 447 2716 Sunt
462 2686 592 2716 autem
608 2691 726 2729 supra
740 2678 770 2725 *,
792 2691 885 2717 cum
904 2679 953 2717 de
973 2679 1217 2718 distinctione
1237 2693 1368 2719 rerum
1426 2680 1475 2718 ad
1504 2680 1614 2731 quod
1642 2692 1703 2718 res
1735 2680 1940 2731 pervenire
1971 2680 2104 2719 nititur
2138 2690 2209 2733 per
2243 2686 2333 2720 suas
2368 2680 2505 2732 operat-

295 2739 480 2781 ageretur,
501 2733 613 2782 plura
641 2740 776 2770 contra
796 2732 974 2782 Origenis
992 2733 1229 2784 positionem
1258 2734 1370 2773 indu·
1385 2749 1409 2770 ις
1425 2734 1562 2772 tiones.
1593 2735 1670 2773 Sed
1699 2744 1771 2785 per
1798 2741 1938 2773 omnes
1964 2734 2142 2786 proprias
2170 2735 2416 2786 operationes
2443 2738 2505 2774 dr*

295 2794 365 2832 cta,
385 2798 486 2836 quae
506 2786 622 2823 etiam
651 2786 715 2824 hic
734 2794 893 2836 possent
921 2787 1079 2825 assumi.
1111 2788 1159 2826 Et
1187 2788 1287 2835 ideo,
1316 2788 1371 2826 eis
1425 2787 1576 2826 dinatas
1595 2796 1633 2826 et
1661 2795 1782 2826 rectas
1810 2788 1935 2827 homo
1954 2788 2160 2839 pervenire
2188 2788 2320 2827 nititur
2337 2788 2379 2827 in
2405 2786 2516 2827 veri*-

294 2839 582 2889 praetermissis,
612 2839 661 2877 ad
690 2840 763 2877 alia
790 2841 1075 2879 transeundum
1104 2849 1171 2879 est.
1426 2842 1511 2879 tatis
1531 2842 1920 2892 contemplationem:
1942 2855 2035 2880 nam
2056 2842 2302 2894 operationes
2314 2842 2510 2883 virtutum

348 2894 455 2930 Item.
481 2893 651 2930 Necesse
676 2901 732 2930 est
754 2893 882 2931 dicere
906 2895 1015 2944 quod
1040 2895 1171 2933 anima
1195 2896 1371 2934 humana
1426 2895 1642 2934 activarum
1661 2903 1752 2933 sunt
1769 2896 1967 2946 quaedam
1985 2894 2301 2947 praeparationes
2320 2903 2359 2935 et
2374 2896 2414 2936 di

296 2953 361 2983 aut
390 2945 556 2994 indigeat
591 2946 786 2984 sensibus:
816 2955 883 2985 aut
911 2960 1003 2986 non.
1040 2948 1205 2987 Videtur
1238 2957 1371 2987 autem
1427 2949 1585 2987 sitiones
1613 2950 1663 2987 ad
1696 2949 1858 2987 virtutes
1892 2949 2227 3000 contemplativas.
2257 2949 2366 2988 Finis
2392 2948 2508 3000 igitur

296 2999 494 3036 manifeste
523 3012 594 3049 per
620 2999 659 3038 id
679 3001 787 3050 quod
808 3001 1041 3051 experimur,
1067 3002 1175 3052 quod
1204 3002 1372 3052 indigeat
1387 3016 1413 3037 ⁵0
1427 3003 1599 3041 hominis
1628 3011 1683 3040 est
1711 3002 1916 3054 pervenire
1936 3004 1986 3042 ad
2008 3003 2380 3054 contemplationem
2403 3002 2505 3042 νεή-

297 3053 487 3090 sensibus:
510 3053 602 3103 quia
622 3054 689 3103 qui
709 3062 811 3091 caret
830 3067 947 3092 sensu
972 3055 1115 3106 aliquo,
1145 3068 1226 3094 non
1256 3057 1372 3094 habet
1427 3056 1523 3094 tatis.
1549 3058 1714 3108 Propter
1736 3058 1813 3095 hoc
1831 3056 1947 3109 igitur
1963 3058 2102 3096 anima*
2120 3065 2178 3096 est
2195 3057 2305 3096 unita
2330 3055 2505 3108 corpori‘:

297 3106 495 3144 scientiam
524 3107 572 3144 de
602 3106 847 3145 sensibilibus
867 3121 968 3158 quae
989 3117 1280 3158 cognoscuntur
1302 3121 1373 3160 per
1427 3110 1537 3160 quod
1556 3118 1614 3148 est
1632 3122 1716 3148 esse
1736 3110 1952 3149 hominem.
1969 3111 2064 3149 Non
2084 3110 2198 3160 igitur
2215 3123 2287 3161 per
2305 3111 2382 3149 hoc
2395 3108 2516 3163 quofl‘

297 3172 455 3197 sensum
484 3159 611 3206 illum;
641 3160 738 3198 sicut
765 3173 903 3200 caecus
932 3169 1045 3200 natus
1073 3163 1221 3200 nullam
1250 3162 1372 3201 scien·
1428 3164 1562 3202 unitur
1580 3163 1747 3215 corpori,
1767 3164 1967 3202 scientiam
1986 3164 2159 3203 habitam
2177 3163 2315 3215 perdit,
2334 3162 2504 3203 sed'rnh'-

297 3212 390 3250 tiam
419 3213 535 3250 habet
563 3226 635 3251 nec
654 3214 799 3264 aliquid
828 3215 999 3264 intelligit
1018 3216 1066 3253 de
1095 3216 1302 3254 coloribus.
1324 3217 1373 3255 Et
1427 3217 1483 3267 gis
1512 3217 1548 3256 ei
1576 3217 1710 3256 unitur
1736 3225 1779 3256 ut
1806 3217 2007 3256 scientiam
2035 3218 2220 3269 acquirat.

298 3274 504 3315 praeterea,
520 3267 551 3304 si
571 3279 651 3305 non
671 3276 761 3305 sunt
780 3269 984 3308 necessarii
1004 3270 1203 3307 humanae
1218 3270 1372 3308 animae
1388 3288 1411 3309 55
1482 3271 1588 3309 Item.
1629 3271 1670 3310 Si
1707 3269 1845 3322 aliquis
1881 3270 2130 3310 scientiarum
2167 3271 2323 3320 ignarus
2357 3269 2407 3308 de
2444 3268 2505 3307 his

1425 2250 1671 2289 concluditur
1697 2251 1807 2301 quod
1834 2251 1931 2289 unio
1959 2251 2134 2302 corporis
2157 2251 2313 2290 animae
2340 2256 2518 2303 praestet·

299 3331 433 3356 sensus
462 3321 510 3358 ad
540 3320 841 3370 intelligendum,
863 3334 943 3360 non
972 3322 1212 3360 inveniretur
1234 3323 1273 3361 in
1302 3324 1371 3362 ho-

299 3372 403 3409 mine
432 3373 569 3423 aliquis
598 3375 695 3412 ordo
724 3375 927 3414 sensitivae
962 3384 999 3413 et
1026 3375 1279 3414 intellectivae
1308 3389 1372 3415 co-

299 3425 487 3472 gnitionis.
519 3427 640 3464 Cuius
669 3429 905 3467 contrarium
934 3429 1172 3480 experimur:
1203 3442 1296 3468 nam
1326 3443 1371 3468 ex

355 3529 386 3555 ¹7
406 3524 475 3556 esse}
495 3524 578 3549 unitas
598 3533 658 3550 esse
678 3526 724 3551 Pd-

302 3556 373 3581 sibus
392 3565 434 3583 om
454 3560 477 3583 b.
569 3559 599 3585 52
621 3560 763 3595 scientiam]
784 3569 891 3587 sensum
912 3563 962 3589 αΧ,

339 3592 386 3632 ,ι3
406 3594 509 3626 organis
525 3599 589 3626 post
606 3597 738 3629 corporeis
757 3597 895 3627 eDNXPc:
917 3605 947 3623 η
965 3598 1064 3624 Non...
1083 3598 1217 3632 corporeis
1236 3605 1279 3623 om
1300 3599 1323 3624 b.

302 3626 493 3666 philosophicae
512 3630 606 3655 EGNY
625 3635 651 3656 et
666 3636 729 3664 post
748 3633 869 3658 scientiae
889 3634 916 3658 Z.

303 3662 484 3695 intelligentiae
503 3666 602 3690 animae
622 3666 675 3694 Pa.-
693 3668 727 3700 cs.
748 3675 806 3693 var.
825 3669 954 3701 praeced.

302 3696 385 3721 tiones
401 3703 463 3729 post
481 3700 610 3725 ordinatas
630 3702 724 3732 otWPc,
744 3707 806 3728 ante
825 3705 942 3736 proprias
963 3705 992 3729 Ε.

800 3525 832 3551 36
851 3527 987 3552 manifeste
1001 3530 1067 3560 post
1085 3514 1216 3552 doctrinae
1235 3527 1381 3554 «DWXPc.

1010 3633 1043 3666 34
1061 3633 1171 3667 discere]
1191 3633 1325 3659 addiscere
1345 3634 1392 3661 Pd-

1045 3677 1078 3701 4²
1099 3669 1174 3700 Quae
1192 3674 1264 3702 patet
1284 3670 1325 3694 Ita
1344 3669 1490 3702 DGNWY;
1514 3669 1593 3701 Quod
1611 3675 1682 3704 patet
1699 3670 1772 3703 (esse
1795 3668 1904 3704 falsum)
1924 3669 1952 3701 Z,
1976 3669 2051 3700 Quae
2069 3674 2159 3703 patent
2177 3670 2268 3696 ceteri.

1085 3705 1117 3730 50
1137 3705 1384 3737 contemplationem
1400 3709 1465 3738 post
1482 3706 1597 3731 veritatis
1616 3705 1763 3731 «DWXPc.

1428 3337 1530 3374 quae
1558 3325 1607 3362 ad
1637 3323 1814 3363 scientias
1841 3324 2034 3375 pertinent
2052 3325 2317 3373 interrogetur,
2346 3334 2427 3361 non
2446 3335 2504 3360 re-

1428 3378 1636 3428 spondebit
1663 3378 1865 3417 veritatem
1895 3378 1967 3416 nisi
2003 3379 2052 3416 de
2086 3375 2372 3416 universalibus
2400 3376 2504 3427 prin-

1428 3431 1547 3482 cipiis,
1568 3444 1669 3482 quae
1698 3433 1828 3470 nullus
1847 3431 2006 3481 ignorat,
2026 3431 2095 3469 sed
2123 3438 2213 3469 sunt
2241 3430 2291 3468 ab
2319 3429 2505 3468 omnibus

1453 3536 1490 3560 44
1508 3529 1541 3554 de
1559 3535 1602 3554 om
1622 3537 1650 3556 α.
1723 3527 1756 3555 50
1775 3527 1922 3561 manifeste]
1941 3533 2068 3561 expresse
2086 3526 2144 3556 NZ;
2168 3534 2202 3561 49
2223 3527 2372 3555 videtur...
2391 3527 2421 3552 51
2443 3534 2505 3552 sen—

1055 3561 1089 3588 56
1108 3562 1275 3595 inveniretur]
1295 3562 1441 3589 invenietur
1458 3564 1487 3594 Z,
1507 3564 1637 3589 Invenitur
1654 3563 1800 3595 DEGNYb,
1818 3563 1867 3589 sed
1885 3563 1908 3588 D
1925 3569 1955 3588 ,ιε
1971 3562 2096 3596 corrigit.

1422 3598 1454 3624 16
1473 3599 1568 3634 dicere]
1588 3600 1637 3625 dici
1657 3600 1704 3626 Pa.

2100 3595 2133 3623 26
2152 3597 2327 3631 praebebit-el
2346 3598 2462 3631 phiale-e
2479 3598 2504 3629 b,

2133 3632 2165 3666 37
2186 3633 2371 3667 intelligentiae
2388 3640 2432 3659 om
2452 3633 2504 3665 ΝΖ,

2357 3669 2391 3701 45
2411 3676 2503 3702 opera-

1801 3597 1834 3624 ¹8
1853 3603 1880 3624 et
1896 3605 1940 3624 οικ
1960 3599 2003 3624 Pc-

1480 3633 1512 3660 36
1531 3635 1642 3669 animae]
1663 3642 1689 3660 et
1706 3635 1808 3660 animae
1827 3633 1942 3663 DEGPc,
1961 3641 2003 3659 om
2023 3633 2048 3659 b.

2531 548 2540 556 ¹
2551 545 2588 567 Cf.
2599 551 2650 573 cap.
2665 551 2746 573 ιιιπ,

2530 572 2573 599 48ι
2584 572 2598 593 b
2607 579 2632 599 4.

2532 973 2541 981 ·
2558 971 2616 1000 Cup.
2630 977 2688 994 ινιι.
