2768 4134
672 285 860 323 SUMMA
889 286 1112 324 CONTRA
1140 286 1414 332 GENTILES,
1445 288 1538 324 LIB.
1560 290 1601 334 II,
1632 289 1743 326 CAP.
1764 291 1929 337 LXXIII,
1949 292 2119 329 LXXIV.

293 371 353 403 per
367 363 600 403 phantasmata,
617 373 693 395 cum
709 365 743 396 in
759 370 918 405 potestate
934 371 1045 396 nostra
1060 366 1100 396 sit
1111 364 1249 396 formare
1265 365 1368 405 phan-

2413 295 2491 343 469

1422 366 1499 396 libet
1518 367 1619 398 homo
1636 370 1755 408 poterit
1779 369 1979 401 considerare
1996 380 2072 411 cum
2088 371 2226 403 voluerit
2241 373 2319 403 scita
2341 373 2491 404 omnium

294 412 429 438 tasmata
452 408 698 439 accommodata
721 409 971 441 considerationi
996 419 1095 450 quam
1118 409 1282 445 volumus,
1306 410 1367 440 nisi
1422 411 1628 442 scientiarum
1653 413 1789 452 (scilicet
1818 413 1956 451 divisim,
1980 425 2050 446 non
2077 421 2187 447 autem
2217 417 2344 457 simul):
2372 418 2492 458 poterit

293 451 375 483 adsit
397 452 668 492 impedimentum
684 462 722 484 ex
738 459 827 494 parte
849 455 961 494 organi
980 455 1072 486 cuius
1096 459 1144 485 est
1165 454 1366 495 phantasma.

261 530 264 532 ,
293 493 391 537 Ergo,
415 506 491 528 curn
515 497 651 537 quilibet
673 497 775 528 homo
799 498 955 539 intelligat
981 507 1039 539 per
1066 498 1268 529 intellectum
1290 507 1367 538 pos-

293 540 419 572 sibilem
443 541 613 572 reductum
637 543 670 572 in
694 547 803 573 actum
827 552 885 582 per
907 543 1033 583 species
1049 543 1273 583 intelligibiles,
1295 543 1367 583 qui-

1422 456 1509 485 enim
1533 460 1564 485 et
1587 456 1666 486 haec
1690 457 1767 486 scita
1792 458 1993 489 considerare
2010 465 2041 489 et
2057 460 2119 496 illa,
2136 461 2219 491 sicut
2242 461 2301 492 sibi
2324 462 2489 502 placuerit.

1421 498 1463 528 Et
1486 499 1532 529 sic
1555 499 1663 529 nullus
1683 500 1839 540 indigeret
1854 501 1987 532 doctore
2004 503 2044 533 ad
2063 505 2296 544 acquirendum
2313 506 2488 537 scientiam.

1421 542 1516 573 Unde
1539 549 1683 573 remanet
1706 544 1793 574 idem
1815 545 2047 577 inconveniens
2072 548 2161 588 quod
2185 550 2282 589 prius.

1364 649 1419 690 ψ.

548 798 1035 855 CAPITULUM
1072 797 1793 855 SEPTUAGESIMUM
1830 799 2235 875 QUARTUM

383 925 469 967 DE
502 926 793 968 OPINIONE
825 926 1199 974 AVICENNAE,
1234 926 1340 978 QUI
1375 926 1597 968 POSUIT
1631 927 1884 968 FORMAS
1918 927 2396 970 INTELLIGIBILES

688 989 818 1030 NON
853 988 1250 1030 CONSERVARI
1283 988 1345 1029 IN
1378 988 1770 1030 INTELLECTU
1804 989 2094 1030 POSSIBILI

356 1127 364 1142 η
380 1128 390 1138 ,
501 1115 686 1140 muteris
705 1114 799 1139 vero
819 1101 1032 1139 rationibus
1051 1101 1210 1139 obviare
1229 1101 1363 1139 viden-

456 1158 486 1185 t.
513 1164 577 1194 tur
603 1167 705 1206 quae
733 1155 934 1192 Avicenna
965 1154 1086 1205 ponit.
1117 1154 1217 1192 Dicit
1245 1155 1361 1200 enim,

414 1226 426 1235 *
514 1209 555 1247 in
583 1221 656 1247 suo
686 1208 783 1246 libro
813 1208 859 1245 de
884 1209 1026 1246 Anima
1040 1208 1071 1254 ²¹²,
1101 1208 1210 1257 quod
1238 1207 1277 1245 in
1306 1208 1361 1245 in-

444 1266 466 1292 2..
514 1263 665 1300 tellectu
692 1261 866 1312 possibili
889 1274 970 1299 non
990 1269 1192 1299 remanent
1215 1261 1362 1311 species

566 1315 640 1354 nisi
668 1315 845 1365 quandiu
873 1322 961 1352 actu
989 1315 1262 1364 intelliguntur.

341 1370 464 1418 Quod
498 1369 660 1420 quidem
697 1381 744 1406 ex
773 1370 851 1406 hoc
883 1369 1050 1418 probare
1085 1368 1228 1413 nititur,
1257 1367 1360 1417 quia,

286 1423 463 1473 quandiu
485 1424 634 1461 formae
658 1423 924 1472 apprehensae
947 1430 1108 1459 manent
1126 1421 1166 1459 in
1190 1421 1362 1471 potentia

287 1476 583 1527 apprehensiva,
603 1483 691 1514 actu
710 1475 1074 1525 apprehenduntur:
1096 1487 1142 1512 ex
1162 1475 1240 1512 hoe
1254 1474 1360 1512 enim

285 1528 331 1566 fit
356 1542 484 1567 sensus
512 1531 549 1567 in
579 1535 676 1575 actu,
705 1528 815 1578 quod
833 1536 890 1566 est
913 1529 1010 1566 idem
1039 1540 1124 1565 cum
1147 1534 1293 1566 sensato
1322 1530 1359 1565 in

286 1589 390 1628 actm·
403 1587 444 1620 etv
453 1582 627 1620 similiter
645 1582 846 1619 intellectus
865 1583 903 1618 in
918 1587 1002 1619 actu
1017 1587 1068 1618 est
1083 1581 1305 1618 intellectum
1321 1583 1358 1618 in

249 1655 257 1688 ς
285 1642 371 1675 actu
385 1635 416 1672 ⁸.
442 1636 556 1674 Unde
583 1634 738 1672 videtur
765 1635 885 1684 quod,
915 1635 1250 1684 quandocumque
1274 1646 1359 1672 sen-

285 1701 352 1727 sus
375 1689 439 1727 vel
466 1688 680 1726 intellectus
703 1695 760 1726 est
786 1688 908 1725 factus
936 1699 1063 1725 unum
1091 1699 1184 1725 cum
1206 1695 1360 1725 sensato

284 1743 348 1780 vel
389 1741 597 1788 intellecto,
636 1741 855 1780 secundum
891 1741 1001 1792 quod
1039 1741 1157 1778 habet
1192 1741 1360 1779 formam

284 1795 416 1846 ipsius,
438 1795 482 1832 fit
507 1794 767 1845 apprehensio
785 1794 826 1832 in
840 1802 928 1832 actu
947 1806 1018 1844 per
1036 1806 1196 1832 sensum
1210 1795 1274 1832 vel
1290 1806 1362 1844 per

284 1848 532 1890 intellectum.
545 1871 570 1876 —
579 1848 690 1886 Vires
704 1855 835 1886 autem
849 1860 951 1898 quae
970 1855 1202 1886 conservant
1215 1848 1361 1885 formas

284 1914 368 1942 non
395 1903 659 1952 apprehensas
677 1901 717 1939 in
735 1909 835 1947 actu,
855 1901 946 1939 dicit
970 1913 1052 1938 non
1070 1912 1154 1938 esse
1173 1900 1274 1938 vires
1292 1913 1359 1950 ap-

283 1955 548 2006 prehensivas,
569 1955 638 1992 sed
665 1955 857 1992 thesauros
875 1956 1050 1992 virtutum
1070 1955 1357 2004 apprehensiva-

285 2020 391 2046 rum.-
421 2008 518 2046 sicut
554 2007 788 2056 imaginatio,
823 2020 923 2057 quae
956 2014 1013 2044 est
1046 2008 1252 2044 thesaurus
1282 2007 1358 2044 for-

285 2073 442 2101 marum
461 2062 797 2112 apprehensamm
815 2073 886 2110 per
903 2072 1079 2106 sensum;
1100 2067 1137 2097 et
1155 2060 1357 2106 memoria,

285 2127 388 2165 quae
401 2122 469 2161 est,
488 2114 709 2152 secundum
723 2114 865 2163 ipsum,
880 2115 1085 2151 thesaurus
1098 2113 1356 2151 intentionum

285 2169 621 2218 apprehensamm
658 2167 807 2217 absque
843 2179 972 2212 sensu,
1010 2166 1108 2204 sicut
1144 2179 1234 2204 cum
1274 2167 1359 2204 ovis

285 2221 542 2272 apprehendit
579 2220 819 2258 inimicitiam
856 2220 950 2269 lupi.
984 2220 1072 2257 Hoc
1104 2228 1235 2258 autem
1269 2232 1359 2257 con-

284 2274 393 2324 tingit
413 2274 643 2312 huiusmodi
667 2273 873 2312 virtutibus
897 2273 1005 2323 quod
1029 2280 1260 2310 conservant
1284 2274 1359 2310 for-

284 2340 371 2369 mas
398 2340 480 2366 non
514 2328 779 2378 apprehensas
813 2334 911 2373 actu,
941 2326 1176 2376 inquantum
1214 2326 1360 2364 habent

284 2381 483 2431 quaedam
501 2393 647 2430 organa
667 2392 867 2431 corporea,
890 2380 929 2418 in
954 2379 1098 2430 quibus
1122 2379 1360 2429 recipiuntur

284 2435 433 2473 formae
461 2434 681 2484 receptione
715 2433 938 2484 propinqua
969 2433 1282 2484 apprehensioni.
1312 2434 1360 2471 Et

284 2495 445 2538 propter
471 2489 560 2533 hoc,
587 2487 709 2525 virtus
737 2486 1033 2537 apprehensiva,
1061 2494 1291 2524 convertens
1319 2499 1359 2524 se

285 2541 336 2579 ad
364 2540 592 2578 huiusmodi
619 2541 834 2587 thesauros,
863 2540 1120 2590 apprehendit
1145 2540 1186 2578 in
1213 2548 1313 2578 actu.
1334 2562 1359 2567 —

287 2594 449 2637 Constat
461 2601 594 2632 autem
608 2595 716 2644 quod
735 2593 946 2632 intellectus
960 2593 1154 2643 possibilis
1169 2602 1225 2631 est
1238 2593 1359 2631 virtus

286 2647 582 2697 apprehensiva‚
597 2655 634 2684 et
651 2648 761 2697 quod
775 2659 857 2685 non
875 2647 992 2685 habet
1011 2659 1203 2695 organum
1221 2659 1358 2697 corpo-

287 2713 413 2738 reum.
434 2701 546 2738 Unde
565 2701 762 2738 concludit
780 2701 889 2750 quod
909 2700 1146 2750 impossibile
1166 2708 1222 2738 est
1250 2701 1359 2750 quod

289 2753 436 2804 species
473 2753 724 2802 intelligibiles
762 2761 1043 2791 conserventur
1084 2753 1124 2791 in
1165 2754 1359 2792 intellectu

287 2807 472 2858 possibili,
501 2807 574 2844 nisi
601 2807 777 2857 quandiu
810 2806 980 2855 intelligit
1006 2814 1106 2844 actu.
1136 2829 1161 2834 —
1195 2808 1360 2857 Oportet

289 2871 380 2909 ergo
409 2860 518 2910 quod
541 2861 604 2897 vel
632 2859 738 2910 ipsae
767 2860 914 2910 species
936 2859 1186 2908 intelligibiles
1205 2873 1359 2898 conser-

1418 1102 1573 1149 talibus,
1593 1111 1683 1140 sunt
1702 1102 1952 1151 intelligibiles
1972 1102 2012 1139 in
2035 1103 2205 1152 potentia
2234 1112 2395 1143 tantum.
2422 1107 2488 1145 Se—

1417 1156 1594 1193 cundum
1609 1164 1742 1194 autem
1756 1163 1812 1194 est
1827 1156 1961 1205 opinio
1977 1156 2157 1202 Platonis,
2172 1170 2292 1206 quam
2308 1160 2488 1208 reprobat

1417 1209 1648 1255 Aristoteles,
1669 1210 1710 1247 in
1733 1210 1998 1259 Metaphysica
2018 1222 2087 1247 sua
2101 1210 2131 1246 ³¹².
2158 1211 2269 1248 Unde
2293 1213 2488 1251 concludit
2516 1219 2729 1275 gcgh'i'b·u¹1⁵g³2;

1415 1262 1588 1300 tertium:
1617 1263 1726 1313 quod
1755 1263 2088 1312 quandocumque
2116 1263 2359 1312 intelligimus
2386 1274 2485 1313 actu,

1416 1315 1546 1353 fluunt
1573 1315 1721 1366 species
1748 1315 1999 1364 intelligibiles
2031 1315 2071 1353 in
2103 1315 2338 1355 intellectum
2364 1319 2485 1368 possi7

1415 1369 1535 1407 bilem
1561 1378 1741 1407 nostrum
1769 1369 1819 1407 ab
1847 1368 2039 1406 intellectu
2066 1378 2211 1418 agente,
2234 1384 2354 1420 quem
2377 1373 2486 1421 ponit

1415 1422 1498 1472 ipse
1526 1423 1727 1473 quandam
1755 1422 2007 1460 substantiam
2036 1431 2263 1472 separatam.

1470 1475 1511 1514 Si
1530 1488 1625 1514 vero
1653 1475 1791 1526 aliquis
1811 1475 1964 1513 obiiciat
1992 1484 2125 1513 contra
2144 1489 2236 1514 eum
2264 1479 2373 1527 quod
2391 1486 2485 1516 tunc

1415 1541 1496 1567 non
1526 1538 1581 1567 est
1610 1529 1826 1567 differentia
1861 1529 1959 1566 inter
1993 1529 2197 1567 hominem
2230 1543 2323 1568 cum
2356 1531 2484 1581 primo

1376 1602 1401 1616 ιο
1415 1582 1586 1630 addiscit,
1615 1591 1652 1620 et
1675 1595 1767 1620 cum
1795 1583 2050 1633 postmodum
2069 1583 2151 1620 vult
2178 1584 2421 1622 considerare
2445 1585 2485 1622 in

1415 1644 1503 1674 actu
1538 1648 1639 1686 quae
1674 1636 1782 1686 prius
1817 1635 1962 1674 didicit:
1992 1637 2200 1685 respondet
2236 1637 2343 1686 quod
2379 1638 2485 1675 addi-

1415 1701 1520 1727 scere
1553 1689 1650 1727 nihil
1676 1690 1781 1728 aliud
1815 1698 1871 1727 est
1899 1701 2019 1739 quam
2054 1691 2250 1739 acquirere
2276 1691 2484 1740 perfectam

1415 1744 1668 1781 habitudinem
1696 1743 1953 1794 coniungendi
1984 1755 2024 1780 se
2060 1744 2323 1793 intelligentiae
2359 1746 2488 1794 agenti

1415 1797 1467 1834 ad
1492 1798 1746 1847 recipiendum
1775 1799 1823 1834 ab
1851 1809 1896 1834 eo
1917 1797 2095 1845 sormam
2128 1797 2406 1847 intelligibilem.
2437 1798 2486 1835 Et

1376 1866 1398 1885 ις
1415 1849 1504 1887 ideo
1523 1858 1611 1888 ante
1640 1850 1838 1888 addiscere
1857 1856 1913 1887 est
1931 1849 2039 1886 nuda
2065 1849 2238 1899 potentia
2260 1850 2300 1887 in
2324 1851 2484 1888 homine

1414 1903 1464 1940 ad
1492 1905 1608 1940 talem
1637 1903 1916 1952 receptionem:
1946 1902 2144 1939 addiscere
2171 1915 2267 1940 vero
2301 1911 2355 1940 est
2387 1903 2484 1942 sicut

1409 1958 1575 2006 potentia
1602 1957 1790 2006 adaptata.

1468 2009 1628 2046 Videtur
1656 2008 1771 2046 etiam
1800 2008 1890 2046 huic
1917 2007 2098 2057 positioni
2127 2019 2342 2045 consonare
2374 2008 2482 2058 quod

1413 2061 1644 2108 Aristoteles,
1672 2061 1711 2099 in
1739 2061 1837 2099 libro
1866 2063 1911 2099 de
1937 2063 2131 2098 Memoria
2148 2060 2179 2106 ⁹¹⁵,
2208 2061 2374 2098 ostendit
2401 2073 2482 2098 me·
2508 2098 2513 2119 Ι

1413 2115 1580 2153 moriam
1617 2127 1698 2152 non
1736 2127 1819 2152 esse
1851 2114 1891 2152 in
1926 2122 2032 2164 parte
2070 2113 2308 2160 intellectiva,
2342 2114 2409 2152 sed
2442 2114 2481 2151 in
2518 2113 2523 2119 '
2548 2113 2554 2119 ”

1413 2177 1520 2218 parte
1557 2169 1710 2206 animae
1748 2168 1939 2206 sensitiva.
1980 2168 2040 2205 Ex
2073 2180 2154 2216 quo
2187 2166 2340 2204 videtur
2373 2168 2481 2217 quod

1413 2222 1656 2260 conservatio
1685 2222 1904 2271 specierum
1936 2220 2227 2268 intelligibilium
2259 2233 2341 2258 non
2368 2221 2481 2270 perti-

1414 2283 1503 2312 neat
1531 2276 1580 2312 ad
1608 2282 1759 2325 partem
1787 2273 2070 2312 intellectivam.

1469 2328 1547 2366 Sed
1585 2328 1615 2365 si
1653 2327 1852 2376 diligenter
1888 2327 2167 2373 consideretur,
2201 2326 2298 2363 haec
2323 2327 2482 2376 positio,

1374 2396 1398 2416 ις
1414 2390 1606 2431 quantum
1629 2382 1679 2419 ad
1703 2381 1902 2429 originem,
1928 2393 2070 2430 parum
2097 2387 2163 2416 aut
2190 2379 2285 2416 nihil
2312 2379 2439 2417 differt
2461 2393 2484 2417 a

1414 2435 1606 2485 positione
1634 2434 1816 2472 Platonis.
1841 2434 1976 2471 Posuit
2004 2433 2110 2471 enim
2129 2434 2237 2470 Plato
2265 2433 2408 2470 formas
2428 2433 2483 2470 in-

1413 2488 1624 2537 telligibiles
1651 2500 1734 2525 esse
1763 2488 1955 2537 quasdam
1983 2486 2213 2524 substantias
2238 2494 2442 2536 separatas,
2461 2499 2484 2524 a

1414 2541 1557 2591 quibus
1592 2541 1749 2578 scientia
1782 2541 1929 2578 fluebat
1956 2540 1995 2577 in
2033 2539 2182 2577 animas
2210 2547 2370 2577 nostras.
2410 2539 2484 2577 Hic

1414 2603 1546 2633 autem
1564 2594 1675 2644 ponit
1692 2594 1741 2632 ab
1761 2606 1840 2631 una
1865 2593 2076 2631 substantia
2103 2600 2288 2642 separata,
2308 2605 2408 2641 quae
2428 2601 2484 2630 est

1413 2648 1624 2686 intellectus
1652 2660 1769 2696 agens
1796 2647 2014 2684 secundum
2042 2646 2182 2696 ipsum,
2215 2645 2414 2683 scientiam
2443 2646 2483 2683 in

1414 2702 1564 2740 animas
1591 2709 1741 2739 nostras
1768 2700 1902 2738 fluere.
1929 2701 2022 2738 Non
2047 2707 2178 2737 autem
2204 2699 2340 2745 differt,
2361 2711 2482 2748 quan-

1413 2763 1499 2793 tum
1527 2755 1577 2792 ad
1605 2754 1772 2792 modum
1791 2753 2016 2803 acquirendi
2045 2752 2253 2798 scientiam,
2282 2760 2414 2789 utrum
2433 2752 2482 2789 ab

1413 2821 1493 2846 una
1512 2809 1574 2845 vel
1597 2807 1773 2858 pluribus
1792 2807 2012 2844 substantiis
2031 2806 2213 2855 separatis
2237 2805 2394 2842 scientia
2413 2817 2482 2843 no-

1415 2870 1491 2899 stra
1531 2869 1727 2910 causetur:
1766 2860 1972 2910 utrobique
2015 2859 2119 2897 enim
2157 2866 2340 2908 sequetur
2375 2858 2483 2907 quod

288 2921 430 2951 ventur
456 2913 497 2951 in
519 2913 651 2964 aliquo
675 2925 822 2962 organo
850 2925 1052 2962 corporeo,
1072 2913 1153 2951 sive
1172 2913 1214 2951 in
1231 2914 1361 2964 aliqua
1375 2929 1399 2951 ες
1415 2914 1572 2952 scientia
1590 2922 1721 2952 nostra
1740 2926 1821 2951 non
1845 2921 2025 2951 causetur
2043 2926 2066 2950 a
2085 2911 2338 2949 sensibilibus.
2361 2911 2482 2948 Cuius

288 2967 429 3004 virtute
449 2967 616 3004 habente
635 2978 827 3015 organum
853 2978 1104 3015 corporeum;
1125 2968 1187 3004 vel
1209 2975 1362 3016 oportet

289 3020 399 3070 quod
426 3020 573 3057 formae
602 3019 852 3068 intelligibiles
879 3019 954 3056 sint
981 3031 1052 3068 per
1078 3032 1119 3056 se
1147 3020 1360 3066 existentes,

289 3074 339 3111 ad
368 3086 466 3123 quas
494 3080 742 3122 comparetur
769 3072 980 3110 intellectus
1007 3072 1200 3122 possibilis
1232 3081 1364 3111 noster

290 3127 388 3164 sicut
416 3128 620 3177 speculum
640 3126 688 3163 ad
715 3137 775 3162 res
795 3138 896 3175 quae
918 3125 1101 3163 videntur
1125 3126 1166 3163 in
1185 3128 1361 3176 speculo3

1415 2968 1654 3006 contrarium
1678 2975 1837 3017 apparet
1860 2979 1931 3016 per
1958 2968 2035 3003 hoc
2063 2965 2169 3015 quod
2198 2965 2265 3014 qui
2289 2972 2391 3002 caret
2418 2965 2483 3001 ali-

1416 3034 1497 3071 quo
1521 3034 1649 3067 sensu,
1669 3029 1771 3058 caret
1790 3020 1946 3057 scientia
1964 3018 2202 3056 sensibilium
2222 3030 2322 3067 quae
2341 3029 2482 3065 cogno-

1416 3082 1577 3112 scuntur
1603 3087 1674 3124 per
1702 3086 1862 3111 sensum
1890 3073 2010 3110 illum.

1470 3127 1608 3165 Dicere
1637 3135 1769 3165 autem
1798 3126 1906 3176 quod
1933 3138 2003 3175 per
2034 3126 2111 3162 hoc
2139 3124 2245 3172 quod
2274 3123 2483 3160 intellectus

289 3181 353 3218 vel
381 3187 533 3230 oportet
567 3179 676 3229 quod
711 3179 858 3228 species
894 3178 1144 3227 intelligibiles
1171 3179 1296 3217 fluant
1323 3180 1363 3217 in
1377 3200 1404 3220 ⁴0
1417 3180 1609 3230 possibilis
1628 3180 1779 3230 inspicit
1798 3179 2003 3227 singularia
2022 3190 2122 3228 quae
2142 3185 2231 3214 sunt
2249 3176 2288 3213 in
2303 3176 2484 3224 imagina-

290 3234 527 3271 intellectum
554 3232 780 3282 possibilem
808 3233 856 3269 de
875 3244 981 3269 novo
1001 3232 1050 3269 ab
1073 3231 1205 3282 aliquo
1228 3241 1363 3282 agente

291 3295 480 3337 separato,
509 3286 842 3336 quandocumque
866 3293 953 3323 actu
979 3285 1160 3333 intelligit.
1185 3286 1364 3323 Primum

291 3348 424 3377 autem
443 3341 588 3378 horum
606 3339 725 3377 trium
745 3347 801 3376 est
819 3338 1071 3389 impossibile:
1101 3339 1194 3388 quia
1217 3340 1364 3376 formae

292 3393 494 3431 existentes
526 3393 567 3431 in
599 3392 779 3443 potentiis
812 3392 1008 3429 utentibus
1043 3391 1196 3440 organis
1227 3404 1365 3442 corpo-

347 3531 359 3550 ι
381 3524 454 3558 vei-ol
474 3529 562 3550 autem
581 3525 725 3550 anwxpc.

292 3560 382 3593 doque
398 3561 490 3586 ceteri.
563 3567 595 3586 12
613 3561 697 3586 factus
716 3561 759 3586 lta
776 3560 847 3591 DPc;
867 3559 964 3585 factum
981 3559 1071 3584 ceteri.

294 3596 367 3628 quod
386 3597 531 3622 secundum
550 3595 600 3621 hoc
611 3596 690 3621 habet
701 3596 734 3627 D,
753 3596 898 3621 secundum
917 3595 967 3620 hoc
979 3595 1050 3627 quod
1068 3594 1148 3619 habet
1166 3594 1272 3619 Ebec.

817 3532 833 3558 9
852 3524 924 3557 quod
943 3528 1025 3548 est...
1044 3528 1102 3548 netu
1120 3523 1182 3547 hom
1201 3530 1244 3548 om
1264 3523 1307 3548 Pe.

1417 3233 1533 3279 tione,
1553 3233 1761 3271 illustratur
1778 3235 1863 3271 luce
1892 3230 2158 3280 intelligentiae
2186 3229 2329 3278 agentis
2352 3229 2401 3266 ad
2420 3241 2484 3266 co-

1417 3287 1686 3335 gnoscendum
1714 3286 1946 3330 universale;
1973 3293 2009 3322 et
2027 3284 2135 3333 quod
2154 3283 2323 3320 actiones
2341 3282 2485 3319 virium

1419 3340 1656 3386 inferiorum,
1681 3339 1821 3377 scilicet
1848 3337 2130 3386 imaginationis
2152 3344 2189 3373 et
2207 3335 2484 3372 memorativae

1419 3401 1456 3429 et
1484 3393 1720 3442 cogitativae‚
1741 3399 1830 3429 sunt
1848 3398 2020 3440 aptantes
2040 3389 2212 3427 animam
2231 3389 2278 3425 ad
2300 3388 2485 3438 recipien-

1395 3530 1424 3548 ιι
1446 3524 1668 3556 quandocumque
1687 3523 1730 3548 lta
1747 3521 1917 3551 DNWsBPc;
1936 3525 2178 3553 quantumcumque
2189 3519 2219 3549 Z,
2237 3520 2342 3552 quando
2361 3520 2385 3551 b,
2403 3528 2486 3553 quan-

1145 3558 1177 3583 13
1197 3559 1342 3583 secundum
1360 3559 1432 3591 quod
1450 3559 1529 3584 habet
1548 3559 1590 3584 Ita
1609 3559 1689 3589 BGZ;
1707 3558 1853 3582 secundum
1871 3557 1943 3589 quod
1956 3556 2005 3581 hoc
2023 3556 2101 3580 habet
2112 3555 2239 3580 CFNWY
2252 3558 2280 3580 et
2291 3555 2350 3581 sine
2362 3555 2442 3580 habet
2453 3556 2487 3586 H,

1346 3601 1379 3618 20
1398 3602 1467 3626 quae
1485 3599 1526 3619 est
1544 3595 1689 3619 secundum
1708 3594 1796 3626 ipsum
1815 3592 1859 3617 Ita
1876 3591 1952 3622 YZb;
1971 3591 2117 3616 secundum
2135 3591 2223 3623 ipsum
2242 3598 2309 3623 quae
2327 3597 2368 3617 est
2385 3590 2487 3616 aowx

292 3634 322 3656 et
338 3631 435 3657 addito
453 3632 584 3657 secundus
603 3632 646 3663 Pe,
666 3639 734 3665 quae
752 3637 793 3657 est
810 3631 941 3656 secundus
954 3630 986 3662 G,
1005 3638 1073 3663 quae
1091 3634 1131 3654 est
1150 3637 1244 3654 sensus
1264 3629 1294 3659 E,
1313 3636 1381 3662 quae
1399 3635 1440 3654 est
1458 3630 1489 3655 N.

350 3666 383 3692 18
402 3667 533 3700 positioni}
552 3667 668 3700 opinioni
688 3668 730 3693 Ρε.

823 3666 855 3692 33
875 3666 981 3691 scientia
995 3669 1060 3698 post
1077 3670 1200 3690 causetur
1217 3664 1342 3696 eWXPc3
1360 3665 1468 3690 scientia
1484 3669 1573 3690 nostra
1591 3672 1634 3690 om
1654 3664 1678 3690 b.

1768 3669 1799 3694 41
1822 3661 2012 3695 intelligentiae]
2031 3661 2178 3687 intellectus
2197 3661 2357 3688 EGNYZPc.

2509 2072 2518 2081 ·
2532 2071 2658 2098 Cap.1;s.
2702 2079 2719 2095 ι.
