2768 4134
48 376 58 387 *
73 375 110 398 Cf.
126 375 174 397 init.
193 375 263 397 Com-

48 405 120 424 ment.

293 291 367 339 372
709 288 897 334 SUMMA
926 286 1148 323 CONTRA
1177 285 1452 331 GENTILES,
1481 286 1577 322 LIB.
1598 287 1639 331 ΙΙ,
1670 286 1781 323 CAP.
1807 288 1940 333 XLIV,
1961 288 2078 325 XLV.

344 370 397 400 VI.
412 369 579 407 Quantum
596 366 636 397 ad
651 367 782 396 tertium
794 366 821 402 *,
838 365 945 405 inquit
961 365 1097 395 Sanctus
1110 364 1256 394 Thomas
1272 362 1363 403 quod
1386 363 1390 427 Ι
1472 363 1718 395 Advertendum
1742 364 1833 405 quod
1855 374 1914 405 per
1934 375 1972 396 ea
1987 375 2071 406 quae
2086 367 2140 397 hic
2156 366 2233 398 dicit
2248 367 2384 399 Sanctus
2400 369 2492 399 Tho-

290 414 404 444 erravit
427 412 583 452 Origenes
611 420 650 441 ex
677 410 816 440 duobus.
848 409 969 445 Primo,
994 410 1071 449 quia
1101 417 1169 438 non
1193 407 1364 448 perpendit
1415 417 1495 444 ωας,
1520 408 1603 439 duae
1626 409 1767 439 rationes
1791 408 1941 450 Origenis
1963 410 2144 447 solvuntur,
2161 411 2279 451 quibus
2302 413 2493 444 ostendebat

288 467 356 488 non
373 466 441 487 esse
455 455 645 486 iniustitiam
661 455 687 485 si
703 454 885 494 inaequalia
901 453 1015 484 damus
1031 454 1152 492 absque
1171 453 1363 483 meritorum
1415 453 1523 492 primo
1546 452 1656 483 Deum
1679 462 1795 483 omnes
1818 459 1979 484 creaturas
2003 454 2154 494 aequales
2177 455 2369 487 condidisse.
2385 457 2493 488 Prima

288 502 477 536 diversitate,
502 499 634 539 quando
658 508 727 529 non
751 508 789 528 ex
813 498 934 534 debito,
958 497 1015 528 sed
1041 498 1211 528 liberaliter
1237 496 1361 526 damus».
1415 502 1492 533 erat,
1508 497 1585 537 quia
1600 497 1746 537 alioquin
1770 497 1859 528 Deus
1883 497 1996 529 fuisset
2017 499 2166 535 iniustus,
2183 499 2291 530 dando
2310 501 2493 542 inaequalia

287 546 329 576 Et
344 546 388 575 sic
404 554 473 575 non
495 545 642 584 sequitur
665 544 772 574 Deum
792 543 950 573 iniustum
966 552 1034 573 esse
1051 542 1076 572 si
1093 546 1252 572 creaturas
1274 540 1362 570 inae-
1415 541 1453 571 iis
1468 542 1502 571 in
1519 541 1638 581 quibus
1653 542 1743 572 nulla
1763 548 1830 573 erat
1852 543 2063 584 inaequalitas
2087 544 2287 574 meritorum.
2304 559 2328 566 -
2343 544 2493 576 Secunda

288 590 398 630 quales
422 588 590 629 produxit:
617 597 693 618 cum
717 597 784 618 non
809 597 847 617 ex
871 587 981 627 aliquo
1006 586 1126 622 debito,
1144 585 1200 616 sed
1219 595 1257 615 ex
1273 594 1362 614 mera
1416 590 1492 622 erat,
1509 586 1586 626 quia
1601 586 1719 626 optimi
1743 592 1789 617 est
1813 588 1938 628 optima
1961 587 2077 619 facere.
2102 588 2191 618 Deus
2215 593 2324 619 autem
2344 594 2392 619 est
2407 589 2492 629 opti-

286 634 473 665 liberalitate
497 643 546 664 res
569 633 602 663 in
628 641 697 663 esse
720 631 918 672 produxerit.
1414 639 1498 660 mus·
1515 630 1558 661 Et
1573 631 1618 661 sic
1634 631 1830 671 sequebatur
1845 631 1937 672 quod
1953 633 2064 663 omnia
2087 631 2199 663 fecerit
2214 633 2348 673 optima.
2373 633 2415 664 Et
2434 642 2493 674 per

342 677 505 714 Secundo,
529 678 605 718 quia
627 686 696 707 non
720 676 934 707 consideravit
957 674 1048 715 quod
1071 674 1188 704 Factor
1212 674 1362 704 omnium
1416 684 1621 715 consequens
1645 675 1802 716 aequalia.

285 732 404 759 rerum,
429 723 527 758 Deus,
552 731 621 752 non
644 721 763 752 faceret
786 726 894 751 totum
912 720 1100 750 universum
1115 719 1150 748 in
1166 727 1227 748 suo
1243 727 1362 758 genere
1470 718 1523 749 Ad
1546 720 1685 760 primam
1708 725 1797 760 patet
1819 721 1989 761 responsio
2013 730 2072 761 per
2093 722 2237 762 primum
2261 721 2394 753 dictum.
2415 722 2493 752 Non

286 768 459 808 optimum,
472 767 499 797 si
515 765 634 797 faceret
649 775 765 796 omnes
781 766 850 796 eius
866 770 971 805 partes
987 763 1148 803 aequales.
1161 762 1258 793 Multi
1273 763 1361 793 en'un
1415 764 1503 794 enim
1527 769 1575 794 est
1597 764 1752 795 iniustitia
1775 764 1832 795 ubi
1861 765 1984 805 aliquid
2014 765 2107 796 datur
2129 776 2198 797 non
2222 776 2261 797 ex
2284 767 2412 803 merito,
2435 766 2494 797 sed

284 811 401 852 gradus
424 812 576 842 bonitatis
599 812 633 842 in
655 811 807 841 universo
832 809 995 840 deessent:
1020 814 1052 838 et
1074 808 1120 837 sic
1144 813 1227 838 esset
1242 808 1362 847 imper·
1415 817 1454 838 ex
1476 817 1567 839 mera
1589 808 1786 846 liberalitate,
1803 810 1887 840 sicut
1905 809 1995 840 Deus
2017 819 2068 840 res
2090 810 2253 850 produxit.
2269 828 2293 834 -
2307 810 2360 841 Ad
2375 820 2491 842 secun-

285 855 418 886 fectum.
443 856 531 887 Cum
555 861 664 886 autem
687 856 812 885 bonum
837 854 936 884 totius
959 853 999 882 sit
1022 852 1138 882 melius
1169 852 1258 882 bono
1289 861 1360 892 par·
1414 851 1489 883 dam
1504 862 1582 883 vero
1598 862 1657 893 per
1673 852 1855 884 secundum
1871 853 1995 885 dictum
2014 854 2239 894 respondetur.
2256 855 2383 896 Optimi
2404 856 2492 886 enim

284 902 368 931 tium
384 901 592 941 singularum,
612 910 679 930 non
697 905 744 930 est
760 899 876 939 optimi
892 897 1021 927 factoris
1037 896 1218 927 diminuere
1233 897 1360 927 bonum
1414 902 1462 927 est
1485 898 1609 938 optima
1633 897 1738 928 facere
1762 897 1873 938 quoad
1888 904 1994 939 partes
2009 899 2120 935 totius,
2137 908 2206 930 non
2221 899 2418 940 simpliciter,
2435 899 2492 931 sed

285 946 385 976 totius
410 950 445 975 ut
469 945 649 985 aliquarum
672 945 811 984 partium
828 947 943 982 augeat
958 942 1148 972 bonitatem.
1173 941 1361 972 Declaratur
1414 941 1596 972 secundum
1619 942 1711 982 quod
1733 942 1927 983 perfectioni
1949 943 2049 974 totius
2074 944 2233 984 congruit.

286 990 436 1030 exemplo
461 989 702 1020 domificatoris.

554 1234 1037 1290 CAPITULUM
1076 1234 1805 1311 QUADRAGESIMUM
1842 1234 2039 1312 QUIN
2041 1233 2223 1291 TUM

661 1355 833 1408 QUAE
858 1354 952 1396 SIT
975 1355 1166 1396 PRIMA
1190 1354 1399 1396 CAUSA
1422 1353 1874 1395 DISTINCTIONIS
1897 1354 2115 1396 RERUM

1018 1417 1362 1459 SECUNDUM
1395 1416 1760 1457 VERITATEM

513 1583 559 1621 sit
569 1595 660 1620 vere
675 1583 802 1633 prima
813 1583 1066 1621 distinctionis
1081 1595 1213 1621 rerum
1228 1595 1356 1621 causa.
1414 1589 1706 1632 consequantur
1732 1594 1803 1632 per
1831 1583 1953 1619 multa
1981 1594 2103 1642 quam
2131 1594 2203 1632 per
2229 1593 2369 1620 unum.

555 1637 659 1674 Cum
674 1636 780 1674 enim
790 1649 909 1674 omne
924 1648 1041 1685 agens
1056 1637 1229 1674 intendat
1243 1648 1358 1674 suam
1468 1636 1621 1673 Adhuc.
1661 1635 1821 1682 Quanto
1857 1635 2004 1685 aliquid
2041 1635 2081 1672 in
2116 1634 2294 1685 pluribus
2322 1642 2378 1672 est
2405 1635 2492 1673 Deo

437 1723 440 1725 .
466 1708 470 1711 *
514 1689 835 1727 similitudinem
827 1702 866 1727 m
886 1690 1070 1727 effectum
1095 1689 1280 1727 inducere
1300 1701 1358 1727 se·
1414 1687 1549 1735 simile,
1579 1695 1686 1726 tanto
1714 1687 1918 1738 perfectius
1938 1689 1988 1727 ad
2007 1687 2091 1725 eius
2119 1688 2412 1726 similitudinem
2430 1700 2492 1727 ac-

285 1720 462 1781 cundum
490 1744 599 1792 quod
628 1743 786 1780 effectus
815 1755 953 1793 capere
981 1751 1118 1793 potest,
1146 1750 1253 1780 tanto
1282 1744 1359 1780 hoc
1381 1759 1390 1780 5
1415 1742 1525 1780 cedit.
1555 1743 1598 1779 In
1626 1742 1712 1779 Deo
1741 1749 1874 1779 autem
1903 1749 1959 1779 est
1986 1741 2150 1788 bonitas,
2170 1752 2208 1779 et
2235 1741 2393 1780 diffusio
2421 1741 2492 1779 bo-

286 1797 360 1845 agit
379 1797 582 1846 perfectius
602 1804 748 1846 quanto
777 1808 894 1845 agens
922 1796 1126 1846 perfectius
1155 1804 1226 1833 est:
1256 1803 1359 1846 patet
1415 1795 1541 1833 nitatis
1569 1795 1609 1832 in
1638 1795 1721 1832 alia.
1752 1795 1960 1833 Perfectius
1988 1795 2102 1844 igitur
2121 1795 2268 1833 accedit
2286 1807 2346 1832 res
2366 1802 2494 1834 creata

286 1850 391 1888 enim
412 1851 521 1900 quod
539 1858 686 1900 quanto
715 1849 860 1899 aliquid
880 1858 936 1887 est
955 1849 1126 1896 calidius,
1147 1857 1253 1887 tanto
1273 1849 1360 1887 facit
1415 1849 1465 1886 ad
1493 1848 1566 1886 Dei
1594 1848 1887 1886 similitudinem
1915 1848 1947 1886 si
1975 1860 2057 1886 non
2077 1850 2206 1886 solum
2224 1848 2330 1886 bona
2349 1855 2406 1886 est
2424 1849 2493 1887 sed

285 1903 407 1952 magis
435 1903 621 1949 calidum;
651 1911 688 1940 et
715 1911 862 1953 quanto
891 1911 947 1940 est
975 1902 1112 1952 aliquis
1136 1903 1274 1940 melior
1301 1915 1360 1939 ar-
1416 1902 1533 1939 etiam
1561 1901 1611 1939 ad
1638 1901 1853 1939 bonitatem
1881 1901 2048 1939 aliorum
2077 1913 2189 1950 agere
2213 1909 2350 1951 potest,
2370 1915 2494 1952 quam

284 1956 382 2002 tifex,
402 1958 570 1994 formam
589 1956 677 1993 artis
696 1956 900 2005 perfectius
919 1956 1067 1993 inducit
1084 1955 1124 1992 in
1143 1955 1358 1993 materiam.
1416 1955 1447 1992 si
1475 1956 1605 1993 solum
1623 1953 1664 1991 in
1684 1967 1725 1992 se
1753 1954 1859 1991 bona
1886 1962 2003 1992 esset:
2034 1954 2132 1992 sicut
2158 1954 2322 1992 similius
2341 1963 2397 1992 est
2422 1955 2494 1994 soli

284 2010 392 2046 Deus
415 2017 547 2046 autem
571 2017 627 2046 est
648 2009 971 2059 perfectissimum
993 2021 1122 2058 agens.
1147 2009 1270 2046 Suam
1293 2008 1359 2056 igi-
1376 2029 1401 2043 ιο
1415 2008 1524 2058 quod
1543 2009 1645 2045 lucet
1664 2015 1702 2045 et
1720 2007 1911 2045 illuminat
1929 2020 2051 2058 quam
2070 2008 2179 2058 quod
2207 2009 2309 2046 lucet
2326 2015 2492 2046 tantum.

283 2070 346 2099 tur
374 2062 665 2099 similitudinem
687 2062 727 2099 in
747 2062 863 2099 rebus
887 2062 1022 2099 creatis
1046 2062 1095 2099 ad
1118 2062 1250 2099 Deum
1272 2073 1359 2111 per·
1415 2063 1509 2099 Non
1529 2069 1661 2099 autem
1680 2068 1811 2111 posset
1830 2069 2004 2099 creatura
2023 2062 2073 2099 ad
2097 2060 2310 2100 bonitatem
2338 2061 2493 2101 alterius

282 2115 427 2152 tinebat
456 2116 638 2153 inducere
668 2115 953 2166 perfectissime,
976 2122 1170 2165 quantum
1198 2122 1359 2152 naturae
1415 2123 1612 2153 creaturae
1642 2126 1754 2164 agere
1783 2113 1856 2152 nisi
1884 2123 1983 2152 esset
2011 2114 2051 2152 in
2075 2115 2192 2153 rebus
2210 2114 2346 2153 creatis
2364 2117 2493 2166 plura-

283 2177 431 2206 creatae
465 2169 658 2206 convenit.
690 2168 768 2207 Sed
795 2168 1005 2219 perfectam
1038 2168 1112 2206 Dei
1144 2167 1359 2206 similitudi·
1415 2169 1498 2206 litas
1527 2177 1564 2206 et
1591 2167 1865 2218 inaequalitas:
1895 2167 1988 2218 quia
2016 2180 2134 2217 agens
2162 2176 2219 2206 est
2245 2168 2352 2207 aliud
2379 2181 2403 2207 a
2425 2181 2493 2220 pa-

284 2234 376 2259 nem
396 2234 476 2259 non
495 2230 659 2272 possunt
679 2222 867 2272 consequi
887 2234 947 2259 res
965 2230 1115 2260 creatae
1139 2222 1359 2259 secundum
1414 2221 1542 2268 tiente,
1572 2227 1605 2259 et
1639 2222 1896 2260 honorabilius
1932 2235 1977 2260 eo
1995 2221 2027 2259 *.
2064 2222 2248 2272 Oportuit
2283 2222 2413 2272 igitur,
2442 2223 2494 2262 ad
2520 2227 2531 2236 ·

284 2287 406 2313 unam
426 2278 549 2313 solam
569 2275 741 2326 speciem
760 2283 976 2314 creaturae:
1006 2275 1109 2325 quia,
1130 2287 1222 2313 cum
1242 2287 1359 2312 causa
1376 2295 1398 2314 ις
1416 2277 1492 2313 hoc
1511 2275 1620 2325 quod
1649 2275 1689 2312 in
1717 2274 1901 2313 creaturis
1919 2282 2019 2313 esset
2036 2276 2204 2325 perfecta
2222 2275 2295 2313 Dei
2319 2275 2492 2323 imitatio,

284 2330 442 2366 excedat
471 2330 669 2375 effectum,
699 2329 808 2380 quod
836 2337 892 2366 est
920 2329 960 2366 in
993 2341 1110 2366 causa
1138 2328 1361 2379 simpliciter
1415 2329 1524 2379 quod
1552 2328 1695 2366 diversi
1722 2329 1865 2378 gradus
1893 2328 1933 2366 in
1957 2328 2140 2367 creaturis
2159 2328 2438 2367 invenirentur.

284 2390 321 2419 et
348 2382 465 2429 unite,
495 2382 535 2420 in
564 2383 704 2421 effectu
733 2382 929 2420 invenitur
956 2381 1172 2432 composite
1200 2390 1237 2419 et
1261 2383 1360 2419 mul·
1469 2383 1576 2420 Item.
1607 2383 1724 2420 Plura
1752 2382 1858 2420 bona
1884 2394 1967 2420 uno
2002 2382 2110 2421 bono
2147 2381 2259 2420 finito
2294 2390 2384 2421 sunt
2410 2394 2493 2421 me-

284 2435 467 2486 tipliciter‚
497 2436 570 2474 nisi
598 2437 758 2474 effectus
786 2436 976 2486 pertingat
995 2436 1045 2473 ad
1071 2435 1243 2485 speciem
1269 2447 1359 2473 cau·
1416 2436 1528 2473 liora:
1559 2436 1704 2473 habent
1723 2435 1829 2472 enim
1848 2436 1926 2473 hoc
1945 2443 1982 2473 et
2000 2436 2132 2474 adhuc
2149 2435 2330 2486 amplius.
2351 2435 2494 2474 Omnis

285 2502 365 2537 sae3
386 2490 494 2539 quod
515 2489 554 2527 in
573 2489 774 2540 proposito
795 2489 870 2527 dici
889 2501 970 2527 non
997 2496 1133 2539 potest,
1154 2501 1235 2526 non
1254 2488 1360 2526 enim
1416 2497 1549 2527 autem
1576 2497 1774 2527 creaturae
1804 2489 1956 2527 bonitas
1984 2488 2094 2527 finita
2116 2496 2188 2528 est:
2219 2497 2275 2527 est
2302 2489 2409 2529 enim
2427 2489 2494 2528 de-

285 2551 459 2580 creatura
486 2550 611 2593 potest
631 2555 714 2581 esse
734 2543 820 2580 Deo
840 2542 1023 2592 aequalis.
1045 2541 1229 2592 Oportuit
1247 2541 1362 2590 igitur
1375 2561 1402 2576 ιο
1416 2542 1550 2580 ficiens
1569 2542 1619 2580 ab
1639 2541 1790 2579 infinita
1818 2542 1891 2579 Dei
1919 2542 2103 2580 bonitate.
2125 2542 2335 2581 Perfectius
2353 2550 2410 2580 est
2426 2542 2494 2592 igi·

286 2608 368 2634 esse
383 2596 703 2647 multiplicitatem
723 2604 759 2633 et
774 2596 998 2634 varietatem
1018 2596 1058 2633 in
1077 2596 1194 2633 rebus
1213 2595 1359 2642 creatis,
1416 2604 1479 2633 tur
1505 2595 1737 2633 universum
1756 2603 2022 2634 creaturarum
2046 2595 2078 2633 si
2097 2603 2187 2633 sunt
2208 2597 2351 2647 plures,
2371 2608 2494 2647 quam

286 2650 335 2687 ad
350 2650 426 2687 hoc
441 2650 549 2700 quod
569 2650 808 2688 inveniretur
826 2649 866 2686 in
886 2649 940 2687 eis
955 2649 1027 2687 Dei
1047 2648 1259 2687 similitudo
1273 2661 1360 2699 per·
1416 2649 1448 2687 si
1467 2657 1567 2686 esset
1586 2661 1690 2687 unus
1709 2657 1861 2687 tantum
1889 2649 2032 2698 gradus
2061 2661 2205 2688 rerum.
2237 2650 2406 2688 Summo
2425 2661 2494 2688 au-

285 2703 381 2741 fecta
410 2704 630 2741 secundum
659 2704 826 2740 modum
855 2715 984 2740 suum.
1415 2710 1495 2740 tem
1524 2703 1630 2740 bono
1659 2702 1845 2752 competit
1871 2702 1995 2740 facere
2015 2703 2125 2753 quod
2143 2703 2283 2742 melius
2303 2711 2369 2741 est.
2390 2704 2494 2752 Ergo

341 2757 532 2806 Amplius.
563 2757 670 2795 Sicut
698 2769 800 2806 quae
829 2756 929 2794 fiunt
957 2769 1004 2794 ex
1032 2755 1193 2794 materia
1211 2763 1301 2794 sunt
1321 2755 1360 2792 in
1416 2756 1656 2794 conveniens
1676 2756 1711 2794 ei
1738 2756 1808 2794 fuit
1836 2763 1879 2793 ut
1907 2758 2038 2806 plures
2066 2756 2206 2795 fiaceret
2228 2765 2495 2795 creaturarum

286 2810 457 2860 potentia
476 2810 660 2848 materiae
680 2810 845 2860 passiva,
861 2809 912 2847 ita
926 2821 1027 2859 quae
1042 2809 1143 2847 fiunt
1161 2809 1210 2847 ab
1226 2817 1361 2858 agente
1376 2828 1400 2850 ,ς
1416 2809 1570 2859 gradus.

287 2871 438 2913 oportet
466 2876 549 2902 esse
578 2863 618 2901 in
645 2863 816 2914 potentia
845 2863 970 2900 activa
998 2862 1154 2911 agentis.
1180 2863 1274 2900 Non
1294 2875 1361 2900 au·
1471 2863 1625 2901 Adhuc.
1647 2862 1807 2901 Bonitas
1827 2862 1969 2914 speciei
1988 2863 2138 2901 excedit
2156 2863 2370 2902 bonitatem
2397 2862 2495 2901 indi·

286 2925 366 2954 tem
393 2917 565 2967 potentia
598 2917 753 2967 passiva
790 2916 973 2954 materiae
1007 2917 1173 2966 perfecte
1202 2917 1362 2954 reduce·
1418 2916 1538 2964 vidui,
1560 2916 1658 2954 sicut
1685 2916 1847 2954 formale
1867 2916 1906 2954 id
1930 2916 2040 2966 quod
2059 2924 2116 2954 est
2139 2917 2348 2955 materiale.
2371 2915 2496 2966 Magis

288 2978 392 3008 retur
411 2970 450 3008 in
469 2978 601 3008 actum
621 2970 651 3008 si
671 2983 719 3008 ex
738 2969 899 3008 materia
926 2969 1036 3007 fieret
1065 2981 1192 3007 unum
1211 2977 1363 3007 tantum
1419 2969 1533 3019 igitur
1551 2969 1657 3008 addit
1675 2970 1725 3008 ad
1744 2969 1960 3008 bonitatem
1989 2969 2162 3008 universi
2181 2970 2390 3008 multitudo
2409 2981 2495 3021 spe-

288 3036 427 3062 eorum
455 3024 506 3061 ad
534 3036 635 3073 quae
664 3023 824 3061 materia
844 3031 900 3060 est
919 3023 959 3060 in
981 3022 1165 3073 potentia.
1188 3024 1311 3075 Ergo,
1332 3022 1363 3059 si
1419 3023 1567 3061 cierum
1605 3036 1728 3073 quam
1765 3023 1975 3062 multitudo
2011 3023 2308 3062 individuorum
2343 3023 2384 3062 in
2416 3034 2497 3062 una

288 3076 425 3127 aliquis
453 3089 570 3126 agens
597 3077 710 3115 cuius
737 3076 910 3127 potentia
938 3084 994 3114 est
1028 3076 1078 3113 ad
1114 3077 1244 3126 plures
1273 3076 1364 3113 effe·
1381 3095 1406 3115 ,ο
1420 3076 1560 3126 specie.
1591 3077 1659 3114 Est
1687 3076 1800 3126 igitur
1827 3077 1877 3114 ad
1905 3076 2183 3126 perfectionem
2211 3077 2383 3115 universi
2408 3087 2496 3127 per-

289 3138 383 3176 ctus‚
403 3131 542 3168 faceret
570 3143 697 3168 unum
726 3131 882 3168 illorum
905 3137 1069 3175 tantum,
1090 3129 1262 3178 potentia
1282 3129 1365 3167 eius
1420 3129 1546 3167 tinens
1565 3141 1646 3168 non
1667 3131 1797 3168 solum
1826 3130 1935 3180 quod
1958 3131 2082 3168 multa
2100 3130 2175 3168 sint
2194 3130 2406 3176 individua,
2426 3127 2495 3167 sed

290 3195 370 3220 non
390 3183 440 3221 ita
459 3185 650 3233 complete
680 3184 929 3221 reduceretur
948 3183 987 3220 in
1007 3191 1138 3220 actum
1158 3182 1254 3220 sieut
1273 3195 1366 3220 curn
1421 3183 1530 3233 quod
1559 3183 1634 3221 sint
1661 3183 1778 3221 etiam
1806 3183 1981 3221 diversae
2010 3196 2144 3222 rerum
2172 3183 2340 3234 species3
2369 3189 2406 3220 et
2426 3193 2496 3232 per

290 3236 375 3274 facit
403 3238 526 3286 plura.
557 3238 631 3275 Per
659 3238 735 3275 hoc
763 3245 896 3274 autem
915 3236 1024 3287 quod
1053 3236 1223 3285 potentia
1243 3235 1367 3273 activa
1422 3248 1668 3286 consequens
1696 3236 1839 3274 diversi
1867 3237 2009 3286 gradus
2038 3236 2078 3275 in
2106 3237 2234 3275 rebus.

292 3290 487 3328 reducitur
515 3290 554 3327 in
583 3298 725 3336 actum,
755 3291 915 3328 effectus
951 3288 1204 3338 consequitur
1236 3289 1366 3327 simili-
1476 3291 1583 3328 Item.
1605 3290 1736 3328 Omne
1756 3290 1865 3340 quod
1884 3289 1959 3339 agit
1977 3302 2048 3340 per
2075 3289 2323 3335 intellectum,
2343 3299 2496 3338 reprae-

292 3343 468 3381 tudinem
497 3344 652 3393 agentis.
683 3345 786 3392 Ergo
816 3355 898 3381 non
923 3350 1022 3380 esset
1041 3343 1208 3392 perfecta
1228 3342 1300 3380 Dei
1320 3342 1367 3379 si·
1384 3361 1406 3381 ³5
1425 3351 1547 3380 sentat
1566 3343 1736 3393 speciem
1756 3343 1816 3380 sui
1835 3343 2048 3381 intellectus
2066 3342 2107 3380 in
2125 3354 2166 3379 re
2185 3342 2297 3380 facta:
2318 3340 2372 3378 sic
2391 3341 2498 3379 enim

294 3395 470 3434 militudo
499 3397 538 3434 in
558 3397 742 3434 universo
764 3397 794 3434 si
815 3404 913 3434 esset
932 3408 1036 3433 unus
1055 3403 1207 3433 tantum
1226 3396 1368 3444 gradus
1424 3408 1541 3445 agens
1560 3408 1630 3446 per
1644 3404 1766 3434 artem
1786 3396 1858 3434 sibi
1877 3395 1964 3434 facit
1982 3395 2117 3434 simile.
2133 3395 2242 3432 Deus
2261 3402 2392 3432 autem
2411 3394 2498 3432 fecit

295 3448 473 3487 omnium
502 3450 662 3488 entium.
694 3451 856 3500 Propter
875 3451 951 3487 hoc
971 3448 1084 3498 igitur
1102 3457 1158 3486 est
1177 3449 1367 3487 distinctio
1425 3457 1641 3487 creaturam
1670 3458 1713 3487 ut
1740 3461 1857 3499 agens
1884 3461 1955 3499 per
1982 3448 2228 3494 intellectum,
2254 3455 2291 3485 et
2319 3459 2400 3485 non
2428 3459 2499 3498 per

317 3599 323 3604 ·
352 3571 362 3589 ι
385 3573 416 3590 ex
434 3567 570 3598 praedictis
586 3571 649 3599 post
668 3572 756 3599 potest
775 3567 856 3593 DGN.
948 3574 964 3600 9
983 3565 1104 3600 formam}
1125 3571 1196 3592 tanto
1215 3566 1328 3591 formam
1347 3566 1414 3591 NPc.
1508 3573 1536 3592 ιι
1560 3566 1655 3601 Deum]
1675 3574 1736 3592 eum
1755 3565 1855 3592 NYZP.
1951 3571 1985 3597 ²4
2003 3563 2080 3598 quae]
2101 3572 2132 3590 ea
2150 3572 2218 3598 quae
2238 3564 2287 3591 Pa.
2390 3564 2422 3598 37
2441 3572 2499 3590 om·

298 3607 370 3624 mum
388 3608 431 3625 om
451 3602 567 3633 Ezeb,
582 3607 645 3635 pose
664 3603 763 3628 entium
783 3603 815 3628 Y.

355 3634 368 3658 3
387 3635 413 3660 in
432 3637 549 3668 pluribus
565 3641 628 3669 post
646 3643 687 3663 est
705 3638 773 3663 DZb.
861 3637 874 3663 5
895 3637 1006 3671 bonitas]
1027 3642 1053 3663 et
1071 3637 1173 3663 bonitas
1193 3637 1222 3662 Z.
1307 3636 1339 3662 18
1359 3642 1385 3662 et
1403 3636 1496 3672 adhuc]
1518 3642 1544 3663 et
1562 3637 1594 3662 ad
1613 3637 1677 3663 haec
1697 3640 1726 3662 ut
1744 3635 1898 3668 so1etd,nd
1916 3635 1981 3661 haec
1999 3635 2028 3661 P.
2116 3634 2149 3661 36
2168 3643 2215 3669 per
2233 3640 2315 3661 artem
2335 3635 2384 3661 sibi
2405 3635 2447 3662 Ita
2465 3635 2498 3667 Z;

299 3670 379 3702 (ras.)
397 3678 443 3706 per
462 3676 542 3696 artem
562 3673 592 3703 N,
611 3673 660 3697 sibi
680 3681 725 3706 per
744 3678 826 3698 artem
854 3673 944 3699 ceteri.
