2768 4134
80 1184 88 1193 '¹
103 1182 166 1204 Lect.
181 1189 203 1210 9.

78 1273 87 1282 ·
99 1271 119 1292 V
127 1271 239 1298 Metaph„
248 1271 262 1291 1.
270 1276 290 1291 c.

324 274 376 312 94

324 339 504 375 definiatur,
532 346 658 377 semper
688 337 721 366 in
753 344 810 365 sua
841 333 1041 370 definitione,
1069 341 1154 373 quae
1184 341 1242 373 per
1271 340 1395 362 nomen

323 386 523 424 importatur,
553 379 689 411 includit
718 379 910 410 subiectum.
944 377 1031 408 Cum
1062 377 1150 407 enim
1180 375 1332 407 definitur
1361 375 1396 406 in

323 430 490 462 abstracto,
521 424 657 456 includit
687 423 767 454 illud
798 424 832 453 in
866 422 1013 463 obliquo,
1047 422 1130 452 sicut
1162 430 1238 452 cum
1269 420 1395 456 dicitur,

322 473 453 502 Simitas
469 475 516 501 est
531 469 674 500 curvitas
691 468 781 499 nasi:
797 477 873 499 cum
888 472 998 497 autem
1014 465 1165 497 definitur
1179 466 1213 496 in
1230 470 1395 501 concreto,

322 515 402 547 illud
424 514 561 546 includit
583 514 618 544 in
641 518 741 550 recto,
766 518 802 543 ut
826 521 902 542 cum
926 511 1053 547 dicitur,
1078 510 1202 541 Simum
1226 515 1274 541 est
1296 519 1396 540 nasus

322 569 450 591 curvus.
482 558 643 590 Differunt
669 563 779 588 autem
807 557 859 587 isti
889 555 955 587 duo
986 554 1077 585 modi
1103 554 1293 586 includendi
1320 554 1396 585 sub-

321 605 452 636 iectum.
477 603 563 642 Quia
587 612 663 634 cum
686 611 810 634 nomen
834 601 1028 631 abstractum
1051 598 1189 630 includit
1212 599 1396 631 subiectum

321 650 354 679 in
379 659 436 679 sua
467 647 711 689 significatione,
735 646 917 677 subiectum
947 654 1017 675 non
1047 648 1094 674 est
1122 653 1196 685 pars
1226 642 1395 684 significati

320 694 474 729 nominis,
506 692 563 724 sed
592 692 693 732 magis
726 690 913 731 exprimitur
945 695 1101 729 tanquam
1133 694 1323 719 extraneum
1356 687 1396 718 ad

322 737 412 778 quod
435 738 532 768 habet
554 736 790 767 habitudinem:
817 744 893 765 cum
918 734 1006 765 enim
1035 732 1150 763 albedo
1180 732 1340 773 significet
1362 732 1395 763 id

321 788 447 814 tantum
477 791 545 823 quo
576 780 697 822 aliquid
725 786 773 811 est
802 780 922 816 album,
951 778 1134 809 subiectum
1164 783 1274 808 autem
1301 777 1394 808 nullo

321 827 422 858 modo
438 827 478 857 sit
493 826 526 857 id
542 835 609 866 quo
626 824 746 866 aliquid
763 830 810 855 est
825 824 946 860 album,
970 822 1062 853 nullo
1085 821 1188 852 modo
1212 822 1395 853 subiectum

322 878 368 902 est
387 871 509 912 aliquid
524 880 582 912 per
597 870 659 900 tale
675 879 798 900 nomen
823 867 1049 909 significatum.
1074 866 1162 898 Cum
1177 875 1255 897 vero
1272 876 1395 898 nomen

322 922 510 947 concretum
526 914 698 946 accidentis
714 913 850 944 includit
865 913 1058 948 subiectum,
1077 910 1158 942 illud
1173 910 1310 942 includit
1325 917 1395 942 tan-

322 970 420 1002 quam
443 966 567 1001 partem
590 958 770 999 significati,
794 957 1016 988 secundariam
1039 962 1160 992 tamen,
1185 961 1216 987 et
1239 961 1395 996 tanquam

321 1015 397 1036 cum
413 1004 582 1045 principali
597 1003 776 1044 significato
801 1001 1091 1042 consignificatam:
1117 1000 1226 1031 album
1251 1001 1339 1032 enim
1354 1001 1394 1031 si-

319 1049 450 1091 gnificat
473 1048 690 1090 principaliter
714 1047 907 1084 albedinem,
932 1045 1123 1077 secundario
1147 1051 1257 1077 autern
1288 1046 1395 1076 consi-

319 1093 451 1135 gnificat
474 1094 656 1124 subiectum
683 1093 804 1123 habens
835 1091 1027 1122 albedinem.
1051 1109 1075 1113 -
1098 1090 1174 1122 Hoc
1197 1090 1333 1121 habetur
1357 1100 1395 1121 ex

319 1140 473 1175 Averroe,
497 1138 526 1168 V
549 1137 702 1178 Metaph„
729 1142 906 1168 comment.
934 1143 984 1175 14,
1009 1141 1041 1167 et
1071 1145 1089 1166 a
1120 1135 1240 1167 Sancto
1264 1134 1395 1166 Thoma

319 1183 440 1214 ibidem
451 1184 478 1219 ἦ
496 1183 553 1213 ubi
565 1181 686 1218 dicunt,
703 1187 815 1212 contra
827 1181 1040 1217 Avieennam,
1054 1179 1145 1221 quod
1163 1180 1271 1211 album
1282 1180 1395 1221 primo

319 1227 486 1270 significat
508 1227 667 1262 accidens,
692 1226 834 1257 secundo
858 1226 1054 1257 subiectum:
1085 1231 1117 1256 et
1145 1224 1234 1256 idem
1259 1224 1396 1255 habetur

319 1273 331 1303 Ι
354 1273 464 1313 Phys„
487 1276 663 1303 comment.
686 1271 738 1302 25.
766 1271 807 1302 Et
831 1270 919 1302 addit
942 1270 1079 1302 Sanctus
1103 1269 1249 1301 Thomas
1265 1270 1282 1286 ⁴*
1305 1269 1396 1310 quod

318 1317 432 1348 albedo
451 1317 542 1347 nullo
559 1315 655 1346 modo
680 1315 909 1358 consignificat
930 1315 1118 1346 subiectum.
1143 1314 1280 1356 Signum
1298 1314 1396 1345 huius

318 1362 506 1393 diversitatis
525 1367 573 1392 est
588 1359 679 1402 quod
698 1370 756 1401 per
779 1361 975 1392 abstractum
998 1360 1191 1401 importatur
1214 1359 1396 1390 subiectum

317 1408 350 1438 in
375 1406 522 1447 obliquo,
538 1415 596 1447 per
619 1410 811 1436 concretum
833 1415 911 1436 vero
934 1406 1127 1446 importatur
1149 1404 1183 1435 in
1207 1410 1307 1441 recto,
1326 1410 1396 1435 tan·

319 1461 417 1492 quarn
441 1450 689 1482 denominatum
712 1459 731 1480 a
754 1449 869 1481 forma.

375 1494 658 1527 Considerandum
681 1495 838 1532 secundo,
863 1494 954 1536 quod
976 1494 1162 1537 significari
1179 1503 1244 1534 per
1264 1493 1395 1524 modum

318 1541 527 1576 substantiae,
552 1545 584 1571 et
605 1539 791 1582 significari
810 1549 873 1580 per
896 1539 1028 1570 modum
1051 1538 1237 1574 accidentis,
1261 1537 1398 1570 refertur

319 1584 359 1616 ad
382 1585 485 1626 ipsam
509 1584 648 1616 formam
670 1584 890 1626 principaliter
912 1583 1135 1625 significatam.
1159 1583 1285 1614 Dicitur
1308 1583 1396 1614 enim

320 1640 337 1660 a
361 1631 495 1661 nomine
519 1628 690 1670 significari
713 1639 771 1670 per
799 1628 939 1660 modum
968 1629 1174 1664 substantiae,
1198 1627 1331 1669 quando
1356 1637 1396 1659 eo

319 1674 421 1706 modo
445 1673 642 1715 significatur
665 1682 722 1714 per
745 1683 868 1705 nomen
892 1683 960 1715 quo
982 1673 1085 1705 modo
1109 1673 1286 1704 substantia
1310 1678 1396 1703 extra

319 1719 521 1750 intellectum
535 1719 632 1750 habet
648 1727 727 1750 esse.
751 1718 794 1750 Et
809 1719 886 1759 quia
900 1719 1077 1750 substantia
1093 1723 1179 1749 extra
1194 1717 1396 1749 intellectum

321 1764 458 1795 existens
474 1769 522 1795 est
537 1773 594 1795 ens
614 1773 683 1794 non
706 1764 844 1795 existens
866 1764 901 1794 in
924 1763 988 1794 alio
1012 1763 1159 1794 subiecto
1182 1762 1395 1799 inhaerenter,

319 1808 394 1839 ideo
419 1808 535 1840 dicitur
558 1807 729 1849 significari
753 1807 857 1839 forma
873 1807 1078 1839 accidentalis
1093 1817 1151 1848 per
1165 1806 1304 1838 modum
1319 1807 1395 1838 sub-

320 1853 464 1890 stantiae,
489 1853 620 1894 quando
644 1862 713 1884 non
737 1851 934 1894 significatur
957 1862 1033 1884 cum
1057 1852 1121 1883 alio
1145 1850 1326 1893 significato
1343 1852 1395 1883 cui

319 1898 492 1929 inhaereat.
524 1897 577 1929 Sic
605 1903 714 1929 autem
743 1896 941 1938 significatur
963 1898 1098 1928 nomine
1122 1897 1295 1928 abstracto:
1319 1906 1396 1927 nam

319 1943 423 1983 ipsam
447 1942 587 1974 solitarie
610 1941 778 1983 significat,
802 1942 883 1973 nihil
906 1941 993 1973 aliud
1017 1951 1093 1973 cum
1116 1942 1186 1982 ipsa
1209 1940 1395 1982 consignifi-

319 1986 435 2018 cando.
450 2005 474 2010 —
489 1987 615 2017 Dicitur
637 1992 746 2018 autem
770 1985 941 2027 significari
963 1996 1023 2028 per
1045 1985 1183 2017 modum
1211 1985 1394 2023 accidentis,

320 2030 451 2072 quando
475 2031 532 2062 illo
555 2029 656 2062 modo
680 2029 878 2072 significatur
907 2040 966 2072 per
994 2040 1118 2062 nomen
1147 2039 1215 2071 quo
1246 2029 1396 2061 accidens

319 2077 414 2107 habet
439 2085 508 2107 esse
538 2075 571 2106 in
602 2085 711 2107 rerum
741 2081 864 2107 natura.
896 2075 1002 2113 Unde,
1027 2085 1104 2108 cum
1127 2074 1302 2106 accidentis
1325 2085 1395 2106 esse

319 2121 358 2151 sit
373 2121 488 2157 inesse,
505 2126 583 2152 tunc
606 2130 664 2162 per
686 2120 824 2152 modum
847 2120 1021 2152 accidentis
1044 2119 1242 2162 significatur
1262 2119 1394 2161 quando

319 2175 395 2196 cum
419 2165 482 2196 alio
506 2174 564 2206 per
587 2165 725 2197 modum
754 2165 800 2196 illi
830 2165 1025 2196 inhaerentis
1048 2164 1255 2206 significatur.
1285 2164 1326 2196 Et
1349 2166 1395 2196 sic

319 2209 517 2251 significatur
539 2210 675 2242 nomine
699 2215 864 2241 concreto.
889 2210 970 2241 Tale
987 2210 1075 2241 enim
1091 2219 1213 2241 nomen
1237 2208 1396 2250 significat

319 2254 459 2286 formam
482 2263 540 2295 per
562 2254 701 2286 modum
723 2255 917 2286 inhaerentis
946 2255 1103 2291 subiecto,
1133 2260 1165 2286 et
1187 2254 1296 2295 ipsum
1319 2255 1395 2286 sub-

319 2300 440 2331 iectum
465 2308 540 2330 cum
563 2299 618 2330 illa
640 2298 742 2331 modo
766 2299 853 2330 dicto
877 2298 1046 2340 significat.

376 2343 659 2375 Considerandum
682 2344 788 2381 tertio,
813 2343 904 2384 quod
926 2353 995 2375 non
1019 2349 1066 2375 est
1090 2343 1177 2375 idem
1206 2353 1331 2375 nomen
1354 2344 1395 2374 si-

319 2387 472 2430 gnificare
490 2398 553 2429 per
576 2388 707 2419 modum
723 2389 931 2425 substantiae,
950 2395 982 2420 et
996 2398 1119 2420 nomen
1143 2387 1323 2429 significare
1332 2397 1397 2429 per

319 2433 450 2464 modum
475 2433 624 2474 completi
646 2433 856 2465 subsistentis.
882 2432 1034 2465 Similiter
1048 2443 1118 2464 non
1133 2438 1181 2464 est
1197 2432 1283 2464 idem
1299 2433 1396 2474 signi·

319 2477 415 2509 ficare
439 2477 561 2519 aliquid
585 2482 620 2509 ut
642 2487 706 2519 quo
730 2477 856 2519 aliquid
878 2483 926 2509 est
948 2487 987 2509 ex
1010 2483 1099 2519 parte
1122 2478 1276 2515 nominis,
1301 2483 1332 2509 et
1355 2478 1395 2509 si-

319 2521 471 2563 gnificare
489 2533 553 2564 per
575 2522 705 2553 modum
729 2522 915 2554 accidentis.
946 2522 1077 2554 Nomen
1101 2522 1189 2553 enim
1216 2522 1396 2563 significare

320 2576 377 2607 per
399 2566 537 2598 modum
561 2567 756 2599 substantiae
779 2568 935 2608 accipitur
964 2577 1022 2608 per
1053 2567 1332 2608 comparationem
1355 2566 1395 2599 ad

320 2611 458 2642 formam
474 2612 691 2653 principaliter
706 2610 928 2653 significatam,
941 2621 1026 2653 quae
1042 2610 1239 2653 significatur
1254 2612 1395 2644 solitarie

319 2657 442 2697 absque
465 2657 528 2687 alio
553 2655 797 2698 consignificato
815 2657 867 2688 cui
891 2657 1064 2694 inhaereat,
1081 2662 1118 2688 ut
1133 2661 1222 2698 patet
1237 2666 1277 2688 ex
1292 2656 1394 2688 dictis.

319 2701 382 2732 Sed
405 2711 528 2733 nomen
551 2701 731 2742 significare
754 2711 812 2743 per
841 2701 979 2733 modum
1008 2701 1164 2742 completi
1194 2701 1395 2733 subsistentis

319 2751 365 2776 est
382 2745 561 2786 significare
578 2755 635 2787 per
650 2745 788 2777 modum
809 2747 1004 2778 substantiae
1028 2746 1210 2787 completae
1226 2747 1260 2777 in
1276 2747 1394 2788 specie,

319 2796 350 2821 et
373 2800 442 2821 non
465 2800 523 2832 per
546 2790 684 2822 modum
707 2791 815 2832 partis.
836 2809 859 2814 -
881 2790 1070 2832 Significare
1093 2791 1190 2822 etiam
1214 2790 1336 2832 aliquid
1359 2797 1395 2823 ut

318 2844 386 2875 quo
410 2834 533 2876 aliquid
556 2841 603 2867 est
626 2835 689 2867 tale
711 2835 973 2877 aptitudinaliter‚
997 2841 1034 2867 ut
1056 2836 1109 2867 hic
1132 2835 1331 2876 intelligitur,
1348 2842 1396 2868 est

318 2878 497 2920 significare
520 2879 643 2921 aliquid
673 2885 710 2912 ut
739 2879 878 2912 formam
908 2886 940 2912 et
970 2885 1006 2912 ut
1034 2886 1183 2912 naturam
1213 2881 1395 2922 simplicem

318 2924 458 2956 solitarie
493 2924 615 2966 absque
650 2925 887 2966 cuiuscumque
921 2925 1051 2956 alterius
1083 2924 1394 2966 consignificatione,

318 2969 395 3009 quia
419 2969 487 3000 sola
510 2969 615 3000 forma
645 2975 693 3000 est
722 2969 756 3001 id
787 2979 855 3010 quo
885 2969 1008 3011 aliquid
1037 2968 1215 3002 formaliter
1246 2976 1293 3001 est
1320 2970 1393 3002 tale.

318 3012 506 3054 significare
530 3020 639 3046 autem
664 3023 723 3055 per
752 3014 891 3046 modum
921 3013 1096 3046 accidentis
1124 3019 1172 3046 aet
1198 3024 1267 3046 non
1291 3015 1395 3047 solam

318 3057 456 3089 formam
480 3058 669 3099 significare,
693 3058 750 3090 sed
774 3068 850 3091 cum
880 3060 950 3100 ipsa
981 3059 1077 3092 etiam
1107 3059 1301 3096 subiectum,
1325 3065 1394 3092 tan-

318 3111 417 3143 quam
440 3102 474 3134 id
504 3104 556 3135 cui
588 3102 691 3135 forma
722 3103 876 3142 inhaeret,
900 3103 1157 3146 consignificare,
1180 3110 1217 3135 ut
1247 3105 1395 3146 superius

319 3146 442 3179 dictum
466 3154 523 3179 est.

376 3201 405 3223 2.
423 3192 471 3223 Ex
487 3193 524 3224 iis
540 3198 629 3234 patet
643 3193 761 3234 primo,
775 3192 867 3234 quod
881 3203 1004 3225 nomen
1018 3199 1207 3225 concretum
1224 3199 1256 3224 et
1271 3203 1394 3226 nomen

319 3237 512 3268 abstractum
525 3237 698 3269 accidentis
711 3247 749 3269 ex
761 3243 851 3279 parte
867 3238 913 3270 rei
929 3237 1126 3280 significatae
1142 3237 1393 3279 distinguuntur,

320 3282 395 3321 quia
418 3291 540 3314 nomen
565 3282 760 3314 abstractum
783 3282 942 3323 significat
965 3283 1069 3314 solam
1098 3282 1247 3320 formam,
1270 3293 1394 3315 nomen

320 3335 396 3356 vero
420 3332 609 3358 concretum
633 3326 791 3368 significat
813 3337 881 3359 non
906 3327 1009 3359 solam
1038 3326 1187 3365 formam,
1211 3327 1267 3359 sed
1297 3328 1394 3359 etiam

320 3370 501 3402 subiectum
531 3371 664 3403 formae.
696 3371 737 3404 Et
767 3371 842 3404 ideo
874 3371 955 3404 illud
988 3371 1104 3404 dicitur
1134 3371 1313 3413 significare
1336 3382 1394 3414 per

906 255 1095 294 SUMMA
1124 254 1348 292 CONTRA
1376 253 1655 303 GENTILES,
1685 254 1798 292 CAP.
1818 255 1940 292 XXX.

1450 330 1589 362 modum
1612 333 1819 370 substantiae,
1842 332 1929 364 istud
1951 342 2029 364 vero
2053 342 2111 374 per
2138 332 2276 364 modum
2299 333 2482 366 accidentis.
2506 354 2530 358 -

1451 375 1702 416 Distinguuntur
1725 378 1822 408 etiam
1845 378 1922 419 quia
1944 387 2068 408 nomen
2097 377 2302 415 abstractum,
2327 388 2404 410 cum
2431 379 2529 420 signi-

1450 418 1526 450 ficet
1548 420 1654 451 solam
1675 420 1826 458 formam,
1848 431 1918 453 non
1941 421 2100 463 significat
2123 422 2228 463 ipsam
2251 428 2407 463 tanquam
2437 434 2529 455 com-

1449 464 1576 505 pletum
1600 464 1736 506 aliquod
1763 465 1854 506 quod
1884 466 2001 498 habeat
2031 477 2110 504 esse,
2135 467 2192 498 sed
2221 473 2377 508 tanquam
2403 468 2437 499 id
2461 478 2529 509 quo

1451 508 1574 550 aliquid
1596 510 1693 540 habet
1716 519 1786 541 esse
1809 510 2071 551 aptitudinaliter‚
2097 512 2173 553 quia
2196 511 2331 549 formae,
2348 513 2436 554 apud
2455 523 2528 551 nos,

1450 563 1519 584 non
1543 554 1722 585 subsistunt
1744 560 1901 596 tanquam
1916 557 2099 598 completae
2114 557 2149 587 in
2164 557 2287 598 specie:
2311 567 2435 589 nomen
2450 567 2529 589 vero

1451 604 1652 635 concretum,
1665 608 1743 630 cum
1754 598 1946 631 secundario
1958 600 2117 642 significet
2132 602 2315 633 subiectum
2327 602 2419 643 quod
2432 603 2530 634 habet

1451 652 1519 674 esse
1534 652 1594 684 per
1609 642 1759 680 formam,
1783 642 1942 684 significat
1963 645 2086 686 aliquid
2103 651 2258 688 tanquam
2274 646 2308 678 id
2323 646 2414 688 quod
2433 648 2530 679 habet

1450 697 1530 724 esse,
1547 693 1580 718 et
1594 697 1652 728 per
1668 697 1873 728 consequens
1895 698 1954 729 per
1972 689 2111 722 modum
2134 691 2290 732 completi
2313 692 2529 729 subsistentis3

1449 741 1527 763 nam
1549 732 1658 763 solum
1676 732 1715 764 id
1738 731 1830 773 quod
1857 733 2105 766 substantialiter
2127 737 2280 774 subsistit,
2305 742 2353 768 est
2380 736 2414 768 id
2439 737 2529 778 quod

1449 777 1581 818 proprie
1603 777 1702 808 habet
1724 786 1794 808 esse
1817 776 2015 809 accidentale
2037 787 2096 820 per
2118 778 2258 812 formam
2285 781 2529 813 accidentalem.

1506 822 1597 852 Patet
1619 821 1778 858 secundo,
1793 820 1885 862 quod
1909 822 2050 854 obiectio
2073 823 2164 855 nulla
2186 830 2244 857 est.
2268 826 2418 858 Procedit
2442 827 2530 858 enim

1450 876 1488 898 ac
1511 867 1538 898 si
1561 866 1648 898 idem
1671 867 1711 897 sit
1733 865 1913 908 significare
1943 876 2013 897 rem
2043 873 2079 898 ut
2110 877 2176 909 qua
2202 869 2326 911 aliquid
2353 870 2531 903 formaliter

1451 916 1508 948 est,
1533 916 1565 942 et
1587 910 1767 952 significare
1782 920 1852 942 rem
1867 920 1926 952 per
1947 911 2087 943 modum
2110 912 2294 946 accidentis.
2317 915 2393 947 Hoc
2408 921 2529 953 autem,

1450 961 1487 987 ut
1508 956 1624 997 patuit,
1649 962 1696 987 est
1719 955 1847 987 falsum.
1871 955 1957 987 Nam
1979 955 2067 987 idem
2090 966 2214 989 nomen
2238 963 2270 989 et
2291 959 2450 1000 significat
2471 970 2531 1002 per

1449 999 1588 1031 modurn
1612 1001 1819 1038 substantiae,
1843 1001 1910 1032 sive
1933 1010 1992 1042 per
2015 1010 2049 1032 se
2068 1002 2190 1039 stantis,
2208 1008 2240 1034 et
2263 1008 2300 1034 ut
2323 1012 2391 1044 quo
2407 1005 2530 1046 aliquid

1451 1050 1508 1076 est.
1532 1045 1618 1076 Nam
1627 1055 1692 1087 per
1706 1055 1741 1077 se
1755 1050 1845 1077 stare
1864 1045 2036 1087 dupliciter
2058 1046 2163 1087 accipi
2185 1053 2307 1088 potest:
2331 1057 2400 1080 uno
2415 1049 2529 1088 modo,

1451 1095 1487 1121 ut
1517 1091 1697 1131 opponitur
1728 1091 1758 1122 ei
1777 1090 1880 1131 quod
1910 1095 1958 1122 est
1987 1091 2227 1123 accidentaliter
2255 1092 2436 1131 inhaerere3
2465 1094 2530 1127 alio

1450 1134 1564 1172 modo,
1588 1140 1626 1166 ut
1648 1135 1736 1166 idem
1761 1141 1808 1166 est
1831 1135 1922 1177 quod
1945 1135 2038 1167 nullo
2062 1135 2165 1168 modo
2188 1137 2223 1168 in
2246 1137 2310 1168 alio
2335 1147 2416 1176 esse,
2439 1139 2531 1180 quod

1449 1178 1538 1210 idem
1562 1185 1610 1211 est
1633 1179 1725 1221 quod
1747 1180 1920 1212 subsistere
1943 1186 2099 1222 tanquam
2122 1181 2326 1223 completum
2348 1183 2383 1214 in
2410 1184 2529 1224 specie.

1450 1224 1560 1255 Primo
1583 1224 1687 1256 modo
1710 1234 1834 1256 nomen
1857 1225 2054 1257 abstractum
2070 1225 2229 1267 significat
2242 1236 2301 1268 per
2315 1227 2455 1259 modum
2472 1238 2531 1270 per

1451 1278 1485 1300 se
1509 1270 1632 1306 stantis,
1655 1279 1725 1301 non
1748 1276 1859 1302 autem
1882 1269 2028 1302 secundo
2051 1270 2164 1302 modo.

1507 1314 1576 1345 VII.
1593 1313 1657 1346 Sed
1674 1315 1758 1346 circa
1769 1314 1934 1356 praedicta
1945 1315 2059 1356 triplex
2072 1317 2214 1348 occurrit
2225 1315 2372 1348 dubium.
2385 1317 2531 1350 Primum

1451 1364 1509 1396 est,
1526 1359 1603 1401 quia
1618 1359 1756 1391 Sanctus
1767 1359 1924 1397 Thomas,
1941 1359 2064 1396 ISent„
2081 1359 2112 1392 d.
2123 1370 2199 1398 xxn,
2216 1370 2248 1402 q.
2258 1371 2280 1399 1,
2293 1372 2321 1393 a.
2337 1370 2364 1399 ι,
2377 1361 2418 1394 ad
2435 1362 2466 1400 3,
2481 1363 2531 1395 in-

1451 1404 1522 1444 quit
1537 1403 1630 1445 quod
1649 1404 1733 1436 illud
1755 1404 1844 1446 quod
1865 1404 2075 1447 significatur
2090 1415 2156 1447 per
2178 1415 2307 1444 nomen,
2322 1407 2533 1449 significatur

1452 1453 1488 1480 ut
1501 1449 1691 1487 subsistens;
1706 1455 1738 1481 et
1753 1448 1808 1480 dat
1823 1449 2011 1491 exemplum
2023 1449 2064 1481 de
2079 1450 2237 1482 albedine.
2254 1451 2342 1493 Ergo
2354 1451 2472 1484 falsum
2484 1459 2533 1484 est

1451 1493 1543 1536 quod
1570 1493 1720 1531 diximus,
1742 1503 1867 1526 nomen
1894 1495 2091 1526 abstractum
2113 1493 2293 1536 significare
2316 1495 2452 1538 quidem
2473 1507 2533 1540 per

1449 1538 1589 1570 modum
1618 1539 1825 1576 substantiae,
1848 1549 1917 1570 non
1940 1545 2050 1571 autem
2073 1549 2132 1580 per
2157 1539 2296 1572 modum
2319 1542 2530 1578 subsistentis.

1507 1582 1696 1615 Secundum
1719 1588 1777 1620 est,
1802 1583 1879 1624 quia
1901 1584 1936 1615 in
1959 1584 2237 1616 Praedicamentis
2252 1586 2270 1603 ⁴*
2293 1585 2411 1618 dicitur
2439 1586 2532 1628 quod

1451 1627 1560 1659 album
1583 1637 1700 1669 puram
1728 1628 1916 1669 qualitatem
1946 1627 2114 1670 significat.
2146 1629 2189 1660 Et
2212 1629 2350 1662 Sanctus
2373 1630 2530 1669 Th0mas,

1451 1671 1494 1703 111
1510 1672 1610 1709 Seni„
1628 1672 1659 1704 d.
1671 1683 1726 1710 vn,
1743 1682 1775 1714 q.
1793 1683 1814 1711 1,
1830 1683 1858 1704 a.
1881 1681 1908 1710 ι,
1925 1673 1965 1704 ad
1982 1674 2012 1710 5,
2037 1679 2125 1705 tenet
2148 1673 2240 1715 quod
2263 1675 2373 1706 album
2395 1685 2465 1707 non
2489 1676 2531 1708 si-

1449 1716 1582 1758 gnificat
1596 1727 1694 1749 suum
1712 1718 1907 1755 subiectum,
1922 1717 1979 1750 sed
1998 1719 2107 1759 ipsum
2131 1719 2266 1760 copulat
2287 1720 2382 1761 quasi
2404 1721 2530 1753 extrin-

1449 1771 1568 1794 secum.
1592 1762 1681 1803 Ergo
1703 1763 1789 1794 male
1811 1762 1936 1794 dictum
1959 1768 2007 1794 est
2030 1762 2122 1804 quod
2151 1769 2342 1796 concretum
2371 1764 2530 1806 siguificat

1450 1816 1519 1838 non
1542 1812 1669 1838 tantum
1693 1806 1844 1844 formam,
1863 1806 1920 1839 sed
1944 1809 2042 1839 etiam
2065 1808 2259 1840 subiectum.

1507 1851 1655 1883 Tertium
1684 1858 1742 1889 est,
1770 1852 1847 1894 quia
1876 1851 2136 1890 Commentator,
2163 1853 2191 1884 11
2218 1853 2258 1884 de
2281 1854 2412 1891 Anima,
2437 1864 2529 1887 com-

1448 1902 1549 1927 ment.
1567 1895 1598 1934 8,
1615 1897 1722 1938 inquit
1745 1895 1838 1938 quod
1861 1897 1894 1928 in
1919 1897 2014 1928 rebus
2037 1897 2266 1940 artificialibus
2282 1907 2399 1930 nomen
2415 1899 2529 1940 prino

1449 1941 1570 1972 dicitur
1585 1940 1625 1972 de
1641 1941 1790 1978 materia,
1807 1946 1839 1972 et
1853 1941 1996 1972 secundo
2012 1941 2053 1972 de
2068 1947 2285 1984 congregato.
2309 1942 2397 1984 Ergo
2412 1941 2530 1976 falsum

1449 1991 1497 2016 est
1520 1985 1612 2026 quod
1638 1995 1762 2017 nomen
1790 1992 1982 2017 concretum
2011 1986 2118 2027 primo
2149 1986 2308 2028 significet
2335 1987 2475 2020 formam
2497 1994 2531 2020 et

1449 2029 1640 2062 secundario
1664 2031 1859 2068 subiectum,
1883 2036 1919 2062 ut
1942 2031 2091 2072 superius
2115 2037 2163 2063 est
2185 2031 2320 2064 dictum.

1504 2074 1590 2106 VIII.
1613 2074 1666 2107 Ad
1688 2075 1833 2116 primum
1863 2075 1980 2108 dicitur
2009 2075 2101 2117 quod
2131 2076 2222 2108 aliter
2251 2077 2369 2118 accipit
2392 2076 2530 2113 Sanctus

1449 2118 1595 2151 Thomas
1624 2119 1659 2151 in
1688 2120 1765 2152 loco
1797 2119 1935 2162 allegato
1965 2119 2146 2161 significare
2174 2131 2234 2163 per
2263 2121 2402 2154 modum
2425 2122 2529 2155 subsi-

1449 2165 1571 2202 stentis,
1595 2173 1696 2206 quam
1719 2165 1856 2206 accipiat
1878 2165 1943 2196 hoc
1966 2164 2042 2197 loco
2059 2171 2091 2197 et
2111 2166 2144 2197 in
2163 2165 2270 2198 Prima
2285 2166 2378 2198 Parte
2393 2167 2421 2199 “.
2443 2167 2529 2200 Nam

1449 2209 1494 2240 ibi
1509 2209 1666 2250 accipitur
1681 2208 1861 2251 significare
1876 2219 1935 2251 per
1949 2209 2088 2242 modum
2103 2211 2305 2243 subsistentis
2320 2217 2357 2243 ut
2377 2210 2466 2244 idem
2481 2217 2530 2244 est

1449 2253 1541 2295 quod
1556 2253 1737 2295 significare
1753 2264 1820 2285 non
1831 2264 1896 2295 per
1911 2254 2042 2286 modum
2058 2255 2257 2298 egredientis
2272 2257 2313 2288 ab
2327 2257 2445 2294 altero,
2458 2265 2528 2298 quo

1448 2298 1551 2329 modo
1574 2308 1698 2330 nomen
1722 2309 1740 2330 a
1762 2299 1863 2331 verbo
1885 2298 2101 2340 distinguitur.
2125 2300 2190 2332 Hic
2216 2306 2326 2332 autem
2349 2301 2528 2343 accipimus

1449 2342 1630 2384 significare
1644 2353 1703 2384 per
1721 2343 1860 2375 modum
1882 2344 2084 2376 subsistentis
2099 2350 2136 2377 ut
2153 2344 2242 2377 idem
2258 2351 2306 2377 est
2321 2345 2412 2386 quod
2429 2346 2528 2388 signi-

1449 2387 1546 2419 ficare
1570 2398 1635 2429 per
1663 2388 1796 2419 modum
1819 2388 2020 2420 substantiae
2043 2389 2222 2431 completae
2246 2390 2280 2422 in
2303 2390 2418 2432 specie,
2443 2400 2528 2432 quae

1449 2433 1581 2474 proprie
1597 2438 1644 2464 est
1659 2432 1693 2464 id
1709 2433 1801 2474 quod
1815 2433 1912 2465 habet
1928 2443 2007 2465 esse.
2023 2433 2118 2474 Unde
2134 2434 2223 2466 nulla
2238 2440 2286 2466 est
2302 2433 2526 2468 contradictio.

1505 2476 1557 2509 Ad
1580 2477 1762 2509 secundum
1786 2477 1903 2510 dicitur
1926 2477 2017 2520 quod
2041 2478 2178 2510 Sanctus
2194 2479 2341 2511 Th0mas
2356 2485 2388 2511 et
2402 2480 2527 2512 Aristo—

1449 2521 1528 2554 teles
1552 2521 1592 2554 de
1614 2523 1722 2564 primo
1747 2528 1778 2554 et
1801 2521 1930 2555 formali
1952 2522 2134 2565 significato
2164 2525 2308 2556 nominis
2331 2525 2526 2566 loquuntur:

1449 2567 1514 2598 hoc
1538 2567 1626 2598 enim
1649 2577 1754 2599 unum
1777 2576 1847 2599 esse
1870 2573 2010 2609 oportet.
2034 2568 2122 2600 Huic
2145 2574 2255 2600 autem
2277 2578 2346 2600 non
2370 2575 2528 2611 repugnat

1450 2611 1540 2653 quod
1564 2612 1756 2643 secundario
1780 2612 1902 2654 aliquid
1925 2613 2012 2644 aliud
2036 2623 2094 2655 per
2117 2613 2255 2646 modum
2285 2615 2421 2646 subiecti
2447 2624 2528 2648 con·

1450 2656 1618 2698 significet.

1505 2701 1557 2733 Ad
1580 2701 1712 2733 tertium
1735 2701 1862 2739 dicitur,
1878 2701 2059 2734 secundum
2076 2701 2380 2736 Commentatorem
2394 2703 2527 2742 ibidem,

1449 2746 1551 2788 quod,
1569 2755 1646 2778 cum
1661 2755 1784 2778 nomen
1800 2747 1835 2778 in
1849 2747 1946 2779 rebus
1965 2746 2183 2779 artificialibus
2199 2747 2322 2780 dicatur
2338 2748 2429 2782 et-de
2443 2748 2528 2781 indi-

1449 2791 1549 2823 viduo
1573 2791 1770 2823 substantiae
1791 2801 1850 2834 per
1873 2801 1917 2828 se,
1938 2797 1970 2824 et
1993 2792 2033 2824 de
2056 2791 2224 2824 artificiato
2247 2793 2443 2835 inquantum
2466 2794 2527 2826 hu-

1449 2835 1602 2873 iusmodi,
1626 2835 1798 2878 dupliciter
1829 2842 1936 2878 potest
1966 2836 2162 2869 considerari
2191 2837 2255 2870 tale
2285 2847 2419 2870 nomen.
2449 2838 2527 2871 Uno

1449 2880 1562 2918 modo,
1586 2886 1623 2912 ut
1647 2886 1695 2912 est
1717 2890 1840 2913 nomen
1863 2879 2020 2914 artificiati
2043 2883 2239 2924 inquantum
2261 2882 2462 2915 huiusmodi.
2485 2883 2528 2915 Et

1448 2927 1494 2957 sic
1509 2926 1617 2967 primo
1636 2924 1795 2967 significat
1810 2925 1949 2958 formam
1972 2926 2182 2964 artificialem,
2199 2933 2231 2959 et
2245 2927 2438 2960 secundario
2458 2937 2527 2960 ma·

1448 2971 1577 3002 teriam:
1601 2970 1687 3002 sicut
1704 2976 1736 3002 et
1751 2970 1813 3002 alia
1835 2971 1971 3003 nomina
1993 2970 2211 3004 accidentium
2234 2978 2396 3005 concreta.
2411 2991 2435 2996 -
2450 2973 2527 3005 Alio

1448 3015 1562 3053 modo,
1586 3021 1623 3047 ut
1646 3021 1694 3047 est
1716 3025 1840 3047 nomen
1863 3015 2021 3048 individui
2045 3017 2242 3049 substantiae
2255 3027 2315 3059 per
2329 3027 2365 3050 se
2380 3023 2413 3050 et
2427 3023 2464 3050 ut
2478 3022 2527 3049 est

1449 3060 1546 3092 etiam
1569 3069 1692 3092 nomen
1715 3059 1883 3092 artificiati.
1907 3061 1949 3093 Et
1972 3061 2018 3093 sic
2039 3062 2130 3103 prius
2148 3060 2264 3094 dicitur
2280 3061 2321 3094 de
2335 3062 2478 3100 materia.
2494 3067 2527 3094 et

1447 3104 1593 3137 secundo
1606 3104 1647 3136 de
1662 3111 1860 3147 congregato
1876 3115 1915 3136 ex
1930 3106 2064 3138 materia
2079 3111 2112 3138 et
2126 3105 2232 3138 forma
2246 3105 2416 3139 artificiali:
2432 3105 2525 3144 idest,

1447 3149 1534 3181 istud
1556 3159 1680 3181 nomen
1704 3156 1751 3182 est
1773 3151 1863 3192 prius
1892 3150 2074 3182 secundum
2104 3150 2196 3192 quod
2225 3150 2383 3192 significat
2410 3149 2525 3182 indivi-

1448 3194 1551 3226 duum
1575 3195 1781 3232 substantiae,
1806 3204 1905 3236 quam
1929 3195 2110 3227 secundum
2133 3195 2224 3237 quod
2247 3194 2405 3236 significat
2427 3194 2525 3227 artifi-

1448 3240 1579 3276 ciatum,
1595 3239 1679 3271 sicut
1694 3239 1748 3271 dat
1763 3240 1950 3281 exemplum
1970 3239 2219 3272 Commentator
2234 3239 2275 3272 de
2293 3240 2412 3277 securi3
2436 3249 2524 3277 nam,

1448 3285 1544 3315 etiam
1567 3290 1693 3316 remota
1719 3285 1835 3322 acutie,
1860 3294 1944 3326 quae
1974 3290 2022 3316 est
2054 3284 2159 3316 forma
2187 3283 2357 3322 artifieiati,
2380 3291 2525 3316 remanet

1447 3329 1578 3366 securis,
1595 3338 1679 3370 quae
1695 3335 1743 3360 est
1758 3328 1963 3361 individuum
1977 3329 2183 3360 substantiae.
2208 3328 2250 3360 Et
2273 3329 2318 3360 sic
2337 3329 2525 3370 intelligitur

1447 3373 1571 3405 dictum
1595 3373 1880 3405 Commentatoris.

1369 3549 1380 3575 Ξ
1393 3541 1471 3584 ,m

2559 1586 2568 1596 “
2583 1584 2642 1614 Cap.
2654 1591 2690 1614 ιιι,
2703 1592 2737 1613 ¹7·

2556 2163 2768 2192 'Qu-xmflndfl.
