2768 4134
54 2756 61 2763 ⁵
78 2753 114 2775 Cf.
132 2753 265 2784 Continent.

55 2787 73 2802 r.
87 2786 147 2802 xcvii
168 2787 174 2801 1

317 277 388 312 140

873 258 1062 295 SUMMA
1092 256 1315 294 CONTRA
1344 255 1620 304 GENTILES,
1650 256 1763 294 CAP.
1784 254 1950 295 XLVIII.

572 415 1058 473 CAPITULUM
1097 412 1826 493 QUADRAGESIMUM
1853 366 2257 474 OCTAVUM

1113 524 1143 555 Α
1171 532 1239 555 12v
1270 525 1291 555 b
1316 534 1407 565 marg
1430 525 1491 565 sup
1515 525 1584 555 sine
1607 524 1713 555 titulo.

465 607 640 707 QUOD
675 606 839 648 DEUS
874 606 1062 647 PRIMO
1098 606 1178 646 ET
1212 606 1329 647 PER
1363 605 1438 647 SE
1472 605 1684 647 SOLUM
1719 605 1980 648 SEIPSUM
2014 606 2402 648 COGNOSCIT

443 774 448 783 ,
517 752 539 776 x
559 737 778 789 praemissis
803 744 936 775 autem
960 745 1120 788 apparet
1144 688 1254 798 quod
1273 738 1382 775 Deus

376 815 382 822 ·
407 794 429 809 ⁴
459 797 463 800 ⁴
494 791 501 801 '
530 792 659 852 primo
688 799 724 828 et
761 803 831 841 per
867 803 907 828 se
946 792 1073 828 solum
1113 791 1287 841 seipsum
1316 804 1380 829 co-

328 801 343 819 '4
416 812 472 835 ’κν

319 842 347 895 *43
376 850 445 897 '⁴25
450 842 497 897 ,ζ
530 845 688 895 31105311.

328 913 347 929 ν
386 897 417 920 ‘⁵-
432 888 493 921 ὓ)
583 900 647 936 1113
667 898 772 936 enim
797 899 924 935 solum
948 909 1007 934 res
1032 905 1088 935 est
1106 897 1236 948 primo
1256 905 1293 935 et
1310 910 1382 948 per

305 965 344 990 se
360 953 409 990 ab
429 953 620 990 intellectu
635 951 787 1001 cognita
802 951 913 989 cuius
932 950 1060 1001 specie
1071 950 1281 1001 111131113ἰι;
1288 963 1381 1001 ope·
1404 966 1413 986 s

305 1006 400 1044 ratio
429 1006 534 1044 enim
563 1006 710 1043 formae
744 1017 846 1055 quae
882 1012 938 1042 est
975 1004 1213 1054 operationis
1240 1004 1381 1055 princi-

303 1060 415 1110 pium
442 1059 771 1110 proportionatur.
803 1058 880 1096 Sed
907 1058 945 1096 id
967 1071 1048 1118 quo
1074 1059 1183 1096 Deus
1211 1058 1382 1108 intelligit

303 1113 398 1150 nihil
427 1121 482 1150 est
510 1112 614 1151 aliud
644 1125 764 1163 quam
794 1125 864 1150 sua
894 1111 1070 1158 essentia,
1100 1120 1142 1149 ut
1170 1112 1380 1162 probatum

303 1166 402 1204 est*.
433 1166 549 1216 Igitur
576 1167 811 1204 intellectum
834 1166 884 1203 ab
913 1165 998 1216 ipso
1027 1165 1156 1216 primo
1185 1174 1222 1204 et
1249 1179 1321 1217 per
1338 1178 1380 1204 se

302 1220 397 1258 nihil
426 1228 482 1257 est
510 1220 615 1258 aliud
644 1232 766 1270 quam
795 1220 970 1270 ipsemet.

356 1274 508 1311 Adhuc.
539 1273 781 1324 Impossibile
811 1282 867 1312 est
894 1273 1010 1311 simul
1039 1275 1161 1311 multa
1189 1274 1319 1324 primo
1344 1282 1380 1311 et

301 1339 371 1377 per
399 1340 439 1364 se
459 1327 684 1377 intelligere:
705 1340 786 1366 una
814 1327 920 1366 enim
940 1328 1115 1378 operatio
1144 1336 1225 1366 non
1253 1335 1380 1379 potest

300 1381 415 1419 simul
430 1381 561 1420 multis
575 1381 784 1420 terminari.
797 1381 906 1420 Deus
921 1390 1053 1420 autem
1067 1381 1242 1433 seipsum
1255 1395 1380 1433 quan·

300 1435 432 1486 doque
451 1435 633 1484 intelligit,
653 1443 696 1473 ut
715 1436 925 1487 probatum
945 1444 1002 1474 est
1015 1435 1047 1473 *.
1078 1435 1119 1474 Si
1139 1435 1253 1486 igitur
1271 1436 1379 1475 intel-

301 1489 388 1538 ligat
416 1489 562 1540 aliquid
590 1489 696 1528 aliud
725 1490 836 1540 quasi
869 1490 999 1541 primo
1033 1497 1069 1528 et
1096 1502 1169 1540 per
1200 1502 1241 1528 se
1269 1490 1418 1530 intel-1⁵

300 1544 455 1590 13313111,
476 1550 629 1593 oportet
648 1544 756 1594 quod
785 1543 999 1582 intellectus
1025 1543 1109 1582 eius
1137 1552 1311 1582 mutetur
1329 1544 1378 1582 de

301 1596 609 1635 consideratione
629 1596 669 1634 in
688 1597 1042 1636 considerationem
1060 1597 1172 1635 illius.
1193 1598 1378 1636 111351311-

300 1658 380 1688 tem
399 1658 455 1688 est
475 1663 523 1688 eo
542 1650 760 1700 ignobilius.
779 1652 842 1690 Sic
857 1651 970 1702 igitur
988 1651 1202 1690 intellectus
1220 1652 1378 1690 divinus

301 1711 473 1754 mutatur
499 1704 540 1742 in
568 1704 692 1754 peius.
722 1706 843 1753 Quod
872 1715 928 1745 est
956 1705 1220 1756 impossibile.
1262 1739 1264 1742 .

353 1758 544 1808 Amplius.
571 1759 829 1809 Operationes
853 1760 1065 1798 intellectus
1089 1759 1378 1809 distinguuntur
1392 1777 1419 1793 ao

299 1823 420 1862 penes
443 1812 664 1850 obiecta.-Si
687 1813 801 1862 igitur
823 1814 932 1852 Deus
954 1813 1127 1863 intelligit
1147 1826 1188 1851 se
1217 1821 1253 1851 et
1271 1813 1376 1851 aliud

298 1878 321 1903 a
349 1877 390 1902 se
419 1865 530 1915 quasi
565 1865 776 1917 principale
813 1867 1023 1916 obiectum,
1054 1866 1212 1915 habebit
1245 1868 1376 1917 plures

298 1919 543 1969 operationes
572 1919 856 1959 intellectuales.
888 1922 992 1970 Ergo
1021 1922 1082 1959 vel
1112 1925 1183 1960 sua
1211 1920 1376 1959 essentia

297 1972 367 2010 erit
386 1972 426 2010 in
445 1974 557 2023 plura
581 1973 722 2012 divisa:
744 1975 807 2012 vel
831 1975 1004 2025 aliquam
1028 1974 1298 2024 operationem
1318 1972 1375 2012 in-

295 2027 548 2065 tellectualem
572 2027 731 2065 habebit
750 2041 852 2078 quae
876 2041 958 2067 non
983 2037 1039 2066 est
1059 2041 1130 2066 sua
1149 2028 1401 2066 substantia..

295 2080 480 2127 Quorum
507 2088 720 2132 utrumque
743 2082 983 2132 impossibile
1009 2095 1094 2120 esse
1113 2083 1375 2120 monstratum·

147 2144 184 2160 ¹1¹¹·
197 2144 210 2159 ¹
231 2144 265 2165 ¹¹¹⁷
294 2134 390 2171 est*.
408 2136 539 2173 Restat
557 2134 671 2185 igitur
689 2136 785 2174 nihil
799 2149 822 2174 a
841 2137 928 2175 Deo
943 2149 1027 2175 esse
1047 2136 1246 2186 cognitum
1262 2136 1374 2186 quasi

294 2187 421 2238 primo
447 2196 483 2226 et
502 2201 573 2240 per
591 2202 632 2228 se
652 2189 900 2239 intellectum,
925 2191 999 2230 nisi
1020 2203 1134 2230 suam
1154 2189 1373 2229 essentiam.

347 2243 455 2280 Item.
478 2244 706 2289 Intellectus,
732 2245 952 2286 secundum
974 2244 1085 2294 quod
1107 2253 1164 2282 est
1188 2239 1374 2282 differens

294 2308 317 2333 a
345 2308 418 2333 suo
448 2296 651 2344 intellecto,
681 2306 737 2335 est
765 2297 805 2336 in
838 2298 1013 2348 potentia
1045 2306 1223 2348 respectu
1259 2297 1370 2335 illius.
1389 2322 1414 2342 ³

349 2411 381 2437 13
402 2411 543 2445 terminari]
564 2412 695 2437 terminari
714 2411 833 2437 terminis
846 2412 884 2437 51)
897 2416 923 2438 et
937 2415 1041 2437 mutato
1053 2411 1150 2437 ordine
1163 2412 1212 2438 Pd.

296 2447 465 2477 DNWZch3
478 2448 550 2480 quod
569 2447 617 2478 αΕ,
637 2448 710 2481 quod
732 2447 808 2481 quasi
827 2447 885 2478 GV,
904 2448 978 2481 quod
996 2448 1031 2473 511
1048 2448 1095 2478 sG,
1115 2448 1187 2481 quod
1206 2448 1241 2473 sit
1258 2448 1334 2481 quati
1353 2447 1402 2474 5Υ.

294 2483 401 2508 addunt
420 2483 607 2509 oeDZsGNch.
698 2484 777 2516 illius]
798 2484 905 2509 alterius
924 2483 1098 2510 aDEaGYPc.
1191 2491 1223 2508 22
1243 2491 1258 2509 a
1277 2484 1316 2517 53]
1336 2491 1366 2510 53
1384 2485 1408 2509 Α

348 2518 365 2544 8
384 2527 444 2544 cum
465 2519 535 2553 quod
555 2521 577 2544 Α
596 2520 681 2551 εοὶιιες
701 2527 762 2544 cum
781 2527 814 2544 eo
833 2520 914 2552 quod.

1059 2607 1400 2642 Commenta-ia

338 2715 461 2737 113311οΑ
485 2705 655 2740 conclusio
673 2714 772 2746 quam
792 2706 886 2746 ponit
902 2705 1040 2737 Sanctus
1053 2705 1199 2737 Thomas
1225 2712 1272 2737 est
1296 2708 1372 2738 ista:

297 2718 427 2782 SDeus
447 2750 556 2791 primo
580 2756 612 2782 et
629 2759 693 2791 per
715 2759 750 2780 se
772 2750 879 2781 solum
902 2750 1042 2792 seipsum
1068 2751 1240 2793 cognoscit
1251 2753 1278 2782 *.

344 2796 374 2828 il.
400 2796 463 2826 Pro
491 2795 584 2826 cuius
611 2795 823 2835 intelligentia
849 2795 1032 2827 notandum
1059 2795 1151 2836 quod
1178 2795 1300 2836 duplex
1326 2802 1374 2827 est

295 2840 414 2872 modus
430 2849 498 2881 quo
515 2839 638 2881 aliquid
654 2839 771 2871 dicitur
783 2839 894 2880 primo
911 2845 942 2871 et
952 2850 1015 2881 per
1029 2850 1064 2871 se
1085 2841 1252 2882 cognosci.
1269 2841 1373 2878 Unus,

296 2891 331 2917 ut
355 2890 573 2926 cognoscatur
595 2890 757 2925 tanquam,
768 2883 903 2916 formale
920 2885 1086 2916 obiectum
1102 2886 1162 2916 sub
1178 2895 1246 2927 quo
1262 2886 1374 2917 omnia

296 2930 336 2961 ad
348 2930 530 2971 potentiam
542 2928 730 2960 referantur.
743 2929 839 2966 Nam,
857 2938 933 2960 cum
950 2930 983 2962 in
1001 2930 1093 2970 plura
1109 2930 1237 2961 obiecta
1254 2930 1375 2962 feratur

296 2974 453 3015 potentia,
477 2975 560 3006 sicut
576 2974 663 3005 visus
679 2974 712 3004 in
730 2974 838 3014 plures
855 2974 997 3010 colores;
1015 2980 1046 3005 et
1062 2984 1127 3006 una
1143 2976 1290 3015 potentia
1304 2985 1373 3007 non

296 3019 416 3051 feratur
438 3019 471 3050 in
495 3018 588 3060 plura
607 3019 803 3060 inquantum
822 3019 914 3059 plura
938 3025 1030 3055 sunt;
1056 3025 1186 3060 oportet
1209 3026 1245 3051 ut
1268 3020 1321 3051 illa
1339 3021 1373 3052 in

296 3065 407 3105 aliquo
431 3073 500 3102 uno
524 3065 721 3101 conveniant
751 3074 788 3095 ea
818 3065 929 3095 omnia
962 3065 1151 3096 continente
1175 3071 1207 3096 et
1230 3066 1373 3096 uniente.

296 3110 337 3140 Et
360 3110 424 3140 hoc
449 3114 497 3140 est
521 3108 612 3150 quod
636 3108 752 3140 dicitur
775 3109 883 3149 primo
915 3114 946 3139 et
978 3118 1035 3149 per
1065 3118 1099 3140 se
1123 3110 1290 3141 obiectum
1314 3119 1374 3151 po-

296 3155 429 3186 tentiae:
455 3154 532 3195 quia
555 3154 633 3185 nihil
661 3153 794 3187 illorum
822 3154 966 3194 plurium
998 3154 1163 3194 attingitur
1187 3164 1205 3185 a
1228 3155 1373 3196 potentia

296 3199 357 3229 nisi
369 3199 564 3239 inquantum
576 3198 633 3230 illo
646 3208 714 3230 uno
727 3198 911 3239 participem
924 3199 1007 3229 sicut
1023 3208 1129 3239 neque
1142 3199 1253 3231 album
1264 3209 1374 3240 neque

297 3244 426 3283 nigrum
438 3243 564 3276 videtur
579 3244 642 3274 nisi
653 3244 850 3284 inquantum
863 3243 1006 3275 colorata
1019 3249 1102 3274 sunt.
1117 3261 1138 3265 —
1147 3244 1239 3276 Alius
1255 3244 1374 3275 modus

298 3294 344 3319 est
368 3295 403 3319 ut
426 3293 643 3328 cognoscatur
658 3298 726 3320 non
743 3298 802 3329 per
815 3287 903 3319 aliud
927 3289 1097 3328 cognitum
1113 3289 1145 3319 in
1162 3298 1230 3329 quo
1251 3298 1374 3329 cogno-

298 3339 411 3369 scatur‚
437 3333 492 3364 sed
516 3334 636 3374 ipsum
643 3333 825 3365 secundum
842 3343 876 3364 53
899 3343 916 3364 3
935 3333 1080 3373 potentia
1104 3333 1373 3374 apprehendatur.

299 3377 371 3407 Hoc
395 3377 495 3409 modo
520 3378 637 3410 dicitur
660 3378 761 3411 videri
785 3378 895 3410 album
920 3378 1026 3418 primo
1043 3383 1075 3409 et
1099 3388 1157 3419 per
1179 3388 1224 3415 se,
1241 3378 1373 3419 quando

298 3431 365 3452 non
390 3422 514 3454 videtur
538 3433 595 3464 per
619 3423 707 3454 aliud
729 3423 846 3455 visum.

355 3466 502 3507 Utroque
526 3467 627 3499 modo
652 3468 761 3499 divina
791 3467 928 3501 essentia
958 3452 1006 3498 est
1037 3467 1179 3508 primum
1204 3473 1235 3498 et
1260 3477 1318 3509 per
1340 3477 1374 3499 53

300 3510 463 3542 obiectum
487 3513 668 3544 intellectus
683 3513 798 3545 divini.
817 3518 848 3544 et
870 3512 957 3553 quia,
975 3513 1121 3552 inquam
1140 3513 1180 3543 ab
1203 3512 1259 3544 illo
1284 3522 1374 3543 com·

300 3555 516 3593 prehenditur,
540 3567 607 3588 non
632 3567 689 3597 per
712 3558 855 3599 aliquam
879 3557 974 3589 aliam
997 3558 1156 3589 rationem
1180 3566 1280 3597 quam
1303 3566 1375 3598 par-

300 3598 420 3649 ticipet,
449 3600 504 3631 sed
532 3611 589 3640 per
619 3603 757 3642 seipsam
788 3602 977 3643 intelligitur
1007 3612 1046 3633 ex
1078 3602 1208 3643 propria
1238 3602 1373 3638 ratione,

301 3643 477 3683 omniaque
500 3645 559 3676 alia
576 3656 594 3676 a
617 3646 727 3678 divino
750 3647 973 3687 intelliguntur
988 3646 1155 3678 intellectu
1178 3647 1373 3687 inquantum

1297 2412 1415 2446 seipsum
1434 2412 1478 2438 1113
1490 2412 1547 2443 ΝΖς
1562 2415 1627 2445 post
1639 2412 1808 2445 quandoque.

1008 2527 1039 2552 ¹7
1060 2519 1224 2553 impossibile
1241 2519 1310 2553 3553]
1330 2519 1493 2554 impossibile
1511 2524 1583 2544 35531
1601 2519 1632 2550 Ν,
1651 2523 1692 2544 est
1710 2518 1875 2552 impossibiie
1892 2523 1922 2543 ut
1940 2518 2026 2544 αΕΡε.

1439 735 1490 775 Si
1499 736 1613 786 igitur
1632 735 1781 786 aliquid
1797 736 1903 774 aliud
1922 736 1969 775 sit
1986 737 2222 776 intellectum
2237 751 2260 776 a
2279 738 2365 775 Deo
2383 737 2512 799 primo

1438 793 1475 828 et
1501 802 1574 840 per
1592 802 1644 837 se,
1675 797 1860 840 sequetur
1878 790 1987 840 quod
2014 790 2098 842 ipse
2117 791 2164 830 sit
2190 791 2231 830 in
2259 792 2432 842 potentia
2455 806 2513 832 re-

1437 852 1572 894 spectu
1594 843 1756 882 alicuius
1779 843 1946 882 alterius.
1972 844 2095 893 Quod
2119 852 2175 883 est
2197 845 2450 896 impossibile,
2471 855 2514 886 ut

1437 910 1484 935 ex
1513 897 1657 936 dictis*
1685 895 1799 948 patet.

1491 952 1706 990 Praeterea.
1727 952 1966 990 Intellectum
1981 959 2038 989 est
2051 950 2234 1002 perfectio
2254 949 2510 1002 intelligentis:

1436 1005 1656 1043 secundum
1671 1005 1776 1043 enirn
1797 1006 1874 1043 hoc
1893 1005 2105 1043 intellectus
2119 1005 2311 1055 perfectus
2329 1014 2386 1044 est
2404 1008 2513 1058 quod

1437 1066 1525 1096 actu
1554 1059 1740 1108 intelligit;
1771 1059 1879 1110 quod
1913 1059 2076 1110 quidem
2109 1067 2166 1097 est
2198 1071 2269 1109 per
2295 1060 2375 1098 hoc
2401 1062 2512 1110 quod

1400 1111 1409 1121 '
1437 1119 1494 1150 est
1515 1125 1643 1151 unum
1666 1125 1760 1151 curn
1781 1113 1891 1174 quod
1915 1113 2145 1163 intelligitur.
2174 1113 2215 1151 Si
2234 1112 2349 1161 igitur
2367 1114 2513 1164 aliquid

1436 1165 1542 1210 aliud
1571 1179 1594 1204 a
1621 1167 1708 1214 Deo
1736 1166 1783 1204 sit
1810 1166 1940 1217 primo
1969 1167 2206 1205 intellectum
2235 1167 2285 1204 ab
2313 1167 2411 1217 ipso,
2441 1169 2514 1206 erit

1395 1234 1421 1249 ιο
1436 1216 1580 1270 aliquid
1598 1215 1704 1258 aliu'd
1717 1221 1925 1270 perfectio
1915 1221 2048 1272 ipsius,
2065 1229 2102 1259 et
2121 1234 2169 1259 eo
2189 1220 2369 1259 nobilius.
2391 1222 2512 1270 Quod

1435 1281 1492 1311 est
1519 1273 1771 1324 impossibile.

1489 1328 1682 1379 Amplius.
1699 1329 1759 1366 Ex
1773 1328 1904 1366 multis
1918 1327 2117 1366 intellectis
2136 1327 2377 1378 intelligentis
2390 1327 2512 1374 531311,-

1435 1380 1487 1420 tia
1514 1381 1735 1443 integratur.
1766 1381 1807 1420 Si
1831 1381 1945 1432 igitur
1971 1385 2063 1420 53111
2090 1383 2213 1420 ηι31ι3
2244 1381 2338 1420 scita
2369 1395 2392 1420 a
2424 1382 2512 1421 Deo

1435 1435 1548 1485 quasi
1563 1435 1825 1487 principaliter
1836 1435 1990 1486 cognita
2009 1444 2046 1474 et
2059 1447 2131 1486 per
2143 1447 2207 1496 53,
2213 1435 2390 1487 sequitur
2402 1436 2512 1486 quod

1435 1488 1593 1528 scientia
1620 1489 1694 1528 Dei
1722 1489 1769 1527 sit
1796 1502 1844 1528 ex
1871 1489 2002 1528 multis
2029 1488 2260 1540 composita.
2289 1490 2338 1528 Et
2366 1489 2421 1528 513
2449 1491 2512 1529 vel

1434 1542 1505 1580 erit
1532 1538 1666 1582 divina
1698 1543 1863 1582 essentia
1895 1543 2130 1594 composita.
2159 1545 2223 1582 vel
2255 1543 2415 1583 scientia
2441 1543 2512 1583 erit

1434 1596 1613 1636 accidens
1651 1598 1751 1636 Deo.
1794 1598 1980 1646 Quorum
2021 1604 2235 1649 utrumque
2272 1596 2511 1660 impossibile

1433 1663 1517 1690 esse
1539 1664 1586 1690 ex
1605 1651 1751 1690 dictis*
1768 1651 2019 1690 manifestum
2038 1659 2105 1690 est.
2132 1651 2380 1703 Relinquitur
2397 1651 2512 1701 igitur
2553 1683 2582 1698 L.

1433 1706 1542 1755 quod
1572 1705 1611 1743 id
1639 1705 1749 1756 quod
1777 1713 1834 1743 est
1856 1704 1986 1756 primo
2009 1713 2047 1742 et
2068 1717 2140 1756 per
2163 1717 2204 1748 53
2228 1703 2467 1748 intellectum
2486 1718 2511 1746 a

1433 1759 1532 1807 Deo,
1562 1759 1658 1798 nihil
1686 1767 1744 1802 est
1770 1758 1877 1797 aliud
1904 1771 2028 1810 quam
2054 1771 2126 1797 sua
2153 1759 2378 1800 substantia.

1486 1813 1640 1851 Adhuc.
1661 1812 1850 1863 Operatio
1869 1811 2134 1851 intellectualis
2152 1824 2324 1869 speciem
2340 1812 2381 1852 et
2398 1812 2510 1853 nobi-

1433 1865 1579 1904 litatem
1607 1865 1725 1904 habet
1757 1866 1979 1904 secundum
2011 1866 2051 1904 id
2084 1866 2194 1916 quod
2222 1874 2280 1905 est
2305 1878 2379 1918 per
2403 1866 2446 1904 53
2473 1875 2511 1905 31

1431 1920 1561 1970 primo
1590 1919 1842 1958 intellectum:
1873 1932 1966 1958 cum
1998 1920 2076 1957 hoc
2107 1919 2155 1958 sit
2181 1919 2266 1959 eius
2298 1920 2509 1960 obiectum.

1433 1973 1474 2012 Si
1492 1972 1607 2022 igitur
1624 1974 1733 2012 Deus
1751 1973 1857 2011 aliud
1877 1986 1901 2012 3
1923 1985 1964 2012 53
1983 1971 2207 2035 intelligeret
2233 1973 2347 2025 quasi
2374 1986 2446 2025 pet
2467 1985 2510 2015 se

1405 2035 1469 2070 ,et
1495 2026 1626 2078 primo
1654 2027 1903 2074 intellectum,
1932 2026 2017 2064 eius
2044 2026 2219 2077 operatio
2246 2027 2510 2073 intellectualis

1431 2081 1603 2132 speciem
1618 2088 1656 2118 et
1670 2080 1910 2119 nobilitatem
1926 2077 2087 2119 haberet
2099 2081 2320 2120 secundum
2340 2081 2380 2119 id
2399 2081 2509 2132 quo'd

1431 2143 1487 2174 est
1515 2134 1620 2173 aliud
1649 2134 1699 2173 ab
1735 2134 1833 2196 ipso.
1855 2134 1959 2172 Hoc
1986 2142 2117 2173 autern
2156 2143 2213 2173 est
2247 2134 2509 2187 impossibile.

1430 2202 1524 2229 cum
1551 2201 1624 2227 sua
1652 2188 1827 2240 operatio
1849 2187 1895 2227 sit
1919 2188 2002 2228 eius
2026 2188 2204 2239 essentia,
2234 2197 2277 2228 ut
2305 2196 2509 2229 ostensum

1429 2251 1487 2283 est
1500 2243 1532 2280 ⁸.
1564 2242 1628 2281 Sic
1656 2242 1771 2292 igitur
1791 2241 2031 2293 impossibile
2055 2251 2112 2281 est
2133 2243 2243 2294 quod
2270 2242 2508 2286 intellectum
2535 2238 2546 2249 ”

1430 2311 1452 2336 3
1482 2298 1568 2335 Deo
1597 2296 1726 2347 primo
1754 2304 1793 2334 et
1819 2304 1891 2346 per
1917 2309 1959 2335 se
1987 2296 2034 2334 sit
2057 2296 2167 2335 'aliud
2194 2297 2245 2335 ab
2273 2297 2372 2347 ipso.

1894 2417 1929 2443 14
1947 2409 2075 2444 inteiugnt
2089 2408 2294 2443 ammonini.
2378 2410 2411 2436 ις
2431 2404 2508 2445 qimi

1493 2447 1526 2474 16
1545 2448 1578 2473 de
1596 2446 1814 2480 consideratione}
1834 2446 1874 2471 531
1893 2446 1967 2479 quod
1983 2453 2049 2472 caan
2066 2449 2174 2472 cantum
2194 2446 2221 2471 in
2241 2447 2263 2471 Α
2282 2446 2374 2472 αδηςε
2390 2446 2508 2477 videm,

1426 2491 1500 2510 mu.

2119 2525 2152 2543 πο
2171 2516 2296 2551 3111113511
2316 2525 2370 2543 nou
2381 2517 2415 2544 511
2429 2517 2475 2545 Pc-

1429 2607 1742 2641 Fert-ariensis

1428 2707 1462 2737 in
1482 2704 1619 2736 divinae
1633 2688 1790 2735 essentiae
1812 2703 1939 2734 ratione
1954 2712 2013 2744 per
2036 2702 2202 2743 quandam
2225 2702 2509 2744 participationem

1428 2751 1651 2786 331311131ς31
1673 2749 1751 2791 quia
1770 2748 1959 2790 intelligitur
1981 2747 2165 2780 secundum
2186 2757 2233 2785 53,
2248 2757 2335 2780 non
2340 2753 2466 2780 autem
2472 2750 2508 2781 in

1427 2796 1492 2827 alio
1511 2795 1687 2827 intellecto.
1705 2793 1770 2826 Sed
1784 2794 1861 2826 licet
1883 2799 2027 2834 utroque
2042 2792 2146 2825 modo
2161 2794 2269 2835 primo
2289 2798 2321 2824 et
2335 2802 2394 2846 per
2407 2802 2444 2824 53
2458 2793 2508 2825 in-

1427 2840 1598 2881 telligatur,
1610 2840 1739 2871 videtur
1753 2845 1864 2871 tamen
1878 2837 2042 2871 secundus
2057 2838 2178 2871 modus
2193 2839 2248 2870 hic
2262 2847 2333 2870 esse
2346 2839 2507 2871 intentus.

1428 2895 1469 2917 30
1493 2885 1585 2926 quod
1600 2890 1810 2926 comparetur
1823 2884 1866 2916 ad
1881 2885 1943 2916 alia
1961 2884 2070 2925 primo
2086 2890 2120 2916 et
2134 2892 2194 2925 pet
2216 2894 2250 2916 53
2274 2885 2416 2925 cognita,
2436 2890 2508 2920 tan-

1427 2939 1527 2972 quam
1550 2931 1584 2961 in
1604 2930 1674 2961 aliis
1691 2930 1909 2961 intellectibus
1927 2930 2054 2970 possint
2073 2929 2210 2961 inveniri
2229 2929 2323 2971 plura
2343 2930 2508 2972 pruno-et

1426 2984 1485 3016 per
1508 2984 1542 3006 se
1565 2975 1711 3016 cognita;
1736 2981 1864 3006 constat
1878 2975 2069 3006 autem-hoc
2084 2984 2198 3006 verum
2217 2983 2287 3006 3553
2306 2975 2340 3006 in
2358 2985 2376 3007 5

1427 3029 1535 3057 53353,
1559 3029 1628 3051 303
1651 3025 1762 3051 autem
1785 3021 1821 3051 in
1838 3021 1957 3061 primo,
1977 3029 2059 3052 cum·
2078 3021 2118 3052 ab
2141 3020 2269 3051 unitate
2288 3019 2383 3052 inius
2397 3019 2509 3061 ptimo

1427 3071 1460 3096 et
1482 3075 1541 3106 per
1563 3075 1597 3096 53
1621 3066 1741 3097 obiecti
1771 3066 1919 3106 potentia
1948 3065 1989 3096 sit
2017 3074 2093 3096 una.
2124 3064 2226 3104 Quod
2253 3065 2352 3096 etiam
2379 3065 2439 3096 ieta
2465 3065 2516 3096 511·

1426 3118 1520 3141 mens
1543 3109 1653 3141 Sancti
1676 3109 1838 3147 Thomae,
1862 3110 1915 3141 hic
1938 3119 1976 3141 ex
2000 3110 2180 3142 rationibus
2202 3109 2350 3142 adductis
2372 3107 2507 3151 apparet

1427 3154 1608 3186 manifeste.

1472 3199 1511 3231 ll.
1534 3199 1700 3231 Probatur
1714 3205 1823 3230 autem
1847 3199 2016 3231 conclusio
2034 3199 2157 3242 primo.
2184 3198 2221 3230 ld
2247 3206 2315 3239 quo
2338 3198 2429 3230 Deus
2454 3199 2504 3230 in-

1427 3244 1542 3285 telligit
1564 3244 1644 3276 nihil
1661 3250 1710 3275 est
1725 3245 1812 3276 aliud
1828 3254 1928 3298 quam
1943 3244 2053 3276 divina
2069 3244 2216 3276 35533113.
2240 3243 2328 3284 Ergo
2349 3243 2456 3284 primo
2473 3249 2505 3275 et

1427 3299 1486 3330 per
1500 3299 1535 3320 se
1551 3289 1752 3321 intellectum
1773 3290 1813 3321 ab
1835 3290 1910 3331 ipso
1929 3289 2011 3322 nihil
2025 3288 2114 3321 aliud
2135 3293 2189 3320 est
2201 3297 2302 3329 quam
2320 3289 2468 3329 ipsemet.
2481 3305 2504 3312 ·-

1427 3334 1586 3366 Probatur
1602 3335 1847 3375 consequentia.
1871 3334 1954 3367 lllud
1969 3334 2079 3366 tolum
2095 3338 2144 3364 351
2159 3333 2267 3373 primo
2283 3338 2317 3364 et
2331 3341 2390 3374 per
2413 3342 2447 3364 se
2462 3333 2503 3364 ab

1427 3379 1595 3411 intellectu
1607 3380 1777 3420 cognitum
1789 3381 1884 3411 33135
1894 3378 2179 3421 59331313131113111
2197 3387 2238 3409 30
2251 3377 2343 3418 quod
2355 3379 2503 3419 operatio

1427 3424 1696 3465 proportionetur
1719 3423 1844 3456 formae
1861 3433 1947 3466 quae
1967 3429 2016 3454 351
2035 3422 2234 3464 operationis
2250 3423 2457 3464 principium.

1482 3468 1727 3500 Adverti-,ndum
1743 3469 1828 3500 circa
1845 3469 1940 3500 istam
1955 3467 2228 3509 propositionem,
2245 3467 2336 3499 Illud
2346 3468 2456 3508 primo
2473 3472 2504 3498 et

1423 3523 1486 3554 per
1507 3523 1542 3545 se
1565 3514 1606 3544 ab
1629 3514 1794 3545 intellectu
1814 3512 2029 3555 cognoscitur
2045 3512 2140 3543 cuius
2158 3512 2263 3553 specie
2287 3512 2450 3554 intelligit,
2471 3518 2504 3543 et

1428 3559 1497 3589 eius
1520 3559 1759 3599 probationem.
1776 3556 1878 3599 quod,
1895 3566 1972 3588 33111
1987 3566 2088 3588 011133
2102 3566 2201 3598 agens
2217 3562 2290 3597 agat
2305 3557 2366 3588 sibi
2381 3557 2501 3593 simile;

1429 3608 1460 3634 et
1476 3612 1576 3635 omne
1591 3612 1796 3644 3033053335
1813 3606 1991 3643 cognoscat
2005 3602 2066 3633 sibi
2081 3602 2197 3638 simile,
2221 3611 2262 3633 eo
2286 3601 2378 3642 quod
2397 3602 2502 3633 simile

1428 3647 1523 3678 simili
1548 3653 1778 3688 cognoscatur:
1802 3651 1934 3687 oportet
1956 3651 1992 3678 ut
2023 3647 2170 3688 operatio
2193 3646 2384 3678 terminetur
2406 3646 2502 3678 ad'id

2538 1650 2753 1678 'Cap-numam,
