2768 4134
31 569 90 590 ‘De
99 568 176 589 Vatur
164 573 191 588 ra
203 566 244 589 Ge·

30 596 103 621 neris,
128 594 174 615 ime
177 600 186 614 r
211 594 243 614 0-

47 629 74 643 us
63 628 95 643 §.c
111 622 134 642 S.
144 621 187 642 Th.
199 619 242 648 (ed

49 649 99 669 iana
115 647 196 676 XL11);
213 646 243 668 cf.

45 692 48 696 .
66 682 87 701 v,
104 681 133 701 vi
149 680 171 695 x

41 3166 49 3175 ·
65 3165 121 3193 Cap.
134 3171 204 3186 xxxii.

43 3299 51 3307 ·
67 3297 254 3323 S.Th.l.¹;Did.

44 3324 109 3350 vm.

281 267 352 303 108

829 263 1023 300 SUMMA
1053 263 1288 301 CONTRA
1306 262 1585 312 GENTILES,
1616 265 1728 304 CAP.
1750 268 1923 305 XXXIV.

273 354 442 385 nunquam
466 344 614 384 exprimit
636 342 723 373 aliud
747 342 963 382 significatum
978 343 1070 373 istius
1085 344 1228 373 nominis
1250 343 1349 380 ratio,
1404 345 1444 374 sit
1468 343 1616 375 distantia
1640 354 1739 386 quam
1762 347 1846 377 inter
1867 348 2080 378 substantiam
2103 346 2430 388 praedicamentalem
2453 353 2485 378 et

273 391 369 421 etiam
386 390 440 419 ubi
457 388 496 419 de
513 388 744 419 univocatione
768 387 923 427 loquitur.
949 387 997 417 Ex
1013 396 1083 427 quo
1099 393 1232 428 apparet
1249 387 1350 428 quod,

273 435 370 465 etiam
386 434 426 464 de
442 433 672 463 univocatione
688 431 868 472 loquendo,
886 441 945 472 per
960 432 1120 463 rationem
1137 433 1230 463 cuius
1246 433 1351 463 unitas

271 479 444 518 requiritur
459 478 492 507 in
512 486 666 513 univoco,
678 477 832 516 intelligit
856 482 1055 516 conceptum
1079 477 1265 513 mentalem,
1282 487 1351 508 non

272 529 381 553 autem
408 531 477 552 rem
508 522 670 552 obiectam
701 522 886 562 conceptui.
909 538 934 543 -
957 521 1048 551 Patet
1078 522 1185 558 tertio,
1210 522 1287 562 quia
1317 522 1351 552 in

270 572 406 598 tractatu
429 566 469 596 de
495 566 621 597 Genere
636 568 652 583 ³*
677 571 765 596 tenet
781 566 992 596 substantiam
1009 575 1093 606 quae
1109 571 1158 598 est
1172 576 1282 607 genus.
1295 576 1350 607 ge·
1368 572 1370 574 ’

270 612 507 643 neralissimum
531 610 656 642 differre
680 612 719 641 ab
749 610 956 641 inferioribus
983 611 1156 650 generibus
1186 611 1351 652 praedica-

270 657 372 687 menti
395 656 605 693 substantiae,
631 656 708 696 quia
734 657 767 686 in
799 656 867 686 aliis
897 655 1069 695 generibus
1092 656 1256 687 invenitur
1285 666 1351 686 una

271 702 379 742 aliqua
394 707 508 731 natura
524 710 608 741 quae
625 702 734 731 subest
754 700 927 731 intentioni
951 700 1208 737 universalitatis,
1225 701 1350 731 ratione

270 746 374 783 cuius,
398 755 475 776 cum
498 745 719 776 uniformitate
744 754 828 785 quae
852 750 900 775 est
923 755 941 775 a
963 745 1102 780 ratione,
1115 745 1225 785 ipsum
1248 755 1351 786 genus
1399 771 1403 774 .

269 790 475 822 uniformiter
498 800 531 821 se
548 791 644 821 habet
659 790 699 821 ad
716 791 827 820 omnia
850 799 934 830 quae
958 789 1018 819 sibi
1041 790 1193 820 subsunt:
1218 790 1252 820 in
1275 791 1351 821 sub-

270 836 385 867 stantia
411 841 520 866 autem
549 845 617 866 non
648 840 696 865 est
726 845 791 865 una
819 844 868 865 res
896 834 1041 865 subiecta
1064 834 1249 871 intentioni,
1273 844 1350 866 cum

269 881 358 912 nulla
374 881 414 911 sit
430 880 521 911 realis
543 880 770 911 convenientia
793 879 876 910 inter
899 879 1076 909 materialia
1091 884 1123 909 et
1138 884 1293 920 separata,
1310 879 1351 911 de

270 926 388 966 quibus
405 924 521 956 dicitur
535 934 638 965 genus
654 924 864 960 substantiae;
890 923 947 954 sed
962 923 1146 954 intellectus
1163 933 1202 955 ex
1218 923 1350 955 diversis

269 971 366 1001 rebus
393 969 515 1010 colligit
540 970 756 1000 intentionem
781 974 812 999 et
835 973 1035 1008 conceptum
1059 969 1189 1009 utrique
1217 974 1370 1000 naturae>

269 1016 309 1046 ab
332 1015 499 1046 intellectu
522 1014 732 1055 applicatum.
764 1013 806 1044 Et
829 1014 884 1050 sic,
909 1012 1093 1043 secundum
1116 1022 1204 1048 eum,
1229 1023 1369 1045 conve--

266 1060 390 1091 nientia
412 1059 627 1090 materialium
651 1065 682 1089 et
705 1058 967 1089 immaterialium
991 1063 1039 1088 est
1062 1063 1189 1089 tantum
1213 1058 1247 1088 in
1270 1068 1351 1090 con-
1400 1083 1402 1086 ,

270 1105 421 1144 ceptione
445 1104 637 1134 intellectus.
661 1104 703 1134 Et
725 1109 835 1133 tamen
858 1112 983 1133 nomen
997 1102 1199 1134 substantiae
1214 1109 1263 1134 est
1277 1104 1351 1134 uni-

268 1158 390 1180 vocum
413 1148 629 1179 materialibus
649 1153 680 1178 et
703 1147 982 1178 immaterialibus:
1007 1148 1154 1188 alioquin
1176 1157 1246 1178 non
1267 1154 1351 1179 esset

268 1203 381 1234 genus.
407 1194 493 1233 Ergo
518 1193 586 1224 sola
601 1194 706 1223 unitas
723 1198 903 1233 conceptus
923 1192 1074 1223 mentalis
1089 1192 1130 1223 ad
1145 1193 1350 1224 univocatio-

268 1248 345 1271 nem
369 1237 499 1269 sufficit:
525 1255 547 1260 -
571 1243 602 1268 et
625 1237 745 1277 loquor
769 1236 809 1268 de
833 1238 1065 1268 univocatione
1089 1237 1204 1278 logica,
1221 1236 1262 1268 de
1285 1247 1351 1279 qua

268 1283 487 1323 Philosophus
510 1283 542 1313 in
566 1282 844 1313 Praedia-amentis
867 1282 1024 1323 loquitur.
1160 1307 1162 1309 .

327 1337 356 1358 2.
381 1328 535 1358 Rationes
552 1333 661 1358 autem
677 1332 790 1357 contra
806 1327 890 1358 hanc
913 1327 1219 1358 determinationem
1235 1327 1275 1358 ab
1293 1327 1350 1358 ali-

269 1373 387 1413 quibus
410 1371 568 1403 adductae
597 1382 666 1403 non
697 1372 908 1403 convincunt.
940 1372 1093 1413 Arguunt
1123 1372 1211 1403 enim
1241 1373 1349 1413 primo

270 1418 356 1458 quia,
381 1427 457 1448 curn
481 1417 570 1448 Deus
594 1417 706 1447 omnia
728 1417 828 1448 unico
853 1423 1019 1458 conceptu
1041 1416 1208 1457 intelligat,
1233 1426 1350 1457 seque-

269 1468 356 1493 retur
379 1461 471 1502 quod
495 1462 606 1492 omnia
629 1467 736 1492 essent
759 1462 857 1492 unius
880 1462 1014 1493 rationis
1037 1463 1210 1493 univocae.

326 1507 490 1543 Secundo,
508 1507 584 1547 quia
600 1507 681 1538 ratio
697 1507 841 1537 nominis
861 1507 994 1538 univoci
1018 1507 1174 1537 convenit
1196 1507 1293 1538 rebus
1309 1506 1350 1537 de

270 1552 389 1593 quibus
413 1561 536 1583 nomen
563 1552 743 1582 univocum
773 1550 985 1592 praedicatur.
1018 1551 1210 1592 Conceptus
1240 1557 1350 1582 autem

270 1597 388 1629 mentis
411 1607 481 1628 non
505 1596 708 1637 praedicatur
731 1595 771 1627 de
794 1596 901 1627 rebus·

327 1641 391 1673 Sed
415 1641 455 1672 ad
478 1642 621 1682 primum
645 1641 762 1672 dicitur
792 1640 884 1682 quod
915 1640 956 1671 ad
986 1641 1146 1672 rationem
1171 1646 1351 1681 conceptus

271 1687 404 1718 univoci
427 1695 496 1717 non
520 1686 638 1717 sufficit
661 1685 752 1727 quod
775 1686 816 1716 sit
838 1695 924 1717 unus
948 1685 1277 1726 quomodocumque,
1293 1685 1351 1716 sed

270 1732 444 1772 requiritur
460 1731 551 1772 quod
574 1732 614 1762 sit
637 1730 835 1771 adaequatus
858 1731 904 1761 rei
929 1730 1106 1762 formaliter
1129 1736 1161 1761 et
1182 1731 1290 1771 primo
1309 1730 1351 1761 si-

271 1775 441 1817 gnificatae
464 1786 522 1816 per
545 1785 667 1806 nomen
691 1776 882 1812 univocum,
902 1776 945 1806 ita
961 1775 1053 1816 quod
1075 1785 1144 1806 non
1160 1775 1200 1806 sit
1215 1775 1351 1806 alicuius

266 1821 402 1852 alterius
424 1821 470 1851 rei
493 1826 683 1861 conceptus,
709 1826 740 1851 et
763 1826 981 1861 repraesentet
997 1821 1172 1852 univocata
1191 1826 1351 1860 quantum

273 1865 313 1896 ad
336 1865 416 1897 illud
439 1866 473 1896 in
497 1875 564 1906 quo
589 1866 800 1901 conveniunt,
825 1875 893 1896 non
924 1871 1034 1896 autem
1066 1869 1226 1906 quantum
1250 1864 1291 1895 ad
1314 1873 1351 1895 ea

266 1911 391 1951 >quibus
414 1911 497 1941 inter
526 1920 560 1941 se
591 1909 847 1950 distinguuntur:
873 1910 956 1940 sicut
987 1915 1167 1950 conceptus
1198 1909 1352 1940 animalis

272 1955 373 1986 solius
389 1954 535 1986 animalis
559 1960 607 1985 est
630 1959 810 1995 conceptus
834 1959 866 1985 et
889 1954 1010 1985 nullius
1034 1954 1182 1991 alterius;
1207 1954 1352 1984 similiter

271 2005 488 2040 repraesentat
503 1999 673 2030 hominem
690 2005 721 2030 et
737 2008 872 2039 equum,
890 1999 1009 2039 quibus
1025 1999 1166 2029 univoce
1187 1998 1351 2035 convenit,

272 2045 380 2076 solum
405 2049 564 2085 quantum
587 2043 627 2074 ad
651 2044 893 2079 animalitatem,
913 2044 947 2074 in
967 2053 1031 2084 qua
1055 2043 1266 2079 conveniunt,
1283 2052 1352 2074 non

273 2096 382 2120 autem
401 2094 561 2130 quantum
577 2087 618 2119 ad
633 2088 827 2120 differentias
852 2089 971 2129 quibus
992 2088 1244 2128 distinguuntur.
1262 2087 1352 2119 Con-

273 2140 387 2175 ceptus
411 2139 520 2166 autem
543 2133 682 2170 divinus,
699 2143 767 2174 quo
784 2143 818 2164 se
835 2139 866 2164 et
883 2133 994 2164 omnia
1017 2133 1106 2164 Deus
1129 2133 1288 2173 intelligit,
1305 2138 1354 2164 est

268 2180 423 2214 ,omnium
448 2184 627 2218 conceptus
652 2184 683 2208 et
706 2179 804 2209 etiam
826 2178 928 2218 ipsius
944 2178 1021 2214 Dei;
1042 2187 1111 2208 non
1135 2183 1244 2208 tamen
1266 2187 1353 2208 crea-

273 2230 364 2255 turae
387 2224 664 2264 proportionum,
682 2222 738 2254 sed
754 2222 928 2259 excedens3
949 2228 982 2253 et
997 2223 1109 2253 omnia
1125 2223 1211 2253 entia
1226 2231 1353 2263 reprae-

273 2274 377 2300 sentat
400 2278 468 2299 non
492 2268 600 2299 solum
624 2273 785 2308 quantum
808 2267 849 2298 ad
873 2277 910 2298 ea
933 2267 967 2298 in
992 2267 1111 2308 quibus
1127 2267 1352 2304 assimilantur,

274 2313 332 2345 sed
362 2314 459 2344 etiam
489 2318 650 2353 quantum
683 2312 724 2343 ad
756 2321 872 2343 omnes
903 2311 1108 2343 conditiones
1132 2312 1250 2353 quibus
1274 2321 1354 2343 una-

275 2367 426 2399 quaeque
450 2367 499 2388 res
523 2358 562 2388 ab
586 2357 648 2388 alia
671 2357 887 2397 distinguitur.
913 2356 990 2388 Ideo
1014 2366 1083 2388 non
1107 2363 1155 2387 est
1182 2357 1354 2394 univocus,

274 2409 312 2435 ut
339 2403 451 2434 omnia
477 2403 601 2443 possint
634 2401 697 2432 dici
727 2402 824 2432 unius
853 2402 986 2432 rationis
1016 2407 1173 2441 tanquam
1203 2402 1354 2432 univoca.

276 2447 340 2481 Sed
355 2449 438 2479 bene
454 2453 591 2487 possunt
607 2447 717 2478 omnia
730 2447 816 2477 entia
827 2445 891 2477 dici
908 2447 1006 2477 unlus
1022 2446 1162 2477 rationis
1177 2446 1355 2477 secundum

275 2492 364 2534 quod
386 2502 407 2523 a
431 2492 502 2522 Deo
527 2492 768 2533 intelliguntur,
793 2492 990 2532 inquantum
1013 2491 1125 2522 omnia
1151 2492 1252 2522 unico
1275 2501 1355 2522 con-

277 2543 374 2579 ceptu
399 2536 574 2568 excedente
598 2536 930 2577 comprehenduntur.

332 2582 384 2613 Ad
408 2581 589 2613 secundum
618 2580 734 2612 dicitur
758 2580 849 2621 quod
873 2581 954 2611 ratio
979 2581 1122 2611 nominis
1153 2581 1296 2617 univoci,
1321 2581 1354 2611 in

277 2637 342 2668 qua
366 2627 582 2658 univocantur
605 2635 655 2657 res
678 2625 885 2667 significatae,
911 2626 1064 2656 convenit
1083 2625 1179 2656 rebus
1194 2626 1272 2666 ipsis
1287 2635 1356 2656 non

277 2682 334 2713 per
350 2671 560 2708 identitatem,
577 2670 633 2702 sed
650 2670 945 2702 fundamentaliter:
973 2670 1049 2711 quia
1064 2670 1098 2700 in
1114 2670 1268 2701 omnibus
1283 2671 1356 2701 uni-

276 2717 398 2748 vocatis
411 2722 458 2748 est
471 2716 721 2748 fundamentum
733 2716 803 2747 talis
815 2715 958 2746 rationis.
971 2714 1076 2751 Unde,
1088 2714 1220 2755 quando
1233 2725 1356 2746 nomen

277 2762 457 2793 univocum
481 2760 682 2803 praedicatur
705 2760 745 2792 de
769 2761 962 2796 univocatis,
979 2769 1048 2791 non
1067 2759 1269 2800 praedicatur
1287 2761 1356 2801 ipse

278 2812 457 2847 conceptus
481 2816 539 2847 per
562 2815 607 2842 se,
632 2805 689 2836 sed
712 2815 761 2836 res
786 2806 819 2836 in
844 2815 909 2846 qua
933 2804 1087 2835 fundatur
1111 2810 1301 2846 conceptus,
1326 2810 1358 2836 et

278 2861 373 2892 quae,
397 2851 559 2883 mediante
583 2856 757 2891 conceptu,
782 2860 839 2891 per
862 2859 986 2881 nomen
1010 2848 1216 2890 significatur.

310 2920 312 2922 .
333 2897 394 2927 Per
417 2897 481 2927 hoc
504 2901 614 2927 autem
643 2905 713 2926 non
744 2894 879 2926 intendo
910 2893 1080 2925 excludere
1105 2904 1238 2926 omnem
1262 2895 1357 2926 aliam

278 2942 437 2972 unitatem
459 2946 585 2982 praeter
610 2941 766 2971 unitatem
797 2945 977 2980 conceptus
1005 2939 1154 2970 mentalis
1181 2950 1200 2970 a
1222 2940 1358 2971 nomine

278 2987 433 3018 univoco.
457 2985 522 3017 Sed
544 2984 679 3016 intendo
697 2983 788 3025 quod
803 2985 910 3015 unitas
927 2989 1107 3024 conceptus
1126 2985 1275 3015 mentalis
1291 2983 1357 3016 suf-

279 3030 346 3062 ficit
370 3030 410 3062 ad
433 3030 699 3062 univocationem
723 3029 877 3070 logicam:
903 3029 978 3060 licet
1003 3029 1085 3060 hanc
1106 3030 1264 3060 unitatem
1279 3039 1359 3061 con-

280 3081 394 3117 ceptus
416 3075 564 3107 mentalis
589 3074 765 3115 aliquando
791 3074 1030 3105 concomitetur
1053 3074 1161 3114 aliqua
1177 3074 1238 3105 alia
1253 3075 1359 3106 unitas

280 3127 460 3161 conceptus
483 3120 683 3152 obiectivalis
708 3119 742 3150 in
766 3120 997 3150 univocatione
1022 3119 1252 3160 metaphysica.

335 3166 420 3197 XIV.
445 3166 583 3197 Moveor
612 3164 769 3200 secundo,
794 3165 871 3205 quia
902 3164 1050 3204 superius
1073 3164 1090 3180 ⁴*
1115 3163 1193 3194 dixit
1223 3163 1358 3195 Sanctus

281 3211 426 3242 Thomas
441 3210 654 3242 substantiam
673 3210 756 3250 poni
773 3209 805 3240 in
822 3209 1011 3250 definitione
1026 3208 1202 3239 accidentis
1222 3209 1359 3249 inquan-

282 3261 349 3286 tum
372 3261 419 3286 est
442 3265 508 3287 ens.
533 3254 634 3293 Quod
651 3255 747 3286 etiam
764 3259 812 3285 est
827 3253 867 3285 de
884 3259 993 3284 mente
1009 3253 1201 3289 Aristotelis,
1218 3253 1276 3284 Vll
1290 3254 1359 3284 Me-

283 3301 380 3340 raph„
405 3307 480 3331 text.
500 3310 517 3331 2
543 3306 575 3331 et
600 3299 616 3330 3
635 3300 662 3330 *.
688 3299 774 3339 Ergo
799 3304 980 3339 conceptus
1003 3298 1086 3328 entis
1108 3308 1177 3328 non
1201 3303 1248 3329 est
1275 3307 1360 3329 unus

284 3346 445 3385 praecisus
461 3356 479 3376 a
495 3350 659 3385 conceptu
676 3344 872 3375 substantiae
890 3349 921 3374 et
938 3342 1123 3374 accidentis
1139 3359 1164 3365 -
1175 3342 1266 3373 Patet
1282 3352 1360 3373 con-

284 3391 461 3430 sequentia.
486 3390 582 3428 Quia,
614 3390 639 3420 si
671 3394 754 3420 esset
784 3398 869 3419 unus
901 3387 1082 3420 secundum
1113 3388 1359 3427 praecisionem,

285 3434 363 3465 nihil
380 3436 411 3465 in
428 3434 617 3466 definitione
634 3433 808 3465 accidentis
829 3439 1006 3473 poneretur
1021 3433 1217 3472 inquantum
1237 3437 1284 3464 est
1304 3442 1361 3462 ens

286 3478 376 3518 quod
399 3481 431 3509 in
456 3479 644 3510 definitione
675 3478 871 3510 substantiae
902 3487 971 3509 non
1003 3483 1143 3518 ponatur
1166 3477 1361 3516 inquantum

287 3528 333 3552 est
364 3533 434 3554 ens:
460 3534 635 3555 commune
663 3524 761 3560 enim,
786 3523 826 3554 ab
842 3521 1049 3554 inferioribus
1073 3522 1265 3562 praecisum,
1289 3521 1362 3552 nul-

287 3567 355 3597 lum
378 3567 566 3599 inferiorum
583 3568 719 3599 includit
735 3569 769 3599 in
790 3574 864 3599 actu
888 3573 924 3598 ut
947 3568 1003 3598 sic.
1025 3566 1130 3597 Multo
1156 3576 1233 3606 ergo
1254 3566 1362 3597 minus

289 3610 395 3642 dicent
428 3619 624 3653 conceptum
658 3614 839 3653 praecisum
873 3613 1008 3643 nomina
1042 3611 1126 3642 dicta
1157 3610 1197 3642 de
1227 3611 1299 3642 Deo
1332 3616 1363 3642 et

289 3662 431 3686 creatura
455 3658 634 3697 analogice:
660 3667 735 3688 cum
760 3659 842 3689 inter
869 3657 977 3688 Deum
1002 3662 1033 3688 et
1057 3661 1235 3687 creaturam
1259 3656 1363 3686 maior

1398 388 1566 420 accidens.

1462 433 1598 464 Accedit
1613 433 1654 464 ad
1673 434 1738 465 hoc
1762 435 1854 476 quod
1877 437 2059 476 superius*
2082 435 2290 467 adduximus:
2315 437 2474 477 quoniam

1404 478 1552 518 inquam,
1569 477 1706 509 Sanctus
1718 479 1875 517 Thomas,
1891 481 1949 511 ubi
1965 490 2004 511 ex
2020 481 2190 521 proposito
2207 480 2247 511 de
2263 481 2325 511 hac
2339 480 2486 522 loquitur

1398 523 1548 559 materia,
1573 528 1663 553 tenet
1685 523 1766 554 nihil
1791 524 1865 555 Deo
1895 531 1927 556 et
1957 526 2110 556 creaturis
2137 525 2320 556 secundum
2346 525 2486 556 eandem

1399 568 1565 598 :rationem
1588 569 1763 604 convenire
1787 578 1894 609 posse.
1918 570 1960 600 Et
1974 570 2092 607 Prima,
2110 580 2142 611 q.
2158 580 2225 607 xm,
2242 580 2270 601 a.
2289 570 2319 606 5,
2336 570 2379 600 ait
2395 570 2487 610 quod

1399 612 1439 647 ,ιΪη
1464 612 1619 653 analogis
1649 621 1715 643 non
1731 618 1795 643 *est
1824 623 1892 644 una
1922 614 2009 645 ratio
2033 615 2118 646 sicut
2141 615 2174 645 in
2199 614 2359 652 univocis,
2385 624 2487 656 neque

1399 657 1552 687 totaliter
1569 656 1699 687 diversa
1713 657 1800 693 sicut
1814 658 1848 688 in
1864 659 2060 699 aequivocis,
2080 659 2138 690 sed
2154 659 2323 701 significat
2339 659 2487 690 diversas

1399 701 1635 742 proportiones
1658 701 1702 732 ad
1724 701 1861 743 aliquod
1884 712 1996 733 unum.

1461 745 1591 777 XV..Si
1620 751 1738 777 autem·
1763 747 1940 787 loquamur
1970 747 2012 778 de
2043 754 2208 789 conceptu
2237 748 2431 789 imperfecto
2454 754 2487 780 et

1405 790 1622 831 inadaequato
1646 790 1687 821 ad
1709 790 1788 832 quid
1811 790 1954 822 nominis
1976 792 2158 832 pertinente
2167 794 2195 830 ·,
2212 794 2258 824 sic
2281 802 2350 824 non
2367 798 2415 824 est
2435 794 2486 824 in-

1399 837 1606 866 tconveniens
1621 845 1679 866 ens
1694 835 1802 867 dicere
1817 845 1924 866 unum
1947 842 2147 877 conceptum
2169 838 2345 868 mentalem
2361 838 2401 868 ab
2417 838 2486 869 aliis

1401 881 1599 921 praecisum.
1611 881 1654 911 .Α
1671 881 1830 911 similibus
1854 881 1952 918 enim,
1968 881 2165 921 inquantum
2181 882 2296 913 similia
2315 887 2400 919 sunt,
2416 892 2485 913 non

1406 925 1711 956 est·inconveniens
1734 930 1934 966 conceptum
1958 935 2063 956 unum
2085 926 2224 956 abstrahi
2246 926 2486 967 imperfectum,

1398 975 1522 1010 -utpote
1539 970 1596 1010 qui
1614 979 1684 1001 non
1702 969 1846 1011 perfecte
1868 976 2018 1001 naturam
2041 970 2246 1001 fundamenti
2267 971 2486 1009 similitudinis

1404 1019 1633 1055 repraesentet,
1658 1014 1716 1045 sed
1737 1020 1865 1045 tantum
1888 1014 1943 1046 illa
1965 1014 2125 1055 significet
2147 1020 2185 1045 ut
2207 1015 2324 1046 similia
2346 1022 2432 1047 sunt.

1453 1059 1526 1090 Ubi
1550 1059 1823 1090 considerandum
1839 1065 1887 1090 est
1902 1059 1994 1100 quod
2009 1069 2067 1090 ens
2082 1065 2115 1090 et
2130 1059 2191 1090 alia
2214 1059 2352 1100 analoga
2366 1061 2401 1091 in
2422 1061 2487 1092 hoc

1406 1103 1445 1134 ab
1469 1104 1618 1135 univocis
1641 1103 1894 1145 distinguuntur,
1919 1110 2080 1145 quantum
2102 1104 2144 1135 ad
2167 1110 2366 1145 conceptum
2394 1114 2487 1136 men-

1405 1148 1505 1179 talem
1527 1151 1633 1180 unum
1656 1154 1690 1179 et
1712 1149 1906 1189 praecisum,
1923 1150 2010 1189 quia,
2027 1149 2103 1180 licet
2117 1154 2255 1190 uterque
2270 1155 2488 1189 repraesentet

1400 1193 1571 1224 -similiaet
1589 1194 1828 1230 convenientia,
1852 1199 1962 1224 tamen
1985 1199 2166 1234 conceptus
2187 1194 2332 1224 nominis
2354 1194 2488 1225 univoci

1401 1240 1625 1279 repraesentat
1647 1237 1860 1269 fundamenta
1882 1238 2102 1270 similitudinis
2124 1237 2268 1279 perfecte
2291 1243 2328 1269 ut
2350 1238 2408 1269 illo
2425 1248 2488 1270 no—

1405 1284 1494 1314 mine
1518 1282 1754 1323 significantur:
1778 1284 1863 1314 sicut
1884 1289 2066 1324 conceptus
2089 1283 2244 1314 animalis
2270 1289 2489 1323 repraesentat

1405 1326 1548 1368 perfecte
1564 1333 1714 1358 naturam
1730 1328 1878 1359 animalis
1893 1327 1927 1358 in
1942 1328 2089 1364 homine,
2105 1337 2164 1369 per
2180 1337 2280 1369 quam
2295 1328 2488 1359 assimilatur

1405 1382 1509 1413 equo;
1534 1372 1578 1403 ita
1601 1371 1694 1412 quod
1715 1372 1797 1403 nihil
1820 1372 1908 1404 aliud
1931 1378 1980 1403 est
1998 1373 2034 1404 in
2056 1373 2201 1409 homine,
2225 1377 2264 1403 ut
2285 1372 2405 1404 animal
2428 1378 2487 1410 est,

1405 1427 1504 1458 quam
1527 1417 1562 1447 in
1586 1426 1674 1458 equo
1698 1423 1735 1448 ut
1758 1423 1806 1448 est
1828 1417 1961 1454 animal;
1986 1417 2061 1448 licet
2084 1423 2121 1448 ut
2146 1418 2209 1451 hoc
2231 1417 2367 1454 animal,
2385 1418 2487 1449 homo

1404 1463 1446 1493 sit
1467 1461 1592 1502 aliquid
1614 1461 1712 1499 aliud,
1737 1461 1829 1502 quod
1851 1471 1921 1493 non
1948 1467 1996 1493 est
2019 1471 2134 1503 equus.
2159 1461 2351 1502 Conceptus
2377 1467 2488 1494 autem

1404 1507 1459 1538 ille
1475 1516 1561 1538 unus
1577 1507 1707 1548 analogi
1721 1516 1791 1538 non
1806 1512 2024 1547 repraesentat
2046 1506 2189 1548 perfecte
2211 1506 2424 1543 fundamenta
2445 1507 2487 1538 si-

1404 1550 1596 1583 militudinis
1619 1552 1754 1582 nomine
1784 1551 1925 1593 analogo
1957 1551 2136 1593 significata
2163 1551 2272 1593 primo
2295 1557 2329 1582 et
2353 1560 2413 1592 per
2441 1561 2487 1588 se,

1405 1595 1464 1627 sed
1477 1595 1602 1636 aliquid
1619 1596 1775 1627 convenit
1788 1596 1867 1636 ipsis
1883 1596 1975 1637 quod
1997 1596 2053 1627 tali
2075 1602 2240 1637 conceptu
2255 1597 2403 1637 praeciso
2417 1605 2487 1628 non

1404 1645 1672 1681 repraesentatur,
1691 1641 1775 1672 sicut
1798 1646 1888 1682 patet
1911 1640 1952 1672 de
1974 1646 2066 1672 ente:
2088 1641 2296 1672 considerans
2319 1641 2408 1672 enim
2430 1641 2488 1672 ali·-

1405 1686 1479 1726 quis
1502 1686 1714 1716 substantiam
1737 1685 1873 1716 fundare
1893 1694 1963 1717 esse
1980 1695 2045 1727 per
2057 1695 2102 1721 se,
2122 1685 2272 1717 accidens
2287 1691 2397 1717 autem
2412 1685 2488 1717 fun-

1405 1731 1480 1761 dare
1496 1739 1566 1762 esse
1583 1730 1617 1760 in
1634 1731 1714 1767 alio,
1727 1731 1854 1771 istaque
1869 1730 1986 1761 similia
2001 1740 2071 1762 esse
2086 1731 2120 1762 in
2136 1730 2305 1762 fundando
2320 1739 2400 1768 esse,
2412 1731 2488 1762 licet

1405 1774 1670 1815 unumquodque
1693 1784 1754 1806 suo
1778 1774 1880 1806 modo
1904 1774 2020 1806 fundet
2042 1785 2122 1812 esse,
2144 1775 2264 1806 format
2286 1781 2488 1816 conceptum

1405 1829 1620 1852 communem
1642 1820 1790 1860 ipsorum
1814 1825 1850 1850 ut
1872 1820 1989 1851 similia
2004 1821 2038 1851 in
2053 1820 2119 1851 hoc
2138 1826 2215 1851 sunt
2237 1819 2330 1860 quod
2349 1825 2398 1851 est
2413 1819 2488 1851 fun-

1403 1863 1488 1896 dare.
1498 1873 1578 1901 esse,
1594 1863 1706 1895 dicens
1722 1865 1881 1904 quoniam
1897 1874 1954 1896 ens
1969 1869 2018 1895 est
2031 1864 2120 1905 quod
2133 1865 2230 1895 habet
2245 1873 2315 1895 esse
2320 1871 2334 1902 ‚·
2356 1864 2414 1895 sed
2427 1865 2488 1896 iste

1406 1914 1587 1949 conceptus
1603 1918 1679 1939 non
1702 1913 1920 1949 repraesentat
1947 1908 2098 1940 accidens
2120 1908 2303 1940 secundum
2325 1908 2418 1950 quod
2440 1914 2490 1940 est

1407 1963 1464 1985 ens
1479 1952 1622 1994 perfecte
1646 1958 1678 1984 et
1700 1952 1890 1994 adaequate.
1914 1953 2016 1992 Quod
2035 1958 2125 1994 patet
2139 1954 2218 1994 quia
2239 1953 2274 1984 in
2298 1952 2489 1985 definitione

1405 1997 1581 2029 accidentis
1604 1997 1747 2038 perfecta
1767 1998 1964 2038 inquantum
1980 2003 2028 2029 est
2049 2007 2118 2035 ens,
2139 1998 2274 2039 ponitur
2295 1997 2488 2035 substantia,

1406 2048 1443 2074 ιιι
1465 2043 1573 2083 inquit
1595 2042 1734 2074 Sanctus
1757 2042 1904 2074 Thomas
1933 2048 1967 2074 et
1992 2042 2183 2074 Aristoteles
2197 2043 2232 2079 ’ς
2256 2047 2289 2073 ει
2310 2051 2369 2073 ens
2391 2042 2490 2084 signi-

1406 2087 1482 2118 ficat
1496 2093 1564 2118 tam
1583 2087 1795 2118 substantiam
1818 2096 1918 2128 quam
1941 2086 2092 2118 accidens
2115 2087 2297 2118 secundum
2319 2087 2490 2128 utriusque

1406 2133 1572 2173 propriam
1595 2132 1767 2163 rationem.
1791 2132 1833 2164 Et
1855 2132 2002 2164 similiter
2025 2138 2073 2163 est
2095 2131 2137 2163 de
2159 2132 2230 2163 aliis
2252 2131 2407 2173 analogis.

1464 2176 1650 2208 Dicendum
1673 2186 1750 2218 ergo
1774 2183 1822 2208 est
1846 2177 1938 2218 quod
1953 2186 2011 2208 ens
2025 2186 2095 2208 non
2117 2177 2215 2208 habet
2237 2185 2343 2208 unum
2365 2176 2490 2218 praeci-

1407 2231 1481 2253 sum
1505 2227 1704 2263 conceptum
1727 2222 1904 2253 mentalem
1924 2221 2107 2263 perfectum
2130 2220 2414 2273 et-adaequatum‚
2432 2219 2490 2252 sed

1408 2266 1595 2298 immediate
1618 2266 1695 2297 dicit
1718 2272 1918 2307 conceptum
1936 2267 2144 2303 substantiae,
2165 2266 2362 2307 quantitatis,
2386 2265 2490 2318 quali-

1407 2312 1481 2342 tatis
1497 2317 1529 2342 et
1545 2311 1694 2347 aliorum,
1711 2316 1748 2342 ut
1763 2317 1839 2342 sunt
1857 2321 1962 2343 unum
1985 2310 2196 2342 similitudine
2211 2315 2245 2341 et
2258 2311 2488 2362 proportione:

1409 2357 1492 2387 sicut
1508 2362 1540 2387 et
1556 2366 1595 2387 ex
1614 2362 1705 2397 parte
1727 2357 1774 2387 rei
1798 2365 1914 2387 omnes
1936 2356 2007 2387 illas
2029 2361 2160 2387 naturas
2181 2354 2370 2386 immediate
2391 2355 2490 2396 signi—

1409 2400 1484 2432 ficat
1500 2406 1536 2432 ut
1552 2401 1813 2442 proportionales
1829 2406 1904 2432 sunt
1920 2406 1953 2432 et
1972 2401 2093 2432 similes
2111 2405 2260 2452 respectu
2284 2400 2386 2440 ipsius
2408 2409 2489 2431 esse.

1409 2445 1451 2476 Et
1483 2446 1516 2476 in
1550 2446 1614 2477 hoc
1645 2444 1750 2477 differt
1780 2455 1798 2476 a
1829 2451 1992 2486 conceptu
2023 2446 2170 2476 univoci:
2201 2445 2278 2486 quia
2310 2450 2490 2486 conceptus

1409 2491 1544 2522 univoci
1567 2500 1635 2521 non
1659 2495 1707 2521 est
1729 2490 1824 2521 multi
1847 2495 2028 2531 conceptus
2050 2495 2087 2521 ιιι
2110 2495 2186 2521 ειιιιι
2201 2499 2286 2521 unus
2310 2494 2490 2531 conceptus

1409 2535 1592 2567 secundum
1615 2535 1876 2576 proportionem,
1900 2534 1957 2566 sed
1987 2541 2034 2566 est
2065 2534 2254 2576 simpliciter
2282 2543 2384 2571 unus;
2407 2534 2491 2566 sicut

1410 2585 1442 2611 et
1465 2589 1515 2611 res
1538 2581 1645 2621 primo
1670 2589 1727 2620 per
1750 2580 1859 2620 ipsum
1882 2579 2071 2620 significata,
2087 2580 2114 2610 si
2130 2580 2170 2611 sit
2185 2579 2366 2611 univocum
2388 2584 2490 2611 meta·

1410 2625 1554 2666 physice,
1579 2631 1627 2656 est
1650 2634 1726 2656 una.
1750 2625 1825 2656 Hoc
1853 2631 1964 2655 autem
1988 2624 2079 2665 quod
2106 2624 2255 2661 dicimus,
2282 2623 2372 2666 quod
2395 2623 2492 2655 habet

1410 2679 1490 2706 esse,
1512 2675 1560 2701 est
1583 2675 1763 2710 conceptus
1786 2670 1868 2700 entis
1891 2668 2101 2710 imperfectus
2124 2674 2157 2700 et
2178 2668 2412 2710 inadaequatus
2433 2678 2492 2700 en-

1410 2715 1503 2751 tium,
1528 2715 1597 2755 ipsa
1627 2720 1869 2755 repraesentans
1898 2720 1935 2745 ut
1965 2720 2040 2745 sunt
2067 2714 2194 2745 similia.
2225 2713 2267 2745 Et
2290 2713 2331 2744 de
2354 2714 2419 2745 hoc
2441 2713 2490 2744 lo-

1411 2760 1522 2801 quitur
1545 2759 1682 2791 Sanctus
1702 2759 1848 2790 Thomas
1871 2768 1948 2790 cum
1971 2759 2078 2800 inquit
2093 2760 2111 2776 ⁵
2134 2767 2250 2790 omnes
2272 2758 2349 2790 alias
2372 2767 2491 2790 conee-

1411 2805 1540 2845 ptiones
1571 2805 1604 2836 in
1635 2810 1834 2845 conceptum
1865 2804 1948 2835 entis
1977 2804 2095 2835 resolvi
2125 2809 2158 2835 et
2185 2802 2226 2835 ad
2249 2803 2342 2834 illum
2369 2801 2491 2844 aliquid

1411 2849 1540 2885 addere.
1565 2855 1597 2880 et
1619 2849 1895 2890 simplicissimum
1919 2858 1999 2880 esse.

1468 2893 1570 2932 Quod
1593 2899 1703 2925 autem
1726 2893 1901 2935 aliquando
1925 2893 2003 2925 dicit
2019 2903 2076 2924 ens
2099 2893 2208 2924 dicere
2230 2892 2442 2924 intentionem
2459 2897 2492 2924 et

1413 2944 1568 2970 naturam
1591 2939 1826 2970 communem
1827 2960 1838 2976 ‚
1862 2938 2051 2979 intelligitur
2081 2937 2122 2969 de
2149 2938 2385 2969 communitate
2415 2946 2491 2968 ana-

1411 2984 1518 3025 logice
1552 2989 1584 3015 et
1618 2983 1850 3024 proportionis.
1885 2982 2057 3022 Quidditas
2092 2983 2181 3014 enim
2215 2982 2411 3013 substantiae
2444 2987 2493 3013 eet

1412 3029 1527 3060 entitas
1542 3028 1703 3070 quaedam
1719 3034 1752 3060 et
1765 3033 1880 3059 natura
1903 3027 2080 3069 significata
2095 3027 2231 3059 nomine
2247 3027 2340 3064 entis,
2357 3032 2390 3058 et
2404 3026 2492 3058 simi-

1412 3074 1484 3106 liter
1500 3074 1686 3114 quantitatis
1701 3078 1815 3104 natura
1831 3079 1863 3104 et
1878 3073 2028 3104 aliorum.
2053 3072 2094 3104 Et
2117 3072 2318 3104 conveniunt
2332 3071 2367 3103 in
2386 3071 2490 3103 ineen—

1412 3119 1503 3150 tione
1519 3118 1690 3150 communi
1712 3117 1911 3159 imperfecta,
1928 3127 2013 3158 quae
2032 3122 2080 3148 est
2089 3116 2243 3159 fundare
2257 3125 2337 3148 esse.
2360 3116 2402 3147 Et
2416 3120 2492 3147 sunt

1414 3173 1479 3195 una
1501 3169 1616 3194 natura
1639 3163 1853 3204 proportione
1878 3162 2019 3203 quadam
2046 3168 2078 3193 et
2107 3160 2327 3192 similitudine.
2351 3160 2394 3191 Et
2415 3159 2492 3201 quia

1413 3208 1495 3240 ratio
1519 3208 1603 3239 entis
1626 3207 1712 3239 dicta
1735 3206 1776 3238 de
1799 3208 1975 3238 substantia
1998 3206 2172 3248 perfectior
2194 3210 2242 3237 est
2263 3205 2388 3236 ratione
2409 3204 2492 3236 entis

1415 3253 1499 3284 dicta
1515 3252 1555 3284 de
1570 3252 1748 3289 accidente,
1766 3258 1797 3284 et
1812 3253 1894 3283 ratio
1910 3251 2106 3283 substantiae
2127 3249 2303 3282 includitur
2317 3250 2352 3280 in
2367 3249 2492 3280 ratione

1415 3297 1589 3329 accidentis
1612 3297 1793 3329 secundum
1824 3296 1915 3348 quod
1938 3302 1986 3328 est
2009 3305 2076 3333 ens,
2099 3294 2176 3326 ideo
2199 3294 2240 3326 de
2268 3294 2346 3335 ipsis
2376 3293 2493 3325 dicitur

1415 3342 1597 3374 secundum
1621 3343 1710 3383 prius
1733 3347 1765 3373 et
1788 3342 1959 3382 posterius.

1471 3387 1556 3418 XVI.
1580 3386 1682 3425 Quod
1703 3386 1769 3418 dixi
1788 3386 1829 3418 de
1849 3391 1933 3423 ente,
1950 3384 2095 3417 similiter
2116 3382 2363 3424 intelligendum
2385 3388 2432 3414 est
2451 3382 2492 3414 de

1417 3432 1570 3463 omnibus
1594 3432 1662 3463 aliis
1685 3431 1873 3463 nominibus
1897 3429 2166 3462 convenientibus
2189 3428 2262 3459 Deo
2283 3433 2316 3459 et
2330 3433 2493 3459 creaturae

1416 3477 1593 3517 analogice,
1619 3482 1778 3517 quantum
1802 3475 1843 3507 ad
1865 3475 1959 3506 istam
1978 3474 2135 3505 unitatem
2151 3478 2207 3504 aut
2222 3472 2493 3513 multiplicitatem

1417 3527 1650 3562 conceptuum.
1674 3520 1862 3562 Sapientiae
1884 3520 1972 3551 enim
1994 3527 2119 3549 nomen
2142 3517 2265 3549 dietum
2295 3517 2335 3548 de
2365 3517 2437 3549 Deo
2462 3523 2493 3549 et

1416 3571 1559 3597 creatura
1592 3565 1730 3597 diversas
1762 3570 1891 3596 naturas
1922 3562 2108 3594 immediate
2140 3561 2308 3614 significat,
2338 3562 2493 3593 habentes

1416 3616 1525 3642 tamen
1548 3611 1631 3642 inter
1653 3619 1687 3641 se
1710 3608 1954 3642 similitudinem
1978 3613 2010 3638 et
2032 3607 2291 3659 proportionem,
2312 3606 2493 3638 secundum

1417 3655 1508 3695 quod
1532 3665 1597 3686 una
1621 3655 1660 3686 ab
1684 3654 1780 3686 altera
1804 3653 2018 3693 exemplatur:
2043 3653 2126 3684 sicut
2149 3653 2237 3683 enim
2256 3661 2314 3683 sua
2337 3652 2493 3693 sapientia

2513 433 2609 455 'Num-
2620 439 2652 460 xl,
2668 433 2729 455 Nam

2476 460 2485 473 '
2513 460 2656 488 aliquando.

2513 793 2523 803 ⁶
2538 791 2575 814 Cf.
2584 798 2607 814 n.
2617 797 2669 820 nn,
2677 790 2729 814 lnlt.

2516 2040 2527 2051 ·
2541 2038 2579 2062 Cf.
2589 2044 2668 2067 mxiv,
2678 2037 2732 2061 init.

2518 2757 2736 2787 'elmundu-

2518 2936 2579 2960 'Ct
2595 2935 2652 2960 ibid.
