2768 4134
58 517 66 526 ·
78 515 113 537 Cf.
121 519 175 537 text.
187 520 207 537 et
223 521 269 536 var.

54 870 63 879 “
74 869 109 890 Cf.
125 869 177 890 11¹..
188 874 235 893 cru,
246 874 266 895 7.

53 896 80 916 ad
92 901 111 916 ².

48 2318 57 2326 '¹
77 2315 113 2337 Ct'.
136 2315 203 2337 (inem
226 2321 262 2336 ca-

50 2342 115 2369 pituli
125 2359 130 2364 ,
154 2341 262 2363 Excludi-

47 2372 86 2390 tur
101 2371 185 2390 autem.

52 2962 59 2971 ·
71 2961 89 2981 11
98 2961 218 2988 ΡΙι)-ι..ιιι,
227 2967 261 2985 ι2;

52 2996 70 3008 s.
82 2987 126 3008 ΤΙι,
143 2988 155 3008 Ι.
167 2988 188 3009 0.

54 3175 61 3184 ”
78 3173 181 3199 Hieme„
198 3180 222 3200 ιι,
239 3177 263 3197 8:

55 3208 74 3221 s.
86 3200 130 3222 Th.
146 3201 160 3222 1.
171 3207 192 3222 2.

55 3281 63 3289 '¹
75 3280 123 3301 Lib.
134 3281 265 3308 1.cap.11.1.

304 298 380 344 364

355 376 401 406 Ex
433 376 470 405 iis
506 372 685 404 excluditur
720 382 808 403 error
842 372 1037 412 ponentium
1069 372 1172 412 prima
1203 372 1370 411 principia,

298 420 418 450 scilicet
441 418 586 448 effectiva
609 423 664 447 aut
689 416 845 452 formalia,
866 417 1039 446 contraria:
1064 416 1146 446 sicut
1166 417 1272 456 primo
1295 416 1371 446 Ern—

298 463 459 505 pedocleS,
485 461 601 493 deinde
625 462 832 502 Pythagoras,
857 466 1023 502 postremo
1048 461 1199 491 haeretici
1227 459 1370 501 quidam,

296 515 332 539 ut
357 507 581 538 Marcionistae
597 507 624 543 ἃ,
642 506 842 537 Cerdoniani
866 516 902 536 ac
927 506 1107 536 Manichaei
1124 512 1314 546 posuerunt.

354 562 383 582 2.
409 552 503 582 Circa
526 551 559 582 id
583 551 673 590 quod
697 551 845 590 superius
869 557 916 581 est
939 550 1072 586 dictum,
1098 551 1255 590 quoniam
1282 550 1370 580 vide-

295 598 370 628 licet
392 597 538 627 Primum
561 596 681 626 bonum
705 601 753 627 est
771 596 914 636 primum
940 595 1084 625 omnium
1103 595 1314 635 principium,
1337 595 1368 624 in
1397 596 1398 605 ¹

296 642 389 672 cuius
416 641 580 682 effectibus
611 640 821 682 consequitur
851 641 972 670 malum
999 649 1063 680 per
1092 639 1251 674 accidens,
1277 638 1370 669 dubi—
1396 674 1398 684 Ι

295 692 390 717 tatur.
414 685 500 724 Quia
524 685 615 726 quod
639 695 696 726 per
719 685 868 716 accidens
897 685 1107 725 consequitur
1138 683 1289 714 effectum
1314 684 1370 714 ali·
1396 686 1398 693 ’

296 731 388 761 cuius
411 731 543 770 agentis,
569 736 616 761 est
631 736 764 770 praeter
788 731 856 760 eius
880 730 1105 760 intentionem.
1131 727 1195 758 Sed
1218 728 1298 758 nihil
1323 734 1370 759 est
1396 726 1398 738 ²

1395 771 1398 819 ᾖ
1421 782 1479 813 per
1502 783 1536 804 se
1567 774 1655 805 Deus
1686 774 1719 804 in
1744 776 1897 815 operibus
1929 777 1995 806 suis
2025 777 2163 809 intendit
2192 778 2327 819 aliquod
2355 780 2499 810 bonum:

1395 825 1397 846 ι’
1421 818 1477 848 sed
1494 820 1571 858 quia
1588 818 1764 859 aliquando
1782 820 1907 851 bonum
1924 821 2087 852 intentum
2103 824 2342 854 concomitatur
2365 824 2501 865 aliquod

295 781 421 816 praeter
442 775 658 806 intentionem
682 776 715 805 in
740 774 906 805 effectibus
923 775 992 809 Dei,
1011 774 1067 813 qui
1084 778 1132 803 est
1152 773 1294 813 primum
1311 773 1369 803 bo-

294 829 392 851 num:
417 829 493 851 curn
516 820 597 851 nihil
620 829 677 859 per
700 820 978 859 comparationem
995 818 1035 848 ad
1051 819 1169 857 ipsum,
1186 817 1368 848 secundum

295 865 476 896 doctrinam
492 865 601 896 Sancti
609 864 757 895 Thomae
770 865 796 900 ὓ,
814 864 853 893 sit
870 864 1039 893 fortuitum
1056 868 1111 893 aut
1127 862 1263 893 casuale.
1282 863 1368 903 Ergo

295 910 375 940 nihil
399 915 446 940 est
469 920 528 950 per
549 909 697 940 accidens
722 910 754 939 in
778 908 944 939 effectibus
969 908 1047 938 eius.

351 954 578 995 Respondetur
608 953 698 994 quod
729 953 898 993 dupliciter
930 952 1051 992 aliquid
1082 957 1188 991 potest
1220 951 1282 982 dici
1311 962 1369 992 per

294 998 443 1030 accidens
467 1000 499 1029 in
525 998 641 1029 effectu
665 998 800 1028 alicuius
824 1007 955 1027 causae:
989 1003 1043 1026 aut
1066 996 1188 1027 scilicet
1213 997 1289 1036 quia
1321 1003 1367 1026 est
1394 1013 1396 1038 i

1340 1094 1423 1136 ὣς.

738 294 926 331 SUMMA
956 293 1178 330 CONTRA
1206 293 1481 338 GENTlLES,
1511 294 1605 330 LIB.
1627 294 1667 339 11,
1698 294 2062 341 CAP.XLI,XL11.

1426 373 1563 402 omnino
1588 378 1712 412 praeter
1737 374 1951 404 intentionem
1976 377 2115 414 agentis;
2140 382 2195 407 aut
2211 379 2286 417 quia
2307 384 2354 409 est
2376 385 2502 419 praeter

1426 417 1564 457 primam
1588 417 1711 457 agentis
1736 418 1961 449 intentionem.
1986 419 2087 457 Quod
2117 421 2223 460 primo
2246 422 2349 453 modo
2374 430 2422 454 est
2444 434 2502 464 per

1425 460 1584 497 accidens,
1603 467 1651 492 est
1667 461 1837 492 fortuitum
1862 469 1917 493 aut
1941 464 2080 495 casuale.
2105 464 2146 495 Et
2169 466 2232 496 hoc
2255 466 2358 497 modo
2373 468 2500 499 nullum

1397 506 1399 510 ’
1425 505 1548 536 malum
1564 512 1696 536 naturae
1710 513 1757 537 est
1769 516 1827 546 per
1839 508 1988 538 accidens
2000 509 2033 539 in
2048 508 2215 540 effectibus
2228 510 2353 542 divinis.
2366 529 2390 534 -
2401 512 2501 550 Quod

1424 556 1532 581 autern
1558 557 1605 581 est
1633 560 1689 590 per
1721 551 1869 582 accidens
1899 559 2026 583 tantum
2057 553 2202 585 secundo
2226 554 2338 591 modo,
2362 565 2430 586 non
2454 564 2501 588 est

1424 594 1594 626 fortuitum
1619 602 1650 626 et
1674 596 1811 632 casuale,
1836 598 1862 627 si
1888 603 1923 627 ut
1947 598 1979 628 in
2011 598 2157 638 pluribus
2188 599 2327 630 accidat:
2353 601 2429 640 quia
2451 611 2500 632 se-

1424 639 1576 670 cundaria
1600 641 1782 671 intentione
1806 647 1854 671 est
1877 642 2048 679 intentum,
2065 650 2222 684 tanquam
2239 654 2445 685 consequens
2462 645 2502 676 ad

1422 684 1455 714 id
1479 684 1569 725 quod
1593 686 1699 725 primo
1725 691 1756 716 et
1779 695 1836 726 per
1860 696 1894 717 se
1919 687 2104 718 intenditur.
2139 689 2181 719 Et
2208 690 2253 720 sic
2277 690 2310 720 in
2334 688 2502 721 effectibus

1423 728 1538 760 divinis
1562 735 1670 769 potest
1693 739 1761 760 esse
1786 731 1908 771 aliquid
1938 741 1995 772 per
2025 732 2184 764 accidens.
2217 734 2325 765 Primo
2358 735 2446 765 enim
2469 741 2502 766 et

1423 863 1546 893 malum
1570 869 1703 894 naturae
1727 864 1873 901 alicuius,
1890 865 2082 896 secundario
2100 868 2195 897 etiam
2211 868 2292 899 illud
2308 869 2432 900 malum
2452 870 2500 900 in-

1395 900 1397 949 ξ
1422 907 1535 943 tendit,
1560 909 1755 949 inquantum
1780 910 1881 950 magis
1905 910 1974 941 vult
1997 910 2078 941 illud
2101 911 2223 942 malurn
2248 914 2377 944 evenire
2400 923 2500 954 quam

1423 958 1459 983 ut
1482 953 1670 984 universum
1694 963 1734 984 eo
1760 955 1848 984 bono
1866 955 2009 995 privetur
2025 955 2065 986 ad
2082 956 2173 995 quod
2195 957 2258 987 tale
2281 958 2404 989 malum
2420 969 2499 990 con-

1423 998 1578 1037 sequitur.

530 1244 1013 1301 CAPITULUM
1051 1245 1779 1323 QUADRAGESIMUM
1818 1246 2267 1304 SECUNDUM

1015 1355 1045 1384 A
1080 1355 1120 1395 39
1135 1365 1153 1383 v
1186 1355 1277 1390 a36;
1307 1356 1427 1396 Autog.
1458 1355 1610 1386 Ambros.
1651 1364 1689 1386 ir
1712 1364 1771 1386 ai.

683 1436 857 1489 QUOD
905 1435 1113 1478 CAUSA
1158 1437 1348 1477 PRIMA
1393 1437 1846 1485 DISTINCTIONIS
1889 1438 2105 1480 RERUM

736 1499 866 1540 NON
901 1499 1016 1540 EST
1051 1499 1482 1540 SECUNDORUM
1516 1500 1843 1542 AGENTIUM
1878 1501 2051 1541 ORDO

441 1644 445 1649 .
475 1636 482 1656 ,ς
499 1625 524 1650 x
552 1611 699 1649 eisdem
719 1612 834 1649 etiam
854 1612 1006 1649 ostendi
1025 1620 1151 1661 potest
1171 1613 1279 1661 quod
1306 1625 1363 1649 re-

316 1676 325 1695 ;
362 1705 384 1709 ,.
453 1665 486 1714 ᾗ
515 1678 604 1703 rum
633 1665 821 1703 distinctio
850 1677 931 1702 non
961 1674 1142 1703 causatur
1160 1678 1205 1703 ex
1227 1666 1363 1703 ordine

364 1715 483 1770 ,35²2ss
515 1719 780 1756 secundorum
815 1719 1032 1768 agentium:
1070 1719 1166 1757 sicut
1202 1720 1362 1769 quidam

314 1774 330 1796 ⁷⁴
374 1765 485 1795 *μ
515 1773 641 1810 dicere
670 1774 879 1810 voluerunt
907 1773 1015 1822 quod
1044 1773 1163 1819 Deus,
1193 1786 1285 1810 cum
1319 1774 1363 1810 sit

292 1839 395 1864 unus
430 1834 466 1864 et
501 1826 675 1876 simplex,
704 1826 791 1864 facit
825 1834 977 1863 tantum
1013 1839 1139 1864 unum
1169 1827 1362 1873 effectum,

291 1893 391 1930 quae
429 1888 484 1917 est
519 1880 730 1917 substantia
764 1879 892 1929 primo
925 1887 1099 1925 causata;
1130 1893 1242 1930 quae,
1273 1881 1363 1930 quia

290 1933 519 1984 simplicitati
547 1933 696 1983 primae
725 1945 865 1971 causae
893 1933 1103 1982 adaequari
1126 1945 1207 1970 non
1227 1942 1362 1982 potest,

290 2000 381 2025 cum
410 1999 490 2024 non
519 1987 566 2024 sit
594 1995 701 2024 actus
729 1998 852 2036 purus
881 1986 948 2023 sed
977 1987 1118 2024 habeat
1140 1986 1285 2036 aliquid
1314 1987 1363 2023 de

288 2040 459 2091 potentia
494 2040 727 2086 admixtum,
758 2040 874 2078 habet
901 2039 1072 2088 aliquam
1108 2040 1363 2090 multiplicita—

288 2103 378 2140 tem,
405 2102 446 2131 ut
466 2105 513 2131 ex
532 2106 578 2131 ea
597 2094 676 2131 iarn
695 2093 891 2143 pluralitas
906 2093 1036 2143 aliqua
1050 2093 1171 2143 possit
1190 2094 1362 2143 prodire;
1381 2116 1387 2130 ι

289 2156 325 2186 et
348 2148 402 2185 sic
431 2159 586 2197 semper
608 2147 808 2184 effectibus
836 2160 859 2184 a
887 2146 1127 2196 simplicitate
1155 2160 1363 2185 causarum

288 2201 567 2247 deficientibus,
588 2201 685 2238 dum
714 2200 1018 2251 multiplicantur
1042 2201 1213 2246 effectus,
1238 2201 1363 2239 diver-

289 2256 378 2294 sitas
413 2267 544 2294 rerum
579 2255 833 2301 constituitur,
871 2267 917 2292 ex
955 2254 1099 2304 quibus
1135 2255 1363 2293 universum

289 2309 460 2347 consistit
478 2310 509 2347 Ψ.

344 2364 451 2401 Haec
480 2363 591 2412 igitur
618 2361 758 2413 positio
787 2361 855 2400 toti
885 2374 1016 2400 rerum
1045 2362 1252 2399 diversitati
1283 2375 1362 2400 non

290 2430 411 2455 unam
440 2430 599 2455 causam
628 2416 803 2465 assignat,
832 2416 901 2453 sed
930 2416 1098 2465 singulas
1126 2429 1262 2454 causas
1298 2417 1363 2454 de-

290 2471 501 2509 terminatis
529 2470 746 2508 effectibus:
781 2478 902 2507 totam
938 2478 1069 2507 autern
1103 2469 1362 2508 diversitatem

290 2537 422 2563 rerum
441 2538 487 2563 ex
507 2537 700 2562 concursu
720 2523 902 2561 omnium
920 2535 1128 2561 causarum
1153 2524 1363 2573 procedere

290 2579 408 2629 ponit.
426 2579 483 2617 Ea
502 2587 633 2616 autem
653 2591 675 2616 a
695 2590 787 2615 casu
807 2589 890 2615 esse
906 2577 1072 2615 dicimus
1087 2589 1189 2626 quae
1209 2590 1255 2615 ex
1270 2590 1362 2616 con-

290 2645 406 2671 cursu
434 2632 677 2670 diversarum
705 2643 913 2669 causarum
945 2631 1181 2681 proveniunt
1213 2640 1250 2668 et
1282 2644 1363 2669 non

290 2699 336 2724 ex
355 2686 485 2736 aliqua
504 2699 583 2724 una
601 2698 719 2723 causa
738 2684 1003 2723 determinata.
1030 2684 1231 2722 Distinctio
1252 2685 1364 2733 igitur

291 2752 421 2778 rerum
450 2749 486 2778 et
514 2740 612 2777 ordo
642 2739 814 2777 universi
842 2738 912 2776 erit
940 2751 962 2776 a
991 2751 1094 2776 casu.

343 2794 533 2844 Amplius.
564 2793 605 2831 ld
633 2793 741 2843 quod
770 2800 826 2830 est
845 2792 1041 2842 optimum
1070 2791 1109 2829 in
1138 2793 1254 2830 rebus
1273 2805 1363 2830 cau-

290 2848 388 2894 satis,
410 2847 606 2885 reducitur
625 2855 667 2884 ut
695 2846 733 2884 in
762 2845 931 2896 primam
959 2857 1118 2883 causam
1138 2847 1177 2884 in
1198 2846 1236 2883 id
1256 2846 1362 2896 quod

291 2909 346 2939 est
383 2901 578 2951 optimum
616 2900 655 2938 in
692 2899 836 2937 causis:
871 2908 1023 2949 oportet
1061 2899 1166 2937 enim
1205 2900 1364 2937 effectus

291 2955 598 3005 proportionales
618 2966 702 2991 esse
722 2953 847 2991 causis
866 2953 897 2990 ’ἦ
929 2952 1135 3004 Optimum
1165 2962 1296 2991 autem
1325 2953 1364 2990 in

293 3009 478 3046 omnibus
506 3007 660 3046 entibus
695 3007 860 3045 causatis
895 3015 949 3043 est
983 3007 1080 3044 ordo
1114 3006 1296 3052 universi,
1326 3007 1365 3044 in

292 3075 372 3112 quo
392 3062 544 3100 bonum
574 3060 745 3099 universi
773 3060 961 3098 consistit:
993 3060 1090 3097 sicut
1119 3068 1154 3097 et
1182 3060 1221 3097 in
1251 3061 1366 3097 rebus

293 3116 475 3154 humanis
503 3118 642 3153 bonum
670 3117 792 3165 gentis
820 3120 871 3151 est
899 3115 1058 3151 divinius
1086 3127 1198 3164 quam
1226 3116 1366 3151 bonum

294 3171 401 3207 unius
419 3169 450 3206 ²⁸.
481 3169 645 3219 Oportet
675 3167 787 3217 igitur
814 3167 994 3205 ordinem
1021 3167 1190 3205 universi
1212 3167 1308 3205 sicut
1328 3168 1366 3205 in

294 3235 451 3260 causam
480 3222 680 3272 propriam
710 3222 894 3259 reducere
924 3221 963 3258 in
992 3222 1134 3266 Deum,
1160 3233 1279 3270 quem
1304 3234 1367 3258 su-

294 3288 363 3325 pra
387 3276 408 3298 *
436 3276 679 3314 ostendimus
715 3287 797 3312 esse
833 3287 1037 3312 summum
1071 3274 1234 3312 bonum.
1274 3275 1366 3312 Non

295 3329 406 3378 igitur
434 3342 564 3367 rerum
594 3329 796 3374 distinctio,
818 3328 856 3366 in
876 3341 954 3378 qua
974 3328 1072 3366 ordo
1092 3327 1262 3365 consistit
1283 3328 1366 3366 uni—

348 3443 364 3468 6
384 3452 451 3477 quae
466 3452 511 3477 pr.
531 3445 588 3470 loco
607 3444 767 3477 DEWXpN;
788 3444 861 3477 quod
880 3443 913 3474 G,
933 3443 977 3477 qui
996 3443 1092 3474 ceteri}
1111 3443 1146 3477 cf.
1168 3442 1218 3468 358
1241 3443 1256 3467 b
1270 3451 1293 3469 1.

296 3479 455 3510 ENYZsGb;
475 3481 603 3513 propriae.
694 3479 710 3504 8
723 3488 776 3504 non
790 3479 832 3513 sit]
847 3479 880 3504 sit
894 3479 979 3504 oeDW.

297 3514 440 3540 terminatis
459 3517 480 3540 Α
500 3517 585 3546 solus;
605 3515 796 3541 determinatas.

297 3555 398 3582 oportet
413 3558 443 3581 ας
461 3551 543 3576 ceter-1·
563 3551 639 3582 igitur
654 3558 707 3583 pro
726 3552 804 3577 enim.
898 3558 932 3584 ²9
951 3550 1073 3584 divinius]
1094 3550 1189 3575 melius
1209 3550 1237 3576 Z.

351 3583 367 3609 6
386 3586 500 3617 ipsarum
520 3586 639 3615 NWYZ3
658 3587 784 3619 ipsorum.
875 3595 892 3621 9
911 3585 1084 3620 simplicitate]
1106 3585 1256 3611 summitate
1276 3594 1301 3611 α.

298 3619 408 3645 freniffi
426 3621 457 3650 G,
477 3621 668 3647 fretun-actricis
687 3623 718 3652 Ν,
738 3622 913 3648 frenifactivus
933 3625 959 3648 et
978 3621 1161 3647 frenefactivua
1179 3621 1270 3647 ceteri.

300 3697 333 3724 29
353 3690 437 3724 quasi}
458 3692 523 3717 sicut
543 3692 573 3718 D.

1390 3449 1494 3469 causata
1519 3445 1541 3468 Α
1560 3443 1646 3473 so!us;
1672 3449 1766 3469 creata.
1787 3444 1830 3468 lea
1851 3443 1957 3476 saepius
1976 3448 2128 3474 crea—pro
2147 3447 2225 3466 causa
2238 3455 2265 3466 -.

1072 3485 1104 3504 ιο
1117 3479 1169 3504 iam
1184 3479 1206 3503 Α
1219 3479 1303 3509 solus3
1323 3486 1365 3504 om
1382 3479 1434 3509 ΝΖ,
1450 3479 1508 3504 ideo
1522 3479 1612 3505 ceteri.

895 3514 926 3540 23
948 3515 975 3540 ld
995 3515 1067 3548 quod
1085 3519 1169 3541 est...
1190 3513 1238 3539 365
1259 3513 1318 3540 ⁸26
1337 3515 1459 3548 Amplius
1479 3515 1540 3540 hom
1559 3522 1603 3540 om
1624 3515 1658 3540 Η.

1330 3550 1362 3575 33
1382 3551 1406 3576 in
1427 3558 1479 3584 qua
1498 3552 1520 3576 Α
1539 3551 1624 3579 solun
1644 3551 1669 3575 in
1689 3559 1751 3584 quo.

1403 3586 1434 3612 13
1455 3586 1632 3612 srenifactricis
1651 3586 1702 3617 sN;
1721 3585 1904 3611 frenesnctricis
1923 3583 1954 3616 Ι),

1363 3621 1510 3656 ¹7'omnis]
1530 3621 1644 3647 hominis
1665 3621 1707 3647 Pe.

298 3660 324 3679 et
342 3656 407 3680 ordo
427 3657 537 3688 partium
556 3657 678 3691 universi}
698 3659 763 3683 ordo
783 3658 895 3683 universi
916 3658 1028 3690 partium
1048 3663 1074 3682 et
1093 3657 1223 3682 distinctio
1243 3656 1294 3682 aed
1312 3660 1339 3682 et
1358 3658 1488 3683 mutando
1507 3658 1619 3691 partium
1638 3656 1752 3682 universi
1773 3655 1861 3681 DWP.

1420 1613 1532 1658 versi,
1561 1621 1743 1650 causatur
1771 1626 1817 1650 ex
1846 1613 1973 1651 causis
2002 1614 2193 1660 secundis,
2214 1614 2283 1652 sed
2307 1615 2430 1663 magis
2449 1627 2496 1653 ex

1421 1667 1631 1704 intentione
1661 1679 1800 1704 causae
1829 1667 1990 1716 primae.
2298 1663 2300 1666 ’

1474 1721 1625 1757 Adhuc.
1666 1720 1893 1758 Absurdum
1922 1720 2076 1758 videtur
2104 1721 2142 1759 id
2171 1722 2278 1771 quod
2311 1730 2367 1759 est
2398 1722 2497 1772 opti-

1420 1785 1532 1811 mum
1552 1773 1591 1811 in
1612 1774 1727 1811 rebus
1749 1774 1933 1812 reducere
1953 1774 2050 1812 sicut
2070 1774 2109 1812 in
2129 1787 2289 1813 causam
2309 1775 2348 1812 in
2364 1787 2497 1814 rerum

1388 1843 1395 1859 <
1419 1827 1625 1864 defectum.
1657 1827 1864 1878 Optimum
1893 1830 2024 1866 autern
2045 1828 2083 1865 in
2104 1829 2220 1866 rebus
2249 1828 2414 1867 causatis
2439 1837 2496 1867 est

1419 1880 1610 1918 distinctio
1631 1889 1666 1917 et
1686 1881 1785 1918 ordo
1815 1881 1999 1931 ipsarum,
2019 1889 2061 1919 ut
2085 1890 2286 1920 ostensum
2306 1890 2361 1920 est
2375 1883 2406 1920 ²¹³.
2437 1883 2496 1921 ln-

1419 1933 1658 1971 conveniens
1686 1934 1799 1982 igitur
1826 1942 1882 1971 est
1909 1934 2037 1972 dicere
2065 1936 2173 1984 quod
2202 1935 2285 1973 talis
2305 1936 2496 1974 distinctio

1419 1999 1466 2024 ex
1487 1988 1562 2024 hoc
1582 1996 1762 2024 causetur
1781 1988 1890 2037 quod
1918 1989 2113 2026 secundae
2141 2001 2281 2027 causae
2309 1989 2497 2027 deficiunt

1419 2053 1442 2077 a
1470 2040 1710 2090 simplicitate
1739 2053 1879 2079 causae
1907 2041 2069 2091 primae.

1474 2095 1580 2132 Item.
1611 2095 1651 2132 ln
1682 2094 1868 2133 omnibus
1903 2095 2030 2133 causis
2065 2095 2265 2144 agentibus
2299 2096 2495 2144 ordinatis,

1420 2147 1487 2184 ubi
1508 2148 1631 2196 agitur
1658 2157 1816 2198 propter
1835 2147 1968 2195 finem,
1989 2157 2141 2199 oportet
2159 2149 2268 2199 quod
2287 2149 2387 2188 fines
2405 2163 2495 2189 cau-

1420 2214 1552 2239 sarum
1572 2202 1835 2240 secundarum
1855 2202 1929 2240 sint
1947 2211 2106 2252 propter
2119 2202 2241 2240 finem
2260 2215 2401 2242 causae
2419 2204 2495 2254 pri·

1419 2267 1525 2293 mae:
1556 2255 1653 2293 sicut
1680 2256 1769 2293 finis
1798 2255 1970 2294 militaris
1998 2265 2034 2294 et
2067 2256 2254 2306 equestris
2282 2265 2319 2294 et
2346 2257 2495 2296 frenifa-

1419 2309 1542 2347 ctricis
1563 2317 1618 2346 est
1637 2317 1796 2360 propter
1814 2309 1936 2347 finem
1955 2309 2076 2347 civilis
2085 2310 2116 2347 ³⁸.
2134 2311 2344 2348 Processus
2363 2319 2495 2349 autem

1419 2363 1568 2400 entium
1588 2376 1611 2401 a
1630 2363 1758 2413 primo
1779 2371 1866 2401 ente
1886 2371 1942 2402 est
1965 2375 2035 2414 per
2062 2363 2255 2402 actionem
2275 2363 2495 2403 ordinatam

1419 2417 1468 2454 ad
1498 2416 1638 2454 finem:
1668 2429 1761 2454 cum
1790 2417 1835 2455 sit
1863 2429 1934 2467 per
1961 2417 2208 2465 intellectum,
2230 2426 2274 2456 ut
2293 2426 2495 2456 ostensum

1419 2479 1474 2507 est
1493 2471 1529 2515 *ς
1550 2471 1762 2508 intellectus
1790 2479 1922 2509 autem
1942 2471 2072 2509 omnis
2090 2479 2250 2522 propter
2267 2471 2390 2509 finem
2407 2471 2494 2522 agit.

1421 2523 1460 2561 Si
1488 2524 1600 2573 igitur
1624 2524 1661 2561 in
1687 2524 1943 2574 productione
1966 2537 2098 2562 rerum
2121 2533 2212 2563 sunt
2231 2525 2383 2575 aliquae
2405 2537 2495 2564 cau·

1419 2589 1483 2615 sae
1503 2578 1709 2623 secundae,
1730 2586 1881 2628 oportet
1908 2579 2016 2628 quod
2046 2578 2145 2616 fines
2169 2591 2306 2616 earum
2325 2587 2362 2616 et
2380 2578 2496 2622 actio-

1419 2644 1487 2668 nes
1521 2631 1595 2669 sint
1628 2639 1786 2682 propter
1809 2632 1939 2669 >finem
1973 2644 2112 2670 causae
2145 2632 2306 2683 primae,
2340 2632 2409 2683 qui
2441 2641 2497 2671 est

1418 2685 1578 2722 ultimus
1612 2685 1699 2722 finis
1733 2685 1771 2723 in
1806 2686 1923 2723 rebus
1954 2685 2130 2723 causatis.
2162 2687 2249 2724 Hoc
2277 2694 2408 2724 autern
2441 2694 2498 2724 est

1418 2738 1610 2776 distinctio
1639 2747 1675 2776 et
1704 2739 1802 2776 ordo
1831 2739 2001 2789 partium
2021 2739 2202 2785 universi,
2223 2740 2291 2790 qui
2310 2748 2367 2777 est
2385 2740 2497 2790 quasi

1418 2793 1555 2830 ultima
1583 2794 1718 2830 forma.
1749 2794 1841 2830 Non
1871 2792 1984 2842 igitur
2011 2801 2067 2831 est
2095 2793 2287 2831 distinctio
2317 2793 2355 2830 in
2381 2793 2498 2831 rebus

1420 2855 1456 2883 et
1485 2846 1582 2883 ordo
1611 2854 1770 2896 propter
1792 2846 1962 2884 actiones
1986 2847 2251 2885 secundarum
2271 2858 2495 2885 causarum:

1381 2918 1403 2938 ις
1420 2900 1487 2937 sed
1517 2899 1638 2949 magis
1671 2900 1842 2938 actiones
1875 2901 2138 2938 secundarum
2171 2913 2379 2939 causarum
2408 2908 2498 2938 sunt

1421 2962 1580 3003 propter
1607 2953 1784 2992 ordinem
1814 2962 1850 2991 et
1879 2953 2165 2992 distinctionem
2194 2954 2232 2992 in
2262 2955 2378 2992 rebus
2405 2966 2497 2993 con-

1421 3007 1667 3045 stituendam.

1475 3061 1627 3098 Adhuc.
1659 3061 1699 3098 Si
1728 3061 1919 3098 distinctio
1948 3060 2117 3111 partium
2137 3060 2309 3098 universi
2338 3069 2374 3098 et
2399 3061 2498 3098 ordo

1422 3127 1558 3152 earum
1578 3122 1633 3152 est
1653 3114 1835 3165 proprius
1855 3115 2014 3152 effectus
2037 3126 2177 3152 causae
2205 3115 2366 3165 primae,
2385 3113 2498 3165 quasi

1422 3167 1558 3206 ultima
1587 3168 1712 3206 forma
1745 3175 1781 3205 et
1814 3167 2009 3217 optimum
2046 3167 2085 3206 in
2121 3167 2317 3214 universo,
2346 3174 2498 3217 oportet

1424 3234 1554 3259 rerum
1593 3221 1879 3259 distinctionem
1912 3229 1949 3259 et
1981 3221 2160 3259 ordinem
2193 3233 2276 3258 esse
2315 3219 2353 3257 in
2391 3219 2497 3258 intel-

1423 3277 1521 3312 lectu
1557 3287 1697 3313 causae
1732 3275 1898 3324 primae:
1939 3274 1978 3312 in
2014 3275 2130 3313 rebus
2162 3273 2267 3312 enirn
2299 3285 2400 3322 quae
2429 3286 2499 3324 per

1423 3329 1658 3366 intellectum
1687 3336 1863 3383 aguntur,
1893 3329 2018 3366 forma
2046 3339 2147 3378 quae
2175 3326 2214 3364 in
2244 3326 2359 3364 rebus
2394 3327 2499 3365 factis

2419 3449 2431 3466 r

1706 3479 1737 3504 13
1753 3477 1852 3512 rerum]
1866 3486 1930 3504 vero
1942 3485 2030 3503 rerum
2043 3477 2112 3507 th,
2128 3484 2267 3502 causarum
2281 3476 2311 3503 P.
2365 3450 2379 3475 7
2400 3449 2499 3503 ξᾶηῗιζῗ

1754 3514 1787 3540 25
1806 3514 1833 3540 in
1852 3514 1951 3539 camis:
1969 3518 2073 3549 oportet
2096 3512 2166 3537 enim
2185 3513 2246 3543 Dx;
2269 3513 2296 3538 ln
2320 3512 2406 3538 causis
2429 3514 2499 3538 enim

1974 3583 2156 3609 srenefactivae
2174 3583 2244 3615 thv.
2263 3583 2437 3610 frenifactivae
2456 3584 2498 3614 Pe,

1799 3627 1828 3646 αι
1852 3618 1917 3654 Hoc]
1938 3620 2009 3645 Haec
2027 3619 2099 3648 GNb.
2116 3619 2164 3644 Hic
2179 3619 2226 3645 Pd.
2319 3627 2350 3644 ἠ
2370 3620 2500 3645 distinctio

1962 3654 1995 3681 23
2015 3659 2056 3680 est
2073 3662 2116 3680 om
2135 3654 2178 3687 W,
2197 3658 2261 3680 ante
2284 3655 2360 3688 igitur
2382 3655 2499 3681 DGYPc.

2523 1890 2533 1900 ·
2549 1889 2605 1917 Arg.
2621 1895 2697 1918 praec.
2719 1892 2741 1911 et

2523 1922 2575 1944 cap.
2590 1922 2671 1939 xxxix.

2522 2323 2532 2333 ·
2547 2324 2557 2344 1
2569 2321 2654 2349 Bene„
2663 2327 2679 2349 ι,
2686 2328 2710 2349 4.

2521 2483 2531 2492 ·
2547 2481 2606 2510 Cup.
2618 2487 2680 2504 xxiv.
