2768 4134
66 2266 142 2315 «⁸⁷9i':
153 2292 172 2308 ¹·

65 2369 73 2377 '
89 2367 145 2394 Cap.
162 2372 224 2388 ›ti-tv.

67 3221 76 3229 ·
92 3220 147 3247 Cap.
161 3226 211 3242 ιιιι.

309 309 388 346 240

364 376 415 407 Ad
439 376 534 405 huius
559 372 754 404 evidentiam
771 370 1043 402 considerandum
1060 370 1161 411 quod,
1179 379 1255 400 cum
1272 370 1385 400 electio

307 420 563 461 segregationem
577 417 740 458 quandam
757 418 796 447 ab
809 417 877 447 aliis
893 416 1063 456 importet;
1080 415 1259 456 segregatio
1276 420 1385 445 autem

307 475 374 495 non
391 463 445 494 fiat
468 463 528 494 nisi
553 471 668 493 eorum
692 471 776 502 quae
800 462 976 492 commixta
999 466 1088 491 sunt:
1114 460 1230 491 electio
1253 460 1384 500 proprie

307 515 354 540 est
376 513 525 548 respectu
547 516 661 538 eorum
686 516 769 547 quae
793 512 868 536 sunt
892 506 1067 536 commixta
1092 510 1123 535 et
1147 504 1384 540 convenientia,

307 553 386 584 dum
402 562 506 583 unum
527 561 642 582 eorum
667 552 735 582 aliis
759 556 1032 592 praeacceptatur.
1058 549 1135 580 Ideo
1152 550 1208 579 ubi
1225 549 1264 579 sit
1280 558 1384 579 unum

306 603 432 628 tantum
459 597 606 627 medium
637 596 822 627 ordinatum
849 595 889 626 ad
916 594 1026 631 finem,
1050 600 1199 634 respectu
1223 594 1293 624 eius
1316 603 1384 624 non

307 648 354 673 est
378 642 508 672 electio:
533 641 590 672 sed
613 641 726 671 eadem
751 641 810 671 erit
833 641 913 671 ratio
932 638 1065 670 volendi
1081 638 1181 669 finem
1199 643 1230 669 et
1245 637 1278 668 id
1294 638 1385 678 quod

306 692 353 717 est
377 686 416 717 ad
439 685 550 723 finem,
576 692 607 716 et
636 685 749 716 eadem
779 685 962 716 necessitas,
988 684 1051 715 Ubi
1081 689 1189 714 autem
1221 682 1260 713 ad
1284 681 1384 713 finem

305 731 416 762 multis
431 731 546 762 mediis
562 736 671 771 potest
686 731 855 771 perveniri,
873 735 1021 770 respectu
1038 729 1297 767 uniuscuiusque
1313 728 1384 758 illo-

305 785 379 807 rum
394 781 503 816 potest
515 785 583 807 esse
597 775 723 806 electio.
735 775 887 807 Similiter
903 774 1014 805 omnia
1025 773 1204 804 necessaria
1216 772 1257 803 ad
1273 771 1383 809 finem,

306 821 375 851 sine
391 821 509 861 quibus
526 821 647 851 scilicet
663 819 735 850 finis
752 820 861 850 haberi
877 829 945 849 non
958 823 1076 859 potest,
1089 818 1209 848 habent
1225 817 1385 848 rationem

305 866 403 896 unius
426 865 541 902 medii3
572 871 603 896 et
627 864 739 895 eadem
769 864 959 895 necessitate
989 863 1049 893 sub
1074 862 1240 893 voluntate
1265 862 1385 893 cadunt

306 920 383 941 cum
405 909 481 947 fine,
506 910 532 940 si
556 915 794 950 cognoscantur
817 908 995 939 necessaria
1019 916 1099 938 esse.
1123 907 1165 938 Et
1184 916 1300 937 eorum
1316 917 1385 938 non

307 960 354 986 est
369 955 500 986 electio:
522 964 598 986 cum
614 955 830 985 necessarium
847 953 916 983 aliis
931 952 1170 993 praeacceptari
1185 961 1254 982 non
1271 952 1384 992 possit,

307 1009 348 1030 eo
365 999 455 1040 quod
476 1009 552 1030 cum
568 999 648 1035 aliis,
665 999 797 1029 utilibus
813 1003 951 1034 tantum,
967 1006 1036 1028 non
1059 997 1243 1033 conveniat,
1263 996 1320 1027 sed
1336 1006 1385 1027 se-

306 1045 378 1085 ipso
395 1045 434 1075 ab
454 1044 523 1074 aliis
547 1044 586 1074 sit
610 1049 813 1083 segregatum
835 1043 870 1073 in
892 1042 1017 1072 ratione
1041 1041 1180 1072 ordinati
1205 1040 1245 1072 ad
1268 1040 1383 1079 finem3

306 1089 413 1129 ipsum
438 1089 526 1119 enim
548 1089 766 1118 necessarium
791 1093 847 1123 est,
872 1086 934 1117 alia
956 1096 1034 1117 vero
1057 1086 1158 1117 utilia.

362 1133 417 1163 Illa
430 1142 506 1173 ergo
523 1133 705 1173 propositio
723 1137 771 1163 est
786 1131 1008 1162 universaliter
1018 1140 1104 1166 vera,
1116 1130 1243 1161 Electio
1259 1140 1386 1171 semper

305 1177 349 1208 ad
364 1177 499 1208 liberum
516 1177 687 1208 arbitrium
698 1177 859 1217 pertinet:
879 1176 956 1217 quia
972 1176 1087 1207 electio
1105 1181 1152 1206 est
1167 1184 1283 1206 eorum
1300 1184 1384 1216 quae

305 1221 345 1252 ad
367 1221 468 1253 finem
492 1231 561 1252 non
584 1222 765 1252 necessario
789 1220 992 1258 ordinantur;
1018 1226 1050 1251 et
1072 1220 1147 1251 ideo
1172 1219 1263 1260 quod
1279 1229 1384 1258 unum

305 1275 381 1308 prae
405 1267 474 1297 aliis
497 1272 693 1307 acceptetur,
718 1271 766 1297 est
789 1275 828 1296 ex
851 1265 996 1297 libertate
1020 1265 1159 1296 volentis
1182 1264 1293 1296 finem.

361 1311 409 1342 Ex
434 1320 501 1351 quo
530 1311 626 1342 etiam
654 1316 742 1351 patet
771 1310 860 1341 illam
887 1311 1162 1351 propositionem,
1185 1309 1313 1340 Electio
1338 1315 1386 1340 est

306 1365 418 1386 eorum
443 1365 526 1396 quae
548 1360 625 1386 sunt
648 1355 692 1386 ad
703 1356 820 1397 finem,
843 1361 995 1396 oportere
1018 1355 1152 1395 intelligi
1177 1354 1216 1386 de
1240 1355 1278 1385 iis
1299 1363 1384 1395 quae

306 1401 526 1441 contingentia
546 1405 635 1431 sunt:
659 1410 727 1431 non
747 1406 856 1431 autem
877 1399 916 1431 de
935 1401 973 1430 iis
999 1409 1083 1441 quae
1104 1399 1284 1431 necessaria
1309 1405 1384 1430 sunt

720 292 908 330 SUMMA
938 290 1161 328 CONTRA
1190 289 1467 335 GENTILES,
1498 289 1609 326 CAP.
1629 290 1871 337 LXXXVIII,
1890 291 2101 328 LXXXIX.

1440 369 1480 399 ad
1503 368 1615 406 finem,
1640 370 1717 410 quia
1739 370 1793 400 illa
1815 380 1884 401 non
1908 370 2028 401 cadunt
2051 371 2111 401 sub
2136 370 2306 408 electione,
2324 381 2439 402 eorum
2459 382 2516 403 ne—

1440 414 1586 444 cessitate
1602 414 1743 454 cognita,
1759 414 1816 445 sed
1831 416 1892 446 sub
1908 415 2066 446 volitione
2090 414 2174 446 finis.
2200 415 2294 446 Unde
2319 417 2426 447 omnis
2445 418 2517 457 qui-

1439 458 1514 490 dem
1542 458 1658 489 electio
1683 463 1732 489 est
1754 468 1870 491 eorum
1894 469 1979 500 quae
2006 465 2082 490 sunt
2109 459 2150 490 ad
2176 458 2291 491 finem:
2315 470 2385 492 non
2408 467 2517 492 autem

1440 504 1551 534 omnia
1568 503 1715 533 ordinata
1729 503 1770 534 ad
1785 502 1886 535 finem
1902 505 1961 535 sub
1978 505 2139 536 electione
2156 504 2286 535 cadunt.
2310 505 2352 536 Et
2367 506 2424 542 sic,
2441 516 2517 537 cum

1440 554 1603 579 creaturae
1627 547 1667 578 ad
1691 547 1833 578 divinam
1856 549 2035 580 bonitatem
2059 550 2199 580 habeant
2222 549 2371 581 ordinem
2391 551 2518 582 contin—

1438 599 1580 633 gentem,
1598 602 1666 623 non
1687 593 1915 630 necessarium,
1932 594 2078 634 sequitur
2095 594 2185 635 quod
2206 595 2318 625 omnia
2338 601 2442 626 creata
2458 596 2517 626 sub

1440 637 1547 668 divina
1571 637 1732 668 electione
1756 637 1887 674 cadunt,
1903 643 1935 668 et
1953 647 2013 679 per
2035 648 2242 680 consequens
2258 640 2318 670 sub
2338 640 2440 671 libero
2457 640 2518 672 Dei

1440 682 1582 713 arbitrio.

1496 727 1548 757 IV.
1566 726 1704 763 Quarta
1722 726 1812 756 Deus
1828 732 1875 757 est
1890 727 2031 758 maxime
2047 727 2201 759 dominus
2217 738 2353 760 suorum
2369 735 2517 761 actuum:

1439 781 1516 803 cum
1539 777 1629 802 actus
1654 771 1723 802 eius
1746 771 1785 801 ab
1810 770 1874 802 alio
1898 780 1968 802 non
1992 771 2183 813 dependeat.
2207 773 2295 814 Ergo
2311 781 2373 806 etc.
2389 793 2412 798 —
2428 775 2519 807 Patet

1439 817 1684 857 consequentia.
1709 815 1796 854 Quia
1811 816 1914 847 homo
1929 825 1988 857 per
2002 817 2067 848 hoc
2088 817 2179 858 quod
2198 817 2296 850 habet
2315 819 2454 851 liberum
2470 829 2519 851 ar-

1439 862 1581 898 bitrium,
1606 861 1723 892 dicitur
1747 860 1902 891 dominus
1925 870 2062 892 suorum
2085 867 2229 893 actuum.
2499 892 2502 895 .

1497 906 1725 948 Consti-matur
1747 915 1786 937 ex
1809 906 1953 936 nominis
1974 906 2111 937 ratione.
2135 906 2223 945 Quia
2246 907 2383 940 liberum
2398 908 2520 940 dicitur

1439 951 1527 993 quod
1548 951 1601 982 sui
1624 960 1726 982 causa
1749 955 1805 985 est,
1822 955 1859 981 ut
1875 949 1992 982 dicitur
2008 950 2020 982 1
2037 952 2293 993 Metaplirsicae.
2318 952 2394 985 Hoc
2408 959 2518 986 autem

1438 996 1521 1028 nulli
1543 997 1646 1036 magis
1670 995 1828 1036 competit
1851 1004 1952 1036 quam
1974 996 2099 1036 primae
2122 1005 2248 1027 causae.

1495 1040 1752 1077 Advertendum‚
1765 1049 1843 1071 cum
1854 1039 1972 1071 dicitur
1983 1040 2092 1072 Deum
2109 1050 2178 1072 esse
2193 1041 2335 1072 maxime
2347 1041 2519 1075 dominum

1438 1094 1575 1116 suorum
1599 1091 1743 1122 actuum,
1760 1084 1851 1126 quod
1871 1085 1936 1116 hoc
1957 1085 2147 1126 intelligitur
2161 1095 2231 1117 non
2247 1085 2358 1127 quoad
2373 1087 2520 1119 substan-

1439 1130 1517 1160 tiam
1535 1135 1636 1166 aetus‚
1653 1139 1730 1161 cum
1743 1135 1834 1161 actus
1846 1129 1889 1160 ita
1905 1131 1946 1161 sit
1957 1130 2017 1161 sibi
2029 1130 2182 1162 naturalis
2198 1130 2282 1162 sicut
2293 1132 2445 1173 essentia:
2462 1132 2520 1164 sed

1438 1174 1628 1215 intelligitur
1652 1174 1763 1216 quoad
1785 1175 2050 1206 terminationem
2073 1175 2114 1206 ad
2138 1176 2276 1207 obiecta.
2306 1176 2409 1215 Quod
2431 1178 2519 1208 enim

1439 1220 1522 1250 hanc
1539 1225 1571 1250 et
1586 1219 1675 1250 illam
1691 1225 1871 1251 creaturam
1886 1219 2056 1261 producat,
2073 1226 2122 1252 est
2136 1221 2171 1252 in
2186 1221 2333 1252 libertate
2347 1221 2424 1253 Dei:
2449 1222 2520 1264 ipsa

1438 1270 1549 1295 tamen
1573 1264 1752 1296 substantia
1774 1263 2002 1305 productionis
2025 1266 2148 1296 activae
2169 1271 2217 1297 est
2231 1266 2292 1297 sibi
2314 1275 2333 1297 a
2355 1271 2470 1299 natura
2488 1273 2520 1299 et

1438 1318 1506 1340 non
1520 1309 1630 1340 subest
1645 1308 1796 1347 libertati;
1813 1309 1876 1340 nisi
1887 1309 2048 1341 diceretur
2062 1310 2211 1351 negative
2223 1316 2356 1342 actuum
2372 1311 2519 1347 substan-

1438 1354 1516 1385 tiam
1542 1354 1602 1384 sibi
1625 1354 1725 1385 libere
1749 1359 1780 1384 et
1804 1363 1842 1385 ex
1858 1363 1892 1385 se
1916 1355 2092 1386 convenire
2115 1355 2192 1396 quia
2215 1364 2234 1386 a
2254 1355 2348 1387 nullo
2372 1355 2436 1388 alio
2458 1357 2519 1388 sibi

1438 1399 1602 1435 convenit,
1619 1399 1703 1430 sicut
1725 1399 1882 1430 naturalia
1906 1399 2059 1430 creaturis
2082 1400 2121 1430 ab
2142 1400 2206 1431 alio
2222 1399 2284 1431 illis
2300 1406 2375 1432 sunt
2389 1401 2518 1434 tributa.

692 1656 1178 1713 CAPITULUM
1216 1656 1745 1713 OCTOGESIMU
1747 1657 1811 1713 M
1846 1657 2136 1714 NONUM

1182 1767 1211 1797 Α
1248 1768 1322 1797 25v
1361 1775 1406 1797 at
1447 1767 1517 1797 sine
1539 1766 1646 1797 titulo.

529 1857 717 1909 QUOD
763 1857 827 1898 IN
872 1857 1008 1898 DEO
1053 1856 1191 1898 NON
1224 1856 1419 1922 'SUNT
1463 1856 1836 1898 PASSIONES
1879 1857 2298 1901 AFFECTUUM

385 2009 499 2063 της
517 2000 540 2024 x
569 1986 791 2036 praemissis
827 1995 958 2024 autem
995 1986 1081 2024 sciri
1114 1995 1240 2036 potest
1272 1986 1379 2036 quod

410 2041 422 2055 ,
444 2043 466 2058 Ἴ,
496 2038 502 2047 ,

332 2062 340 2069 '
378 2048 474 2082 &3¹9

530 2040 733 2090 passiones
761 2040 975 2078 affectuum
1006 2040 1045 2077 in
1066 2040 1152 2077 Deo
1172 2052 1253 2077 non
1279 2048 1380 2077 sunt.

434 2129 447 2143 ἱ
587 2094 817 2131 Secundum
851 2093 958 2130 enim
987 2093 1260 2131 intellectivam
1289 2093 1382 2131 affe-

336 2172 340 2175 >
470 2147 476 2153 '
531 2147 700 2184 ctionem
730 2158 811 2184 non
832 2155 888 2184 est
916 2147 1046 2197 aliqua
1069 2147 1211 2197 passio,
1233 2147 1300 2184 sed
1321 2158 1382 2184 so·

306 2201 389 2237 lum
404 2201 622 2238 secundum
637 2199 874 2247 sensitivam,
890 2208 933 2238 ut
946 2201 1136 2250 probatur
1150 2199 1189 2238 in
1198 2201 1264 2238 Vll
1280 2201 1382 2250 Phy-

305 2255 468 2291 sicorum
484 2254 514 2291 *.
545 2255 663 2291 Nulla
682 2262 812 2292 autem
834 2254 918 2292 talis
941 2253 1095 2293 affectio
1124 2253 1163 2291 in
1192 2254 1279 2292 Deo
1299 2266 1383 2292 esse

306 2314 446 2357 potest:
477 2320 570 2345 cum
597 2306 694 2345 desit
723 2307 794 2345 sibi
823 2307 1005 2345 sensitiva
1037 2307 1217 2357 cognitio,
1244 2315 1286 2345 ut
1313 2320 1384 2358 per

306 2373 424 2410 supra
444 2360 464 2383 *
492 2361 592 2398 dicta
620 2369 676 2398 est
703 2361 964 2399 manifestum.
995 2361 1243 2411 Relinquitur
1270 2361 1384 2410 igitur

307 2414 415 2463 quod
444 2414 483 2451 in
512 2415 597 2452 Deo
626 2426 707 2452 non
737 2414 783 2452 sit
811 2415 989 2453 affectiva
1017 2415 1159 2465 passio.

361 2468 573 2505 Praeterea.
614 2468 756 2506 Omnis
793 2468 971 2506 affectiva
999 2468 1129 2519 passio
1162 2469 1382 2507 secundum

306 2521 477 2571 aliquam
512 2521 873 2560 transmutationem
907 2524 1151 2572 corporalem
1189 2522 1249 2560 fit:
1288 2530 1383 2574 puta

306 2575 524 2612 secundum
544 2575 858 2613 constrictionem
875 2577 939 2613 vel
957 2575 1221 2614 dilatationem
1241 2576 1381 2621 cordis,

305 2636 371 2666 aut
397 2629 616 2666 secundum
642 2628 789 2679 aliquid
815 2629 1055 2667 huiusmodi.
1084 2630 1269 2677 Quorum
1298 2631 1383 2668 nul-

306 2683 387 2719 lum
408 2681 447 2719 in
466 2683 552 2719 Deo
581 2682 763 2732 possibile
791 2691 847 2720 est
876 2682 1066 2721 accidere:
1098 2695 1145 2720 eo
1173 2684 1281 2733 quod
1301 2695 1382 2721 non

305 2735 351 2772 sit
374 2747 517 2785 corpus
537 2747 606 2773 nec
625 2735 747 2774 virtus
767 2736 805 2774 in
825 2748 1002 2787 corpore,
1024 2745 1066 2774 ut
1085 2749 1202 2787 supra
1216 2737 1237 2759 *
1256 2745 1383 2774 osten-

305 2801 394 2826 sum
414 2797 480 2826 est.
511 2789 604 2826 Non
629 2798 684 2827 est
709 2789 822 2838 igitur
850 2789 889 2828 in
918 2789 1004 2840 ipso
1033 2789 1211 2828 affectiva
1238 2790 1380 2841 passio.

358 2843 466 2880 Item.
487 2843 529 2880 In
549 2843 659 2880 omni
679 2843 857 2882 affectiva
871 2843 1054 2894 passione
1068 2843 1218 2894 patiens
1238 2844 1382 2894 aliqua-

305 2895 387 2933 liter
414 2895 576 2934 trahitur
603 2905 709 2934 extra
737 2910 851 2935 suam
878 2909 1148 2942 communem,
1177 2899 1382 2948 aequalem

306 2951 365 2986 vel
403 2952 695 2988 connaturalem
729 2950 1043 3000 dispositionem:
1082 2951 1194 2988 cuius
1227 2951 1381 3000 signum

306 3010 361 3039 est
399 3003 507 3052 quod
543 3003 771 3042 huiusmodi
804 3004 1017 3055 passiones,
1054 3004 1086 3042 si
1121 3004 1380 3052 intendantur,

306 3056 538 3094 animalibus
566 3056 734 3095 inferunt
763 3066 943 3096 mortem.
984 3058 1061 3096 Sed
1095 3070 1174 3095 non
1209 3066 1265 3096 est
1292 3071 1382 3109 pos-

307 3109 414 3147 sibile
442 3110 574 3148 Deum
603 3119 707 3149 extra
737 3123 850 3149 suam
879 3113 1096 3150 naturalem
1115 3112 1381 3150 conditionem

307 3162 521 3213 aliqualiter
547 3164 662 3202 trahi:
684 3177 776 3202 curn
796 3165 842 3202 sit
871 3165 1035 3203 omnino
1056 3165 1320 3211 immutabilis,
1341 3175 1383 3204 ut

308 3217 458 3265 supra*
486 3225 688 3255 ostensum
717 3226 783 3255 est.
814 3219 922 3256 Patet
949 3218 1063 3268 igitur
1091 3219 1198 3268 quod
1228 3219 1266 3256 in
1296 3220 1382 3257 Deo

308 3270 533 3307 huiusmodi
562 3271 761 3321 passiones
790 3283 874 3309 esse
902 3283 983 3309 non
1011 3280 1187 3322 possunt.

362 3323 551 3374 Amplius,
583 3324 723 3362 Omnis
752 3325 905 3363 affectio
943 3337 1044 3375 quae
1078 3334 1134 3363 est
1163 3327 1381 3364 secundum

308 3376 542 3425 passionem,
572 3378 826 3416 determinate
854 3378 893 3417 in
922 3391 1050 3416 unum
1087 3379 1217 3425 fertur,
1247 3392 1382 3418 secun—

364 3497 373 3514 ι
398 3496 483 3516 autem
503 3491 572 3525 sciri]
592 3493 649 3518 sciri
671 3493 701 3523 N,
721 3493 789 3518 sumi
809 3493 836 3519 Z.

309 3532 323 3557 7
345 3525 411 3550 desit
423 3527 471 3551 sibi
485 3529 608 3552 sensitiva
620 3528 740 3562 cognitio]
757 3529 827 3555 Deua
843 3529 875 3554 tit
890 3537 972 3563 supra
984 3530 1135 3555 sentitivnm
1149 3530 1324 3563 cognitionem
1340 3531 1369 3556 Z.

311 3559 339 3590 E,
359 3561 532 3587 conditionem
553 3563 636 3589 Wl’d.
727 3564 875 3599 aequalem]
895 3565 1063 3591 essentialem
1083 3565 1177 3592 NZPd.

363 3604 379 3629 9
400 3597 521 3631 potentia]
542 3598 566 3623 in
586 3600 701 3632 potentia
720 3600 762 3625 Pe.

310 3631 403 3663 signo;
417 3633 450 3664 cs.
465 3633 508 3665 ρΑ
520 3634 558 3658 ad
564 3634 649 3665 finem
664 3642 722 3667 cap.
734 3636 929 3667 praecedentis.

308 3673 372 3690 aune
391 3668 484 3699 speciei
505 3669 615 3694 BDEPc.
709 3678 736 3695 21
760 3673 801 3696 vel
821 3674 843 3697 Α
862 3673 947 3703 solun
967 3678 1000 3698 et.

1399 2757 1422 2778 ¹5

931 3493 945 3519 3
964 3494 1148 3519 intellectivam
1168 3494 1342 3528 affectionem}
1362 3495 1530 3528 intelligentia
1549 3495 1581 3525 N,
1600 3495 1798 3527 intelligentiam
1816 3494 1846 3520 Ζ.

1017 3643 1027 3662 t
1036 3636 1049 3662 3
1063 3637 1162 3662 ratione
1175 3638 1277 3670 generis
1290 3638 1312 3662 Α
1326 3638 1410 3668 solun
1426 3638 1463 3671 (et
1479 3638 1508 3672 d)
1521 3639 1627 3664 nomine
1641 3643 1666 3664 et
1680 3644 1776 3671 genere
1787 3637 1892 3663 codices
1905 3639 1934 3663 et
1946 3637 1988 3669 cd,
2002 3641 2028 3662 et
2041 3637 2148 3663 nomine
2163 3642 2189 3663 et
2200 3645 2230 3663 re
2245 3637 2274 3663 Ρ.

1438 1987 1536 2024 dum
1578 1987 1747 2024 rnodum
1789 1995 1826 2024 et
1868 1999 2096 2026 mensuram
2137 1988 2346 2038 passionis:
2390 1986 2518 2040 passio

1439 2039 1544 2077 enirn
1574 2040 1768 2090 impetum
1797 2041 1914 2078 habet
1941 2041 1991 2079 ad
2020 2041 2168 2092 aliquid
2195 2054 2336 2089 unum,
2365 2043 2465 2082 sicut
2482 2053 2520 2082 et

1438 2102 1598 2140 natura,
1628 2102 1664 2131 et
1692 2102 1852 2144 propter
1879 2095 1958 2132 hoc
1986 2095 2134 2133 ratione
2162 2103 2316 2147 oportet
2343 2108 2433 2135 eam
2460 2109 2519 2136 re-

1438 2147 1554 2198 primi
1587 2155 1625 2184 et
1661 2147 1838 2197 regulari.
1877 2147 2020 2186 Divina
2058 2157 2190 2187 autem
2222 2151 2404 2188 voluntas
2436 2162 2518 2190 non

1406 2213 1415 2234 s
1439 2200 1720 2239 determinatur
1738 2201 1960 2240 secundum
1980 2214 2022 2240 se
2041 2203 2090 2240 ad
2119 2214 2247 2242 unum
2276 2203 2316 2242 in
2336 2203 2397 2242 his
2416 2216 2519 2256 quae

1438 2262 1565 2293 creata
1593 2262 1696 2302 sunt,
1717 2254 1789 2293 nisi
1809 2267 1857 2293 ex
1876 2255 2013 2294 ordine
2033 2268 2127 2294 suae
2147 2256 2369 2307 sapientiae,
2389 2265 2432 2297 ut
2454 2271 2518 2301 su·

1437 2320 1509 2358 pra
1522 2308 1542 2330 *
1570 2316 1772 2347 ostensum
1792 2317 1859 2347 est.
1881 2309 1975 2347 Non
1994 2317 2051 2347 est
2078 2309 2192 2360 igitur
2218 2310 2258 2348 in
2282 2310 2369 2361 ipso
2387 2312 2518 2362 passio

1438 2362 1659 2400 secundum
1688 2362 1938 2400 affectionem
1966 2362 2151 2413 aliquam.

1491 2415 1645 2454 Adhuc.
1667 2415 1809 2454 Omnis
1827 2416 1959 2467 passio
1979 2424 2035 2454 est
2061 2417 2225 2456 alicuius
2248 2417 2421 2468 potentia
2438 2418 2518 2458 exi-

1399 2484 1425 2499 10
1438 2469 1581 2507 stentis.
1612 2470 1721 2507 Deus
1740 2477 1872 2508 autem
1892 2478 1949 2508 est
1978 2470 2143 2509 omnino
2162 2471 2260 2510 liber
2286 2484 2310 2510 a
2327 2471 2516 2523 potentia:

1438 2535 1530 2560 cum
1551 2522 1597 2560 sit
1615 2534 1740 2573 purus
1758 2532 1867 2562 actus
1881 2522 1913 2561 ¹⁶.
1934 2523 2003 2562 Est
2022 2523 2135 2573 igitur
2153 2536 2271 2574 agens
2294 2533 2459 2576 tantum,
2480 2535 2518 2567 et
2545 2537 2556 2547 ·

1438 2577 1546 2614 nullo
1575 2576 1698 2615 modo
1727 2577 1858 2626 aliqua
1885 2577 2014 2627 passio
2043 2577 2083 2616 in
2111 2577 2197 2628 ipso
2226 2579 2359 2617 locum
2387 2579 2516 2621 habet.

1493 2629 1558 2668 Sic
1585 2629 1699 2678 igitur
1726 2630 1856 2668 omnis
1882 2630 2012 2681 passio
2038 2630 2186 2670 ratione
2212 2632 2363 2681 generis
2381 2645 2405 2672 a
2430 2634 2517 2672 Deo

1439 2691 1676 2721 removetur.
2408 2694 2411 2697 ’

1492 2737 1701 2785 Quaedam
1730 2745 1863 2775 autem
1882 2737 2085 2788 passiones
2105 2747 2361 2778 removentur
2387 2751 2411 2778 a
2429 2740 2516 2780 Deo

1438 2802 1519 2828 non
1549 2791 1679 2828 solum
1707 2790 1855 2829 ratione
1876 2790 1936 2829 sui
1953 2791 2116 2840 generis,
2137 2793 2205 2830 sed
2225 2791 2342 2832 etiam
2367 2792 2516 2838 ratione

1437 2843 1590 2894 speciei.
1621 2844 1763 2883 Omnis
1791 2844 1898 2883 enim
1925 2845 2056 2896 passio
2084 2857 2131 2884 ex
2165 2846 2318 2888 obiecto
2345 2845 2515 2898 speciem

1438 2897 1583 2948 recipit.
1614 2897 1739 2936 Cuius
1766 2898 1882 2947 igitur
1909 2898 2107 2937 obiectum
2137 2899 2303 2938 omnino
2335 2908 2392 2939 est
2428 2901 2516 2941 Deo

1438 2951 1718 3001 incompetens,
1738 2951 1822 2990 talis
1840 2951 1971 3002 passio
1990 2965 2013 2990 a
2042 2953 2128 2990 Deo
2147 2960 2375 2992 removetur
2398 2954 2514 2997 etiarn

1398 3025 1424 3039 ,ο
1438 3005 1657 3043 secundum
1686 3005 1878 3043 rationem
1906 3005 2088 3067 propriae
2116 3006 2270 3057 speciei.

1491 3058 1598 3097 Talis
1627 3066 1759 3097 autem
1788 3067 1844 3096 est
1871 3058 2018 3098 tristitia
2049 3060 2113 3098 vel
2140 3060 2271 3098 dolor:
2302 3072 2395 3100 nam
2431 3058 2515 3102 eius

1437 3111 1636 3150 obiectum
1656 3120 1712 3150 est
1740 3114 1891 3151 malum
1919 3112 1999 3151 iam
2018 3112 2238 3160 inhaerens,
2260 3113 2358 3152 sicut
2384 3113 2515 3164 gaudii

1438 3165 1636 3204 obiectum
1665 3174 1720 3204 est
1748 3166 1901 3205 bonurn
1928 3178 2114 3217 praesens
2141 3175 2179 3205 et
2207 3167 2396 3206 habitum.
2430 3169 2468 3206 T
2462 3169 2514 3207 ri-

1437 3221 1533 3257 stitia
1562 3219 1675 3270 igitur
1703 3227 1739 3258 et
1767 3220 1876 3258 dolor
1907 3232 1953 3257 ex
1987 3220 2070 3272 ipsa
2098 3220 2159 3258 sui
2187 3220 2336 3258 ratione
2359 3219 2398 3258 in
2427 3220 2514 3260 Deo

1398 3292 1421 3312 ²5
1438 3285 1521 3311 esse
1550 3285 1631 3311 non
1659 3281 1824 3324 possunt
1842 3273 1874 3311 ¹¹⁵.

1493 3327 1646 3365 Adhuc.
1667 3327 1781 3365 Ratio
1802 3326 1941 3365 obiecti
1961 3325 2123 3366 alicuius
2141 3325 2332 3378 passionis
2351 3338 2431 3366 non
2452 3339 2513 3370 so-

1439 3382 1521 3418 lum
1542 3380 1708 3419 sumitur
1727 3393 1775 3418 ex
1794 3381 1901 3419 bono
1930 3389 1967 3419 et
1994 3381 2113 3429 malo,
2133 3380 2202 3418 sed
2230 3379 2345 3418 etiam
2366 3393 2412 3420 ex
2437 3381 2514 3421 hoc

1938 3493 1952 3519 5
1972 3492 2134 3527 tennitivam]
2153 3494 2276 3520 virtutem
2296 3495 2447 3520 sensitivam
2461 3494 2514 3522 ΝΖ.

1462 3538 1493 3556 ia
1514 3530 1701 3565 dilatationem]
1721 3531 1872 3556 dilationem
1893 3529 1967 3556 oGN.
2061 3529 2094 3555 18
2113 3529 2293 3565 communem]
2312 3531 2514 3557 conventionem

856 3607 886 3626 12
908 3601 994 3626 locum
1014 3600 1100 3635 habet]
1123 3601 1149 3626 E
1166 3601 1275 3635 regione
1293 3601 1388 3626 horum
1410 3603 1551 3628 verborum
1571 3609 1668 3637 margo
1681 3603 1703 3628 Α
1718 3601 1797 3628 habet
1815 3601 1866 3627 hoc
1880 3606 1952 3635 patet
1968 3608 2015 3634 per
2028 3601 2214 3634 Augustinum,
2232 3602 2332 3636 absque
2350 3601 2515 3629 remissionis

2361 3645 2393 3671 ¹7
2407 3637 2513 3673 speciei]

2545 2319 2555 2330 '
2569 2317 2627 2348 Cap.
2637 2324 2730 2342 ιιιιιι.
2765 2320 2768 2353 j
