2768 4134
69 1983 210 2032 'zMetthv
230 1989 249 2006 c.
266 1989 282 2010 1,

72 2018 79 2033 ι
97 2026 103 2032 .

72 3589 81 3599 ’
98 3588 133 3611 cf.
158 3596 207 3617 cap,
231 3596 284 3615 xxx,

70 3617 196 3671 ffffm‘m'
208 3622 286 3644 parag.

316 259 366 306 96

314 341 498 378 generaret,
524 344 622 375 quam
653 334 748 364 etiam
772 333 897 363 videtur
919 333 1002 363 velle
1026 332 1161 363 Sanctus
1185 324 1338 362 Thomas'
1354 332 1388 362 in

315 382 386 411 Deo
409 389 517 409 veram
534 388 611 414 esse,
629 377 860 408 advertendum
884 377 975 418 quod
997 387 1066 408 non
1090 377 1168 408 dixit
1190 376 1388 417 simpliciter,

316 425 378 455 nisi
402 429 482 454 esset
504 423 543 453 de
565 432 686 464 genere
709 422 841 458 caloris,
859 422 915 453 sed
934 420 1055 452 addidit
1077 421 1277 463 aliqualiter.
1301 421 1389 460 Quia

314 478 381 499 non
397 473 526 508 oportet
548 467 631 497 inter
653 468 803 497 virtutem
825 476 939 497 causae
958 467 1157 507 aequivocae
1176 472 1207 497 et
1223 467 1292 497 eius
1312 465 1387 497 effe-

314 519 402 543 ctum
426 521 494 542 esse
518 512 777 542 convenientiam
796 512 830 542 in
848 521 965 552 genere
981 511 1111 552 proprie
1134 510 1314 551 loquendo,
1331 510 1387 541 sed

314 562 442 597 oportet
469 565 537 587 esse
564 557 824 587 convenientiam
847 557 880 586 in
904 556 1011 596 aliqua
1034 556 1159 586 ratione
1181 565 1248 586 una
1274 555 1387 587 saltem

314 602 447 641 analoga
465 607 496 631 et
511 601 756 641 proportionali,
768 618 790 623 —
802 606 838 631 ut
851 601 895 631 sic
910 610 1015 642 genus
1028 600 1203 641 accipiatur
1218 610 1278 641 pro
1295 600 1387 630 omni

314 646 482 676 communi
505 645 685 676 secundum
708 646 876 681 rationem,
893 644 1210 686 quomodocumque
1232 645 1273 676 sit
1296 654 1387 676 com-

312 699 423 726 mune,
439 707 462 712 —
477 695 513 720 ut
531 690 614 721 inter
630 699 759 721 causam
775 696 807 720 et
830 689 981 720 effectum
1005 690 1044 720 sit
1067 689 1176 730 aliqua
1198 689 1385 720 similitudo.

369 734 407 765 11.
433 734 527 765 Circa
541 734 623 766 illud
639 734 730 775 quod
745 735 851 775 inquit
866 733 1002 766 Sanctus
1018 734 1174 771 Th0mas‚
1191 740 1223 765 et
1239 735 1388 775 superius

313 779 409 810 etiam
433 784 481 810 est
503 784 625 810 tactum
637 780 664 816 *‚
686 779 806 810 scilicet
830 778 921 819 quod
942 779 1034 810 Deus
1057 788 1124 809 non
1148 778 1270 809 dicitur
1293 779 1386 820 lapis,

313 824 389 864 quia
414 823 447 854 in
472 824 603 854 nomine
626 824 744 865 lapidis
768 823 965 866 intelligitur
987 823 1103 854 modus
1126 823 1253 854 essendi
1281 823 1387 854 deter-

313 868 464 904 minatus,
489 869 665 899 secundum
689 878 781 909 quem
801 869 885 909 lapis
900 878 921 899 a
936 868 1008 899 Deo
1025 868 1250 909 distinguitur,
1267 867 1388 909 duplex

313 913 452 944 occurrit
475 912 620 944 dubium.
645 913 790 943 Primum
814 918 869 949 est,
895 913 972 953 quia
999 922 1099 943 omne
1127 922 1252 943 nomen
1280 911 1387 953 perfe-

313 958 438 994 ctionis,
463 958 603 998 exceptis
627 957 760 988 fortasse
787 958 975 988 nominibus
1004 956 1314 994 transcendentibus,
1338 957 1387 988 in-

312 1001 412 1032 cludit
435 1001 556 1042 aliquid
579 1001 843 1043 imperfectionis,
860 1011 928 1043 quo
944 1001 1150 1043 distinguitur
1165 1012 1184 1033 a
1198 1002 1283 1033 Deo.
1299 1001 1386 1042 Ergo

310 1046 438 1077 nullum
454 1055 575 1077 nomen
593 1046 632 1077 de
648 1047 720 1077 Deo
737 1046 869 1077 dicetur.
881 1065 904 1069 -
915 1046 1007 1078 Patet
1021 1046 1229 1078 antecedens:
1245 1046 1385 1087 sapiens,

311 1091 423 1126 iustus,
442 1091 555 1127 sciens,
581 1097 612 1122 et
634 1091 759 1128 similia,
783 1090 963 1132 significant
985 1091 1175 1133 qualitatem
1181 1098 1194 1129 ;
1209 1101 1294 1133 quae
1313 1091 1386 1122 Deo

310 1144 378 1166 non
402 1136 567 1166 convenit.⁴

366 1179 549 1210 Secundum
566 1185 623 1217 est,
645 1180 720 1221 quia
743 1180 823 1211 nihil
847 1185 894 1211 est
916 1181 951 1211 in
974 1190 1009 1212 re
1033 1181 1124 1222 quod
1138 1190 1208 1212 non
1223 1181 1264 1212 sit
1279 1190 1297 1211 a
1312 1180 1386 1212 Deo

308 1223 516 1264 productum,
534 1230 566 1255 et
580 1234 638 1265 per
653 1234 858 1265 consequens
874 1224 965 1266 quod
988 1225 1130 1256 divinam
1148 1226 1301 1257 virtutem
1316 1235 1386 1257 non

310 1269 460 1299 imitetur.
478 1269 576 1309 Ergo,
593 1275 898 1311 quantumcumque
912 1271 1048 1302 nomine
1063 1269 1178 1312 lapidis
1192 1271 1386 1311 importetur

309 1312 428 1343 modus
444 1322 511 1354 quo
532 1312 737 1355 distinguitur
752 1324 771 1344 a
782 1314 866 1352 Deo,
879 1315 998 1356 poterit
1010 1315 1099 1346 Deus
1115 1314 1179 1346 dici
1193 1315 1285 1356 lapis,
1302 1315 1386 1346 sicut

310 1357 424 1388 dicitur
440 1358 577 1398 sapiens,
593 1364 727 1399 propter
741 1359 839 1390 talem
861 1359 1105 1391 similitudinem
1121 1365 1154 1391 et
1167 1360 1385 1391 imitationem

308 1402 394 1432 illius
417 1402 507 1433 modi
529 1402 644 1444 lapidis
668 1403 708 1434 ad
732 1403 850 1435 Deum.

368 1446 602 1488 Confirmatur.
628 1447 715 1486 Quia
737 1448 787 1479 sol
803 1448 919 1480 dicitur
938 1449 1071 1486 calidus,
1088 1455 1125 1481 ut
1139 1450 1210 1481 vult
1224 1450 1289 1481 hoc
1307 1450 1384 1481 loco

310 1491 445 1522 Sanctus
468 1491 624 1529 Thomas,
654 1502 723 1524 non
754 1493 902 1525 obstante
932 1493 1024 1535 quod
1054 1494 1196 1526 calidum
1227 1493 1386 1535 significet

309 1536 479 1577 proprium
502 1536 640 1568 modum
671 1537 798 1568 essendi
826 1538 861 1569 in
890 1539 965 1579 igne
995 1544 1051 1570 aut
1074 1549 1157 1576 aere,
1181 1548 1250 1581 quo
1273 1549 1293 1571 a
1315 1539 1386 1571 sole

310 1580 533 1622 distinguitur:
558 1587 606 1612 est
629 1582 717 1613 enim
740 1582 828 1614 calor
851 1583 988 1624 qualitas
1011 1584 1239 1625 corruptibilis,
1259 1584 1293 1615 in
1316 1593 1385 1625 quo

311 1635 328 1656 a
352 1625 429 1656 solis
451 1626 569 1657 virtute
592 1625 807 1667 distinguitur.

366 1669 418 1700 111.
443 1669 495 1701 Ad
517 1671 636 1701 horum
659 1671 863 1709 evidentiam,
880 1672 1049 1704 sciendum
1065 1672 1165 1714 quod,
1182 1683 1258 1704 cum
1277 1673 1386 1714 loqui-

310 1723 384 1746 mur
399 1714 440 1746 de
454 1716 654 1752 nominibus,
671 1716 842 1757 quomodo
863 1716 1040 1748 formaliter
1054 1723 1110 1749 aut
1125 1727 1194 1749 non
1209 1717 1387 1749 formaliter

311 1760 507 1790 conveniant
530 1759 613 1797 Deo,
638 1766 669 1791 et
693 1761 864 1801 quomodo
893 1761 1175 1803 imperfectionem
1197 1763 1385 1804 importent,

310 1803 519 1845 intelligimus
550 1804 590 1836 de
622 1803 749 1836 formali
779 1806 848 1837 eius
879 1812 911 1837 et
939 1807 1072 1848 proprio
1100 1806 1292 1848 significato,
1317 1816 1385 1848 quo

311 1857 415 1879 unum
438 1858 560 1880 nomen
583 1850 617 1880 in
641 1849 852 1890 significando
876 1850 1082 1892 distinguitur
1111 1852 1151 1882 ab
1181 1852 1255 1883 alio.
1286 1851 1386 1883 Verbi

310 1893 422 1933 gratia:
447 1903 569 1924 nomen
592 1894 772 1935 sapientiae
786 1895 820 1926 in
836 1896 998 1933 creaturis,
1015 1901 1174 1937 quantum
1190 1896 1230 1928 ad
1245 1896 1279 1927 id
1295 1896 1386 1938 quod

310 1938 441 1978 proprie
465 1943 496 1969 et
518 1939 750 1979 particulariter
772 1946 804 1970 et
827 1939 974 1971 distincte
1001 1941 1165 1982 importat,
1189 1940 1267 1972 dicit
1294 1941 1386 1972 altis-

310 1982 468 2013 simarum
492 1991 668 2014 causarum
691 1984 912 2026 cognitionem
929 1985 956 2020 *,
979 1985 1055 2016 licet
1070 1985 1168 2016 etiam
1183 1986 1384 2026 qualitatem,

309 2032 465 2068 tanquam
477 2036 653 2058 commune
669 2029 729 2059 sibi
745 2034 777 2059 et
791 2029 860 2060 aliis
875 2028 1102 2070 significatum,
1115 2030 1280 2071 importet.
1297 2030 1385 2062 Cum

311 2072 495 2112 quaerimus
514 2078 623 2103 autem
639 2082 680 2104 an
696 2073 871 2114 sapientiae
885 2083 1009 2105 nomen
1025 2074 1097 2106 Deo
1114 2073 1290 2106 formaliter
1305 2084 1386 2106 con-

309 2117 426 2153 veniat,
442 2126 511 2148 non
527 2117 711 2158 quaerimus
735 2117 775 2149 de
798 2118 968 2150 communi
983 2119 1044 2150 sibi
1059 2124 1091 2150 et
1106 2119 1175 2150 aliis
1193 2119 1384 2161 significato,

310 2160 365 2192 sed
389 2161 428 2192 de
451 2162 582 2203 propria
604 2163 728 2194 ratione
752 2172 851 2203 quam
874 2163 963 2195 addit
985 2163 1025 2195 ad
1048 2165 1237 2195 communia
1264 2163 1385 2206 signifi-

310 2212 389 2237 cata.
415 2205 566 2237 Similiter
589 2206 726 2239 dicimus
755 2207 795 2239 de
817 2208 953 2239 nomine
983 2208 1101 2249 lapidis
1124 2213 1156 2239 et
1183 2209 1252 2240 aliis
1278 2209 1386 2241 nomi-

309 2252 415 2282 nibus.
440 2251 535 2282 Unde
558 2251 674 2283 dicitur
696 2252 856 2289 Potentia,
874 2262 906 2293 q.
922 2263 976 2290 vn,
993 2263 1020 2283 a.
1037 2261 1069 2292 4,
1086 2253 1126 2284 ad
1143 2263 1174 2289 2,
1198 2253 1289 2294 quod
1311 2254 1386 2285 talia

309 2296 444 2326 nomina
467 2296 666 2328 conveniunt
690 2297 761 2328 Deo
783 2297 960 2328 secundum
984 2297 1145 2329 rationem
1168 2297 1384 2340 differentiae,

311 2346 342 2370 et
364 2350 429 2371 non
453 2340 629 2372 secundum
654 2342 814 2372 rationem
837 2342 980 2384 generis.

366 2385 417 2416 Ad
441 2386 587 2426 primum
621 2395 708 2427 ergo,
741 2392 877 2427 negatur
909 2386 1112 2423 antecedens,
1144 2387 1312 2428 loquendo
1345 2387 1386 2419 de

310 2430 444 2471 proprio
469 2435 500 2461 et
523 2429 650 2461 formali
674 2430 853 2472 significato
870 2441 907 2462 ac
924 2429 1137 2462 differentiali:
1163 2431 1203 2463 de
1219 2432 1281 2463 isto
1298 2432 1386 2463 enim

311 2484 418 2505 sermo
443 2480 499 2506 est.
523 2474 607 2505 Nam
631 2481 706 2507 sunt
728 2476 831 2507 multa
854 2476 988 2507 nomina
1012 2485 1096 2516 quae
1119 2477 1153 2508 in
1176 2476 1232 2508 tali
1255 2486 1316 2508 suo
1344 2477 1387 2508 si-

310 2518 463 2560 gnificato
486 2519 610 2550 nullam
633 2519 913 2561 imperfectionem
940 2521 1127 2561 important.
1149 2539 1173 2544 —
1194 2521 1246 2552 Ad
1268 2522 1386 2563 proba-

310 2565 434 2595 tionem
459 2563 575 2595 dicitur
598 2564 689 2605 quod
712 2565 855 2606 qualitas
878 2571 925 2596 est
953 2564 1169 2606 significatum
1197 2575 1386 2604 commune,

310 2619 378 2640 non
402 2608 611 2640 differentiale
634 2609 770 2641 alicuius
793 2619 919 2641 eorum.

366 2654 476 2684 Potest
500 2654 596 2685 etiam
620 2653 683 2685 dici
707 2654 797 2695 quod
827 2655 887 2686 ista
916 2654 1051 2686 nomina
1081 2654 1253 2696 dupliciter
1282 2655 1386 2697 accipi

310 2704 456 2740 possunt.
480 2698 557 2730 Uno
580 2698 694 2736 modo,
709 2699 856 2731 absolute
873 2705 904 2731 et
919 2699 1196 2732 transcendenter:
1213 2706 1250 2732 ut
1265 2700 1387 2732 scilicet

310 2743 476 2784 analogice
500 2743 651 2775 dicuntur
674 2743 715 2776 de
737 2744 937 2786 perfectione
961 2754 1045 2786 quae
1069 2750 1116 2776 est
1141 2745 1175 2776 in
1201 2755 1330 2786 genere,
1355 2750 1387 2777 et

311 2787 350 2819 de
366 2787 565 2829 perfectione
580 2797 665 2830 quae
681 2794 728 2820 est
744 2794 830 2820 extra
852 2798 965 2830 genus.
989 2789 1031 2820 Et
1045 2795 1124 2821 tunc
1144 2795 1280 2831 negatur
1295 2789 1387 2832 quod

310 2832 490 2873 significent
513 2833 701 2874 qualitatem
723 2833 900 2865 formaliter
922 2840 1078 2876 tanquam
1099 2844 1276 2867 commune
1307 2834 1386 2876 quid

311 2878 401 2908 omni
416 2876 609 2918 perfectioni
620 2876 831 2919 significatae:
847 2878 1027 2920 sapientiae
1042 2879 1130 2910 enim
1145 2889 1279 2917 nomen,
1291 2881 1386 2912 abso-

309 2922 377 2954 lute
400 2928 579 2963 sumptum,
603 2921 720 2954 dicitur
743 2929 775 2954 et
798 2922 838 2954 de
868 2923 1024 2964 sapientia
1053 2933 1138 2965 quae
1167 2930 1215 2955 est
1238 2925 1385 2966 qualitas,

311 2973 342 2996 et
366 2966 406 2997 de
436 2967 592 3008 sapientia
622 2976 706 3009 quae
737 2973 784 2999 est
813 2968 999 3000 substantia.
1021 2987 1045 2991 -
1066 2968 1142 3000 Alio
1171 2969 1284 3007 modo,
1309 2979 1386 3001 cum

311 3011 588 3048 determinatione,
604 3017 640 3043 ut
656 3021 731 3043 cum
747 3011 886 3044 dicimus
901 3013 1061 3054 sapientia
1079 3013 1233 3045 humana.
1250 3014 1292 3046 Et
1306 3019 1386 3046 tunc

311 3065 423 3087 verum
447 3055 581 3097 quidem
604 3061 651 3088 est
682 3055 773 3098 quod
802 3056 984 3098 significant
1007 3057 1212 3099 qualitatem:
1237 3058 1294 3091 sed
1317 3069 1386 3091 non

311 3101 462 3132 dicuntur
485 3106 521 3132 ut
545 3101 590 3132 sic
613 3100 790 3133 formaliter
812 3101 853 3133 de
876 3101 958 3139 Deo,
983 3108 1116 3144 propter
1137 3102 1275 3135 modum
1299 3113 1386 3136 crea·

310 3152 400 3176 turae
416 3146 473 3186 qui
489 3146 522 3177 in
538 3146 592 3176 tali
615 3145 850 3187 significatione
872 3146 1056 3179 includitur.
1081 3147 1173 3179 Licet
1193 3148 1281 3180 enim
1297 3149 1386 3180 Deus

311 3190 458 3222 absolute
490 3191 529 3222 sit
562 3191 699 3231 sapiens,
732 3200 800 3222 non
836 3196 883 3222 est
915 3197 1023 3223 tamen
1056 3192 1198 3224 humana
1230 3194 1387 3235 sapientia

312 3244 448 3276 sapiens.

366 3279 416 3310 Ad
439 3280 615 3312 secundum
638 3280 756 3311 dicitur
786 3279 876 3322 quod
906 3279 1049 3318 effectus,
1073 3287 1232 3322 quantum
1263 3282 1303 3314 ad
1326 3283 1386 3314 im-

312 3323 544 3364 perfectionem
561 3334 660 3366 quam
680 3324 767 3361 dicit,
783 3334 851 3356 non
875 3325 970 3356 habet
994 3325 1236 3358 similitudinem
1252 3326 1286 3358 in
1302 3327 1386 3364 Deo,

313 3368 367 3398 sed
390 3374 515 3400 tanturn
540 3375 699 3410 quantum
722 3369 762 3401 ad
786 3368 1030 3410 perfectionem.
1056 3369 1132 3402 Ideo
1156 3380 1225 3402 non
1244 3371 1387 3404 imitatur

314 3412 418 3443 Deum
443 3419 478 3444 ut
501 3413 720 3455 imperfectus,
744 3414 800 3445 sed
828 3419 875 3445 est
905 3414 1026 3455 aliquid
1049 3425 1067 3446 a
1091 3415 1163 3446 Deo
1187 3415 1385 3448 distinctum.

314 3457 446 3497 Propter
469 3458 532 3489 hoc
557 3468 678 3490 nomen
701 3459 881 3500 importans
905 3460 1072 3500 proprium
1099 3458 1238 3491 modum
1262 3460 1387 3492 essendi

314 3501 357 3530 rei
390 3503 569 3539 materialis,
586 3504 667 3534 sicut
683 3503 747 3534 hoc
763 3513 886 3535 nornen
902 3503 995 3545 Iapis,
1013 3504 1089 3545 quia
1111 3505 1264 3546 importat
1285 3514 1388 3546 quan-

315 3545 387 3575 dam
413 3546 700 3586 imperfectionem,
726 3557 802 3579 cum
826 3558 895 3580 esse
920 3549 1083 3580 materiale
1107 3548 1388 3590 imperfectionem

315 3589 477 3629 quandam
507 3591 659 3628 includat,
690 3602 757 3623 non
787 3592 902 3624 dicitur
932 3592 1107 3624 formaliter
1135 3593 1175 3625 de
1204 3593 1286 3631 Deo,
1311 3603 1386 3626 cum

314 3639 419 3664 totum
437 3635 504 3665 eius
528 3637 695 3677 proprium
715 3636 930 3677 significatum
954 3638 983 3669 ei
1007 3647 1074 3669 non
1092 3639 1263 3670 conveniat
1279 3639 1306 3676 *,
1331 3638 1387 3670 sed

892 255 1081 292 SUMMA
1111 253 1334 291 CONTRA
1363 252 1641 302 GENTlLES,
1671 254 1783 291 CAP.
1805 255 1942 292 XXXI.

1442 337 1569 363 tantum
1584 333 1771 371 virtualiter,
1788 335 1866 375 quia
1885 334 2042 376 quicquid
2065 334 2273 375 perfectionis
2300 337 2463 369 invenitur
2485 339 2519 370 in

1442 376 1560 417 lapide,
1576 382 1684 408 totum
1699 378 1734 409 in
1752 379 1814 410 Dei
1829 379 1947 421 virtute
1970 380 2165 411 continetur.
2186 380 2330 421 Negatur
2345 391 2422 422 ergo
2439 378 2519 414 nihil

1443 430 1513 452 esse
1538 421 1573 452 in
1599 431 1634 452 re
1660 422 1752 463 quod
1774 432 1845 454 non
1871 425 1911 455 sit
1941 434 1962 455 a
1986 423 2058 455 Deo
2078 424 2291 465 productum:
2315 426 2519 467 imperfectio

1443 466 1531 496 enim
1555 475 1639 506 quae
1663 472 1710 497 est
1732 467 1767 498 in
1790 477 1834 504 re,
1859 477 1900 499 eo
1923 469 2025 500 modo
2050 469 2171 500 scilicet
2194 479 2262 510 quo
2286 472 2440 502 convenit
2462 481 2520 503 ne-

1441 511 1565 551 gationi
1592 511 1626 541 in
1656 520 1690 541 re
1721 521 1800 548 esse,
1823 522 1893 544 non
1917 519 1964 544 est
1987 524 2006 544 a
2028 514 2101 545 Deo
2129 514 2299 555 producta,
2322 515 2379 546 sed
2401 516 2521 547 accidit

1443 565 1485 586 ex
1501 559 1601 596 parte
1623 560 1854 588 creaturarum
1881 557 2074 599 inquantum
2096 564 2174 590 sunt
2202 569 2245 591 ex
2273 560 2387 598 nihilo,
2412 565 2449 592 ut
2471 560 2519 591 di-

1443 600 1525 631 citur
1548 599 1561 630 1
1582 599 1684 636 Sena,
1708 599 1739 631 d.
1755 610 1788 637 11,
1812 610 1840 632 a.
1859 609 1889 638 2,
1913 607 1946 634 et
1967 603 2050 640 Por„
2074 613 2106 644 q.
2128 614 2183 641 vn,
2207 614 2235 635 a.
2254 605 2283 641 5,
2308 604 2348 635 ad
2372 604 2402 636 8.
2423 604 2520 636 Unde

1443 644 1550 675 omnis
1564 643 1684 675 modus
1709 650 1926 677 creaturarum
1951 653 2110 688 quantum
2133 648 2174 680 ad
2197 658 2332 680 omnem
2347 649 2520 690 perfectio-

1442 698 1519 720 nem
1543 698 1642 729 quam
1661 688 1748 726 dicit,
1769 694 1817 720 est
1832 699 1851 720 a
1872 690 1960 728 Deo:
1984 701 2054 723 non
2077 698 2187 724 autem
2210 699 2370 735 quantum
2395 694 2435 725 ad
2458 695 2519 725 im-

1442 732 1679 775 perfectionem
1702 742 1803 775 quam
1825 734 1972 766 includit.

1497 777 1549 808 Ad
1571 778 1856 820 confirmationem
1871 777 1989 811 dicitur
2004 780 2096 822 quod
2110 782 2161 813 sol
2175 792 2245 814 non
2261 782 2378 815 dicitur
2397 783 2519 815 calidus

1442 822 1629 860 formaliter,
1646 822 1702 854 sed
1717 822 1895 854 virtualiter
1909 828 2047 861 tantum,
2063 830 2101 856 ut
2115 825 2232 858 dieitur
2248 827 2330 865 Ver„
2343 838 2375 870 q.
2386 838 2430 867 iv,
2446 838 2474 860 a.
2487 828 2518 860 6.

1441 866 1537 900 Unde
1559 867 1738 899 similitudo
1762 877 1862 909 quam
1880 869 1976 909 ponit
1990 868 2127 901 Sanctus
2141 868 2287 903 Tliomas
2308 873 2392 904 inter
2414 873 2519 905 solem

1440 917 1590 953 respectu
1602 912 1718 943 caloris
1733 918 1765 944 et
1779 913 1940 950 siccitatis,
1953 918 1985 944 et
1996 913 2105 945 Deum
2115 920 2265 956 respectu
2280 916 2519 957 perfectionum

1441 966 1526 998 quae
1549 962 1625 988 sunt
1647 958 1682 988 in
1705 958 1868 995 creaturis,
1884 957 2060 989 attenditur
2077 964 2204 990 tantum
2223 966 2383 1001 quantum
2398 962 2439 994 ad
2453 963 2531 994 hoc.

1442 1001 1534 1043 quod
1557 1007 1605 1032 est
1628 1001 1781 1033 effectum
1804 1012 1874 1034 esse
1896 1003 1931 1034 in
1954 1012 2051 1034 causa
2069 1004 2197 1041 virtute,
2213 1010 2247 1042 et
2261 1005 2371 1046 plures
2386 1006 2519 1039 effectus

1440 1047 1475 1078 in
1491 1055 1557 1077 una
1575 1046 1693 1078 virtute
1709 1047 1878 1084 conn’neri,
1894 1057 1964 1079 non
1979 1053 2088 1079 autem
2108 1047 2219 1089 quoad
2242 1048 2412 1082 formalem
2427 1061 2519 1092 prae-

1441 1090 1638 1122 dicationem
1661 1092 1846 1123 nominum.
1869 1092 1962 1124 Licet
1985 1093 2073 1124 enim
2088 1093 2138 1124 sol
2156 1094 2333 1125 virtualiter
2355 1090 2531 1141 contineat

1441 1135 1583 1167 calorem
1605 1140 1639 1166 et
1661 1136 1848 1174 siccitatem,
1872 1146 1996 1168 nomen
2019 1142 2128 1169 tamen
2151 1138 2275 1170 caloris
2304 1144 2336 1170 et
2365 1139 2521 1173 siccitatis

1440 1180 1502 1212 soli
1531 1179 1709 1211 formaliter
1737 1190 1806 1212 non
1836 1182 2003 1213 convenit:
2037 1182 2095 1213 sed
2124 1182 2219 1224 plura
2247 1184 2383 1215 nomina
2414 1184 2520 1226 perfe-

1441 1226 1589 1256 ctionum
1618 1225 1654 1256 in
1685 1226 1837 1257 creaturis
1865 1226 2072 1259 inventarum
2094 1226 2273 1261 formaliter
2294 1228 2368 1261 Deo
2399 1239 2521 1262 conve-

1439 1271 1544 1307 niunt,
1568 1270 1643 1301 licet
1666 1275 1699 1302 et
1721 1270 1830 1311 aliqua
1851 1269 2029 1303 formaliter
2051 1281 2121 1303 non
2144 1272 2350 1305 conveniant.

1496 1314 1550 1345 IV.
1575 1313 1725 1346 Secundo
1746 1314 1913 1356 probatur
1941 1315 2063 1347 dictum
2093 1317 2286 1350 antecedens
2301 1319 2318 1335 ⁸
2342 1327 2381 1350 ex
2408 1318 2521 1352 simili-

1439 1358 1552 1391 tudine
1567 1360 1788 1400 potentiarum
1804 1361 2109 1401 cognoscitivarum.
2124 1361 2210 1394 Nam
2225 1362 2408 1395 intellectus
2423 1364 2521 1396 unica

2530 1317 2764 1367 {egi-emam*

1439 1404 1557 1436 virtute
1573 1404 1795 1445 cognoscitiva
1811 1405 1923 1436 omnia
1936 1406 2107 1446 cognoscit
2118 1415 2203 1448 quae
2217 1415 2292 1448 pars
2306 1408 2457 1440 sensitiva
2472 1406 2534 1440 ‹ii-⁷

1439 1449 1538 1481 versis
1552 1449 1708 1490 potentiis
1722 1449 1946 1491 apprehendit,
1962 1455 1995 1481 et
2009 1449 2116 1482 adhuc
2131 1451 2202 1483 alia.
2223 1451 2266 1483 Et
2284 1458 2408 1493 quanto
2423 1452 2521 1486 fuerit

1439 1493 1534 1525 altior
1548 1493 1742 1531 intellectus,
1758 1499 1850 1526 tanto
1865 1495 1977 1536 aliquo
1993 1504 2062 1527 uno
2077 1495 2171 1537 plura
2187 1505 2385 1538 cognoscere
2400 1503 2534 1539 potest.-

1439 1538 1527 1579 Er'go
1540 1543 1572 1570 et
1587 1548 1684 1570 causa
1695 1548 1781 1580 quae
1796 1544 1844 1571 est
1858 1539 2021 1576 altissima,
2034 1549 2100 1572 una
2110 1541 2228 1573 virtute
2240 1541 2351 1573 omnia
2363 1543 2519 1575 continet.

1500 1583 1610 1614 Tertio
1627 1583 1794 1624 probatur
1813 1593 1852 1614 ex
1875 1583 2086 1616 similitudine
2104 1585 2261 1618 virtutum
2281 1583 2533 1628 operativarums

1439 1627 1666 1659 humanarum.
1691 1627 1782 1660 Sicut
1805 1629 1893 1660 enim
1923 1638 1989 1661 una
2018 1629 2119 1660 virtus
2148 1630 2236 1671 regia
2262 1629 2304 1662 ad
2331 1632 2443 1663 omnia
2465 1631 2533 1672 illa-

1441 1671 1623 1704 extenditur
1645 1672 1686 1703 ad
1709 1682 1794 1714 quae
1817 1672 1961 1705 diversae
1983 1674 2044 1705 sub
2068 1674 2138 1716 ipsa
2165 1679 2342 1716 potestates
2369 1675 2519 1708 ordinem

1440 1717 1570 1753 habent,
1593 1717 1638 1748 ita
1661 1723 1693 1748 et
1715 1717 1806 1749 Deus
1827 1727 1886 1759 per
1909 1727 2014 1750 unum
2029 1728 2127 1750 suum
2142 1719 2279 1760 simplex
2295 1729 2365 1752 esse
2384 1729 2518 1752 omnem

1439 1761 1676 1802 perfectionem
1698 1762 1795 1794 habet
1818 1772 1918 1804 quam
1939 1772 1990 1794 res
2008 1763 2089 1795 aliae
2107 1773 2167 1805 pei·
2180 1764 2284 1797 multa
2299 1764 2424 1797 diversa
2438 1775 2519 1798 con-

1440 1812 1636 1848 sequuntur:
1661 1807 1764 1838 immo
1786 1807 1893 1839 multo
1915 1808 2074 1839 maiorem
2089 1809 2117 1839 *.

1497 1851 1780 1889 Considerandum
1803 1852 1868 1883 hoc
1891 1851 1967 1884 loco
1991 1852 2094 1894 quod,
2110 1862 2187 1884 cum
2202 1852 2418 1895 perfectiones
2434 1863 2519 1897 quae

2546 1810 2556 1820 '
2570 1808 2607 1831 Cf.
2622 1812 2679 1832 text.

1439 1897 1474 1927 in
1497 1897 1650 1928 creaturis
1673 1901 1749 1927 sunt
1771 1895 1925 1933 diversae,
1948 1896 1982 1928 in
2006 1896 2078 1928 Deo
2101 1897 2166 1928 sint
2187 1898 2307 1935 unitae,
2323 1898 2534 1940 inquantum,

1439 1950 1506 1972 una
1529 1941 1599 1972 eius
1621 1941 1733 1977 virtus,
1757 1949 1843 1981 quae
1865 1946 1914 1972 est
1936 1941 2074 1972 essentia
2096 1940 2215 1979 divina,
2239 1951 2355 1974 omnes
2370 1951 2424 1974 eas
2438 1952 2532 1975 con-·

1439 1986 1520 2016 tinet
1535 1985 1736 2016 continentia
1751 1985 1879 2022 actuali,
1890 1994 1960 2017 non
1976 1991 2086 2017 autem
2097 1986 2277 2027 potentiali,
2289 1987 2374 2018 sicut
2387 1988 2536 2020 mateda'

1440 2029 1557 2061 dicitur
1580 2029 1701 2061 formas
1722 2029 1903 2061 materiales
1919 2030 2100 2068 continere:
2124 2040 2240 2063 omnes
2254 2031 2471 2073 perfectiones
2485 2033 2520 2065 in

1440 2074 1513 2106 Deo
1531 2074 1686 2106 nobiliori
1707 2073 1811 2106 modo
1835 2080 1911 2106 sunt
1933 2084 2033 2117 quam
2055 2076 2119 2107 sint
2141 2075 2175 2108 in
2198 2077 2362 2109 creaturis.
2384 2076 2520 2110 Namin

1440 2119 1592 2150 creaturis
1615 2119 1735 2151 habent
1758 2128 1828 2151 esse
1847 2119 2021 2151 limitatum
2036 2125 2069 2151 et
2083 2119 2224 2158 finitum,
2241 2130 2319 2154 cum
2334 2131 2435 2154 omne
2449 2131 2534 2155 esse,

1440 2169 1604 2195 creaturae
1619 2163 1659 2195 ad
1675 2163 1819 2205 aliquem
1841 2163 1978 2205 gradum
2000 2164 2041 2196 sit
2062 2164 2251 2197 limitatum:
2270 2166 2304 2198 in
2321 2165 2394 2198 Deo
2409 2170 2519 2198 autem
2533 2164 2535 2166 ’

1440 2209 1560 2240 habent
1583 2217 1652 2240 esse
1675 2207 1840 2240 infinitum
1863 2214 1896 2240 et
1925 2208 2121 2240 illimitatum
2151 2219 2189 2241 ac
2217 2210 2404 2247 subsistens,
2427 2210 2520 2253 quod

1440 2259 1489 2284 est
1504 2262 1574 2284 esse
1589 2252 1746 2284 divinum.
1770 2253 1907 2294 Propter
1921 2253 1986 2284 hoc
2002 2263 2237 2295 saepenumero
2260 2255 2368 2296 inquit
2382 2255 2520 2288 Sanctus

1441 2297 1588 2329 Thomas
1607 2297 1698 2338 quod
1721 2303 1799 2329 sunt
1819 2298 1853 2329 in
1877 2298 1949 2330 Deo
1972 2298 2150 2330 secundum
2180 2299 2426 2332 eminentiorem
2449 2309 2518 2332 mo—

1440 2342 1527 2378 dum,
1552 2343 1628 2383 quia
1651 2341 1801 2374 videlicet
1827 2347 1904 2374 sunt
1925 2342 2034 2384 ipsum
2057 2342 2204 2375 divinum
2231 2353 2300 2376 esse
2323 2349 2356 2376 et
2378 2345 2448 2387 ipsa
2470 2343 2519 2376 di-

1440 2387 1514 2418 vina
1537 2387 1684 2423 essentia,
1701 2396 1786 2428 quae
1810 2393 1858 2418 est
1879 2386 2122 2428 perfectissima,
2140 2387 2266 2420 infinita
2289 2394 2321 2420 et
2343 2388 2518 2427 infimitati:

1441 2437 1473 2462 et
1496 2430 1587 2473 quod
1610 2436 1686 2463 sunt
1708 2432 1743 2463 in
1765 2431 1838 2463 Deo
1863 2431 1984 2469 unitae,
2008 2433 2085 2473 quia
2106 2432 2229 2464 scilicet
2252 2442 2367 2465 omnes
2386 2434 2421 2466 in
2444 2434 2518 2467 Deo

1439 2482 1515 2508 sunt
1537 2485 1603 2507 una
1626 2475 1828 2508 indivisibilis
1849 2476 2037 2513 substantia,
2061 2486 2147 2518 quae
2170 2482 2218 2509 est
2241 2477 2351 2510 divina
2370 2479 2518 2516 essentia,

1441 2521 1594 2552 omnibus
1622 2526 1840 2552 creaturarum
1870 2520 2124 2562 perfectionibus
2154 2522 2371 2563 aequivalens,
2395 2528 2428 2555 et
2450 2533 2519 2556 am-

1439 2565 1578 2607 pliorem
1601 2565 1708 2597 adhuc
1731 2566 1903 2597 continens
1926 2565 2172 2607 perfectionem.

1495 2610 1534 2642 V.
1559 2610 1729 2649 Quantum
1745 2610 1786 2642 ad
1801 2610 1982 2642 secundum
1993 2611 2021 2647 “,
2038 2610 2209 2643 deducitur
2229 2611 2399 2644 conclusio
2422 2613 2518 2646 haec:

1440 2655 1579 2687 Necesse
1601 2660 1649 2687 est
1672 2655 1775 2697 plura
1805 2665 1874 2687 esse
1904 2655 2039 2687 nomina
2069 2655 2156 2687 dicta
2180 2656 2220 2688 de
2241 2656 2326 2689 Deo.
2349 2656 2518 2698 Probatur.

1439 2699 1659 2732 perfectiones
1681 2709 1790 2732 rerum
1806 2705 1882 2732 sunt
1897 2699 2050 2732 diversae.
2074 2700 2162 2742 Ergo
2179 2706 2211 2733 et
2225 2702 2361 2734 nomina
2374 2701 2519 2744 ipsarum

1440 2754 1572 2776 necesse
1596 2750 1644 2776 est
1667 2744 1791 2776 diversa
1814 2754 1894 2777 esse.
1924 2744 2012 2786 Ergo
2037 2750 2069 2777 et
2091 2745 2227 2778 nomina
2249 2745 2358 2778 divina
2386 2756 2520 2784 necesse

1442 2795 1489 2821 est
1512 2799 1582 2821 esse
1604 2789 1708 2831 plura.
1723 2807 1747 2814 —
1762 2789 1920 2821 Probatur
1943 2790 2188 2832 consequentia.
2219 2790 2307 2831 Quia
2329 2791 2439 2824 Deum
2461 2801 2518 2824 na-

1440 2834 1584 2866 turaliter
1606 2844 1674 2866 non
1697 2834 1759 2866 nisi
1783 2844 1822 2866 ex
1845 2833 2012 2866 effectibus
2035 2844 2234 2876 cognoscere
2257 2845 2443 2878 possumus.

1496 2879 1597 2911 Addit
1619 2885 1729 2911 autem
1753 2878 1890 2911 Sanctus
1913 2879 2059 2911 Thomas
2082 2879 2184 2922 quod,
2199 2881 2227 2912 si
2245 2879 2388 2912 divinam
2411 2890 2518 2913 essen·

1440 2924 1519 2955 tiam
1538 2930 1638 2966 prout
1660 2929 1708 2956 est
1729 2933 1902 2965 possemus
1923 2923 2101 2966 intelligere
2116 2930 2149 2956 et
2164 2925 2195 2956 ei
2209 2925 2380 2967 proprium
2394 2934 2519 2959 nomen

1441 2968 1601 3010 adaptare,
1625 2978 1694 3000 uno
1724 2974 1851 3000 tantum
1880 2969 2016 3000 nomine
2046 2979 2119 3001 eam
2149 2969 2414 3011 exprimeremus.
2443 2969 2520 3003 Hoc

1441 3019 1551 3045 autem
1580 3013 1682 3045 beatis
1711 3013 1920 3055 promittitur,
1945 3014 2002 3055 qui
2030 3013 2173 3046 divinam
2203 3015 2374 3047 essentiam
2396 3014 2518 3052 vident.

1441 3058 1623 3090 secundum
1646 3057 1726 3090 illud
1742 3058 1838 3090 Zach.
1855 3058 1925 3096 ult„
1941 3058 1982 3090 In
2006 3057 2059 3090 die
2081 3059 2140 3090 illa
2164 3059 2228 3091 erit
2248 3059 2414 3091 Dominus
2433 3067 2519 3092 unus

1441 3108 1473 3135 et
1496 3112 1613 3134 nomen
1637 3103 1707 3134 eius
1731 3113 1842 3134 unum.

1496 3148 1550 3179 vl.
1580 3147 1645 3179 Sed
1677 3149 1819 3179 occurrit
1850 3146 1988 3179 dubium
2020 3147 2141 3189 duplex
2168 3148 2253 3180 circa
2274 3148 2359 3179 hanc
2381 3153 2516 3189 partem.

1441 3192 1587 3224 Primum
1603 3197 1652 3224 est
1666 3192 1751 3224 circa
1773 3192 1838 3224 hoc
1861 3191 2014 3224 ultimum
2029 3191 2164 3230 dictum,
2178 3191 2301 3224 seilicet
2316 3190 2408 3234 quod
2421 3191 2518 3224 Beati

1442 3237 1481 3268 de
1507 3237 1579 3268 Deo
1608 3237 1740 3269 unicum
1768 3242 1799 3268 et
1818 3236 1995 3279 proprium
2026 3246 2143 3268 nomen
2174 3235 2335 3268 habebunt
2364 3235 2442 3278 quia
2468 3236 2518 3268 di-

1442 3282 1551 3313 vinam
1568 3282 1739 3314 essentiam
1756 3286 1862 3324 prout
1877 3281 1911 3312 in
1934 3291 1970 3313 se
1992 3286 2039 3313 est
2061 3281 2254 3324 intelligent.
2274 3280 2359 3312 Nam
2381 3281 2518 3313 unicum

1442 3332 1474 3358 et
1496 3326 1666 3368 proprium
1689 3336 1812 3358 nomen
1835 3326 1897 3358 Dei
1920 3335 1989 3358 non
2010 3325 2146 3357 habetur
2167 3325 2230 3356 nisi
2256 3335 2275 3356 a
2302 3326 2517 3367 comprehen-

1442 3370 1539 3402 dente
1562 3371 1670 3412 ipsum
1694 3371 1812 3403 Deum.
1837 3370 1912 3407 Sed,
1928 3370 2011 3402 sicut
2033 3379 2095 3402 nos
2117 3379 2186 3402 non
2210 3369 2518 3411 comprehendimus

1443 3416 1561 3452 Deum,
1584 3417 1628 3447 ita
1651 3425 1712 3447 nec
1736 3415 1830 3448 beati.
1855 3415 1953 3456 Ergo,
1977 3414 2061 3446 sicut
2082 3423 2144 3446 nos
2166 3414 2266 3446 unico
2290 3415 2424 3446 nomine
2447 3425 2517 3447 non

1442 3461 1651 3492 nominamus
1674 3460 1794 3497 Deum,
1817 3460 1861 3491 ita
1883 3468 1944 3490 nec
1967 3459 2061 3490 beati.

1498 3504 1726 3546 Respondetur
1749 3514 1787 3536 ex
1811 3503 1958 3535 doctrina
1980 3502 2088 3535 Sancti
2113 3502 2262 3534 Thomae
2286 3503 2298 3534 1
2318 3503 2418 3541 Sene„
2434 3503 2466 3535 d.
2482 3513 2515 3541 11,

2546 2615 2556 2626 ·
2569 2614 2608 2638 ef.
2618 2614 2670 2638 init.
2687 2614 2760 2638 (loin-

2546 2644 2621 2666 nient

1443 3559 1474 3590 q.
1491 3560 1512 3586 ι,
1530 3559 1557 3580 a.
1577 3549 1594 3581 3
1608 3550 1636 3586 ⁹,
1661 3548 1753 3590 quod
1776 3547 1947 3590 dupliciter
1969 3557 2144 3589 possumus
2167 3547 2346 3589 intelligere
2364 3547 2455 3589 quod
2470 3549 2517 3579 vi·
2543 3550 2552 3560 ¹
2611 3549 2623 3563 “

1443 3593 1522 3625 dens
1546 3594 1717 3626 essentiam
1740 3592 1882 3625 divinam
1898 3598 1996 3634 prout
2015 3598 2073 3629 est,
2089 3601 2193 3624 unum
2217 3602 2340 3624 nomen
2358 3593 2516 3635 imponat.

1444 3638 1519 3670 Uno
1536 3638 1648 3675 modo,
1665 3644 1702 3670 ut
1717 3637 1835 3669 formet
1851 3638 1883 3668 in
1901 3646 1961 3668 suo
1977 3637 2143 3669 intellectu
2159 3637 2295 3668 unicum
2318 3643 2515 3678 conceptum
