2768 4134
13 551 24 561 ·
32 548 59 571 In
64 548 110 571 hoc
115 553 202 576 parag„
208 553 229 569 2.

11 594 24 605 ·
37 592 108 615 Num.
119 598 142 614 v.

724 289 912 326 SUMMA
942 289 1163 327 CONTRA
1192 289 1466 336 GENTILES,
1495 291 1589 327 LIB.
1610 291 1651 336 ΙΙ,
1683 290 1793 327 CAP.
1819 290 1988 327 LXVIII.

255 364 448 402 intellectus,
465 366 542 405 quia
558 375 677 406 corpus
693 367 901 407 corruptibile
917 367 1012 397 habet
1028 366 1150 408 aliquid
1165 367 1329 398 actionem

257 410 383 440 animae
405 409 598 450 impediens.

316 454 346 484 3.
358 454 411 484 Ad
425 455 556 485 tertium
572 453 688 484 dicitur
704 454 795 494 quod
810 455 916 485 anima
933 460 980 485 est
995 454 1215 495 imperfectior
1230 464 1329 496 quam

256 498 359 528 homo
382 499 416 529 in
446 498 583 529 essendo
615 504 775 538 quantum
798 499 838 529 ad
862 508 930 529 esse
954 498 1202 539 quidditativum
1226 504 1258 529 et
1280 508 1329 529 es-

256 542 399 579 sentiale,
423 548 461 572 ut
476 541 600 572 dictum
616 548 664 572 est
679 543 710 572 *t
734 551 803 572 non
820 548 928 573 autem
945 548 1104 583 quantum
1120 542 1160 574 ad
1179 553 1248 573 esse
1264 543 1329 573 exi·

255 587 403 622 stenn'ae,
415 586 506 627 quod
521 586 687 616 diximus*
704 595 772 617 esse
788 596 893 617 unum
909 588 1035 618 animae
1052 592 1083 617 et
1094 587 1251 623 hominis;
1268 587 1329 617 nisi

256 629 339 661 forte
351 635 512 670 quantum
523 629 564 660 ad
574 630 714 660 modum
722 631 872 667 habendi,
883 632 1079 671 inquantum
1091 631 1212 661 scilicet
1226 632 1328 661 homo

256 675 352 705 habet
366 674 447 705 illud
461 683 520 714 per
534 673 672 711 modum
688 676 858 715 suppositi,
875 676 983 705 anima
997 681 1106 706 autem
1121 684 1179 715 per
1192 675 1329 706 modum

256 718 379 749 formae
402 727 471 748 non
495 718 708 759 dependentis
738 729 756 749 a
785 720 927 750 materia.
955 719 1060 755 Unde,
1090 718 1258 759 loquendo
1289 719 1329 749 de

255 771 326 793 esse
349 763 546 798 existentiae,
569 768 706 802 negatur
728 762 846 794 falsitas
869 763 1110 803 consequentis.
1125 781 1148 786 -
1164 763 1198 794 Si
1220 768 1330 794 autem

255 815 462 846 consequens
484 806 678 846 intelligatur
701 806 742 837 de
765 817 835 838 esse
859 807 1083 847 quidditativo,
1100 812 1235 847 negatur
1250 817 1328 838 con-

254 851 434 891 sequentia.
459 850 501 881 Et
524 850 564 881 ad
586 851 824 891 probationem,
848 857 984 892 negatur
1012 857 1231 891 assumptum:
1260 861 1329 882 non

254 895 344 925 enim
366 895 517 925 habentia
539 894 627 925 idem
650 904 720 926 esse
743 896 929 926 existentiae
956 900 1032 927 sunt
1054 895 1201 935 aequalia
1223 896 1257 925 in
1280 904 1329 926 es·

255 938 358 970 sendo
383 938 605 979 quidditative.

311 992 343 1021 4.
366 982 420 1013 Ad
442 988 590 1023 quartam
613 982 731 1013 dicitur
745 982 836 1023 quod
852 992 921 1013 esse
945 983 1131 1013 existentiae
1154 983 1329 1022 compositi

255 1026 428 1067 dupliciter
454 1033 564 1067 potest
593 1026 804 1058 considerari:
828 1027 951 1057 scilicet
980 1027 1144 1063 absolute;
1169 1032 1201 1057 et
1223 1032 1260 1057 ut
1283 1032 1330 1057 est

256 1072 442 1112 compositi.
467 1071 500 1102 Si
523 1072 630 1111 primo
653 1071 755 1102 modo
779 1071 964 1111 accipiatur,
980 1076 1115 1110 negatur
1136 1070 1329 1101 antecedens

255 1124 316 1156 pro
340 1116 445 1156 prima
467 1121 568 1155 parte.
593 1115 672 1146 Esse
695 1115 783 1146 enim
807 1115 983 1155 compositi
1006 1124 1074 1145 non
1101 1115 1329 1155 corrumpitur,

255 1159 332 1190 licet
354 1160 493 1190 essentia
516 1160 586 1190 eius
608 1164 844 1199 corrumpatur,
861 1158 918 1189 sed
939 1164 1050 1189 manet
1064 1159 1098 1189 in
1113 1159 1220 1189 anima
1238 1168 1330 1199 sepa-

255 1209 334 1235 rata.
357 1221 380 1226 -
403 1203 438 1234 Si
451 1203 598 1234 secundo
613 1203 716 1234 modo
733 1203 918 1243 accipiatur,
934 1208 1070 1242 negatur
1085 1204 1328 1243 consequentia.

255 1247 368 1278 Potest
390 1248 479 1278 enim
502 1256 572 1278 oese
594 1248 732 1283 animae,
749 1246 840 1287 quod
856 1247 953 1277 etiam
969 1252 1036 1277 erat
1059 1256 1128 1277 esse
1152 1248 1329 1283 coniuncti,

256 1290 403 1323 desinere
426 1297 556 1322 actuare
579 1292 803 1327 coniunctum,
828 1296 860 1321 et
881 1296 990 1321 tamen
1013 1299 1144 1321 manere
1167 1291 1202 1321 in
1223 1291 1331 1321 anima

256 1341 402 1380 sappam
419 1344 530 1367 mum
542 1340 586 1366 ‘et
605 1335 704 1366 idem.

313 1379 397 1410 VIII.
424 1380 536 1410 Tertia
559 1379 646 1410 ratio
673 1379 786 1410 Sancti
818 1378 961 1408 nomae
976 1379 993 1395 ⁴'
1007 1380 1068 1409 'est
1094 1379 1164 1408 ista.
1195 1378 1330 1418 Semper

255 1424 420 1455 invenitur
441 1423 592 1454 infimum
615 1423 759 1463 supremi
782 1422 904 1453 ordinis
927 1423 1114 1462 contingere
1141 1431 1331 1462 supremum

255 1467 416 1500 inferioris
430 1468 574 1508 generis:
590 1473 628 1498 ut
642 1473 691 1498 est
705 1467 746 1497 de
758 1471 867 1497 mente
883 1466 1043 1506 Dionysii,
1053 1475 1099 1496 vu
1113 1475 1184 1506 cap.
1200 1466 1240 1496 de
1254 1466 1329 1496 Div.

255 1511 373 1549 Naum
398 1516 431 1542 et
451 1517 541 1551 patet
566 1511 664 1542 etiam
694 1510 917 1550 exemplariter
943 1510 976 1540 in
999 1510 1124 1545 ostreis,
1147 1519 1232 1549 quae
1254 1519 1330 1540 cum

255 1556 323 1587 sint
341 1554 455 1586 infima
480 1555 516 1585 in
545 1564 664 1595 genere
686 1554 885 1590 animalium,
909 1562 1026 1594 parum
1049 1553 1211 1584 excedunt
1232 1554 1331 1584 vitam

442 1622 450 1629 .
481 1598 547 1630 Sed
572 1599 680 1629 anima
710 1603 759 1629 est
787 1597 900 1628 infima
928 1598 963 1627 in
992 1606 1111 1637 genere
1140 1598 1330 1628 substantia-

254 1652 330 1675 rum
344 1642 626 1674 intellectualium:
640 1647 677 1672 ut
691 1651 731 1672 ex
745 1641 848 1672 modo
862 1640 1063 1680 intelligendi
1073 1641 1198 1681 percipi
1212 1646 1330 1681 potest.

254 1687 344 1728 Ergo
359 1691 408 1717 est
430 1687 578 1727 accipere
599 1685 723 1726 aliquid
738 1686 771 1716 in
793 1693 912 1725 genere
927 1694 1115 1724 corporum,
1132 1694 1252 1725 corpus
1270 1686 1330 1716 sci-

253 1731 332 1767 licet
355 1731 549 1770 humanum,
577 1730 754 1770 aequaliter
776 1729 1088 1769 complexionatum,
1111 1728 1217 1759 simile
1239 1729 1330 1760 caelo

253 1776 452 1817 inquantum
467 1784 486 1805 a
501 1775 670 1805 contrariis
685 1774 865 1814 elongatur,
881 1772 973 1814 quod
993 1773 1120 1813 attingit
1134 1772 1175 1803 ad
1190 1773 1331 1804 animam

254 1819 497 1852 intellectivam.

283 1887 285 1889 r
311 1863 536 1896 confirmatur
558 1872 598 1893 ex
620 1871 661 1893 eo
686 1861 778 1902 quod
805 1861 923 1892 dicitur
944 1861 983 1895 in,
1004 1861 1104 1891 Libro
1128 1860 1168 1891 de
1192 1861 1331 1892 Causis:

255 1909 376 1940 Anima
398 1913 447 1939 est
468 1906 601 1948 quidam
623 1906 761 1946 horizon
785 1910 816 1935 et
837 1905 1015 1946 confinium
1038 1914 1274 1945 corporeorum
1300 1911 1332 1936 et

256 1953 540 1993 incorporeorum,
566 1951 762 1990 inquantum
780 1949 904 1980 scilicet
930 1954 978 1979 est
1000 1948 1105 1979 forma
1127 1949 1329 1989 incorporea,

256 1996 314 2028 sed
335 2002 446 2028 tamen
469 2000 517 2026 est
540 1995 687 2035 corporis
711 1993 826 2024 forma.

310 2038 558 2072 Advertendum
580 2038 671 2080 quod
693 2038 752 2068 ista
774 2037 856 2068 ratio
878 2046 948 2067 non
971 2035 1012 2067 de
1034 2037 1224 2067 necessitate
1251 2046 1330 2067 con-

256 2085 367 2122 vincit,
379 2085 455 2126 quia
470 2089 581 2124 posset
595 2082 712 2123 aliquis
727 2082 834 2113 dicere
845 2081 1012 2122 quoniam,
1025 2080 1100 2111 licet
1115 2079 1265 2112 infimum
1277 2090 1330 2111 su-

255 2129 393 2171 perioris
415 2128 583 2168 contingat
597 2135 787 2167 supremum
801 2124 972 2161 inferioris,
987 2134 1056 2155 non
1076 2130 1185 2155 tamen
1201 2130 1331 2165 oportet

257 2179 296 2205 ut
316 2174 359 2205 sit
379 2173 451 2204 eius
472 2171 591 2202 forma:
616 2170 673 2202 sed
696 2176 744 2201 est
770 2169 929 2211 quaedam
959 2170 1136 2209 persuasio.
1161 2169 1265 2206 Unde,
1289 2169 1330 2200 ad

257 2218 323 2249 hoc
345 2215 588 2252 insinuandum,
610 2215 785 2256 proposuit
806 2213 898 2254 quod
913 2214 946 2244 in
962 2214 1024 2244 hoc
1045 2213 1205 2244 mirabilis
1220 2223 1330 2244 rerum

257 2262 421 2294 connexio
437 2260 643 2292 considerari
652 2264 770 2300 potest.
786 2259 849 2289 Hic
866 2258 953 2288 enim
968 2256 1087 2288 modus
1103 2257 1262 2298 loquendi
1277 2257 1331 2288 dat

257 2306 436 2347 intelligere
459 2305 561 2345 quod,
585 2304 756 2345 supposito
771 2303 915 2334 animam
928 2302 1158 2333 intellectivam
1173 2311 1242 2333 esse
1266 2301 1330 2332 for·

258 2359 348 2383 mam
371 2350 528 2390 corporis,
551 2353 660 2389 potest
681 2348 767 2378 illius
790 2346 951 2388 quaedam
980 2346 1164 2386 congruitas
1190 2351 1222 2377 et
1252 2355 1330 2377 con·

257 2395 422 2426 venientia
451 2393 612 2434 assignari.
643 2391 833 2423 Ostenditur
861 2396 972 2421 autem
1001 2391 1066 2421 hoc
1095 2390 1269 2421 clarissime
1292 2400 1331 2421 ex

258 2439 394 2478 Quaest.
417 2438 457 2468 de
479 2436 711 2478 Spiritualibus
728 2435 907 2471 Creaturis,
923 2441 980 2466 art.
997 2435 1029 2471 6,
1049 2435 1116 2471 ubi,
1131 2434 1331 2475 respondens

258 2483 397 2516 Sanctus
413 2482 558 2513 Thomas
573 2481 614 2512 ad
629 2481 772 2521 primum
787 2485 1025 2520 argumentum,
1041 2488 1109 2519 quo
1129 2480 1330 2519 arguebatur,

258 2537 318 2568 pet
340 2527 601 2567 propositionem
623 2525 783 2566 Dionysii,
806 2530 959 2565 oportere
973 2532 1094 2563 corpus
1109 2523 1245 2554 caeleste
1262 2533 1331 2554 esse

259 2572 439 2602 animatum
454 2571 532 2611 quia
554 2574 603 2600 est
623 2578 815 2610 supremum
830 2578 959 2609 corpus,
974 2569 1084 2599 anima
1105 2573 1215 2600 autem
1237 2568 1332 2598 intel—

258 2615 376 2647 lectiva
391 2619 440 2645 est
452 2613 605 2645 infimum
618 2614 654 2644 in
668 2619 782 2644 natura
797 2612 963 2653 spirituali,
978 2613 1086 2653 inquit
1107 2611 1198 2652 quod
1214 2621 1332 2652 corpus

259 2660 398 2691 caeleste
419 2658 554 2700 attingit
569 2658 767 2689 substantias
780 2657 968 2698 spirituales
983 2657 1174 2698 inquantum
1191 2656 1333 2697 inferior

260 2703 344 2735 ordo
373 2703 630 2734 substantiarum
662 2701 884 2743 spiritualium
917 2701 1110 2741 corporibus
1143 2700 1333 2731 caelestibus

261 2749 376 2780 unitur
393 2757 456 2788 per
477 2747 610 2778 modum
628 2747 775 2777 motoris.

317 2802 348 2823 2.
365 2791 429 2823 Sed
445 2792 521 2832 quia
536 2796 647 2831 posset
669 2791 785 2831 aliquis
807 2790 963 2820 haesitare
986 2790 1070 2820 circa
1092 2789 1175 2819 hanc
1199 2788 1333 2819 conclu-

260 2837 398 2873 sionem,
415 2837 493 2876 quia
514 2845 583 2866 non
601 2833 728 2865 videtur
742 2833 912 2874 quomodo
929 2843 968 2864 ex
985 2833 1162 2864 substantia
1177 2832 1334 2872 spirituali

262 2886 295 2912 et
316 2881 450 2911 materia
471 2880 573 2920 possit
594 2878 665 2909 fieri
687 2887 806 2909 unum:
823 2877 1000 2918 respondet
1027 2876 1118 2917 quod
1133 2885 1172 2907 ex
1196 2876 1241 2906 eis
1263 2884 1333 2907 non

261 2926 371 2956 minus
397 2923 434 2955 fit
459 2933 565 2954 unum
591 2932 691 2963 quam
720 2932 760 2952 ex
787 2922 891 2952 forma
920 2922 1003 2961 ignis
1033 2927 1066 2951 et
1095 2921 1164 2952 eius
1190 2921 1332 2951 materia.

262 2970 379 3006 Immo,
403 2968 487 2999 forte
508 2968 626 3007 magis:
643 2967 720 3007 quia
733 2966 788 2997 illa
801 2965 908 2996 forma
921 2965 1023 3005 magis
1042 2965 1142 2995 vincit
1155 2965 1332 2995 materiam.

262 3014 425 3054 Loquitur
447 3018 557 3044 autem
575 3011 762 3046 dubitative,
778 3010 855 3050 quia
869 3008 1050 3040 non‘refert
1065 3008 1105 3039 ad
1121 3009 1189 3039 eius
1211 3017 1334 3049 propo-

262 3059 362 3089 situm
385 3056 464 3097 quid
486 3055 759 3087 horurndicatur:
784 3064 825 3084 an
844 3054 966 3085 scilicet
980 3053 1082 3093 magis
1097 3051 1153 3083 fiat
1167 3061 1272 3083 unum
1295 3061 1334 3083 ex

262 3101 336 3139 illis,
360 3111 400 3132 an
423 3110 493 3132 non
514 3099 571 3130 fiat
593 3100 694 3139 magis
716 3108 832 3129 unum.
850 3116 873 3120 —
896 3096 1077 3136 Quomodo
1100 3102 1210 3127 autem
1232 3097 1335 3137 possit

263 3146 365 3187 magis
387 3144 458 3176 fieri
480 3153 585 3175 unum
609 3153 647 3174 ex
670 3143 778 3174 anima
801 3147 832 3173 et
854 3142 996 3178 materia,
1020 3146 1188 3172 ostensum
1211 3146 1259 3171 est
1281 3140 1334 3171 su-

263 3191 372 3232 petius
394 3190 430 3220 in
451 3189 572 3224 Primo,
596 3197 666 3228 cap.
683 3196 768 3222 xvm,
792 3187 826 3217 in
850 3186 962 3226 quinta
983 3185 1108 3215 ratione
1119 3186 1147 3215 ⁴.

322 3235 352 3265 3.
377 3233 472 3264 Circa
493 3234 577 3263 hanc
600 3232 726 3262 tertiam
748 3231 907 3261 rationem
930 3229 1103 3260 dubitatur.
1127 3229 1214 3266 Quia
1236 3229 1263 3258 si
1286 3226 1335 3258 id-

265 3279 352 3310 circo
375 3278 575 3308 conveniens
598 3281 646 3307 est
668 3276 810 3305 animam
837 3273 1064 3304 intellectivam
1092 3273 1177 3303 uniri
1204 3272 1335 3312 corpori

264 3328 302 3353 ut
323 3321 474 3358 formam,
498 3322 576 3361 quia
603 3319 754 3350 infimum
784 3317 958 3358 superioris
987 3317 1113 3356 attingit
1143 3324 1334 3356 supremum

264 3365 435 3402 inferioris,
458 3365 585 3396 videtur
607 3363 698 3404 quod
721 3362 866 3394 debuerit
881 3362 988 3392 anima
1001 3360 1087 3391 uniri
1110 3360 1240 3400 corpori
1263 3368 1335 3390 cae-

265 3410 346 3446 lesti,
369 3409 451 3440 illud
473 3410 562 3440 enim
585 3414 634 3439 est
655 3415 844 3447 supremum
858 3406 941 3436 inter
956 3413 1110 3444 corpora:
1132 3413 1202 3434 non
1225 3409 1335 3433 autem

266 3454 398 3494 corpori
406 3454 592 3494 composito
605 3462 644 3483 ex
656 3451 833 3486 elementis,
847 3449 941 3490 quale
953 3453 1001 3479 est
1012 3457 1131 3488 corpus
1141 3449 1333 3478 humanum.

321 3497 550 3538 Respondetur
579 3495 670 3537 quod
696 3494 847 3526 infimum
873 3493 1016 3533 supremi
1043 3491 1139 3522 debet
1166 3491 1252 3522 uniri
1280 3500 1335 3521 su-

265 3551 381 3584 premo
403 3541 574 3577 inferioris,
590 3546 646 3571 aut
668 3548 822 3580 supremo
841 3538 962 3568 scilicet
984 3536 1179 3576 simpliciter,
1203 3540 1259 3565 aut
1280 3544 1335 3565 su-

266 3589 382 3627 premo
404 3587 488 3616 inter
510 3595 548 3616 ea
570 3584 730 3615 inferioris
748 3583 868 3614 ordinis
884 3590 967 3622 quae
982 3586 1056 3611 nata
1079 3584 1154 3610 sunt
1176 3578 1335 3610 deservire

267 3631 436 3671 superiori.
461 3629 573 3665 Modo,
596 3634 634 3659 ut
655 3629 790 3659 habetur
809 3628 842 3658 in
858 3626 990 3664 Quaest.
1014 3624 1053 3655 de
1076 3623 1203 3659 Anima,
1228 3628 1284 3653 art.
1302 3622 1333 3659 8,

2374 290 2449 337 445

1386 377 1504 408 corpus
1528 369 1664 399 caeleste
1687 378 1755 399 non
1779 374 1826 399 est
1853 374 1965 408 aptum
1993 367 2152 399 deservire
2180 369 2306 399 animae
2329 369 2454 400 intelle-

1385 413 1498 449 ctivae,
1522 412 1579 443 sed
1602 422 1721 452 corpus
1743 414 1897 443 mixtum:
1923 413 2008 453 quia,
2025 422 2102 443 cum
2125 413 2231 443 anima
2249 412 2452 450 intellectiva,

1385 466 1424 487 eo
1449 456 1540 496 quod
1562 457 1602 486 sit
1624 456 1735 487 infima
1750 458 1784 487 in
1806 466 1924 497 genere
1939 457 2216 493 intellectualium,
2232 465 2300 488 non
2323 457 2453 488 uniatur

1384 501 1514 540 corpori
1529 501 1590 530 nisi
1605 506 1642 530 ut
1657 510 1696 530 ex
1711 501 1857 531 sensibus
1872 501 2021 531 notitiam
2032 502 2172 532 veritatis
2183 502 2337 542 acquirat,
2354 511 2452 542 opor-

1383 545 1446 574 tuit
1467 549 1504 574 ut
1527 544 1657 584 corpori
1679 544 1824 575 uniretur
1847 544 1938 584 quod
1969 551 2051 576 esset
2074 546 2270 577 conveniens
2293 555 2451 586 organum

1383 593 1497 624 tactus,
1523 588 1556 618 in
1583 597 1651 628 quo
1676 597 1790 618 omnes
1813 589 1867 618 alii
1893 589 2221 627 sensus-fundantur;
2253 590 2315 621 tale
2342 595 2451 621 autem

1384 637 1515 672 oportet
1530 641 1598 662 esse
1615 641 1734 672 corpus
1749 633 1897 668 mixtum,
1914 638 1950 662 ut
1965 639 2052 673 patet
2067 643 2106 664 ex
2121 634 2220 664 Libro
2235 634 2275 665 de
2289 634 2406 664 Anima
2422 635 2449 664 ἦ

1440 676 1494 706 ΙΧ.
1518 676 1687 714 Quantum
1711 675 1751 706 ad
1781 675 1961 706 secundum
1976 678 2003 713 ἕ,
2028 677 2168 708 ostendit
2195 678 2330 709 Sanctus
2360 678 2451 708 Tho-

1383 729 1452 750 mas
1476 719 1647 760 quomodo
1671 720 1778 750 anima
1800 720 2003 756 intellectiva,
2028 720 2102 751 licet
2131 723 2260 752 uniatur
2289 722 2450 758 materiae,

1384 773 1450 794 non
1475 769 1581 794 tamen
1606 769 1654 794 est
1676 763 1726 794 illi
1748 763 1895 794 totaliter
1917 764 2078 799 immersa,
2102 770 2161 795 aut
2183 766 2222 795 ab
2244 775 2283 796 ea
2306 775 2450 806 compre-

1383 808 1493 838 hensa.
1519 807 1614 838 Circa
1635 808 1701 838 hoc
1723 813 1832 838 autem
1855 807 1922 838 duo
1951 807 2042 838 facit:
2073 810 2190 848 primo,
2214 809 2354 840 ostendit
2375 819 2451 850 pro-

1383 852 1544 893 positum;
1569 851 1725 888 secundo,
1750 851 1914 892 quandam
1938 852 2155 883 obiectionem
2180 853 2320 883 excludit
2334 855 2361 883 ff.

1439 895 1585 926 Primum
1608 897 1723 936 probat
1746 896 1800 926 tali
1827 897 1962 926 ratione.
1990 896 2109 926 Anima
2138 897 2331 927 intellectiva
2357 897 2452 926 habet

1383 941 1609 980 operationem
1632 941 1667 971 in
1689 949 1754 980 qua
1775 949 1844 970 non
1867 940 2088 971 communicat
2110 941 2251 970 materia.
2275 940 2362 980 Ergo
2384 949 2453 970 non

1384 989 1431 1014 est
1453 984 1594 1015 totaliter
1617 984 1852 1024 comprehensa
1875 994 1892 1014 a
1919 985 2062 1014 materia.
2082 1002 2104 1006 —
2127 983 2332 1014 Antecedens
2355 989 2452 1023 patet.

1383 1028 1470 1066 Quia
1492 1028 1670 1068 intelligere
1687 1037 1756 1058 non
1780 1027 1816 1058 fit
1838 1037 1896 1068 per
1919 1037 2078 1068 organum
2093 1028 2272 1068 corporale.
2289 1045 2313 1050 —
2328 1027 2453 1058 Conse-

1384 1073 1516 1112 quentia
1539 1082 1616 1102 vero
1640 1072 1804 1112 probatur.
1821 1072 1908 1110 Quia
1924 1071 2027 1102 forma
2051 1073 2143 1102 cuius
2159 1072 2306 1112 operatio
2330 1071 2455 1102 excedit

1384 1116 1608 1147 conditionem
1630 1116 1792 1152 materiae,
1822 1121 1854 1146 et
1882 1117 1952 1156 ipsa
1979 1115 2159 1147 secundum
2189 1115 2380 1156 dignitatem
2403 1116 2453 1146 sui

1385 1170 1454 1191 esse
1478 1160 1603 1190 excedit
1625 1160 1808 1190 materiam:
1833 1169 1873 1190 eo
1898 1159 1989 1199 quod
2011 1160 2273 1200 unumquodque
2300 1165 2453 1200 operetur

1383 1204 1565 1235 secundum
1588 1203 1680 1244 quod
1702 1209 1759 1234 est.
1783 1204 1858 1234 Hoc
1881 1209 1990 1234 autem
2007 1204 2229 1235 manifestatur
2244 1203 2453 1236 discurrendo

1383 1258 1442 1288 per
1464 1247 1580 1288 gradus
1603 1247 1792 1284 formarum,
1808 1247 1930 1278 scilicet
1950 1248 2111 1284 elementi,
2135 1249 2235 1285 mixti,
2260 1248 2452 1289 plantarum,

1384 1293 1479 1326 bruti,
1503 1298 1535 1323 et
1557 1292 1709 1328 hominis,
1732 1292 1766 1321 in
1791 1291 1907 1331 quibus
1931 1291 2120 1328 ostenditur,
2137 1298 2260 1332 quanto
2279 1292 2384 1322 forma
2406 1297 2454 1322 est

1383 1336 1534 1372 nobilior,
1559 1341 1649 1366 tanto
1676 1335 1763 1366 illam
1786 1344 1882 1375 posse
1909 1336 1942 1366 in
1970 1336 2098 1366 altiores
2125 1337 2330 1376 operationes
2357 1345 2454 1376 supra

1385 1379 1590 1411 condin'ones
1611 1380 1772 1410 materiae.

1439 1423 1492 1454 Ad
1506 1425 1664 1454 maiorem
1681 1422 1874 1454 evidentiam
1891 1423 2110 1454 conclusionis
2125 1424 2231 1460 huius,
2248 1423 2453 1454 consideran-

1385 1468 1465 1498 dum
1487 1473 1535 1498 est
1550 1467 1641 1508 quod
1664 1477 1724 1507 pro
1740 1466 1858 1497 eodem
1873 1467 1989 1507 accipit
2004 1466 2139 1498 Sanctus
2155 1468 2300 1498 Thomas
2315 1467 2454 1498 formam

1386 1521 1451 1542 non
1475 1521 1543 1542 esse
1573 1512 1756 1542 immersam
1778 1510 1944 1546 materiae,
1968 1510 2106 1541 formam
2129 1521 2195 1542 non
2219 1521 2287 1542 esse
2309 1511 2454 1542 totaliter

1385 1556 1647 1596 comprehensam
1663 1564 1684 1585 a
1700 1555 1848 1590 materia,
1865 1559 1897 1584 et
1912 1555 2081 1585 materiam
2098 1565 2163 1586 non
2186 1555 2372 1596 adaequare
2386 1564 2455 1586 esse

1375 1600 1524 1641 formae.
1548 1599 1675 1630 Dicitur
1697 1599 1785 1629 enim
1807 1598 1862 1628 illa
1884 1597 1988 1628 forma
2011 1608 2080 1629 esse
2104 1600 2261 1629 materiae
2291 1599 2452 1634 immersa,

1384 1648 1422 1673 ut
1443 1644 1581 1674 habetur
1602 1644 1637 1673 in
1652 1642 1717 1680 Qu.
1733 1642 1774 1672 de
1788 1641 2020 1681 Spiritualibus
2037 1642 2215 1678 ereatura,
2233 1647 2290 1673 art.
2307 1652 2336 1679 2,
2359 1643 2453 1673 cuius

1385 1696 1454 1718 esse
1471 1692 1520 1718 est
1534 1686 1713 1728 obligatum
1729 1686 1886 1716 materiae
1901 1690 1933 1715 et
1946 1686 1987 1715 ab
2002 1694 2042 1716 ea
2059 1685 2249 1726 dependens,
2267 1687 2342 1726 quia
2364 1686 2453 1716 vide-

1385 1731 1461 1762 licet
1483 1740 1552 1761 non
1574 1735 1683 1770 potest
1708 1739 1778 1760 esse
1803 1729 1866 1759 nisi
1892 1729 1926 1759 in
1948 1730 2091 1760 materia.
2115 1730 2241 1760 Dicitur
2264 1731 2361 1760 etiam
2386 1739 2454 1760 esse

1386 1775 1533 1806 totaliter
1554 1774 1784 1815 comprehensa
1808 1782 1828 1803 a
1852 1773 2000 1808 materia,
2017 1774 2094 1814 quia
2115 1774 2207 1805 nullo
2230 1773 2331 1804 modo
2354 1779 2455 1804 mate-

1385 1820 1465 1850 riam
1489 1818 1597 1859 egredi
1618 1823 1736 1858 potest‚
1752 1822 1790 1849 ut
1805 1817 1927 1848 scilicet
1940 1818 1981 1847 sit
1999 1818 2121 1857 absque
2137 1818 2279 1848 materia.
2302 1818 2344 1848 Et
2366 1818 2454 1848 simi-

1384 1863 1457 1894 liter
1472 1862 1589 1893 dicitur
1602 1862 1736 1893 materia
1750 1861 1938 1901 adaequare
1952 1870 2021 1892 esse
2025 1862 2173 1902 formae,
2190 1861 2322 1902 quando
2338 1862 2455 1902 accipit

1383 1913 1487 1938 totam
1509 1906 1744 1947 perfect-ionem
1760 1914 1829 1936 esse
1844 1904 1978 1941 formae,
1999 1906 2043 1936 ita
2065 1906 2156 1946 quod
2179 1910 2265 1937 extra
2288 1906 2454 1936 materiam

1383 1951 1438 1982 illa
1461 1950 1566 1981 forma
1588 1959 1658 1981 esse
1679 1959 1748 1980 non
1771 1950 1887 1989 possit:
1911 1959 1997 1985 narn,
2021 1950 2048 1980 si
2070 1955 2178 1990 potest
2206 1949 2310 1980 forma
2336 1950 2453 1980 habere

1385 2004 1454 2026 esse
1477 2000 1564 2025 extra
1586 1994 1763 2028 materiam,
1786 1994 1851 2023 iam
1866 1994 1999 2024 materia
2013 1993 2093 2024 illud
2109 2003 2177 2024 esse
2192 2003 2261 2024 non
2284 1993 2451 2033 adaequat.

1383 2039 1475 2069 Patet
1497 2043 1605 2069 autem
1628 2047 1686 2078 per
1701 2037 1811 2068 omnia
1834 2036 2021 2068 huiusmodi
2036 2036 2122 2068 idem
2145 2038 2322 2077 importari.
2346 2036 2451 2073 Unde',

1384 2091 1460 2114 cum
1484 2083 1591 2113 anima
1612 2082 1816 2118 intellectiva,
1837 2090 1922 2121 quae
1937 2091 2005 2112 esse
2029 2091 2124 2112 suum
2148 2082 2368 2112 communicat
2383 2090 2452 2111 ma·

1383 2128 1482 2158 teriae
1497 2126 1654 2158 elevando
1671 2127 1773 2166 ipsam
1789 2125 1829 2156 ad
1841 2126 2041 2165 superiorem
2054 2125 2211 2162 ordinem,
2224 2124 2334 2165 aliquo
2350 2124 2451 2155 modo

1384 2172 1486 2212 possit
1509 2171 1627 2201 habere
1651 2179 1719 2201 esse
1743 2176 1829 2201 extra
1854 2170 2031 2206 materiam,
2055 2168 2146 2210 quod
2177 2179 2215 2200 ex
2245 2171 2313 2200 eius
2336 2178 2451 2209 opera-

1383 2217 1473 2246 tione
1496 2219 1606 2255 aperte
1630 2220 1769 2251 constan
1794 2219 1923 2254 oportet
1946 2213 2053 2244 dicere
2074 2215 2178 2254 ipsam
2201 2222 2270 2244 non
2292 2222 2362 2244 esse
2384 2222 2452 2243 ma-

1383 2260 1482 2290 teriae
1503 2260 1699 2295 immersam,
1719 2264 1774 2289 aut
1795 2259 1841 2288 illi
1865 2257 2077 2298 adaequatam
2092 2257 2272 2288 secundum
2295 2266 2374 2293 esse,
2397 2261 2453 2286 aut

1383 2304 1525 2335 totaliter
1548 2303 1587 2334 ab
1610 2303 1664 2333 illa
1686 2302 1964 2343 comprehensam.

1441 2347 1535 2379 Circa
1558 2347 1646 2378 illam
1661 2347 1904 2387 graduationem
1921 2346 2098 2377 formarum
2112 2346 2166 2376 hic
2181 2345 2331 2385 positam,
2352 2342 2454 2375 atten-

1385 2392 1529 2424 dendum
1549 2391 1639 2432 quod
1661 2392 1707 2422 sic
1729 2391 1934 2432 graduantur‚
1950 2395 1987 2421 ut
2009 2390 2194 2420 summatim
2214 2388 2346 2424 dicatur,
2363 2387 2454 2428 quod

1385 2437 1509 2468 formae
1532 2436 1770 2467 elementorum
1786 2444 1855 2466 non
1870 2439 2007 2474 possunt
2022 2434 2083 2464 nisi
2098 2434 2132 2464 in
2149 2433 2353 2473 operationes
2376 2441 2455 2472 qua-

1385 2482 1512 2512 litatum
1535 2480 1749 2511 materialium
1771 2480 1947 2510 activarum
1977 2483 2009 2509 et
2035 2478 2250 2518 passivarum:
2274 2477 2358 2507 sicut
2379 2481 2454 2506 sunt

1386 2525 1570 2561 calefacere,
1586 2523 1780 2564 instigidare,
1797 2523 1980 2558 descensus,
1996 2531 2156 2557 ascensus,
2173 2527 2204 2552 et
2219 2519 2416 2551 huiusmodi.
2432 2537 2455 2541 -

1386 2570 1525 2600 Formae
1546 2569 1638 2599 mixti
1667 2573 1804 2608 possunt
1834 2565 1996 2597 interdum
2022 2566 2056 2596 in
2087 2565 2212 2605 aliquos
2242 2563 2373 2594 effectus
2397 2563 2454 2603 qui

1386 2618 1524 2654 possunt
1546 2611 1703 2651 compleri
1726 2620 1783 2651 per
1806 2610 1974 2650 qualitates
1996 2608 2184 2648 praedictas,
2200 2607 2256 2638 sed
2278 2607 2352 2638 illos
2374 2605 2454 2647 ope‘-

1385 2663 1496 2688 rantur
1518 2666 1576 2697 per
1598 2656 1744 2686 altiorem
1767 2655 1918 2685 virtutem
1940 2653 2082 2683 habitam
2097 2662 2115 2682 a
2130 2651 2320 2682 caelestibus
2335 2660 2453 2690 corpo-

1385 2703 1484 2737 ribus,
1515 2704 1770 2740 consequentem
1797 2698 1940 2738 speciem
1970 2705 2098 2727 eorum:
2123 2697 2205 2726 sicut
2235 2704 2368 2735 magnes
2397 2699 2453 2725 aut

1387 2747 1483 2777 etiam
1499 2744 1627 2775 adamas
1642 2744 1737 2774 trahit
1751 2742 1882 2778 ferrum,
1899 2747 1931 2772 et
1944 2741 2113 2781 sapphirus
2131 2744 2220 2770 curat
2239 2744 2414 2779 apostema.
2430 2755 2454 2761 —

1387 2790 1526 2820 Formae
1548 2789 1730 2829 plantarum
1752 2791 1889 2828 possunt
1911 2786 2008 2816 etiam
2030 2786 2064 2815 in
2079 2783 2213 2815 effectus
2227 2784 2262 2814 in
2277 2792 2360 2823 quos
2383 2791 2453 2813 non

1387 2839 1524 2874 possunt
1546 2831 1727 2873 praedictae
1750 2830 1928 2872 qualitates,
1952 2828 2008 2860 sed
2030 2835 2138 2859 tamen
2162 2827 2202 2858 ad
2223 2827 2296 2858 illos
2318 2831 2454 2857 utuntur

1387 2879 1465 2918 ipsis
1489 2876 1696 2917 qualitatibus
1718 2880 1755 2906 ut
1781 2875 2016 2905 instrumentis:
2042 2878 2077 2904 ut
2106 2877 2194 2912 patet
2222 2872 2256 2902 in
2279 2869 2453 2901 nutriendo

1389 2927 1421 2952 et
1443 2920 1593 2961 augendo
1609 2928 1714 2960 usque
1729 2918 1770 2950 ad
1785 2918 2032 2949 determinatum
2047 2917 2233 2947 terminum.
2256 2915 2298 2945 Et
2320 2914 2453 2944 ulterius

1388 2965 1602 2996 assimilantur
1624 2963 1806 2994 motoribus
1829 2970 2005 3002 corporum
2021 2961 2207 2992 caelestium
2222 2960 2255 2989 in
2278 2957 2453 2994 movendo,

1388 3009 1467 3040 dum
1491 3014 1566 3040 sunt
1594 3008 1790 3048 principium
1813 3011 1922 3037 motus
1951 3006 1989 3036 iis
2019 3014 2102 3045 quae
2132 3004 2236 3043 seipsa
2265 3007 2407 3032 movent.
2431 3018 2455 3024 -

1387 3054 1526 3084 Animae
1540 3053 1711 3083 brutorum
1725 3051 1859 3081 ulterius
1874 3054 2011 3090 possunt
2030 3050 2065 3079 in
2088 3048 2310 3088 operationem
2332 3054 2453 3081 sensus,

1389 3095 1598 3128 excedentem
1621 3094 1798 3136 praedictas
1823 3093 2000 3134 qualitates,
2025 3092 2065 3123 ad
2083 3101 2181 3132 quam
2202 3099 2264 3121 nec
2287 3090 2383 3120 etiam
2406 3087 2455 3118 in-

1388 3140 1636 3172 strumentaliter
1659 3143 1848 3180 operantur:
1865 3138 1940 3168 licet
1954 3137 2151 3168 necessariae
2165 3135 2229 3166 sint
2251 3133 2291 3164 ad
2313 3133 2455 3164 debitam

1389 3183 1502 3225 organi
1525 3183 1782 3224 dispositionem.
1798 3200 1821 3205 —
1835 3182 1954 3212 Anima
1969 3185 2077 3211 autem
2092 3178 2285 3210 intellectiva
2298 3181 2407 3217 potest
2420 3177 2455 3206 in

1389 3229 1614 3269 operationem
1635 3227 1874 3262 intellectivam,
1891 3224 1932 3255 ad
1948 3233 2057 3264 quam,
2074 3233 2112 3254 ex
2128 3228 2217 3263 parte
2238 3221 2454 3260 intelligentis,

1388 3273 1480 3304 nullo
1495 3271 1597 3303 modo
1614 3275 1812 3302 concurrunt
1825 3269 2005 3299 materiales
2021 3268 2197 3308 qualitates,
2212 3274 2321 3305 neque
2335 3264 2456 3294 scilicet

1388 3316 1425 3348 ut
1447 3317 1660 3347 instrumenta
1681 3323 1789 3355 neque
1817 3319 1854 3343 ut
1880 3312 2108 3353 dispositiones
2134 3310 2260 3350 organi:
2285 3317 2360 3339 cum
2386 3317 2455 3338 non

1388 3360 1444 3391 fiat
1466 3370 1525 3400 per
1548 3368 1706 3400 organum
1730 3356 1907 3397 corporale.

1413 3403 1417 3406 ”
1443 3404 1484 3434 Χ.
1509 3403 1573 3435 S'ed
1595 3404 1679 3434 circa
1701 3400 1862 3443 praedicta
1885 3404 2060 3430 occurrunt
2082 3397 2148 3428 duo
2172 3396 2279 3427 dubia.
2310 3395 2455 3425 Primum

1390 3453 1438 3478 est
1460 3447 1504 3478 aa
1529 3447 1700 3482 hominem,
1731 3447 1814 3476 circa
1844 3444 1982 3474 formam
2011 3442 2113 3472 mixti.
2143 3441 2207 3470 Hic
2235 3440 2322 3470 enim
2349 3439 2456 3478 inquit

1389 3491 1525 3523 Sanctus
1548 3491 1693 3522 Thomas
1716 3489 1854 3520 formam
1877 3487 1978 3522 mixti,
1994 3486 2115 3516 scilicet
2130 3483 2306 3519 inanimati,
2329 3491 2406 3528 non*
2421 3491 2456 3514 se

1389 3535 1561 3566 extendere
1583 3543 1678 3574 posse
1702 3532 1743 3563 ad
1765 3532 1872 3572 aliqua
1887 3535 2019 3571 operata
2034 3538 2118 3569 quae
2133 3537 2201 3558 non
2223 3527 2350 3567 possint
2365 3535 2456 3557 com-

1388 3580 1469 3620 pleri
1491 3588 1550 3619 per
1572 3578 1739 3618 qualitates
1765 3575 1953 3610 materiales,
1983 3574 2059 3604 licet
2087 3571 2250 3617 interdum
2281 3575 2457 3611 operentur

1388 3623 1461 3654 illos
1477 3621 1608 3654 effectus
1624 3621 1729 3652 altiori
1743 3620 1869 3650 virtute.
1887 3619 1922 3649 In
1938 3618 2044 3648 Prima
2059 3617 2151 3647 Parte
2167 3620 2286 3652 autem,
2303 3624 2334 3655 q.
2351 3623 2456 3650 mxxvi,

2479 636 2489 646 ·
2506 635 2558 658 Lib.
2580 634 2619 662 m,
2639 641 2691 684 ‘iffi'

2478 668 2531 686 xm,
2546 667 2569 684 n.
2581 668 2602 688 ις
2616 667 2636 684 s.
2684 676 2690 684 .

2478 688 2541 736 ¹:¹05:
2553 713 2603 736 init.
2621 713 2692 736 com-

2478 743 2551 762 ment.

2479 857 2488 865 '
2498 854 2534 877 Cf.
2549 861 2572 877 n.
2587 860 2630 877 xix.
