2768 4134
34 2954 47 2966 ⁶
59 2953 96 2978 Cf.
109 2953 161 2977 init.
176 2954 250 2977 Com-

34 2984 107 3004 nt.

865 286 1052 324 SUMMA
1083 288 1305 327 CONTRA
1333 289 1608 339 GENTILES,
1640 292 1750 330 CAP.
1772 294 1892 331 XXX.

280 370 312 395 et
339 365 470 405 proprie
501 370 532 396 et
561 375 630 396 non
659 371 787 397 tantum
816 367 1036 407 metaphorice
1067 377 1190 399 nomen
1220 368 1352 410 aliquod

279 408 492 449 praedicetur,
523 410 696 450 requiritur
727 415 764 441 ut
794 416 900 441 totum
933 412 1002 442 eius
1034 412 1248 453 significatum
1275 424 1351 455 pro-

279 453 388 494 prium
410 454 470 484 sibi
493 455 691 491 attribuatur,
716 460 748 486 et
771 456 877 486 omnis
902 456 1044 487 conditio
1062 466 1145 498 quae
1161 458 1351 498 significato,

280 503 317 528 ut
340 503 388 528 est
410 498 496 529 illius
519 498 746 539 significatum,
771 501 933 531 convenit.
958 500 991 531 Si
1015 502 1102 532 enim
1126 512 1198 543 pars
1224 508 1351 534 tantum

279 541 449 582 significati
478 542 524 573 illi
555 544 752 580 conveniret,
776 553 845 574 non
875 545 1098 577 attribueretur
1127 548 1186 577 sibi
1216 556 1290 578 vere
1321 553 1352 578 et

278 587 424 628 proprie:
454 587 547 624 sicut,
580 588 728 628 quamvis
758 588 839 629 lapis
868 589 907 619 sit
937 590 1121 627 substantia,
1145 601 1213 622 non
1243 597 1352 622 tamen

279 631 397 662 dicitur
425 631 560 667 animal,
585 633 662 673 quia
692 633 811 664 animal
841 643 909 664 non
938 640 1064 665 tantum
1094 636 1248 676 importat
1276 636 1352 667 sub-

278 676 438 712 stantiam,
463 675 520 706 sed
543 677 640 707 etiam
663 677 823 714 sensibile,
847 678 938 719 quod
960 679 1059 720 lapidi
1089 690 1158 710 non
1188 681 1350 711 convenit.

279 719 442 756 Similiter,
466 721 492 750 si
522 720 586 751 hoc
615 730 738 752 nomen
769 722 876 753 album
907 724 1130 764 imponeretur
1161 724 1202 755 ad
1231 723 1351 764 signifi-

279 764 420 795 candum
443 765 551 805 primo
574 766 785 797 substantiam
808 767 990 799 secundum
1013 768 1104 809 quod
1127 773 1175 799 est
1205 767 1351 799 albedine

277 808 461 845 informata,
484 808 525 840 de
548 808 642 841 Sorte
664 811 698 841 in
723 820 790 852 quo
813 821 883 842 non
906 818 988 843 esset
1011 812 1137 849 albedo,
1154 821 1223 843 non
1242 818 1353 852 posset

278 853 356 884 dici:
381 853 468 894 quia,
492 853 567 884 licet
590 855 630 885 sit
652 855 838 893 substantia,
854 866 922 887 non
938 862 1046 887 tamen
1071 861 1154 887 esset
1176 856 1353 887 substantia

277 898 338 929 sub
361 897 520 934 albedine,
545 907 629 939 quae
653 906 735 931 esset
758 900 903 931 conditio
927 901 1122 931 substantiae
1152 905 1190 931 ut
1217 900 1352 931 nomine

277 942 345 973 aun·
367 941 608 983 significaretur.
633 943 667 975 Si
690 954 767 985 ergo
791 954 914 976 nornen
944 943 1078 985 aliquod
1109 945 1144 974 in
1171 954 1231 974 suo
1256 945 1353 984 signi—

276 986 375 1018 ficato
408 992 441 1018 et
471 987 707 1028 perfectionem
739 988 904 1030 quandam
934 989 1090 1029 importet
1122 994 1154 1019 et
1182 990 1352 1029 proprium

277 1031 416 1062 modum
446 1041 514 1072 quo
544 1033 599 1063 illa
628 1032 785 1074 perfectio
816 1038 863 1064 est
892 1033 926 1063 in
956 1038 1110 1069 creatura,
1135 1042 1212 1064 cum
1235 1033 1353 1064 modus

276 1076 331 1107 ille
354 1077 412 1116 qui
435 1082 483 1107 est
507 1078 659 1118 proprius
683 1083 846 1109 creaturae
869 1077 941 1107 Deo
971 1087 1040 1108 non
1073 1078 1255 1114 conveniat,
1278 1078 1354 1109 licet

277 1121 311 1152 in
327 1130 368 1151 eo
384 1121 425 1151 sit
439 1120 596 1162 perfectio
619 1131 678 1162 per
699 1131 823 1153 nomen
845 1121 1029 1162 importata,
1045 1131 1114 1152 non
1137 1121 1254 1153 dicitur
1272 1122 1354 1154 illud

276 1175 401 1196 nomen
423 1175 498 1196 vere
522 1171 554 1196 et
575 1166 707 1207 proprie
730 1165 770 1197 de
794 1166 877 1196 Deo.
902 1165 992 1197 Sicut
1011 1166 1108 1197 homo
1125 1167 1278 1207 importat
1292 1168 1353 1198 hu-

277 1210 438 1241 manitatis
461 1209 696 1251 perfectionem
727 1219 802 1241 cum
834 1209 936 1241 modo
967 1211 1123 1241 materiali
1153 1221 1220 1252 quo
1249 1217 1297 1242 est
1319 1213 1353 1243 in

276 1255 350 1295 ipso
365 1254 506 1285 habente
520 1255 769 1286 humanitatem:
789 1254 864 1286 ideo
881 1255 945 1286 hoc
960 1265 1084 1286 nornen
1099 1256 1196 1286 homo
1213 1255 1253 1287 de
1269 1257 1352 1294 Deo,

277 1304 314 1330 ut
337 1299 426 1330 Deus
450 1304 508 1337 est,
531 1309 600 1330 non
623 1299 836 1340 praedicatur,
861 1299 936 1331 licet
958 1300 1166 1331 humanitatis
1196 1300 1352 1341 perfectio

253 1364 260 1366 -
271 1343 465 1375 iamai-at.
481 1361 504 1365 -
519 1343 672 1375 Similiter
694 1350 742 1375 est
762 1344 803 1376 de
825 1344 1014 1376 nominibus
1030 1354 1113 1386 quae
1130 1345 1163 1376 in
1179 1355 1240 1376 suo
1257 1346 1354 1386 signi-

275 1387 375 1419 ficato
390 1388 568 1428 important
590 1388 729 1420 modum
752 1390 923 1430 proprium
947 1398 1015 1430 quo
1039 1394 1115 1420 sunt
1137 1389 1354 1430 perfectiones

276 1433 311 1464 in
334 1432 418 1464 Deo.
441 1431 529 1471 Quia
550 1433 626 1464 talia
649 1433 690 1464 de
713 1439 858 1465 creatura
880 1443 955 1465 vere
978 1443 1047 1465 non
1073 1433 1308 1475 praedicantur.

334 1477 372 1508 11.
389 1476 559 1516 Quantum
575 1477 615 1508 ad
631 1477 812 1509 secundum
824 1479 852 1515 *,
873 1479 949 1519 quia
965 1478 1088 1510 dictum
1109 1484 1156 1509 est
1171 1479 1279 1519 aliqua
1293 1489 1353 1510 no-

276 1522 367 1554 mina
397 1522 574 1562 importare
605 1521 841 1563 perfectionem
873 1523 996 1564 absque
1029 1522 1168 1559 defectu,
1196 1523 1282 1560 ideo,
1310 1533 1353 1555 ne

277 1566 395 1608 aliquis
410 1567 618 1598 occasionem
641 1568 757 1598 erroris
781 1577 819 1598 ex
842 1567 907 1598 hoc
930 1568 1076 1608 accipiat,
1093 1567 1260 1609 distinguit
1274 1568 1353 1600 San-

277 1616 349 1643 ctus
364 1611 511 1642 Thomas
534 1611 625 1652 quod
647 1621 772 1643 nomen
794 1612 970 1653 importare
988 1611 1152 1643 defectum
1171 1618 1279 1654 potest
1294 1613 1353 1644 du-

277 1655 403 1697 pliciter
424 1655 574 1697 intelligi:
599 1662 655 1687 aut
677 1657 799 1688 scilicet
815 1662 974 1698 quantum
991 1656 1031 1687 ad
1046 1666 1115 1688 rem
1131 1656 1352 1698 significatam,

277 1700 365 1742 quia,
380 1700 527 1741 inquam,
543 1701 614 1742 ipse
637 1700 783 1733 defectus
806 1706 854 1732 est
876 1701 917 1733 de
940 1700 1175 1743 significatione
1195 1703 1352 1739 nominis;

277 1749 334 1776 aut
356 1750 516 1786 quantum
539 1744 580 1776 ad
602 1745 741 1778 modum
756 1745 968 1787 significandi.
992 1746 1101 1777 Primo
1121 1745 1224 1778 modo
1246 1747 1354 1788 aliqua

275 1790 413 1821 nomina
442 1789 624 1831 significant
653 1800 730 1822 cum
761 1790 900 1828 defectu,
932 1791 1040 1832 aliqua
1069 1800 1147 1822 vero
1176 1801 1255 1822 non.
1289 1791 1353 1823 Sed

277 1834 424 1866 secundo
444 1834 547 1866 modo
569 1835 681 1866 omnia
697 1845 773 1867 cum
789 1835 919 1867 defectu
934 1834 1126 1877 significant.
1151 1835 1255 1867 Cuius
1270 1837 1352 1868 ran'o

277 1884 326 1910 est
348 1879 435 1920 quia,
459 1889 537 1911 cum
559 1881 695 1911 nomine
718 1881 915 1921 exprimatur
937 1889 987 1911 res
1010 1879 1192 1912 secundum
1214 1880 1352 1912 modum

277 1932 346 1966 quo
377 1924 545 1955 intellectu
578 1925 798 1966 concipimus;
830 1925 1013 1956 intellectus
1046 1930 1156 1956 autem
1191 1926 1354 1967 concipiat

276 1967 417 2000 formam
439 1968 622 2010 simplicem
639 1974 678 2000 ut
692 1979 760 2011 quo
777 1969 899 2011 aliquid
914 1975 972 2006 est,
988 1978 1057 2000 non
1081 1975 1190 2001 autem
1209 1975 1247 2001 ut
1262 1969 1353 2011 quod

277 2019 336 2050 est,
360 2022 430 2044 rem
459 2018 569 2044 autem
598 2014 826 2045 subsistentem
856 2014 890 2045 in
920 2013 1129 2045 concretione
1154 2013 1294 2055 quadam
1322 2019 1354 2045 et

278 2058 528 2098 compositione,
545 2058 622 2099 quia
645 2068 684 2089 ex
706 2059 910 2090 sensibilibus
934 2058 1157 2099 cognitionem
1175 2059 1303 2100 accipit,
1318 2060 1353 2090 in

277 2102 398 2144 quibus
416 2102 504 2134 aliud
526 2108 575 2134 est
597 2102 701 2134 forma
724 2108 756 2135 et
778 2103 899 2135 habens
915 2102 1064 2140 formam,
1080 2108 1214 2144 propter
1228 2102 1352 2135 formae

278 2152 310 2178 et
331 2147 485 2178 materiae
507 2148 794 2188 compositionem,
819 2154 850 2179 et
868 2147 993 2179 formae
1011 2148 1173 2189 simplices
1193 2157 1262 2179 non
1277 2149 1352 2179 sub-

276 2192 393 2223 sistunt
415 2191 472 2223 sed
494 2191 572 2233 ipsis
595 2192 656 2223 alia
679 2193 829 2230 existunt,
853 2193 1057 2224 subsistentia
1076 2202 1154 2224 vero
1170 2198 1247 2224 sunt
1261 2202 1352 2224 com-

277 2237 398 2278 posita;
422 2236 498 2267 ideo
523 2237 681 2278 simplicia
703 2236 861 2278 significat
883 2237 1073 2268 nominibus
1102 2237 1266 2268 abstractis
1294 2247 1353 2278 per

276 2280 415 2313 modum
444 2280 580 2318 formae,
613 2282 666 2312 cui
697 2282 851 2313 convenit
881 2291 950 2312 esse
979 2281 1013 2312 id
1044 2291 1112 2322 quo
1142 2281 1265 2323 aliquid
1288 2287 1352 2319 est;

276 2326 482 2358 subsistentia
503 2335 582 2357 vero
605 2327 794 2358 nominibus
824 2326 994 2363 concretis,
1018 2335 1076 2367 per
1105 2326 1244 2357 modum
1274 2336 1353 2358 con-

277 2371 429 2402 cretionis
445 2375 478 2401 et
492 2371 741 2412 compositionis
757 2377 789 2402 et
803 2371 951 2402 habentis
974 2369 1127 2408 formam;
1151 2372 1186 2402 in
1210 2381 1353 2412 quorum

276 2420 419 2456 utroque
442 2415 603 2456 quaedam
626 2415 830 2457 imperfectio
853 2416 1056 2456 importatur.

332 2460 382 2491 Ex
397 2461 517 2501 quibus
534 2466 624 2501 patet
638 2460 730 2501 quod
744 2461 873 2492 nullum
888 2469 1011 2491 nomen
1027 2460 1100 2491 Deo
1123 2461 1354 2491 convenienter

277 2510 405 2545 aptatur
423 2509 583 2545 quantum
599 2505 640 2536 ad
655 2505 793 2536 modum
817 2504 1028 2546 significandi,
1045 2504 1121 2536 l'icet
1143 2504 1277 2546 aliquod
1293 2506 1352 2536 sibi

277 2550 451 2580 conveniat
466 2555 627 2590 quantum
649 2549 691 2581 ad
713 2560 781 2581 rem
805 2549 1030 2591 significatam:
1056 2559 1132 2581 cum
1147 2549 1218 2581 talis
1233 2550 1352 2590 imper-

238 2592 241 2594 ’
277 2593 376 2625 fectio
391 2594 426 2624 in
442 2594 514 2625 Deo
530 2604 599 2625 non
614 2595 664 2631 sit,
681 2595 829 2635 quamvis
852 2604 903 2626 res
926 2594 1103 2636 significata
1118 2595 1229 2636 aliquo
1249 2594 1351 2625 modo

278 2639 434 2669 eminenti
456 2640 517 2670 sibi
541 2639 721 2670 conveniat.

332 2683 382 2714 Ex
393 2693 462 2724 quo
475 2682 646 2714 deducitur
657 2684 837 2721 corollarie,
850 2683 890 2715 de
899 2690 1010 2715 mente
1018 2684 1178 2725 Dionysii,
1187 2694 1199 2714 1
1209 2689 1241 2715 et
1249 2694 1270 2714 v
1280 2694 1350 2725 cap.

242 2744 248 2750 ·
277 2728 318 2759 de
338 2728 414 2759 Diu.
435 2728 532 2759 Nom.
545 2729 572 2764 ³,
594 2727 685 2768 quod
699 2729 835 2760 nomina
849 2738 868 2759 a
883 2729 980 2759 nobis
994 2729 1148 2770 imposita
1170 2738 1254 2770 quae
1277 2729 1350 2760 Deo

277 2773 504 2809 attribuuntur,
521 2778 554 2804 et
571 2772 720 2804 affirmari
744 2779 775 2804 et
797 2773 907 2814 negari
931 2773 971 2804 de
994 2773 1066 2804 Deo
1089 2778 1237 2814 possunt.
1261 2773 1352 2805 Patet

277 2827 316 2848 ex
340 2817 443 2848 dictis.
466 2817 552 2849 Nam
575 2822 735 2858 quantum
758 2817 799 2848 ad
821 2818 964 2849 nominis
985 2818 1145 2849 rationem
1169 2819 1236 2849 sive
1254 2819 1352 2859 signi-

276 2861 421 2899 ficatum,
445 2863 506 2893 sibi
530 2862 744 2899 conveniunt3
769 2867 928 2903 quantum
943 2872 1021 2894 vero
1038 2861 1078 2893 ad
1100 2862 1238 2893 modum
1254 2863 1351 2903 signi-

277 2905 406 2944 ficandi,
430 2907 576 2938 minime.

333 2951 386 2982 111.
402 2951 572 2990 Quantum
588 2950 628 2982 ad
643 2951 774 2982 tertium
783 2952 811 2988 *,
827 2956 920 2982 notat
935 2951 1026 2992 quod
1040 2951 1159 2982 modus
1175 2952 1352 2992 superemi-

276 2997 406 3027 nentiae
429 3005 497 3037 quo
520 2997 555 3027 in
578 2996 650 3027 Deo
673 2995 889 3036 perfectiones
910 2996 1129 3033 inveniuntur,
1145 3006 1204 3037 per
1218 2997 1353 3027 nomina

277 3050 296 3071 a
318 3041 414 3071 nobis
436 3041 589 3081 imposita
611 3039 784 3081 significari
805 3050 874 3071 non
897 3045 1006 3081 potest
1027 3041 1090 3072 nisi
1112 3046 1168 3071 aut
1182 3050 1240 3081 per
1255 3050 1352 3082 nega-

277 3085 412 3123 tionem,
436 3090 473 3116 vut
496 3094 574 3116 cum
596 3084 734 3116 dicimus
757 3085 866 3116 Deum
889 3089 1058 3116 aeternum
1090 3090 1146 3116 aut
1172 3085 1354 3127 infinitum‚·

278 3135 334 3162 aut
356 3139 415 3170 per
436 3130 628 3161 relationem
650 3130 752 3170 ipsius
774 3129 815 3161 ad
838 3129 908 3166 alia,
925 3135 962 3160 ut
985 3139 1062 3161 cum
1085 3129 1222 3161 dicimus
1238 3130 1351 3171 prima

278 3184 379 3206 causa
402 3175 454 3205 vel
476 3184 637 3205 summum
660 3174 799 3212 bonum,·
821 3184 862 3206 eo
887 3173 978 3215 quod
1001 3173 1041 3205 de
1064 3174 1136 3205 Deo
1153 3184 1268 3216 capere
1282 3185 1352 3206 non

278 3220 440 3260 possimus
464 3219 544 3260 quid
566 3220 616 3256 sit,
641 3218 697 3250 sed
721 3218 800 3260 quid
829 3229 898 3250 non
928 3219 978 3256 sit,
1003 3225 1035 3250 et
1057 3219 1194 3260 qualiter
1221 3220 1282 3250 alia
1311 3219 1352 3250 ad

278 3265 388 3305 ipsum
409 3273 444 3295 se
466 3264 615 3295 habeant.

333 3308 578 3340 Advertendum
609 3313 718 3339 autem
748 3307 839 3348 quod
866 3313 1045 3344 aeternum,
1069 3308 1144 3339 licet
1171 3308 1352 3339 secundum

278 3362 396 3384 vocem
419 3353 606 3384 affirmative
630 3353 694 3384 dici
716 3352 871 3390 videatur,
891 3358 1000 3384 tamen
1024 3352 1205 3384 secundum
1220 3363 1290 3384 rem
1305 3353 1353 3384 di-

279 3398 362 3428 citur
383 3399 544 3438 negative:
577 3397 693 3429 dicitur
723 3398 811 3428 enim
841 3403 1008 3428 aeternum
1032 3397 1123 3438 quod
1146 3403 1193 3428 est
1216 3398 1353 3428 omnino

279 3442 491 3478 immutabile,
516 3448 548 3473 et
577 3442 669 3483 quod
699 3448 784 3473 caret
815 3443 976 3483 principio
1007 3448 1039 3472 et
1067 3441 1132 3473 fine
1160 3442 1351 3478 durationis;

279 3487 371 3522 sicut,
388 3486 464 3517 licet
478 3487 543 3518 hoc
558 3497 681 3518 nomen
697 3497 812 3518 caecus
828 3488 868 3518 sit
883 3497 946 3518 vox
963 3486 1159 3523 affirmativa,
1172 3493 1281 3517 tamen
1296 3496 1353 3517 ne-

278 3532 443 3571 gationem
458 3532 545 3562 visus
560 3532 723 3572 importat.
747 3532 883 3573 Propter
898 3532 962 3562 hoc
980 3537 1148 3562 aeternum
1173 3540 1352 3562 connume-

279 3576 359 3606 ravit
376 3575 512 3606 Sanctus
527 3576 673 3607 Thomas
692 3577 774 3607 inter
793 3577 927 3607 nomina
944 3577 1092 3616 negativa
1110 3575 1194 3606 dicta
1213 3574 1252 3605 de
1269 3575 1351 3605 Deo.

338 3620 391 3651 IV.
417 3620 511 3651 Circa
532 3620 696 3661 praedicta
719 3620 786 3651 duo
810 3626 986 3651 occurrunt
1008 3620 1114 3650 dubia.
1139 3620 1283 3650 Primum
1306 3624 1353 3649 est

280 3665 364 3695 circa
375 3665 463 3695 illam
475 3666 751 3706 propositionem:
765 3665 906 3696 Nomine
919 3675 970 3695 res
982 3665 1192 3705 exprimimus
1205 3673 1242 3693 eo
1256 3663 1351 3693 modo

2423 296 2472 344 93

1406 380 1470 411 quo
1500 371 1662 402 intellectu
1690 373 1898 413 concipimus.
1929 373 2045 404 Scotus
2069 374 2166 410 enim,
2190 374 2202 404 1
2222 373 2320 409 Sem„
2345 373 2375 406 d.
2399 385 2473 411 xxn,

1407 414 1484 445 dicit
1513 415 1616 455 ipsam
1636 416 1766 457 salsam
1797 426 1873 453 esse,
1897 418 1926 448 si
1950 418 2155 459 intelligatur
2177 419 2337 459 praecise.
2369 419 2473 450 Immo

1400 463 1518 498 potest,
1536 459 1651 499 inquit,
1668 460 1848 491 distinctius
1863 461 1988 502 aliquid
2002 462 2186 503 significari
2202 473 2298 504 quam
2323 463 2473 506 intelligi.

1406 502 1481 532 Hoc
1505 508 1613 533 autem
1636 505 1751 543 probat
1774 505 1860 544 quia,
1878 506 1903 535 si
1919 512 2001 536 esset
2024 516 2106 542 vera,
2133 507 2257 538 nullum
2281 517 2397 538 nomen
2415 509 2473 538 im-

1400 546 1545 586 positum
1576 556 1597 577 a
1628 548 1753 578 viatore
1782 549 1984 590 significaret
2013 551 2156 591 aliquam
2187 561 2254 582 rem
2285 551 2324 582 de
2352 562 2473 594 genere

1405 589 1612 626 substantiae,
1629 591 1694 627 sed,
1711 592 1795 622 sicut
1804 593 1953 632 praecise
1968 595 2150 634 concipitur
2165 596 2275 636 aliqua
2285 597 2472 637 proprietas

1406 643 1427 664 a
1450 644 1515 674 qua
1539 644 1655 665 nomen
1681 636 1867 676 imponitur,
1892 637 1936 667 ita
1955 639 2104 678 praecise
2128 639 2202 669 talis
2219 641 2406 680 proprietas
2429 642 2471 671 si-

1405 678 1622 719 gnificaretur
1631 689 1695 719 per
1706 689 1832 710 nomen.
1854 694 1867 707 «
1883 682 1980 721 Lapis
1993 695 2006 708 »
2026 683 2110 712 enim
2123 693 2188 713 non
2200 684 2401 725 significaret
2411 686 2472 716 ali-

1406 722 1485 762 quid
1500 722 1540 752 de
1553 733 1675 764 genere
1689 725 1896 760 substantiae,
1913 726 1969 756 sed
1984 727 2108 767 aliquid
2129 727 2168 757 de
2185 738 2305 769 genere
2324 730 2471 765 actionis,

1406 766 1530 797 scilicet
1552 767 1726 799 laesionem
1744 769 1848 809 pedis.
1872 770 1946 800 Hoc
1970 776 2079 801 autem
2102 770 2217 802 falsum
2237 778 2297 802 est:
2322 774 2397 812 quia
2412 774 2471 804 irn-

1406 810 1532 850 positor
1554 813 1695 843 nominis
1718 823 1786 844 non
1810 813 1967 844 accidenti
1990 815 2045 851 illi,
2061 815 2117 846 sed
2133 816 2305 847 substratae
2329 818 2472 848 substan-

1406 854 1469 884 tiae
1493 855 1629 887 intendit
1651 867 1773 888 nomen
1795 858 1975 898 imponere.

1463 898 1650 931 Secundum
1665 902 1682 918 ⁴*
1706 907 1753 932 est
1775 902 1859 933 circa
1881 902 1968 933 illam
1992 904 2264 943 propositionem:
2288 905 2474 936 Intellectus

1408 948 1519 974 noster
1541 945 1628 985 quod
1650 951 1698 976 est
1719 947 1857 987 simplex
1884 947 2051 988 significat
2079 957 2143 978 non
2173 954 2208 978 ut
2230 949 2317 989 quod
2339 954 2394 985 est,
2418 950 2474 980 sed

1407 997 1470 1028 quo
1487 988 1612 1030 aliquid
1627 995 1682 1020 est.
1700 990 1747 1021 Ex
1763 991 1826 1022 hoc
1842 991 1930 1022 enim
1945 992 2090 1032 sequitur
2106 992 2196 1032 quod
2211 993 2337 1024 nullum
2352 1003 2474 1024 nomen

1407 1032 1600 1064 abstractum
1618 1035 1676 1065 erit
1690 1044 1812 1066 nomen
1828 1036 2072 1067 substantivum.
2093 1036 2177 1067 Nam
2193 1046 2315 1068 nomen
2330 1038 2473 1068 substan-

1407 1076 1510 1107 tivum
1529 1078 1686 1118 significat
1701 1079 1822 1120 aliquid
1841 1090 1899 1120 per
1920 1080 2057 1111 modurn
2077 1090 2135 1122 per
2154 1091 2188 1112 se
2210 1083 2332 1113 stantis:
2357 1083 2474 1113 abstra-

1408 1126 1497 1152 ctum
1520 1128 1639 1159 autern,
1663 1133 1720 1164 per
1742 1124 1822 1155 illud
1845 1124 1978 1161 dictum,
1997 1135 2066 1156 non
2089 1125 2246 1166 significat
2261 1125 2398 1158 formam
2417 1137 2474 1168 per

1407 1165 1544 1197 modum
1567 1177 1626 1207 per
1648 1178 1681 1199 se
1705 1170 1824 1205 stantis,
1841 1169 1897 1200 sed
1916 1179 1973 1210 per
1996 1169 2132 1200 modum
2156 1170 2245 1201 alteri
2267 1171 2472 1208 inhaerentis;

1409 1220 1484 1241 cum
1507 1211 1665 1251 significet
1687 1218 1723 1244 ut
1747 1223 1813 1254 quo
1838 1213 1959 1254 aliquid
1978 1220 2035 1250 est,
2051 1224 2119 1245 non
2135 1221 2244 1246 autem
2259 1221 2295 1246 ut
2311 1216 2400 1256 quod
2416 1222 2472 1247 est.

1463 1255 1503 1286 V.
1527 1255 1579 1286 Ad
1605 1257 1747 1297 primum
1775 1259 1911 1289 istorum
1941 1258 2057 1289 dicitur
2086 1258 2176 1300 quod
2206 1259 2376 1300 significari
2405 1270 2473 1291 rem

1408 1299 1587 1331 distinctius
1611 1311 1709 1342 quam
1725 1303 1927 1343 intelligatur,
1944 1303 2114 1343 dupliciter
2136 1304 2236 1345 accipi
2261 1310 2381 1345 potest:
2405 1315 2472 1336 uno

1406 1344 1519 1381 modo,
1543 1351 1580 1376 ut
1602 1346 1720 1377 modus
1743 1346 1955 1378 distinctionis
1978 1357 2012 1378 se
2035 1353 2143 1379 teneat
2157 1358 2196 1379 ex
2211 1354 2299 1389 parte
2315 1350 2361 1380 rei
2376 1350 2471 1390 signi-

1407 1387 1519 1420 ficatae
1543 1395 1575 1420 et
1597 1391 1791 1428 intellectae3
1816 1391 1879 1422 alio
1895 1391 2007 1428 modo,
2024 1398 2060 1423 ut
2083 1402 2115 1423 se
2138 1398 2245 1423 teneat
2268 1403 2306 1424 ex
2324 1400 2413 1434 parte
2433 1395 2473 1424 si-

1407 1433 1586 1473 gnificantis
1611 1440 1642 1465 et
1665 1436 1880 1476 intelligentis.
1908 1436 2016 1467 Primo
2040 1436 2140 1467 modo
2170 1447 2281 1468 sensus
2310 1443 2356 1469 est
2383 1438 2473 1479 quod

1407 1487 1456 1508 res
1479 1478 1676 1519 significatur
1698 1481 1799 1520 magis
1823 1480 1970 1511 distincta
1994 1490 2092 1521 quam
2119 1481 2312 1522 intelligatur
2336 1492 2403 1513 esse
2427 1482 2473 1513 di-

1406 1523 1530 1553 stincta.
1554 1523 1596 1554 Et
1619 1523 1658 1554 ad
1681 1524 1768 1555 hunc
1791 1534 1922 1555 sensum
1937 1526 2118 1565 propositio
2134 1525 2222 1556 Scoti
2237 1531 2343 1565 potest
2357 1527 2473 1558 habere

1406 1567 1583 1604 veritatem,
1606 1577 1668 1598 nec
1690 1569 1900 1600 contrariatur
1922 1570 2077 1610 positioni
2095 1569 2202 1600 Sancti
2218 1570 2375 1602 Thomae.
2398 1571 2474 1602 Non

1408 1612 1496 1642 enim
1517 1613 1752 1644 inconveniens
1781 1619 1829 1644 est
1858 1619 1894 1644 ut
1922 1623 2045 1644 nomen
2076 1615 2262 1654 imponatur
2289 1614 2328 1645 ad
2355 1615 2474 1656 signifi-

1408 1656 1549 1687 candum
1571 1666 1640 1687 rem
1664 1666 1747 1698 quae
1771 1658 1909 1688 maxime
1933 1658 2080 1689 distincta
2104 1659 2142 1688 ab
2167 1658 2234 1688 aliis
2253 1659 2302 1695 sit,
2319 1664 2350 1689 et
2367 1665 2474 1690 tamen

1407 1710 1475 1731 non
1492 1701 1598 1732 omnis
1614 1702 1694 1732 ratio
1711 1701 1924 1733 distinctionis
1939 1703 2142 1743 intelligatur.
2158 1720 2180 1724 —
2200 1702 2350 1734 Secundo
2374 1703 2474 1734 modo

1407 1755 1519 1776 sensus
1535 1751 1583 1776 est
1599 1745 1690 1786 quod
1705 1746 1885 1777 distinctior
1907 1752 1954 1777 est
1977 1747 2094 1778 modus
2117 1746 2317 1787 significandi
2335 1749 2475 1778 nominis

1407 1799 1507 1831 quam
1530 1790 1570 1821 sit
1592 1790 1711 1821 modus
1735 1800 1802 1832 quo
1826 1791 2006 1822 intellectus
2035 1792 2139 1832 ipsam
2168 1801 2237 1822 rem
2267 1791 2475 1832 significatam

1408 1835 1585 1875 cognoscit.
1617 1835 1659 1866 Et
1680 1835 1715 1866 in
1737 1836 1801 1866 hoc
1824 1845 1920 1867 sensu
1945 1836 2021 1867 falsa
2044 1842 2091 1867 est
2117 1836 2298 1876 propositio
2322 1836 2420 1873 Scoti,
2445 1842 2475 1867 et

1406 1889 1482 1910 vera
1497 1885 1545 1910 est
1559 1880 1742 1920 propositio
1758 1879 1866 1911 Sancti
1882 1880 2040 1911 Thomae.
2065 1881 2152 1912 Cum
2168 1881 2255 1911 enim
2271 1890 2393 1912 nornen
2408 1891 2475 1912 non

1406 1923 1565 1965 significet
1587 1934 1656 1955 rem
1680 1925 1739 1955 nisi
1763 1924 1924 1956 mediante
1955 1930 2117 1966 conceptu
2147 1925 2337 1962 intellectus,
2362 1925 2476 1956 dicitur

1406 1978 1529 2000 nomen
1554 1968 1690 2000 confuse
1714 1974 1745 2000 et
1767 1969 1950 2000 indistincte
1966 1979 2034 2000 rem
2050 1969 2238 2010 significare,
2256 1976 2413 2011 quantum
2429 1976 2475 2001 est

1407 2022 1446 2043 ex
1461 2018 1550 2054 parte
1566 2013 1718 2050 nominis,
1739 2013 1870 2054 quando
1894 2023 1966 2045 eam
1989 2015 2048 2045 sub
2073 2013 2211 2045 confuso
2236 2020 2268 2045 et
2290 2014 2474 2046 indistincto

1407 2063 1571 2099 conceptu
1594 2057 1765 2099 significan
1790 2058 1937 2090 distincte
1954 2064 2072 2095 autem,
2089 2058 2221 2100 quando
2238 2059 2297 2090 sub
2314 2065 2475 2100 conceptu

1406 2101 1568 2133 distincto.
1601 2101 1695 2134 Unde
1725 2102 1843 2134 modus
1873 2102 2039 2134 distinctae
2066 2103 2307 2144 significationis
2334 2105 2475 2135 nominis

1407 2152 1455 2178 est
1469 2146 1651 2178 secundum
1665 2147 1802 2178 modum
1819 2147 1959 2179 distincti
1977 2154 2170 2189 conceptus:
2195 2148 2373 2179 distinctius
2389 2149 2474 2179 enim

1405 2197 1622 2232 repraesentat
1651 2191 1783 2233 quando
1814 2192 1874 2223 sub
1905 2192 2094 2224 distinctiori
2124 2198 2295 2233 conceptu.
2329 2193 2377 2224 Ex
2408 2202 2474 2233 quo

1406 2241 1494 2277 patet
1517 2246 1586 2267 esse
1608 2236 1807 2277 impossibile
1831 2242 1868 2267 ut
1889 2246 2012 2268 nomen
2035 2236 2213 2268 distinctius
2237 2237 2393 2278 significet
2407 2247 2475 2268 rem

1407 2290 1507 2321 quam
1528 2281 1733 2322 intelligatur.
1757 2281 1852 2318 Nam,
1877 2291 1953 2312 cum
1977 2281 2123 2313 distincte
2154 2281 2330 2322 significare
2354 2282 2393 2313 sit
2415 2282 2474 2312 sub

1407 2331 1570 2366 conceptu
1603 2325 1753 2357 distincto
1786 2325 1978 2367 significare,
2011 2326 2192 2357 intellectus
2224 2332 2332 2357 autem
2367 2328 2474 2357 conci-

1406 2370 1527 2411 piendo
1557 2380 1626 2401 rem
1655 2371 1759 2411 ipsam
1789 2370 1954 2411 intelligat,
1978 2371 2123 2411 sequitur
2152 2371 2242 2412 quod
2271 2381 2338 2402 non
2368 2376 2474 2411 potest

1406 2425 1528 2446 nomen
1545 2414 1724 2446 distinctius
1739 2414 1918 2456 significare
1934 2425 2033 2456 quam
2048 2415 2228 2447 intellectus
2239 2415 2402 2456 intelligat,
2419 2415 2474 2446 sed

1406 2469 1440 2491 se
1456 2460 1740 2500 proportionaliter
1755 2460 2025 2491 concomitantur.
2045 2460 2139 2496 Nam,
2155 2461 2182 2491 si
2200 2460 2379 2491 intellectus
2395 2470 2473 2490 con-

1406 2504 1477 2535 fuse
1500 2510 1627 2535 tantum
1650 2514 1719 2536 rem
1743 2504 1962 2545 apprehendat
1984 2505 2095 2545 illique
2118 2505 2265 2546 imponat
2287 2514 2417 2540 nomen,
2442 2510 2473 2535 et

1405 2550 1514 2590 ipsum
1536 2559 1659 2580 nomen
1683 2548 1819 2580 confuse
1842 2548 2041 2590 significabit,
2058 2549 2148 2585 idest,
2166 2550 2224 2580 sub
2242 2548 2378 2579 confuso
2395 2558 2473 2579 con-

1406 2599 1518 2634 ceptu:
1543 2594 1569 2624 si
1593 2599 1702 2625 autem
1725 2593 1872 2624 distincte
1896 2594 2075 2624 intellectus
2098 2594 2262 2633 intelligat,
2286 2603 2471 2633 nomenque

1405 2639 1451 2669 rei
1463 2637 1644 2669 secundum
1659 2638 1752 2669 illum
1764 2644 1960 2679 conceptum
1975 2639 2170 2679 imponatur,
2184 2643 2215 2668 et
2229 2638 2335 2678 ipsum
2351 2647 2471 2668 nomen

1406 2683 1554 2714 distincte
1577 2682 1779 2724 significabit.

1461 2727 1514 2758 Ad
1536 2728 1696 2758 rationem
1719 2728 1828 2768 itaque
1852 2727 1940 2758 Scoti
1962 2726 2174 2767 respondetur
2195 2725 2342 2766 negando
2358 2734 2470 2756 conse-

1406 2772 1583 2812 quentiam.
1600 2772 1726 2803 Dicitur
1741 2773 1829 2802 enim
1845 2771 1944 2813 quod,
1961 2772 1987 2802 si
2002 2771 2092 2802 nullo
2108 2770 2208 2801 modo
2225 2775 2471 2810 cognosceretur

1406 2817 1582 2847 substantia
1604 2817 1660 2853 rei,
1682 2816 1738 2848 sed
1760 2822 1886 2847 tantum
1909 2816 2095 2857 proprietas,
2119 2824 2239 2846 nomen
2262 2824 2329 2844 non
2352 2812 2470 2853 signifi-

1406 2867 1492 2892 caret
1514 2861 1725 2892 substantiam
1747 2861 1803 2897 rei,
1828 2860 1883 2892 sed
1906 2866 2029 2891 tantum
2053 2860 2289 2901 proprietatem.
2314 2857 2377 2888 Sed
2395 2858 2471 2898 quia

1406 2915 1445 2936 ex
1469 2906 1656 2947 cognitione
1679 2906 1911 2947 proprietatum
1929 2905 2095 2936 devenitur
2117 2905 2149 2934 in
2174 2903 2391 2943 cognitionem
2415 2902 2470 2931 ali-

1406 2950 1538 2991 qualem
1560 2951 1766 2987 substantiae,
1790 2950 1841 2981 vel
1864 2949 2033 2981 confusam
2048 2949 2099 2979 vel
2119 2948 2307 2983 distinctam,
2323 2952 2359 2977 ut
2375 2947 2469 2976 etiam

1406 2995 1524 3027 Scotus
1540 2995 1700 3031 concedit,
1717 3004 1846 3025 narrans
1869 2993 1988 3025 ibidem
2012 2992 2173 3034 quendam
2196 3000 2382 3032 processum
2402 2991 2469 3020 Au-

1406 3040 1527 3081 gustini
1542 3039 1585 3070 VI
1601 3040 1641 3070 de
1655 3039 1756 3074 Trin.,
1774 3048 1801 3069 c.
1814 3049 1855 3075 vr,
1873 3038 1912 3069 ad
1927 3037 2131 3078 probandum
2147 3042 2322 3067 creaturam
2338 3044 2469 3065 omnem

1407 3094 1476 3116 esse
1500 3085 1730 3124 compositam;
1755 3083 1828 3114 ideo
1853 3088 1885 3114 et
1907 3092 2028 3113 nornen
2051 3083 2153 3122 ipsam
2176 3080 2383 3111 substantiam
2413 3079 2468 3108 ali-

1407 3128 1539 3171 quando
1563 3127 1729 3169 significat.
1761 3127 1859 3168 Lapis
1887 3136 2028 3167 namque
2057 3135 2125 3156 non
2147 3130 2272 3155 tantum
2295 3123 2467 3154 laesionem

1399 3174 1495 3215 pedis
1518 3173 1684 3214 significat,
1709 3172 1765 3203 sed
1787 3172 1995 3202 substantiam
2019 3169 2180 3210 quandam
2211 3169 2263 3199 cui
2292 3168 2370 3198 haec
2393 3176 2468 3207 pro-

1405 3219 1525 3260 prietas
1539 3217 1700 3248 convenit.
1718 3216 1826 3255 Quam
1842 3216 1868 3246 si
1883 3215 2022 3246 nominis
2038 3214 2207 3254 impositor
2222 3222 2260 3242 ex
2275 3212 2467 3252 proprietate

1405 3261 1593 3294 huiusmodi
1617 3260 1810 3302 inquirendo
1833 3259 1978 3291 distincte
2002 3258 2163 3299 cognovit,
2187 3257 2250 3287 hoc
2273 3256 2404 3286 nomine
2417 3254 2466 3286 ‚di-

1406 3309 1520 3338 stincte
1551 3305 1754 3346 significavit;
1785 3305 1810 3335 si
1842 3310 1950 3335 autern
1980 3303 2133 3343 cognovit
2162 3300 2306 3336 confuse,
2335 3305 2366 3330 et
2395 3300 2466 3340 ipso

1406 3353 1540 3383 nomine
1564 3350 1753 3391 significavit
1776 3348 1920 3384 confuse,
1944 3347 2034 3383 idest,
2058 3347 2117 3376 sub
2141 3350 2301 3384 conceptu
2317 3343 2465 3374 confuso.

1407 3395 1633 3428 Universaliter
1649 3404 1724 3435 ergo
1741 3402 1852 3424 verum
1869 3398 1916 3423 est
1931 3391 2019 3432 quod
2042 3400 2090 3421 res
2113 3390 2321 3420 nominantur
2340 3398 2358 3418 a
2372 3388 2467 3418 nobis

1407 3440 1585 3471 secundum
1602 3439 1691 3479 quod
1706 3437 1939 3477 intelliguntur:
1957 3442 1992 3466 ut
2008 3435 2094 3465 enim
2109 3434 2214 3473 inquit
2230 3433 2364 3464 Sanctus
2376 3432 2466 3462 Tho-

1406 3495 1485 3520 mas,
1502 3485 1607 3514 Prima
1623 3484 1724 3518 Parte,
1741 3492 1771 3522 q.
1788 3491 1852 3516 xm,
1869 3491 1896 3511 a.
1911 3490 1940 3519 9,
1957 3479 1996 3509 ad
2014 3489 2042 3514 2,
2060 3478 2191 3508 nomina
2209 3487 2273 3507 non
2289 3482 2469 3517 sequuntur

1407 3529 1537 3559 modum
1560 3527 1686 3558 essendi
1708 3527 1763 3567 qui
1786 3531 1832 3555 est
1855 3525 1887 3554 in
1912 3524 2012 3558 rebus,
2037 3522 2093 3552 sed
2115 3532 2186 3552 eum
2210 3522 2265 3562 qui
2288 3526 2335 3552 est
2357 3522 2389 3551 in
2414 3531 2468 3551 co-

1406 3573 1555 3615 gnitione
1579 3576 1701 3602 nostra.
2096 3611 2101 3616 ¹
2282 3611 2288 3616 .

1462 3617 1515 3647 Vl.
1551 3615 1602 3645 Ad
1637 3614 1827 3645 evidentiam
1861 3610 1992 3642 secundi
2027 3610 2116 3641 dubii
2139 3611 2166 3646 ⁸⁹,
2200 3609 2470 3641 considerandum

1406 3662 1523 3701 primo,
1549 3659 1639 3699 quod
1662 3657 1818 3692 accidens,
1843 3657 1907 3686 sive
1931 3656 1963 3685 in
1987 3655 2144 3685 abstracto
2169 3655 2235 3685 sive
2259 3655 2292 3684 in
2316 3659 2469 3684 concreto

2500 907 2509 916 ·
2524 906 2559 928 cf.
2576 912 2598 928 n.
2609 912 2638 928 vu.

2498 3610 2506 3618 ·
2521 3606 2584 3629 Num
2604 3610 2634 3626 w.
