2768 4134
280 286 354 322 252

35 368 248 444 {³¹¹¹ii'm
219 369 250 390 ¹¹¹¹
277 367 342 402 VII
362 364 610 412 Physicorum
633 360 736 396 *.1n
765 360 851 396 Deo
880 366 1012 396 autem
1041 370 1123 395 non
1152 365 1208 395 est
1231 357 1350 395 sensi-

35 396 166 475 ἷξέἶωὶξ
171 428 251 471 ξιξω
276 418 353 455 tiva
371 428 472 475 pars,
489 414 557 451 sed
577 414 682 450 solus
702 411 952 450 intellectus*.
974 411 1222 462 Relinquitur
1240 411 1352 460 igitur

95 456 109 477 p
276 470 383 520 quod
404 469 443 505 in
458 469 543 505 Deo
563 465 791 504 huiusmodi
806 466 966 503 virtutes
985 477 1068 503 esse
1088 478 1170 503 non
1189 465 1349 515 possint,

276 523 390 560 etiam
418 520 638 558 secundum
666 519 843 570 proprias
871 519 1050 557 rationes.

869 280 1058 317 SUMMA
1088 278 1312 316 CONTRA
1340 278 1617 327 GENTlLES,
1648 279 1759 316 CAP.
1781 279 1895 317 XCII.

1406 370 1479 395 nec
1506 365 1564 395 est
1590 358 1765 409 accipere
1798 358 2091 397 similitudinem
2123 359 2299 410 ipsarum
2330 361 2371 398 in
2399 361 2485 398 Deo

1406 412 1626 449 secundum
1654 412 1947 450 similitudinem
1976 413 2138 451 alicuius
2167 413 2366 451 effectus*

1461 466 1670 513 Quaedam
1688 478 1783 504 vero
1802 465 2003 516 passiones
2027 474 2118 504 sunt
2141 467 2361 505 secundum
2381 467 2486 505 incli-

1407 519 1607 556 nationem
1635 519 1828 569 appetitus
1847 519 1888 558 in
1907 520 2066 570 aliquod
2095 519 2290 570 spirituale
2319 520 2485 568 bonum,

328 574 561 613 Passionum
600 581 732 611 autem
771 573 873 611 circa
909 585 1007 623 quas
1049 573 1208 611 virtutes
1250 580 1350 621 sunt,
1375 593 1383 614 ς
1407 572 1504 610 sicut
1532 580 1588 609 est
1616 573 1757 620 honor,
1786 573 2020 621 dominium,
2050 573 2221 622 victoria,
2246 573 2429 621 vindicta,
2449 582 2487 611 et

275 628 470 679 quaedam
495 634 584 665 sunt
606 627 826 665 secundum
850 626 1141 665 inclinationem
1159 627 1352 677 appetitus

274 683 314 720 in
339 681 498 731 aliquod
521 683 723 731 corporale
743 681 895 718 bonum
915 681 1024 731 quod
1053 688 1109 718 est
1128 680 1351 718 delectabile

274 735 495 773 secundum
514 747 687 781 sensum,
713 734 811 772 sicut
830 742 920 772 sunt
939 733 1014 772 cibi
1035 742 1072 771 et
1094 742 1211 784 potus
1231 742 1268 772 et
1286 747 1352 772 ve-

274 802 407 835 nerea3
428 789 529 827 circa
544 801 716 839 quorum
738 787 1070 838 concupiscentias
1085 796 1142 826 est
1158 790 1350 835 sobrietas,

274 845 433 890 castitas,
449 851 486 881 et
505 842 772 880 universaliter
789 844 1036 892 temperantia
1056 850 1093 879 et
1111 843 1350 880 continentia.

275 898 401 943 Unde,
417 897 510 946 quia
524 898 746 947 corporales
760 895 1033 933 delectationes
1048 895 1213 933 omnino
1228 908 1251 934 a
1266 896 1352 933 Deo

275 959 447 989 remotae
466 958 567 997 sunt,
587 951 747 988 virtutes
765 949 983 1000 praedictae
998 961 1071 986 nec
1089 949 1246 999 proprie
1266 950 1352 987 Deo

275 1004 526 1049 conveniunt,
547 1017 639 1042 cum
668 1004 767 1041 circa
795 1002 995 1053 passiones
1023 1002 1113 1048 sint;
1143 1015 1217 1040 nec
1236 1003 1353 1041 etiam

276 1058 539 1109 metaphorice
560 1058 608 1095 de
628 1058 713 1095 Deo
742 1057 925 1094 dicuntur
952 1056 992 1094 in
1022 1056 1239 1106 Scripturis,
1260 1056 1354 1106 quia

331 1175 344 1200 3
364 1182 425 1199 esse
443 1182 495 1199 non
515 1173 618 1207 possint
636 1175 658 1198 Α
678 1173 764 1203 solus;
783 1180 842 1198 esse
861 1180 914 1197 non
933 1177 996 1197 sunt
1014 1180 1039 1204 α,
1059 1180 1113 1197 non
1131 1177 1194 1197 sunt
1211 1172 1244 1204 D,
1263 1180 1325 1198 esse
1343 1180 1396 1197 non
1415 1178 1528 1205 possunt
1545 1172 1637 1198 ceteri.

1236 1208 1358 1234 audacias
1376 1209 1400 1233 A
1418 1209 1505 1238 solun
1524 1213 1550 1234 et
1568 1208 1676 1234 audacia
1694 1208 1727 1240 Y,
1746 1214 1773 1234 et
1790 1209 1912 1234 audacias
1930 1209 2022 1236 ceteri.

434 1265 440 1272 .
459 1245 568 1278 bonuml
588 1244 626 1279 (et
644 1245 670 1279 b)
691 1244 806 1277 Sophon.
825 1252 854 1270 ιι.
873 1244 998 1275 Quaerite
1016 1244 1114 1269 iustum
1134 1244 1252 1277 quaerite
1270 1249 1441 1270 mansuetum
1459 1244 1506 1270 bP.

330 1210 343 1235 3
363 1209 436 1244 vero]
455 1210 553 1235 scilicet
571 1209 678 1234 addunt
698 1209 740 1234 Pe.
827 1207 844 1233 6
863 1216 926 1241 spes
944 1208 1014 1239 WZ;
1033 1208 1145 1241 species.

274 1245 352 1271 Mich.
370 1239 425 1271 in..

1407 626 1481 664 alia
1508 625 1753 663 huiusmodi:
1784 626 1885 664 circa
1912 639 2085 677 quorum
2113 640 2214 678 spes,
2242 627 2425 666 audacias
2450 635 2487 665 et

1407 679 1572 717 omnino
1605 679 1798 730 appetitus
1831 688 1922 718 sunt
1945 682 2146 730 fortitudo,
2176 682 2486 732 magnanimum,

1407 734 1664 780 mansuetudo,
1702 741 1739 771 et
1773 732 1869 771 aliae
1904 733 2133 773 huiusmodi
2166 734 2338 773 virtutes.
2373 735 2487 783 Quae

1407 787 1569 838 quidem
1584 786 1622 824 in
1638 787 1724 824 Deo
1739 786 1897 837 proprie
1917 799 2000 824 esse
2020 800 2102 826 non
2121 797 2298 838 possunt,
2306 801 2362 826 eo
2377 788 2488 839 quod

1368 861 1393 876 ιο
1407 842 1508 879 circa
1526 841 1729 891 passiones
1748 849 1854 878 sunt:
1875 840 2059 878 dicuntur
2076 849 2209 880 tamen
2228 842 2269 880 in
2289 842 2488 893 Scriptura

1407 894 1672 945 metaphorice
1700 895 1750 932 de
1778 895 1877 938 Deo,
1897 902 2057 945 propter
2084 894 2376 934 similitudinem
2395 896 2488 934 effe-

1407 957 1508 995 ctus;
1538 957 1581 986 ut
1608 956 1665 986 est
1692 948 1787 986 illud
1815 949 1830 985 Ι
1856 949 1954 999 Reg.
1971 951 2030 986 11²:
2061 949 2153 987 Non
2183 955 2235 987 est
2250 949 2369 998 sortis
2395 952 2488 988 sicut

1407 1004 1510 1040 Deus
1538 1008 1679 1048 noster,·
1715 1010 1752 1040 et
1779 1003 1899 1040 Mich.
1929 1014 1983 1040 v1:
2025 1003 2203 1045 Quaerite
2239 1009 2486 1050 mansuetum,

1408 1057 1574 1106 quaerite
1601 1058 1742 1094 bonum
1761 1056 1793 1094 ²¹².

1726 1181 1744 1207 9
1763 1178 1805 1198 est
1821 1180 1865 1198 om
1885 1173 1936 1199 oeD.

2115 1215 2147 1234 ιι
2166 1208 2185 1234 1.
2205 1208 2253 1239 Pc;
2273 1215 2326 1234 om.
2411 1207 2444 1233 13
2463 1212 2491 1233 et

1040 1358 1382 1393 Commentaria
1411 1359 1724 1393 Fen-ariensis

329 1482 476 1503 OSTQUAM
500 1471 641 1503 ostendit
665 1471 802 1503 Sanctus
818 1472 964 1502 Thomas
988 1471 1159 1512 quomodo
1186 1473 1352 1513 passiones

31 1525 94 1547 ·.Cs
111 1525 245 1547 Commem.
277 1484 368 1548 Pad
381 1517 489 1548 Deum
505 1526 539 1548 se
555 1517 704 1553 habeant,
718 1526 806 1548 nunc
819 1516 859 1547 de
872 1517 1044 1548 virtutibus
1065 1516 1153 1548 idem
1172 1516 1351 1549 ostendit'.

30 1558 82 1580 ⁶⁸¹²
91 1559 152 1574 '‘¹¹'‘
155 1558 178 1574 ¹¹
165 1552 244 1579 ΨΜ·
273 1562 367 1594 Circa
386 1563 450 1593 hoc
471 1567 580 1592 autem
604 1561 670 1592 duo
695 1560 784 1592 facit:
810 1562 928 1602 primo,
945 1559 1086 1592 ostendit
1102 1561 1274 1603 quomodo
1290 1563 1352 1594 vir-

29 1615 113 1643 ·.Cap
125 1621 176 1637 xcv.
272 1614 357 1639 tutes
373 1608 435 1638 sint
451 1607 485 1637 in
506 1607 593 1642 Deo;
619 1606 776 1643 secundo,
802 1606 962 1647 quaedam
987 1607 1156 1638 corollaria
1180 1607 1351 1638 deducit'.

274 1652 368 1684 Circa
391 1652 534 1692 primum
558 1651 624 1682 duo
649 1651 738 1682 facit:
764 1651 881 1691 primo,
902 1651 1043 1682 ostendit
1066 1652 1288 1683 universaliter
1311 1652 1352 1684 de

272 1698 443 1728 virtutibus
468 1696 639 1738 quomodo
668 1697 731 1726 sint
758 1697 792 1727 in
823 1696 911 1733 Deo;
936 1696 1091 1733 secundo,
1116 1697 1155 1728 de
1180 1698 1352 1739 speciebus

272 1743 408 1778 virtutis,
433 1742 465 1772 in
490 1742 554 1772 hoc
579 1740 696 1772 eodem
721 1741 836 1782 capite,
862 1741 1053 1772 determinat
1068 1742 1095 1772 ἦ

330 1787 352 1818 l.
370 1786 539 1825 Quantum
555 1785 595 1816 ad
611 1786 765 1827 primum,
782 1786 862 1817 duas
879 1787 1107 1817 conclusiones
1124 1787 1227 1828 ponit.
1244 1787 1352 1818 Prima

274 1838 334 1863 est:
359 1832 498 1862 Bonitas
522 1831 633 1862 divina
658 1841 769 1862 omnes
793 1831 928 1862 virtutes
950 1841 1010 1862 suo
1035 1832 1131 1862 modo
1155 1832 1309 1863 continet.
1329 1851 1352 1855 -

273 1876 423 1908 Secunda
439 1882 500 1907 est:
527 1876 629 1907 Nulla
654 1876 756 1906 virtus
780 1881 828 1907 est
851 1876 884 1906 in
908 1876 979 1907 Deo
999 1877 1176 1908 secundum
1195 1877 1350 1908 habitum.

328 1921 440 1952 Prima
459 1921 631 1962 probatur.
657 1920 747 1951 Sicut
771 1930 840 1952 esse
864 1921 1012 1952 divinum
1040 1922 1186 1953 continet
1215 1931 1351 1953 omnem

272 1965 518 2007 perfectionem,
549 1966 592 1996 ita
623 1966 751 1996 bonitas
783 1965 891 1996 divina
923 1967 1069 1997 continet
1102 1966 1350 2008 quodammodo

273 2020 406 2042 omnem
430 2011 619 2041 bonitatem.
651 2010 715 2042 Sed
738 2010 838 2042 virtus
870 2016 917 2042 est
948 2012 1075 2043 bonitas
1104 2011 1265 2053 quaedam
1288 2013 1351 2043 vir-

272 2056 373 2086 tuosi:
406 2065 482 2086 cum
512 2055 693 2087 secundum
725 2064 797 2086 eam
828 2055 952 2087 dicatur
982 2058 1096 2093 bonus,
1121 2062 1153 2088 et
1175 2056 1246 2087 eius
1269 2067 1351 2098 opus

272 2101 402 2131 bonum.
427 2101 514 2141 Ergo
538 2106 599 2132 etc.

327 2145 573 2176 Advertendum
604 2144 705 2186 quod,
731 2145 814 2175 sicut
839 2155 908 2176 esse
933 2145 1091 2183 divinum,
1116 2146 1191 2177 licet
1215 2156 1350 2178 omnem

273 2190 508 2231 perfectionem
524 2191 557 2221 in
574 2199 607 2221 se
624 2189 888 2230 comprehendat,
902 2200 970 2221 non
987 2196 1097 2222 tamen
1114 2190 1232 2223 eodem
1248 2191 1350 2223 modo

273 2245 388 2266 omnes
411 2235 568 2271 continet,
592 2234 648 2265 sed
672 2234 830 2275 quasdam
853 2235 989 2275 quidem
1012 2235 1201 2273 formaliter,
1219 2242 1255 2268 ut
1278 2246 1350 2278 per·

274 2279 430 2311 fectiones
453 2279 650 2320 simpliciter,
675 2279 832 2320 quasdam
863 2290 941 2311 vero
972 2281 1162 2318 eminenter,
1187 2287 1223 2312 ut
1246 2281 1351 2322 perfe-

274 2325 399 2356 ctiones
422 2324 621 2365 corporales;
646 2325 700 2360 ita,
718 2324 792 2354 licet
812 2324 940 2356 bonitas
956 2325 1063 2356 divina
1087 2335 1203 2357 omnes
1219 2326 1352 2358 virtutes

274 2370 449 2405 contineat,
467 2379 535 2400 non
551 2375 659 2399 tamen
676 2378 790 2399 omnes
808 2368 985 2401 formaliter
1001 2371 1157 2408 continet,
1175 2377 1211 2402 ut
1230 2372 1352 2412 patebit

275 2413 421 2450 inferius;
446 2413 503 2445 sed
527 2413 682 2455 quasdam
711 2412 897 2450 formaliter,
922 2414 1079 2455 quasdam
1102 2424 1178 2446 vero
1205 2416 1351 2447 eminen-

275 2466 331 2490 ter.
357 2458 434 2490 ldeo
458 2458 498 2490 ad
522 2459 587 2489 hoc
610 2457 842 2489 insinuandum
866 2458 944 2490 dixit
967 2459 1104 2491 Sanctus
1124 2460 1270 2491 Thomas
1294 2461 1353 2491 bo-

275 2505 408 2535 nitatem
424 2503 566 2534 divinam
583 2512 698 2534 omnes
722 2503 883 2535 bonitates
898 2504 932 2534 in
948 2513 982 2535 se
998 2505 1240 2546 quodammodo
1261 2515 1352 2536 com-

275 2548 490 2590 prehendere;
521 2554 553 2579 et
583 2548 616 2579 in
647 2548 860 2580 conclusione
889 2548 967 2579 dixit
998 2550 1178 2581 bonitatem
1209 2550 1352 2582 divinam

275 2604 390 2625 omnes
414 2594 547 2624 virtutes
571 2593 737 2624 continere
759 2603 820 2624 suo
845 2594 952 2624 modo.

331 2638 479 2669 Secunda
510 2647 638 2679 quoque
667 2638 834 2669 conclusio
861 2638 1035 2679 probatur.
1061 2639 1148 2670 Tum
1181 2640 1258 2680 quia
1284 2650 1352 2671 non

275 2684 428 2714 convenit
444 2683 515 2714 Deo
532 2683 658 2714 bonum
682 2693 751 2714 esse
775 2688 831 2715 aut
854 2693 947 2724 agere
972 2693 1029 2724 per
1053 2684 1174 2725 aliquid
1197 2684 1351 2726 superad-

275 2729 389 2765 ditum,
407 2727 463 2759 sed
486 2737 544 2769 per
567 2729 738 2759 essentiam
759 2737 861 2759 suam.
879 2747 901 2751 -
918 2729 1005 2759 Tum
1023 2730 1099 2770 quia
1115 2735 1206 2760 actus
1223 2730 1352 2761 divinus

275 2774 381 2804 omnis
406 2778 453 2804 est
477 2772 739 2813 perfectissimus.
772 2773 910 2804 Habitus
938 2779 1046 2805 autem
1071 2775 1219 2806 nominat
1241 2781 1351 2806 actum

274 2817 513 2859 imperfectum,
537 2818 684 2849 medium
706 2818 790 2849 inter
813 2819 993 2859 potentiam
1017 2827 1049 2850 et
1072 2826 1191 2851 actum.
1215 2837 1239 2843 -
1262 2820 1351 2852 Tum

275 2864 352 2905 quia
375 2864 409 2894 in
433 2863 504 2894 Deo
529 2863 608 2894 nihil
633 2869 680 2894 est
704 2864 880 2903 potentiae.
912 2864 1050 2895 Habitus
1073 2872 1182 2896 autem
1208 2871 1255 2896 est
1278 2875 1351 2907 per-

275 2908 411 2940 fectivus
435 2909 610 2949 potentiae.
633 2926 655 2930 -
677 2907 765 2939 Tum
790 2909 865 2949 quia
889 2909 922 2939 in
947 2909 1019 2940 Deo
1044 2909 1171 2941 nullum
1196 2916 1243 2941 est
1267 2911 1351 2942 acci-

275 2953 364 2985 dens.
390 2953 528 2984 Habitus
551 2959 661 2984 autem
685 2952 834 2984 accidens
859 2959 916 2984 est.

330 2998 439 3029 Virtus
463 3007 540 3038 ergo
564 2998 598 3028 in
622 2997 694 3029 Deo
719 3007 787 3028 non
811 2997 889 3028 dicit
913 2998 1057 3029 habitum
1082 2999 1223 3039 aliquem
1241 3009 1351 3041 super-

276 3042 420 3074 additum
445 3042 571 3073 divinae
595 3042 765 3073 essentiae:
791 3042 847 3075 sed
872 3048 919 3073 est
943 3043 1012 3084 ipsa
1036 3043 1147 3075 divina
1163 3045 1302 3076 essentia
1319 3051 1355 3076 ut

273 3098 334 3129 per
357 3088 459 3128 ipsam
480 3087 571 3119 Deus
593 3087 698 3118 bonus
721 3092 769 3118 est
794 3093 825 3118 et
848 3088 918 3118 eius
946 3097 1027 3129 opus
1051 3089 1200 3120 redditur
1221 3091 1352 3121 bonum.

332 3132 369 3164 11.
393 3132 562 3171 Quantum
587 3131 627 3163 ad
651 3131 843 3169 secundum,
861 3132 901 3163 de
917 3133 1088 3173 speciebus
1104 3135 1228 3165 virtutis
1245 3135 1309 3175 agit
1325 3136 1352 3165 ⁶.

278 3177 363 3208 Cum
387 3183 496 3208 autem
528 3177 647 3218 duplex
671 3178 711 3208 sit
735 3177 835 3208 virtus
867 3178 1019 3214 humana,
1044 3179 1203 3219 quaedam
1231 3180 1354 3211 scilicet

277 3222 316 3252 ad
333 3223 470 3253 activam
494 3223 593 3253 vitam
618 3223 793 3263 pertinens,
811 3227 842 3253 et
859 3222 1019 3262 quaedam
1037 3225 1201 3264 pertinens
1218 3224 1257 3255 ad
1274 3234 1353 3255 con-

277 3267 509 3307 templativam,
526 3267 632 3308 primo
653 3268 717 3307 agit
741 3266 780 3298 de
805 3268 1040 3308 pertinentibus
1065 3268 1104 3299 ad
1128 3269 1279 3305 activam;
1305 3279 1354 3300 se-

278 3311 397 3348 cundo,
429 3311 469 3343 de
499 3312 734 3352 pertinentibus
766 3311 806 3342 ad
839 3313 1136 3353 contemplativam,
1169 3323 1239 3354 cap.
1271 3324 1353 3345 xcrv.

279 3356 371 3387 Circa
394 3357 535 3397 primurn
553 3356 620 3388 duo
637 3355 726 3388 facit:
752 3357 870 3397 primo,
887 3358 952 3397 agit
969 3357 1008 3388 de
1024 3358 1102 3398 ipsis
1119 3359 1151 3389 in
1169 3360 1352 3395 communi;

279 3401 433 3437 secundo,
458 3401 498 3432 de
522 3401 656 3442 singulis
679 3402 850 3442 speciebus
865 3403 892 3432 ⁴&

335 3446 503 3484 Quantum
527 3446 567 3476 ad
590 3447 743 3487 primum,
769 3446 862 3487 ponit
886 3447 969 3477 hanc
993 3447 1254 3478 conclusionem:
1286 3448 1355 3478 Vir-

279 3495 361 3521 tutes
385 3490 427 3521 ad
451 3491 548 3521 vitam
565 3491 704 3522 activam
724 3492 934 3531 pertinentes,
947 3497 1051 3532 prout
1065 3492 1151 3523 hanc
1168 3493 1265 3523 vitam
1279 3502 1355 3533 per-

268 3535 402 3574 ficiunt,
428 3536 498 3566 Deo
523 3541 703 3576 competere
727 3546 792 3567 non
815 3541 961 3577 possunt.

338 3579 500 3610 Probatur
519 3581 639 3620 primo.
664 3581 806 3612 Virtutes
829 3580 1018 3612 huiusmodi
1043 3587 1117 3612 sunt
1141 3582 1259 3622 quibus
1284 3591 1354 3612 cor-

282 3624 445 3663 poralibus
470 3625 563 3655 bonis
587 3632 671 3656 recte
696 3626 828 3657 utimur.
860 3625 923 3657 Sed
954 3626 1032 3657 haec
1064 3626 1245 3667 corporalia
1268 3626 1355 3658 bona

284 3668 354 3698 Deo
379 3669 551 3699 convenire
576 3679 642 3700 non
667 3676 813 3709 possunt.
838 3670 925 3711 Ergo
951 3676 1010 3702 etc.

30 1750 40 1758 ·
56 1749 92 1771 cf.
108 1755 130 1770 n.
147 1755 172 1770 11.

38 3139 46 3148 ·
61 3138 98 3160 Ct'.
113 3137 162 3159 init.
180 3138 250 3160 Com-

38 3168 107 3186 ment.

38 3404 46 3414 ¹
63 3402 100 3426 Cf.
115 3409 139 3425 n.
150 3409 185 3426 ιιι.

1464 1472 1625 1503 Secundo.
1650 1472 1747 1503 Tales
1763 1472 1897 1503 virtutes
1911 1481 2020 1503 mores
2036 1471 2210 1502 hominum
2225 1471 2409 1502 secundum
2427 1481 2489 1513 po-

1406 1517 1528 1549 liticam
1551 1518 1834 1548 conversationem
1857 1516 2040 1558 perficiunt.
2072 1515 2167 1548 Unde
2190 1516 2252 1548 illis
2276 1516 2333 1556 qui
2356 1516 2490 1558 politica

1407 1562 1654 1594 conversatione
1678 1572 1747 1593 non
1770 1566 1918 1599 utuntur,
1942 1561 2118 1593 convenire
2134 1570 2203 1592 non
2218 1561 2360 1592 multum
2375 1561 2489 1593 viden-

1407 1613 1468 1638 tur.
1493 1608 1580 1648 Ergo
1605 1607 1678 1638 Deo
1703 1608 1878 1638 convenire
1900 1616 1970 1638 non
1993 1612 2145 1648 possunt:
2177 1615 2254 1637 cum
2283 1607 2488 1638 conversatio

1407 1653 1477 1684 eius
1501 1659 1533 1683 et
1556 1653 1621 1684 vita
1644 1652 1742 1693 longe
1767 1651 1891 1683 differat
1914 1662 1932 1682 a
1955 1651 2058 1683 modo
2082 1652 2246 1683 humanae
2269 1651 2363 1682 vitae.

1463 1697 1527 1729 Sed
1551 1698 1635 1729 circa
1658 1697 1855 1728 antecedens
1878 1696 2053 1728 dubitatur.
2078 1696 2163 1728 Nam
2186 1696 2399 1736 temperantia
2418 1705 2488 1729 non

1405 1741 1533 1783 perficit
1549 1742 1719 1774 hominem
1735 1741 1917 1774 secundum
1933 1742 2100 1782 politicam
2119 1741 2414 1778 conversationem,
2430 1740 2489 1772 sed

1405 1787 1588 1818 secundum
1612 1788 1771 1828 seipsum·
1797 1793 1833 1818 ut
1855 1787 1977 1818 scilicet
2000 1785 2182 1818 secundum
2205 1786 2366 1816 rationem
2381 1795 2416 1817 se
2431 1785 2488 1817 ha-

1406 1833 1480 1863 beat
1502 1832 1587 1864 circa
1610 1832 1811 1863 delectabilia
1834 1837 1949 1863 tactus.
1981 1831 2068 1872 Ergo
2092 1840 2161 1862 non
2185 1835 2233 1862 est
2255 1830 2337 1861 illud
2359 1835 2488 1863 antece-

1406 1876 1486 1908 dens
1510 1877 1734 1908 universaliter
1756 1885 1882 1908 verum.

1462 1921 1710 1963 Respondetur,
1743 1931 1782 1952 ex
1815 1920 1963 1952 doctrina
1995 1920 2105 1952 Sancti
2133 1919 2283 1951 Thomae
2316 1918 2359 1951 111
2385 1892 2486 1957 80112..

1406 1966 1436 1998 d.
1462 1977 1559 1998 xxxm
1582 1967 1609 2004 ',
1641 1966 1733 2008 quod
1764 1966 1900 1998 virtutes
1931 1965 2072 1997 morales
2103 1963 2228 1996 faciunt
2259 1963 2524 1998 rectitudinem·

1406 2017 1496 2043 actus
1519 2012 1553 2043 in
1577 1991 1692 2043 oidine
1715 2010 1757 2042 ad
1779 2012 1906 2043 bonum
1929 2010 2039 2047 civile3
2064 2015 2096 2041 et
2119 2019 2177 2050 per
2199 2018 2407 2050 consequens
2435 2018 2487 2042 ae·

1406 2057 1552 2088 cundum
1576 2056 1668 2098 quod
1692 2056 1826 2098 requirit
1850 2056 1952 2088 civilis
1981 2056 2063 2087 haec
2094 2055 2310 2087 conversatio.
2342 2053 2437 2087 Unde
2459 2055 2488 2086 d

1406 2107 1612 2133 removeatur
1635 2101 1715 2134 haec
1739 2101 1842 2133 civilis
1865 2100 2080 2137 conversatio,
2100 2105 2157 2132 aut
2179 2109 2247 2132 non
2271 2098 2440 2132 ordinetur
2455 2105 2488 2131 et

1405 2156 1474 2178 non
1498 2147 1768 2199 proportionetur
1791 2147 1882 2178 bono
1906 2145 2003 2182 civili,
2027 2154 2097 2176 non
2121 2150 2216 2176 erunt
2239 2143 2402 2186 perfectae
2423 2144 2488 2176 vir-

1405 2198 1491 2223 tutes
1515 2193 1664 2223 omnino.
1689 2191 1864 2232 Ptopterea
1887 2191 1994 2232 inquit
2010 2190 2074 2221 hoc
2094 2189 2170 2221 loco
2187 2189 2324 2221 Sanctus
2340 2188 2488 2221 Thomas

1407 2236 1498 2278 quod
1533 2237 1595 2268 illis
1627 2237 1683 2278 qui
1715 2236 1848 2278 politica
1879 2235 2128 2267 conversatione
2157 2244 2226 2266 non
2257 2240 2396 2266 utuntur
2417 2243 2485 2266 non

1406 2282 1543 2313 multum
1559 2282 1736 2313 convenire
1752 2281 1912 2317 videntur,
1925 2281 2019 2322 quasi
2033 2280 2134 2312 dicat:
2151 2279 2311 2319 Quamvis
2326 2279 2394 2311 istie
2406 2289 2487 2312 con·

1406 2327 1547 2363 veniant,
1564 2336 1631 2357 non
1652 2333 1762 2358 tamen
1786 2326 1988 2357 conveniunt
2010 2324 2154 2367 perfecte
2169 2330 2202 2356 et
2217 2324 2393 2365 complete,
2409 2324 2490 2366 quia

1406 2381 1474 2403 non
1498 2371 1690 2402 ordinantur
1713 2371 1753 2402 ad
1777 2371 1907 2402 civilem
1937 2370 2231 2406 conversationem,
2255 2375 2287 2400 et
2310 2369 2387 2400 huic
2417 2377 2486 2400 non

1407 2416 1610 2456 adaptantur.

1463 2460 1590 2492 Dicitur
1613 2469 1691 2500 ergo
1716 2459 1756 2491 ad
1779 2465 2010 2500 argumentum
2039 2458 2131 2500 quod
2161 2458 2345 2499 propositio
2376 2457 2487 2490 Sancti

1406 2505 1557 2536 Thomae
1580 2504 1789 2546 intelligenda
1812 2511 1860 2536 est
1884 2504 1924 2536 de
1947 2504 2138 2536 huiusmodi
2153 2504 2325 2535 virtutibus
2343 2502 2487 2544 perfecte

1407 2556 1438 2582 et
1461 2550 1658 2591 completive
1678 2550 1826 2591 sumptis.
1851 2549 1946 2582 Unde
1963 2555 1994 2581 et
2010 2550 2043 2581 in
2059 2549 2274 2581 conclusione
2298 2547 2488 2580 dictumest

1406 2595 1498 2636 quod
1514 2596 1574 2626 hae
1590 2596 1734 2631 virtutes,
1748 2600 1784 2626 ut
1798 2594 1977 2625 humanam
1994 2595 2094 2625 vitam
2104 2594 2292 2636 perficiunt,
2306 2593 2379 2625 Deo
2395 2602 2486 2626 com-

1406 2646 1515 2682 petere
1531 2650 1600 2671 non
1617 2646 1764 2681 possunt.
1790 2639 2023 2681 Temperantia
2038 2640 2136 2680 igitur
2151 2648 2219 2670 non
2235 2638 2343 2670 solum
2360 2636 2487 2679 perficit

1405 2686 1575 2716 hominem
1591 2685 1624 2716 in
1641 2687 1760 2726 seipso,
1777 2683 1834 2715 sed
1849 2685 1947 2715 etiam
1970 2685 2004 2715 in
2028 2684 2142 2716 ordine
2166 2683 2207 2716 ad
2230 2685 2356 2715 bonum
2377 2683 2484 2717 civile:

1406 2735 1438 2761 et
1461 2736 1552 2761 tanto
1576 2729 1745 2760 laudabilis
1762 2734 1819 2765 est,
1837 2735 1960 2770 quanto
1983 2729 2067 2760 civili
2091 2730 2183 2760 bono
2207 2729 2485 2770 proportionetur.

1406 2774 1574 2815 loquendo
1599 2774 1639 2805 de
1663 2775 1780 2806 virtute
1804 2774 1970 2815 acquisita.

1463 2819 1515 2851 111.
1539 2819 1710 2858 Quantum
1734 2819 1775 2850 ad
1798 2819 1990 2856 secundum,
2014 2820 2079 2859 agit
2103 2819 2143 2850 de
2166 2819 2338 2860 speciebus
2360 2818 2486 2851 virtutis

1406 2865 1529 2896 activae
1545 2866 1572 2895 ³.
1597 2864 1684 2903 Quia
1707 2870 1817 2896 autem
1841 2864 2002 2905 quaedam
2025 2874 2087 2896 nos
2110 2865 2194 2895 circa
2221 2865 2388 2905 passiones
2410 2862 2486 2895 diri-

1405 2915 1498 2950 gunt,
1522 2909 1683 2951 quaedam
1707 2918 1785 2942 v.ero
1809 2909 1894 2940 circa
1922 2910 2077 2946 actiones,
2102 2908 2243 2941 ostendit
2267 2909 2385 2950 primo,
2401 2917 2486 2950 quo·

1406 2954 1508 2986 modo
1533 2955 1666 2986 virtutes
1695 2964 1780 2995 quae
1811 2960 1887 2985 sunt
1916 2955 1999 2986 circa
2031 2954 2198 2996 passiones
2222 2963 2256 2985 se
2283 2954 2422 2985 habeant
2445 2952 2488 2985 ad

1407 3000 1530 3035 Deum;
1555 2999 1712 3035 secundo,
1737 2999 1909 3040 quomodo
1933 2999 2007 3031 illae
2022 3008 2107 3041 quae
2123 3005 2199 3030 sunt
2222 2999 2307 3030 circa
2323 2998 2486 3040 operatio-

1407 3054 1475 3081 nes,
1501 3045 1533 3075 in
1558 3045 1664 3085 capite
1687 3045 1848 3085 sequenti.

1463 3089 1634 3128 Quantum
1658 3088 1698 3120 ad
1722 3090 1876 3130 primum,
1901 3088 1969 3120 duo
1994 3088 2084 3120 facit:
2109 3089 2228 3129 primo.
2252 3087 2396 3120 ostendit
2415 3087 2486 3119 ilht

1407 3135 1439 3165 in
1464 3134 1537 3165 Deo
1561 3144 1630 3166 non
1653 3143 1724 3165 esse
1747 3135 1894 3175 proprie3
1918 3133 2075 3170 secundo,
2099 3133 2241 3165 ostendit
2270 3133 2395 3174 aliquas
2423 3131 2486 3174 ipsi

1407 3179 1537 3210 attribui
1561 3179 1827 3219 metaphorice.
1800 3180 1816 3196 “

1464 3223 1599 3255 Ponitur
1623 3233 1701 3264 ergo
1725 3223 1804 3255 haec
1829 3223 2011 3254 conclusio:
2042 3223 2182 3254 Virtutes
2204 3231 2288 3264 quae
2312 3230 2373 3253 nos
2395 3221 2486 3252 circa

1404 3269 1576 3309 passiones
1599 3268 1760 3310 dirigunt,
1777 3277 1843 3300 non
1866 3273 1944 3299 sunt
1967 3269 2000 3299 in
2021 3267 2103 3299 Deo.
2120 3267 2287 3299 Probatur.
2304 3266 2392 3298 Tum
2409 3266 2487 3307 quia

1408 3323 1476 3344 non
1500 3319 1575 3345 sunt
1598 3315 1632 3345 in
1657 3313 1729 3344 Deo
1753 3314 1930 3354 passiones,
1946 3323 1985 3344 ex
2002 3312 2121 3354 quibus
2139 3312 2273 3343 virtutes
2296 3309 2486 3342 huiusmodi

1408 3359 1552 3399 speciem
1569 3359 1757 3390 sortiuntur.
1774 3375 1799 3380 —
1813 3358 1902 3389 Tum
1919 3358 1996 3398 quia
2014 3367 2087 3398 pars
2103 3357 2264 3392 sensitiva,
2280 3357 2313 3387 in
2329 3366 2395 3397 qua
2411 3361 2487 3388 sunt

1409 3405 1540 3434 virtutes
1564 3403 1764 3439 huiusmodi,
1781 3408 1814 3434 et
1830 3403 1863 3434 in
1880 3412 1946 3444 qua
1961 3402 2030 3433 sola
2052 3401 2220 3443 passiones
2243 3411 2313 3432 esse
2337 3406 2485 3442 possunt,

1409 3454 1445 3479 ut
1467 3447 1584 3479 dicitur
1607 3448 1664 3479 Vll
1689 3447 1831 3489 Physic„
1853 3453 1929 3478 text.
1951 3446 2000 3483 18,
2024 3455 2092 3478 non
2117 3452 2165 3477 est
2187 3447 2219 3477 in
2245 3446 2327 3478 Deo.

1467 3503 1496 3525 2.
1513 3492 1758 3524 Advertendum
1775 3491 1865 3533 quod
1881 3491 2008 3527 Scotus‚
2026 3490 2068 3522 111
2085 3490 2183 3526 Sem„
2201 3490 2232 3522 d.
2246 3501 2342 3522 xxxin
2354 3491 2381 3527 ⁸,
2398 3495 2486 3522 tenet

1409 3537 1499 3577 quod
1523 3547 1566 3568 ex
1589 3538 1734 3579 imperiis
1757 3536 1854 3568 rectis
1877 3536 2054 3567 voluntatis
2078 3536 2267 3577 imperantis
2286 3540 2395 3578 potest
2415 3535 2486 3577 qui-

1409 3582 1479 3612 dem
1502 3583 1661 3624 generari
1684 3582 1803 3623 aliquis
1825 3581 1953 3612 habitus
1971 3581 2004 3611 in
2021 3581 2163 3622 appetitu
2179 3581 2343 3616 sensitivo,
2359 3580 2416 3612 sed
2431 3580 2487 3611 itte

1408 3626 1546 3663 habitus,
1564 3627 1639 3658 licet
1656 3626 1762 3668 possit
1776 3625 1911 3657 concedi
1933 3625 2044 3667 aliquo
2070 3626 2166 3657 modo
2191 3635 2259 3657 esse
2279 3626 2392 3662 virtus,
2409 3625 2486 3666 quia

1411 3671 1548 3702 inclinat
1570 3671 1614 3702 ad
1636 3681 1675 3702 ea
1699 3680 1783 3712 quae
1805 3675 1882 3702 sunt
1905 3680 2050 3702 consona
2075 3670 2200 3702 rationi
2224 3675 2340 3706 rectae,
2358 3679 2424 3701 non
2441 3675 2488 3701 est

2513 415 2575 464 vegs
2588 421 2640 464 {inp
2650 420 2726 443 pum

2764 452 2768 472 l

2515 1046 2588 1069 ·.Vid
2592 1045 2730 1075 Sephoram

2515 1079 2574 1096 ver·
2585 1079 2605 1103 3.
2756 1098 2759 1099 ⁷

2539 1963 2687 1994 (IMfl-⁴·

2513 2862 2714 2892 'mainfinit-

2513 3179 2657 3203 ‘Cinn-

2513 3493 2592 3551 ‹v‘.‘:¹
2599 3498 2675 3550 2235
2681 3491 2734 3522 '⁶‘
