2768 4134
59 1159 67 1167 ·
82 1157 135 1179 Did.
146 1157 187 1178 lib.
200 1156 271 1182 unic..

58 1190 107 1212 cap.
121 1190 151 1209 tx,
165 1190 195 1205 n.

58 1824 67 1833 ·
83 1822 139 1851 esp.
150 1829 182 1849 xi.
196 1830 214 1845 ι.

59 3382 68 3390 ·
84 3380 119 3403 Cf.
138 3387 160 3402 n.
179 3387 189 3403 2
204 3381 271 3403 huius

60 3413 137 3435 parag.

309 290 379 327 ¹92

302 365 460 398 praesens,
475 347 553 401 enai
567 351 758 383 certitudine
774 355 882 391 potest
898 349 987 380 ferri:
1006 349 1082 389 quia
1094 347 1253 398 videlicet,
1270 356 1373 387 quan-

301 408 371 431 tum
395 404 442 430 est
458 408 495 429 ex
511 403 600 438 parte
617 396 844 436 contingentis,
860 403 930 425 non
953 398 1111 434 repugnat
1130 401 1210 432 quin
1229 401 1287 431 per
1307 401 1375 422 cer-

301 443 471 475 titudinem
495 442 568 472 sciri
590 441 693 481 possit
715 445 815 480 prout
838 444 887 470 est
909 447 1070 479 praesens.

358 497 387 518 2.
413 487 508 517 Circa
530 486 722 526 assignatam
738 483 949 515 differentiam
964 483 1047 513 inter
1061 481 1254 520 contingens
1272 486 1308 510 ut
1327 485 1375 511 est

300 533 445 563 futurum
469 536 501 561 et
523 535 560 560 ut
591 535 637 561 est
659 538 821 570 praesens,
853 525 1134 561 considerandum,
1159 535 1198 555 ex
1229 524 1375 555 doctrina

301 575 408 607 Sancti
430 575 579 605 Thomae
609 574 716 610 Ver-it„
734 583 765 613 q.
783 584 815 609 11,
833 583 860 603 a.
878 581 927 608 12,
945 570 1046 611 quod,
1063 570 1089 600 si
1105 570 1213 610 aliqua
1228 569 1373 610 cognitio

301 626 347 651 est
371 626 455 650 certa
479 620 626 655 omnino,
651 620 693 649 ita
710 618 801 658 quod
824 618 857 647 in
881 627 919 647 ea
942 615 1059 646 falsitas
1083 623 1153 644 esse
1168 623 1237 644 non
1261 615 1373 655 possit,
1401 645 1402 650 ¹

300 670 431 705 oportet
453 670 490 695 ut
513 663 733 704 cognoscibile
756 671 934 702 nunquam.
950 659 1078 691 deficiat
1097 659 1136 689 ab
1153 668 1194 689 eo
1218 658 1310 698 quod
1333 658 1373 689 de

299 710 370 750 ipso
395 709 618 749 cognoscitur:
642 717 729 743 nam,
749 708 774 737 si
794 706 954 741 deficeret,
979 709 1167 744 sequeretur
1190 703 1294 744 ipsam
1317 713 1374 734 co-

299 754 479 794 gnitionem
503 762 572 784 esse
596 752 721 787 falsam;
746 752 838 787 sicut,
863 751 890 780 si
912 749 1090 781 iudicarem
1109 747 1239 779 Sortem
1263 747 1374 779 sedere

300 804 331 829 et
353 807 423 829 non
447 797 580 834 sederet,
606 796 721 828 falsum
746 804 987 836 cognoscerem.
1016 793 1057 823 Et
1085 792 1160 823 ideo
1185 798 1315 833 oportet
1338 798 1374 823 ut

298 843 361 874 tale
386 842 476 883 quod
492 842 709 882 cognoscitur,
723 841 757 871 in
774 850 807 870 se
824 839 985 880 quandam
1002 838 1227 868 necessitatem
1247 838 1372 868 habeat.

300 887 502 927 Contingens
519 891 637 922 autem,
654 884 798 926 quandiu
815 890 862 915 est
885 883 1042 919 futurum,
1066 882 1290 912 necessitatem
1304 891 1374 913 non

300 932 411 962 habet:
437 941 513 962 curn
536 930 685 971 impediri
708 930 810 970 possit
833 938 874 959 ne
898 928 1034 963 eveniat,
1059 932 1091 958 et
1114 927 1160 957 sic
1179 927 1282 967 possit
1304 937 1373 958 non

300 986 378 1007 esse.
403 975 467 1007 Sed
482 985 558 1006 cum
580 976 645 1005 iam
659 980 706 1005 est
729 983 888 1014 praesens,
906 979 938 1003 et
960 982 1028 1003 non
1052 972 1192 1011 amplius
1214 971 1373 1008 futurum,

299 1021 521 1051 necessitatem
546 1020 651 1055 habet,
669 1024 699 1049 et
722 1028 790 1048 non
814 1023 921 1058 potest
944 1015 1094 1057 impediri
1109 1026 1152 1047 ne
1175 1017 1215 1048 sit
1238 1026 1299 1057 pro
1315 1016 1372 1047 illo

299 1072 446 1105 ternpore
476 1074 535 1104 pro
561 1074 628 1104 quo
653 1068 710 1099 est,
735 1070 766 1093 et
796 1072 854 1102 per
877 1071 1082 1102 consequens
1112 1071 1171 1101 pro
1203 1067 1281 1092 tunc
1304 1071 1373 1092 non

299 1114 406 1149 potest
422 1118 489 1139 non
506 1118 575 1139 esse
590 1126 613 1130 —
632 1108 708 1148 quia
725 1116 819 1137 omne
834 1106 923 1147 quod
945 1112 1001 1143 est,
1018 1105 1149 1147 quando
1172 1111 1228 1142 est,
1246 1115 1374 1137 necesse

299 1159 346 1184 est
369 1163 446 1189 esse,
478 1158 515 1183 ut
545 1153 660 1183 dicitur
684 1152 695 1182 1
719 1151 980 1182 Perihermenias
994 1152 1021 1181 ¹.
1047 1150 1135 1187 ldeo,
1155 1156 1192 1181 ut
1215 1150 1372 1188 futurum,

299 1203 404 1229 certae
419 1197 598 1237 cognitioni
622 1196 716 1227 subdi
739 1206 806 1227 non
830 1201 949 1236 potest,
966 1195 1023 1227 sed
1045 1196 1128 1226 bene
1151 1201 1188 1226 ut
1210 1205 1373 1236 praesens.

354 1242 418 1273 Sed
441 1248 549 1272 tamen
572 1241 805 1272 advertendum
828 1241 919 1282 quod
943 1241 1098 1281 cognosci
1122 1241 1316 1281 contingens
1338 1246 1375 1272 ut

298 1286 455 1323 futurum,
469 1286 639 1327 dupliciter
661 1286 795 1327 intelligi
818 1291 940 1326 potest:
966 1295 1034 1317 uno
1057 1284 1171 1322 modo,
1196 1291 1232 1317 ut
1254 1285 1374 1317 modus

298 1330 397 1362 futuri
420 1340 454 1361 se
478 1336 585 1361 teneat
608 1340 646 1361 ex
674 1336 764 1371 parte
795 1340 864 1361 esse
887 1330 979 1372 quod
1010 1331 1164 1361 convenit
1186 1330 1232 1361 rei
1258 1331 1291 1361 in
1316 1340 1374 1361 sua

298 1385 408 1412 causa;
433 1375 495 1406 alio
519 1374 632 1412 mod0,
657 1380 693 1406 ut
719 1384 754 1406 se
776 1381 884 1406 teneat
907 1385 946 1406 ex
970 1381 1059 1416 parte
1089 1384 1159 1406 esse
1183 1373 1317 1406 effectus
1338 1376 1373 1406 in

299 1429 342 1451 se.
359 1420 408 1450 Ex
431 1425 520 1461 parte
537 1429 663 1456 causae,
680 1429 879 1460 cognoscere
894 1420 1088 1461 contingens
1103 1425 1140 1451 ut
1163 1419 1310 1451 futurum
1326 1426 1374 1451 est

299 1474 496 1505 cognoscere
513 1474 643 1495 causam
659 1474 728 1495 esse
744 1464 934 1505 dispositam
956 1464 998 1496 ad
1018 1465 1087 1496 eius
1109 1464 1372 1506 productionem.

298 1510 346 1540 Ex
361 1516 452 1550 parte
467 1515 576 1540 autem
592 1509 736 1546 effectus,
753 1515 800 1540 est
815 1519 1015 1550 cognoscere
1031 1509 1122 1551 quod
1146 1510 1216 1551 ipse
1240 1509 1373 1542 effectus

299 1555 366 1590 erit,
392 1554 424 1585 et
446 1554 537 1595 quod
560 1554 735 1595 aliquando
767 1555 825 1585 erit
848 1564 962 1586 verum
993 1554 1110 1591 dicere,
1133 1555 1196 1586 hoc
1219 1560 1276 1591 est,
1300 1555 1373 1596 ipso

299 1599 530 1630 demonstrato.
556 1599 697 1630 Multum
728 1605 837 1630 autem
868 1597 1020 1630 differunt
1046 1600 1125 1630 istae
1153 1600 1372 1640 cognitiones:

299 1644 381 1674 sicut
405 1649 437 1674 et
459 1644 600 1674 multum
623 1643 775 1675 differunt
798 1653 928 1675 causam
953 1653 1020 1675 esse
1041 1643 1230 1684 dispositam
1254 1643 1294 1675 ad
1318 1644 1374 1675 ali-

300 1688 379 1728 quid
410 1688 676 1729 producendum3
707 1694 738 1719 et
770 1689 878 1728 ipsum
908 1698 978 1719 esse
1008 1688 1183 1729 aliquando
1214 1688 1372 1720 futurum.

299 1733 410 1764 Potest
426 1734 513 1764 enim
537 1733 712 1773 aliquando
736 1743 833 1764 causa
856 1743 925 1764 esse
949 1733 1103 1774 disposita
1122 1733 1162 1764 ad
1185 1734 1375 1774 productio-

299 1787 376 1808 nem
400 1778 535 1808 alicuius
558 1777 701 1814 effectus,
719 1784 750 1808 et
765 1784 874 1809 tamen
896 1778 950 1808 ille
967 1778 1100 1810 effectus
1115 1788 1285 1819 nunquam
1301 1789 1374 1810 eve-

299 1823 381 1853 niet:
407 1822 493 1853 unde
513 1828 545 1853 et
561 1822 587 1852 11
604 1822 643 1854 de
669 1823 748 1854 Gen.
762 1823 778 1839 ⁴*
802 1823 908 1863 inquit
923 1823 1112 1854 Aristoteles
1129 1823 1219 1864 quod
1230 1824 1374 1866 futurus

299 1867 371 1908 quis
387 1866 535 1897 Incedere
551 1877 616 1897 non
634 1867 767 1898 incedet.
781 1866 880 1905 Quod
897 1877 974 1908 ergo
987 1867 1112 1904 dicitur,
1129 1868 1323 1910 contingens
1339 1873 1375 1899 ut

290 1913 449 1953 futurum
466 1916 574 1942 certae
594 1912 778 1953 cognitioni
800 1912 894 1942 subdi
909 1921 976 1942 non
995 1921 1103 1952 posse,
1127 1911 1374 1953 intelligendum

299 1962 347 1986 est
369 1955 515 1986 secundo
543 1956 656 1992 modo,
685 1966 752 1987 non
777 1962 885 1987 autem
910 1957 1027 1997 primo.
1056 1957 1131 1987 Non
1156 1957 1243 1987 enim
1266 1963 1375 1997 potest

298 2010 355 2041 per
379 1999 604 2031 certitudinem
628 2000 761 2031 iudicari
785 2001 876 2041 quod
899 2001 980 2031 illud
1003 2002 1078 2032 erit:
1103 2001 1160 2032 sed
1176 2003 1259 2033 bene
1283 2001 1374 2042 quod

298 2053 393 2075 causa
410 2045 450 2075 sit
473 2044 512 2075 ad
531 2045 600 2075 eius
616 2045 867 2086 productionem
884 2045 1048 2086 disposita,
1065 2051 1173 2086 potest
1189 2052 1274 2078 certe
1290 2047 1372 2083 sciri,

298 2090 373 2130 quia
397 2088 476 2121 illud
491 2089 587 2120 habet
604 2089 766 2130 quandam
782 2091 1021 2127 necessitatem
1038 2099 1098 2131 pro
1114 2096 1262 2132 tempore
1286 2091 1373 2123 enim

297 2143 357 2175 pro
381 2143 448 2175 quo
465 2143 561 2164 causa
576 2140 624 2165 est
646 2134 686 2166 ad
709 2133 960 2175 productionem
977 2136 1026 2166 sui
1050 2135 1183 2167 effectus
1207 2135 1372 2177 disposita,

297 2189 364 2209 non
389 2184 497 2219 potest
512 2188 579 2209 non
597 2189 666 2210 esse
686 2179 851 2221 disposita,
868 2181 951 2211 sicut
968 2185 999 2210 et
1015 2179 1055 2211 de
1071 2180 1188 2211 effectu
1205 2188 1372 2221 praesente

298 2223 421 2255 dictum
445 2228 492 2254 est
516 2223 606 2264 quod
629 2233 690 2265 pro
713 2230 791 2256 tunc
815 2234 883 2255 non
907 2230 1015 2266 potest
1038 2234 1106 2255 non
1131 2234 1210 2256 esse.

355 2268 384 2299 3.
411 2267 505 2299 Circa
528 2268 615 2299 illam
638 2269 910 2309 propositionem,
933 2269 1137 2311 Contingens
1160 2275 1196 2301 ut
1213 2279 1373 2310 praesens

292 2322 357 2353 pro
383 2313 440 2343 illo
465 2318 608 2353 tempore
631 2323 697 2344 non
717 2319 826 2354 potest
841 2324 906 2344 non
931 2323 1009 2349 esse,
1027 2313 1260 2345 advertendum
1281 2314 1372 2356 quod

298 2357 330 2398 ly
350 2367 413 2397 pro
438 2357 494 2387 illo
520 2362 663 2398 tempore
685 2364 792 2398 potest
816 2358 1028 2389 determinare
1053 2359 1085 2400 ly
1109 2368 1175 2389 non
1194 2365 1312 2401 potest,
1341 2365 1373 2391 et

298 2407 405 2442 potest
429 2401 640 2433 determinare
663 2402 696 2443 ly
720 2413 786 2433 non
810 2413 887 2434 esse.

354 2446 387 2477 Si
411 2446 517 2487 primo
542 2446 654 2483 modo,
679 2448 724 2478 sic
749 2453 832 2478 esset
856 2448 983 2484 falsum,
1007 2457 1069 2478 nec
1093 2453 1140 2478 est
1168 2448 1330 2480 intentum
1354 2458 1372 2479 a

298 2490 417 2522 Sancto
434 2490 573 2522 Thoma.
599 2491 656 2522 Est
676 2492 763 2523 enim
778 2502 891 2523 sensus
907 2491 999 2533 quod
1015 2492 1218 2533 contingens,
1234 2493 1268 2524 in
1290 2499 1371 2524 tem-

297 2544 378 2576 pore
401 2535 435 2566 in
450 2545 518 2576 quo
541 2541 599 2572 est,
615 2545 683 2567 non
706 2537 803 2568 habet
818 2538 996 2578 potentiam
1020 2536 1060 2567 ad
1084 2546 1151 2567 non
1175 2546 1254 2568 esse.
1271 2537 1373 2576 Quod

298 2585 345 2610 est
368 2579 499 2611 falsum:
525 2589 600 2611 cum
617 2581 825 2622 corruptibile
846 2582 895 2618 sit,
912 2587 945 2612 et
960 2582 1062 2622 possit
1076 2591 1145 2612 non
1161 2591 1230 2613 esse
1252 2582 1287 2613 in
1308 2582 1372 2614 alio

298 2630 456 2664 tempore,
481 2630 513 2655 et
536 2625 683 2656 absolute
707 2626 803 2657 etiam
827 2626 883 2657 illo
906 2631 1056 2667 tempore
1079 2636 1147 2657 non
1172 2636 1251 2658 esse.

353 2668 506 2700 Secundo
530 2669 643 2706 modo,
667 2679 781 2702 sensus
805 2676 853 2702 est
883 2670 973 2713 quod
1005 2671 1197 2712 contingens
1220 2681 1372 2713 praesens

299 2713 436 2744 existens
459 2723 526 2745 non
551 2714 648 2746 habet
670 2715 850 2756 potentiam
869 2721 906 2747 ut
928 2715 985 2746 illo
1009 2721 1158 2756 tempore
1182 2725 1251 2747 non
1275 2717 1316 2747 sit
1338 2716 1372 2747 in

298 2767 365 2798 quo
382 2764 439 2789 est.
463 2759 539 2790 Hoc
555 2765 663 2790 autem
688 2759 860 2801 dupliciter
875 2765 984 2801 potest
997 2760 1148 2801 intelligi:
1170 2770 1238 2792 uno
1258 2761 1371 2798 modo,

297 2803 338 2834 de
360 2803 571 2844 possibilitate
594 2805 756 2841 absoluta;
773 2805 837 2836 alio
853 2804 955 2836 modo
977 2804 1018 2836 de
1041 2805 1251 2846 possibilitate
1267 2812 1372 2838 muta-

298 2848 436 2879 bilitatis.
453 2848 487 2879 Si
503 2848 543 2880 de
560 2849 770 2889 possibilitate
786 2850 944 2886 absoluta,
962 2850 1007 2880 sic
1024 2859 1137 2881 verum
1154 2856 1203 2881 est
1218 2851 1250 2882 in
1275 2861 1372 2882 sensu

298 2893 498 2933 composito:
521 2902 597 2924 narn
621 2893 701 2925 haec
724 2895 918 2935 propositio,
942 2894 1144 2937 Contingens
1161 2901 1197 2926 ut
1213 2905 1373 2937 praesens

297 2937 439 2968 existens
462 2947 528 2968 non
553 2943 608 2974 est,
634 2943 682 2969 est
708 2939 927 2979 impossibilis.
956 2939 990 2970 ln
1015 2949 1111 2970 sensu
1135 2945 1244 2971 autem
1268 2940 1372 2972 diviso

298 2987 346 3013 est
376 2981 504 3019 falsum,
529 2986 561 3013 et
591 2983 660 3014 eius
691 2984 881 3024 oppositum
914 2989 961 3015 est
990 2993 1117 3015 verum:
1150 2985 1372 3016 demonstrato

298 3027 385 3057 enim
402 3026 495 3058 Sorte
511 3026 676 3063 existente,
690 3033 738 3058 est
753 3037 865 3059 verum
882 3028 998 3065 dicere,
1016 3029 1083 3060 Hic
1094 3034 1202 3070 potest
1217 3030 1278 3061 isto
1295 3035 1372 3061 tem-

292 3081 379 3112 pore
402 3081 468 3102 non
492 3080 571 3108 esse,
603 3081 678 3103 cum
709 3082 777 3104 non
802 3074 842 3104 sit
868 3073 908 3104 de
937 3074 1062 3104 ratione
1093 3073 1194 3105 Sortis
1224 3075 1372 3107 absolute

299 3116 491 3147 considerati
509 3116 599 3157 quod
615 3118 677 3148 isto
693 3122 842 3159 tempore
858 3118 908 3154 sit,
926 3117 982 3148 sed
998 3119 1081 3149 bene
1097 3118 1137 3150 de
1161 3120 1286 3150 ratione
1302 3121 1372 3151 eius

299 3166 334 3191 ut
357 3161 520 3192 existentis
536 3171 596 3202 pro
619 3162 682 3192 isto
705 3168 864 3203 tempore.
882 3180 903 3185 -
919 3162 951 3193 Si
972 3167 1081 3194 autem
1097 3163 1137 3194 de
1160 3164 1371 3205 possibilitate

298 3205 528 3243 mutabilitatis,
546 3207 640 3237 sicin
657 3212 799 3248 utroque
819 3217 915 3238 sensu
940 3212 988 3238 est
1011 3216 1134 3239 verum.
1159 3208 1260 3247 Quod
1283 3210 1371 3240 enim

299 3255 346 3280 est
369 3259 519 3290 praesens
542 3260 602 3291 pro
627 3251 737 3292 aliquo
762 3257 921 3292 tempore,
938 3261 1005 3282 non
1022 3257 1129 3292 potest
1152 3253 1184 3284 in
1209 3253 1265 3284 illo
1290 3260 1371 3285 tem-

298 3304 378 3335 pore
394 3296 511 3326 mutari
527 3295 567 3327 de
583 3302 753 3336 praesente
769 3297 801 3327 in
819 3306 886 3327 non
903 3305 1064 3337 praesens.

354 3339 506 3371 Similiter
529 3341 624 3372 etiam
647 3341 829 3381 propositio
854 3341 1054 3381 Philosophi,
1078 3341 1182 3372 Omne
1204 3343 1292 3383 quod
1314 3348 1370 3379 est,

299 3385 429 3423 quando
454 3389 511 3422 est,
537 3395 665 3416 necesse
693 3390 742 3416 est
763 3395 833 3417 esse
846 3386 873 3422 *‚
898 3385 1123 3426 distinguenda
1152 3391 1199 3417 est
1222 3393 1258 3418 ut
1281 3397 1372 3428 prae-

300 3428 427 3460 cedens.

356 3473 506 3514 Intelligit
529 3484 606 3515 ergo
630 3474 766 3506 Sanctus
783 3475 928 3506 Thomas
946 3475 978 3505 in
1003 3484 1099 3505 sensu
1124 3475 1270 3507 secundo
1294 3486 1370 3517 pro-

300 3518 496 3555 positionem
527 3528 630 3555 suam,
659 3525 691 3550 et
721 3521 753 3550 in
785 3529 881 3550 sensu
913 3520 1109 3559 composito.
1142 3519 1278 3560 Propter
1307 3522 1370 3552 hoc

299 3561 462 3592 subiunxit
486 3563 576 3603 quod
596 3569 705 3604 potest
727 3565 760 3595 in
774 3565 934 3606 futurum
955 3573 1021 3594 non
1045 3573 1123 3599 esse,
1141 3569 1173 3595 et
1196 3564 1287 3605 quod
1309 3565 1371 3597 hoc

301 3604 365 3634 iam
385 3607 527 3645 pertinet
548 3607 775 3650 adfuturum:
791 3609 867 3649 quia
884 3608 1044 3644 videlicet,
1069 3609 1144 3639 licet
1167 3617 1318 3649 praesens
1335 3616 1370 3641 ut

298 3657 449 3688 praesens
471 3660 538 3681 non
555 3653 655 3691 possit
678 3663 745 3684 non
762 3662 832 3684 esse
856 3654 887 3684 in
905 3659 1052 3694 tempore
1069 3654 1101 3684 in
1119 3662 1187 3694 quo
1212 3661 1258 3685 est
1278 3663 1368 3695 prae-

870 263 1060 309 SUMMA
1089 269 1312 306 CONTRA
1341 267 1619 315 GENTlLES,
1650 267 1762 304 CAP.
1783 267 1933 304 LXVII.

1430 355 1515 382 sens,
1540 346 1636 376 habet
1659 352 1769 377 tamen
1793 347 1974 387 potentiam
2005 353 2041 377 ut
2064 347 2098 377 in
2128 352 2279 386 tempore
2301 346 2413 378 futuro
2436 357 2505 378 non

1429 391 1486 426 sit;
1501 391 1577 430 quia
1589 397 1739 431 respectu
1755 390 1857 422 futuri
1872 392 2040 432 temporis,
2053 397 2134 431 puta
2145 390 2210 422 diei
2226 391 2393 428 crastinae,
2409 392 2506 423 habet

1401 437 1403 473 l
1429 436 1610 475 potentiam
1626 435 1667 466 ad
1682 436 1746 467 hoc
1763 442 1800 467 ut
1822 437 1862 466 sit
1877 437 1928 467 vel
1951 445 2020 467 non
2044 437 2094 473 sit,
2111 442 2143 466 et
2165 435 2211 466 sic
2234 436 2330 466 habet
2345 437 2506 468 rationem

1401 480 1403 494 ¹
1429 479 1541 510 futuri.
2225 499 2227 501 -

1485 524 1539 554 lll.
1564 523 1628 555 Sed
1651 524 1718 555 duo
1743 530 1818 555 sunt
1842 534 1926 566 quae
1954 524 2105 556 videntur
2129 523 2352 555 difficultatem
2375 525 2505 556 habere.

1429 569 1574 599 Primum
1598 574 1646 599 est
1669 568 1759 609 quod
1790 569 1986 612 contingens
1999 570 2159 611 futurum
2183 574 2294 600 certae
2322 570 2507 611 cognitioni

1427 614 1521 644 subdi
1545 622 1611 643 non
1629 619 1749 653 potest.
1778 613 1902 644 Contra
1925 615 2013 645 enim
2037 615 2141 655 arguit
2172 614 2347 645 Durandus
2362 615 2390 645 *.
2414 614 2506 646 Sicut

1401 673 1403 699 fr
1429 667 1467 689 ex
1491 667 1588 688 causa
1603 658 1782 688 necessaria
1797 659 1944 698 sequitur
1966 658 2176 690 infallibiliter
2198 660 2350 700 proprius
2370 659 2440 690 eius
2459 659 2506 691 ef·

1401 701 1402 704 ’
1429 702 1543 739 fectus,
1561 703 1604 732 ita
1627 712 1665 733 ex
1682 712 1778 734 causa
1801 703 1980 743 impedibili
1998 712 2068 734 non
2084 704 2249 745 impedita.
2275 703 2350 740 Sed,
2375 705 2506 746 cognita

1429 757 1525 778 causa
1547 748 1738 784 necessaria,
1763 754 1896 788 propter
1925 746 2184 780 infallibilitatem
2208 748 2434 790 productionis
2459 748 2504 780 ef-

1429 791 1533 822 fectus
1557 802 1615 832 per
1631 792 1858 823 certitudinem
1875 792 2084 833 cognoscitur
2100 793 2169 824 eius
2189 793 2332 824 effectus.
2358 793 2445 835 Ergo
2462 800 2504 831 et,

1401 852 1402 868 l
1429 837 1559 877 cognita
1583 846 1680 867 causa
1702 836 1883 877 impedibili
1911 842 1943 867 et
1966 837 2120 867 omnibus
2143 846 2227 878 quae
2250 837 2409 879 impedire
2427 847 2504 879 pos-

1428 888 1504 912 sunt
1534 888 1566 912 et
1596 881 1688 922 quod
1710 892 1779 912 non
1803 881 2010 922 impedietur,
2034 890 2092 922 per
2115 882 2341 914 certitudinem
2365 884 2436 914 eius
2459 883 2506 914 ef-

1428 925 1533 957 fectus
1557 927 1713 967 cognosci
1737 931 1854 967 potest.
1870 925 1935 957 Sed
1950 926 2078 966 aliquis,
2095 931 2176 966 puta
2189 927 2292 964 Deus,
2307 928 2372 959 hoc
2395 933 2504 969 potest

1429 981 1637 1011 cognoscere.
1663 972 1750 1012 Ergo
1766 972 1960 1012 contingens
1976 977 2012 1002 ut
2035 970 2182 1002 futurum
2205 980 2264 1012 per
2278 972 2505 1004 certitudinem

1428 1022 1536 1056 potest
1561 1017 1726 1056 cognosci.

1483 1061 1639 1101 Arguitur
1663 1062 1760 1092 etiam
1776 1066 1968 1101 argumento
1985 1060 2121 1091 Aureoli
2132 1061 2158 1091 “.
2185 1059 2275 1091 Deus
2295 1070 2354 1101 per
2376 1062 2506 1094 certitu-

1428 1104 1538 1136 dinem
1566 1106 1734 1146 cognoscit
1758 1105 1849 1146 quod
1875 1104 2092 1136 Antichristus
2116 1105 2184 1136 erit.
2208 1104 2272 1136 Sed
2292 1106 2356 1136 hoc
2379 1111 2428 1136 est
2449 1115 2506 1137 co·

1427 1159 1584 1190 gnoscere
1608 1151 1800 1191 contingens
1823 1156 1860 1180 ut
1883 1156 1932 1181 est
1955 1148 2111 1181 futurum.
2142 1149 2447 1191 Ergo·contingens
2470 1154 2507 1182 ut

1429 1193 1576 1226 futurum
1599 1195 1748 1226 subditur
1771 1200 1875 1226 certae
1899 1195 2090 1235 cognitioni.

1485 1249 1516 1270 2.
1541 1240 1731 1272 Secundum
1755 1245 1802 1271 est
1825 1239 1917 1280 quod
1939 1239 2030 1271 Deus
2053 1239 2226 1282 cognoscit
2252 1240 2447 1282 contingens
2470 1245 2507 1271 ut

1429 1289 1475 1315 est
1483 1294 1645 1325 praesens
1657 1286 1683 1315 ἢ
1698 1283 1822 1316 Contra
1833 1284 1937 1325 arguit
1947 1283 2112 1316 Aureolus
2124 1285 2169 1316 ³³.
2183 1283 2217 1316 Si
2232 1284 2278 1316 sic
2291 1290 2350 1322 est,
2361 1284 2507 1326 sequitur

1429 1328 1519 1369 quod
1543 1329 1736 1370 contingens
1760 1330 1799 1360 ab
1827 1334 1958 1360 aeterno
1983 1334 2031 1359 est
2053 1329 2306 1370 praesentialiter
2322 1329 2357 1360 in
2380 1329 2506 1372 seipso:

1428 1373 1520 1414 quod
1543 1380 1591 1405 est
1614 1373 1742 1405 falsum.
1765 1373 1925 1405 Probatur
1950 1374 2194 1415 consequentia.
2216 1372 2311 1405 Sicut
2333 1383 2372 1405 ex
2395 1374 2506 1415 cogni-

1427 1419 1518 1450 tione
1534 1419 1710 1460 attingente
1725 1427 1795 1450 rem
1811 1424 1848 1450 ut
1863 1418 2234 1459 praeteritam‚·infertur
2252 1418 2344 1460 quod
2366 1419 2437 1460 ipsa
2456 1429 2508 1451 res

1428 1463 1503 1500 fuit;
1531 1470 1562 1495 et
1586 1473 1625 1495 ex
1647 1464 1836 1505 cognitione
1855 1464 2032 1504 attingente
2051 1472 2123 1495 rem
2144 1469 2181 1495 ut
2203 1463 2356 1502 futuram,
2371 1463 2508 1496 infert-t
2535 1468 2538 1470 ’

1429 1508 1519 1550 quod
1542 1510 1612 1550 ipsa
1640 1518 1692 1540 res
1715 1509 1788 1545 erit;
1813 1509 1856 1540 ita
1884 1518 1923 1540 ex
1952 1509 2153 1549 cognitione<
2169 1509 2350 1550 attingente
2378 1517 2449 1541 rem
2471 1515 2508 1542 ut

1427 1559 1631 1594 praesentem
1661 1554 1695 1585 in
1725 1554 1840 1594 seipsa,
1864 1551 2000 1584 infertur
2023 1552 2115 1594 quod
2144 1563 2194 1584 res
2225 1559 2273 1586 est
2299 1563 2460 1602 praesens>
2473 1554 2507 1591 in

1428 1599 1542 1639 seipsa.
1562 1598 1656 1629 Valet
1675 1598 1773 1634 enim,
1792 1597 1862 1629 Vidi
1878 1596 2006 1629 Sortem
2026 1598 2149 1635 sedere,
2168 1597 2264 1641 Ergo
2280 1598 2393 1631 Sortes
2407 1598 2507 1640 seditj

1436 1642 1550 1674 Videbo
1571 1643 1698 1674 Sortem
1714 1643 1836 1680 sedere,
1859 1642 1954 1684 Ergo
1971 1642 2084 1674 Sortes
2101 1642 2240 1680 sedebit,-
2259 1643 2358 1675 Video
2377 1643 2506 1678 Sortem

1427 1688 1552 1724 sedere,
1568 1688 1664 1730 Ergo
1689 1687 1802 1718 Sortes
1823 1687 1921 1718 sedet.
1946 1686 1980 1718 Si
1996 1697 2075 1728 ergo
2097 1687 2188 1718 Deus
2202 1687 2291 1720 videt
2313 1689 2352 1719 ab
2373 1694 2506 1720 aeterno

1429 1733 1622 1773 contingens
1637 1738 1674 1764 ut
1696 1741 1858 1773 praesens,
1874 1732 2023 1773 sequitur
2037 1732 2129 1774 quod
2139 1733 2252 1774 ipsum·
2265 1734 2305 1764 ab
2317 1739 2450 1765 aeterno
2464 1733 2507 1765 sit

1429 1777 1462 1808 in
1486 1787 1543 1808 sua
1558 1777 1828 1818 praesentialitate
1846 1778 1880 1808 in
1899 1777 2018 1818 seipso,
2034 1787 2103 1808 non
2119 1782 2247 1809 tantum
2267 1779 2300 1809 in
2316 1778 2506 1818 cognitione

1430 1822 1668 1863 cognoscentis„
2270 1859 2271 1862 Ἰ

1485 1867 1538 1897 IV.
1563 1866 1614 1897 Ad
1638 1866 1780 1908 primum
1805 1871 1918 1897 contra
1940 1865 2079 1908 primam
2105 1866 2369 1907 propositionem
2389 1860 2507 1910 dicitur

1401 1851 1403 1876 Ι

1400 1877 1403 1993 ²
1429 1911 1520 1952 quod
1544 1911 1611 1942 duo
1635 1916 1813 1951 tanguntur
1826 1910 1861 1941 in
1885 1910 2112 1951 propositione
2129 1909 2237 1942 Sancti
2254 1903 2505 1944 'I'iiomaei'dciss

1428 1957 1503 1987 licet
1527 1955 1618 1996 quod
1639 1956 1808 1995 cognitum
1824 1956 1864 1985 sit
1880 1956 2088 1995 contingens;
2105 1960 2138 1986 et
2152 1956 2193 1986 sit
2213 1955 2372 1987 futurum.
2388 1955 2505 1995 Quod-

1428 2010 1572 2041 cumque
1606 2001 1725 2031 horum
1759 1999 1852 2036 desit,
1879 2004 1987 2040 potest
2021 1999 2154 2031 effectus
2188 2009 2247 2041 per
2278 2001 2506 2034 certimdinem

1428 2045 1594 2086 cognosci.
1625 2045 1710 2076 Nam
1741 2045 1767 2075 si
1794 2044 1928 2077 effectus
1954 2045 1988 2076 in
2019 2053 2115 2076 causa
2142 2045 2367 2077 nece-sitatem
2394 2046 2507 2089 ¹haber,¹

1428 2096 1733 2131 quantumcumque
1756 2090 1796 2120 sit
1819 2088 1957 2126 futurus,
1979 2094 2088 2130 potest
2117 2098 2175 2130 per
2197 2089 2425 2123 certitudinem
2449 2100 2505 2128 co-

1427 2135 1558 2176 gnosci:
1583 2135 1659 2175 quia
1683 2135 1716 2166 in
1740 2143 1799 2166 sua
1817 2143 1915 2166 causa
1936 2133 2241 2166 determinationem
2264 2140 2297 2166 et
2319 2134 2506 2178 immutabis

1427 2180 1549 2211 litatem
1565 2180 1672 2215 habet,
1689 2180 1772 2210 sicut
1788 2179 1915 2219 eclipsis
1931 2177 2048 2210 futura.
2065 2178 2099 2210 Si
2116 2179 2213 2210 etiam
2230 2180 2265 2211 in
2281 2189 2378 2211 causa
2392 2189 2506 2213 noo-—

1427 2225 1553 2256 sitatem
1577 2234 1646 2255 non
1670 2224 1786 2255 habeat
1808 2223 1864 2254 sed
1888 2224 2156 2264 contingentiam,
2177 2225 2203 2256 si
2223 2224 2453 2259 consideretur·
2468 2231 2505 2265 ut

1427 2279 1589 2311 praesens.
1605 2269 1681 2310 quia
1696 2269 1760 2300 iam
1777 2274 1825 2300 est
1841 2268 2072 2300 determinatus
2088 2274 2120 2301 et
2139 2274 2227 2301 extra
2248 2278 2341 2301 suam
2361 2264 2505 2313 causam,i

1427 2319 1534 2354 potest
1558 2313 1652 2344 subdi
1675 2320 1780 2345 certae
1804 2313 1996 2354 cognitioni.
2021 2312 2148 2344 Dicitur
2170 2323 2247 2354 ergo
2263 2311 2355 2355 quod
2371 2312 2504 2347 effectus

1427 2359 1565 2390 existens
1581 2359 1614 2389 in
1632 2368 1727 2390 causa
1746 2358 1893 2389 absolute
1916 2357 2105 2398 impedibili,
2124 2364 2159 2389 ut
2175 2357 2396 2390 consideratur
2410 2359 2503 2391 nullo

1426 2402 1528 2434 modo
1551 2402 1849 2444 impedita-‘neque
1873 2408 1947 2433 ante
1970 2402 2222 2443 productionem
2245 2412 2355 2444 neque
2377 2404 2411 2435 in
2434 2404 2504 2446 ipsa

1427 2447 1654 2488 productione,
1679 2457 1746 2478 non
1770 2447 1867 2478 habet
1888 2447 2047 2478 rationem
2071 2447 2287 2488 contingentis
2308 2454 2344 2479 ut
2367 2449 2422 2485 sic,
2446 2448 2504 2480 sed

1427 2493 1597 2524 necessarii
1614 2491 1762 2523 effectus:
1779 2492 1856 2534 quia
1868 2491 1985 2523 dicitur
1996 2497 2075 2523 tunc
2090 2497 2218 2523 tantum
2229 2492 2363 2524 effectus
2375 2493 2503 2530 contii-

1427 2537 1568 2578 gentiam
1593 2537 1710 2568 habere
1732 2537 1766 2568 in
1797 2546 1894 2568 causa
1921 2536 2054 2578 quando
2085 2537 2235 2578 impediri
2265 2547 2362 2569 causa
2384 2531 2502 2579 potedt.

1428 2581 1516 2618 Ideo,
1541 2582 1566 2613 si
1591 2581 1813 2613 consideretur
1836 2589 1872 2613 ut
1897 2582 1931 2612 in
1955 2591 2052 2613 causa
2079 2582 2213 2614 semotis
2241 2583 2395 2614 omnibus
2418 2585 2505 2630 quae

1426 2625 1585 2667 impedire
1608 2632 1756 2667 possunt,
1781 2625 2003 2658 consideratur
2018 2631 2054 2658 ut
2067 2627 2191 2659 habens
2214 2626 2248 2658 in
2271 2636 2369 2660 causa
2391 2627 2504 2660 necea-
2558 2631 2559 2635 ’

1427 2672 1565 2708 sitatem,
1589 2680 1657 2702 non
1685 2676 1795 2702 autem
1825 2671 2091 2712 contingentiam,
2115 2672 2302 2714 praesertim
2332 2672 2507 2714 loquendo

1427 2715 1468 2747 de
1492 2716 1596 2747 causis
1619 2715 1805 2747 naturaliter
1832 2716 2013 2757 agentibus:
2038 2725 2115 2747 nam
2142 2725 2239 2748 causa
2266 2722 2314 2748 est
2339 2716 2385 2749 ad*

1426 2761 1608 2792 necessario
1625 2761 1771 2801 sequitur
1793 2760 1927 2792 effectus
1942 2760 2089 2792 deductis
2105 2761 2356 2802 impedimentis.
2381 2761 2423 2793 Et
2446 2770 2503 2794 co-

1426 2815 1583 2846 gnoscere
1607 2806 1799 2846 contingens
1821 2806 1884 2836 isto
1908 2805 2010 2837 modo
2034 2814 2102 2837 non
2127 2811 2174 2838 est
2200 2815 2399 2847 cognoscere
2423 2816 2503 2839 eon-

1427 2851 1553 2892 tingens
1577 2856 1613 2881 ut
1637 2851 1830 2892 contingens
1853 2856 1911 2887 est,
1934 2850 1991 2883 sed
2014 2855 2052 2882 ut
2082 2851 2309 2883 necessarium.
2340 2851 2504 2893 Loquitur

1427 2901 1537 2927 autem
1561 2894 1697 2927 Sanctus
1720 2894 1866 2926 Thomas
1890 2894 1931 2926 de
1954 2895 2156 2936 contingent-i
2179 2901 2216 2927 ut
2239 2896 2432 2938 contingens
2454 2901 2504 2929 est

1426 2941 1459 2971 in
1485 2949 1542 2971 sua
1566 2949 1672 2976 causa,
1690 2949 1758 2971 non
1775 2945 1884 2971 autem
1901 2946 1938 2971 ut
1953 2940 2177 2972 necessitatem
2193 2940 2291 2972 habet
2306 2941 2338 2972 in
2356 2950 2408 2972 ea:
2426 2941 2503 2983 quia

1426 2991 1505 3016 tunc
1529 2985 1626 3015 etiam
1642 2990 1678 3016 ut
1693 2984 1841 3016 futurum
1857 2993 1916 3026 per
1931 2983 2158 3017 certitudinem
2175 2986 2330 3026 cognosci
2345 2989 2463 3026 potest.
2478 3001 2502 3010 -

1427 3030 1488 3061 Ista
1504 3030 1675 3070 responsio
1691 3029 1801 3060 haberi
1825 3035 1933 3071 potest
1949 3039 1988 3061 ex
2003 3030 2096 3061 tertia
2119 3031 2243 3061 ratione
2266 3029 2401 3062 inferius
2414 3031 2433 3049 ¹*
2447 3030 2503 3062 ad*-

1427 3073 1586 3106 ducenda.
2494 3078 2498 3081 '

1483 3119 1584 3150 Aliter
1607 3119 1703 3150 etiarn
1721 3118 1784 3150 dici
1800 3124 1923 3160 potest:
1940 3119 2062 3151 scilicet
2078 3119 2169 3160 quod
2185 3124 2263 3151 tunc
2287 3129 2363 3151 non>
2377 3122 2501 3161 cogno*

1427 3164 1526 3195 scitur
1549 3165 1741 3204 contingens
1764 3170 1801 3195 ut
1824 3163 1982 3200 futurum,
2006 3164 2063 3196 sed
2086 3169 2122 3195 ut
2144 3172 2305 3205 praesens.
2322 3164 2410 3203 Quia
2430 3173 2500 3196 non

1427 3214 1535 3250 potest
1557 3208 1821 3239 certitudinaliter
1837 3209 1991 3249 cognosci
2008 3218 2104 3240 causa
2123 3208 2217 3240 nullo
2233 3208 2335 3240 modo
2349 3208 2500 3250 impediri

1427 3264 1444 3285 a
1468 3253 1685 3294 productione
1709 3252 1852 3290 effectus,
1868 3254 1930 3285 nisi
1947 3253 2080 3295 quando
2105 3254 2312 3294 cognoscitur
2334 3262 2439 3294 usque
2460 3253 2500 3285 ad

1426 3298 1530 3340 ipsam
1553 3298 1806 3338 productionem
1837 3297 1972 3330 effectus
2001 3295 2159 3330 inclusive
2181 3297 2273 3339 quod
2304 3307 2372 3329 non
2396 3298 2500 3340 impe-

1427 3343 1526 3374 ditur:
1549 3344 1584 3374 in
1609 3343 1756 3384 quolibet
1779 3344 1867 3374 enim
1889 3343 2020 3374 instanti
2042 3341 2247 3384 praecedenti
2267 3348 2374 3383 potest
2395 3343 2500 3384 impe-

1427 3388 1495 3419 diri.
1522 3388 1562 3419 Et
1585 3388 1631 3419 sic
1655 3388 1866 3428 cognoscitur
1888 3385 2021 3419 effectus
2044 3391 2081 3418 ut
2103 3395 2265 3427 praesens.

1485 3442 1513 3464 2.
1538 3432 1590 3464 Ad
1607 3432 1788 3464 secundum
1800 3433 1818 3449 ⁴*
1833 3432 1950 3464 dicitur
1965 3431 2057 3473 quod
2072 3432 2105 3473 ly
2122 3436 2158 3463 ut
2171 3432 2316 3472 positum
2332 3432 2367 3463 in
2383 3441 2499 3464 conse-

1426 3483 1547 3517 quente
1570 3477 1741 3518 dupliciter
1763 3481 1871 3519 potest
1893 3476 2044 3517 intelligi:
2069 3476 2186 3517 primo,
2203 3481 2240 3507 ut
2263 3475 2397 3508 denotet
2420 3485 2499 3508 con-

1426 3521 1584 3553 ditionem
1608 3522 1772 3563 cognitam
1795 3521 1837 3552 de
1866 3527 1915 3558 ret
1938 3520 2095 3556 secundo.
2118 3526 2156 3552 ut
2179 3521 2312 3553 denotet
2340 3521 2499 3553 rationem

1426 3566 1625 3597 certitudinis
1649 3575 1688 3597 ex
1703 3571 1795 3607 parte
1809 3566 1855 3596 rei
1878 3565 2036 3606 cognitae.
2053 3565 2163 3597 Primo
2186 3565 2299 3603 modo,
2318 3575 2431 3597 sensus
2453 3572 2500 3598 est

1426 3611 1516 3651 quod
1532 3611 1631 3647 Deus,
1648 3608 1881 3651 cognoscendo
1897 3609 1988 3651 quod
2003 3610 2219 3642 Antichristus
2235 3611 2304 3650 erit,
2330 3612 2500 3652 cognoscit

1397 3677 1399 3694 ,
1427 3654 1651 3686 futuritionem
1684 3654 1882 3691 Antichristi,
1914 3659 1947 3685 et
1977 3664 2045 3686 non
2077 3655 2185 3686 solum
2215 3656 2462 3687 Antichristum.
2476 3673 2501 3679 —

2532 613 2541 621 “
2564 611 2701 638 ISentent„
2723 612 2747 635 d.

2532 640 2632 662 xxtvm.
2660 644 2683 667 q.
2710 644 2748 667 m,

2532 665 2608 687 conci.
2625 672 2643 687 i.

2533 1057 2628 1106 ἷυῑὶρὛ

2634 1056 2750 1107 εἳὲἳῒ

2533 1117 2637 1133 xxxvm:
2654 1098 2751 1133 «1:³1².-

2627 1143 2692 1192 4⁴33
2706 1136 2753 1186 {⁶3

2529 1143 2614 1192 za..

2532 1190 2668 1219 sepum.

2534 1286 2543 1295 ‘
2557 1284 2594 1307 Cf.
2610 1290 2634 1308 a.
2643 1291 2668 1308 v.

2533 1311 2750 1368 team

2529 3032 2539 3042 ·
2553 3030 2590 3053 α.
2606 3036 2671 3054 nun.
2687 3037 2731 3055 νιι,

2527 3432 2536 3440 ·
2551 3429 2623 3453 Nun.
2642 3435 2678 3457 ut.
2697 3429 2743 3453 Ar·-
