2768 4134
32 456 43 467 ³
61 455 119 483 cap.
138 461 175 481 vu
194 454 247 477 nid.

35 488 75 510 '¹¹'
89 488 103 510 9
114 487 166 510 'qq-

2 3115 3 3139 3
32 3101 40 3139 'J
51 3102 97 3138 ss.
106 3109 163 3131 teat.
171 3109 248 3129 etur.

865 289 1054 327 SUMMA
1082 292 1303 332 CONTRA
1332 295 1607 346 GENTILES,
1637 299 1748 337 CAP.
1768 301 1881 339 XCII.

275 376 382 402 tamen
408 369 547 410 proprie
570 368 684 399 virtus.
709 367 798 398 Tum
821 367 898 408 quia
923 379 988 399 non
1020 377 1066 401 est
1093 371 1220 403 habitus
1244 374 1349 404 electi-

276 425 344 451 vus,
370 424 429 445 nec
452 413 615 444 inclinans
639 412 683 444 ad
706 412 888 443 electiones.
905 431 927 434 —
946 413 1034 444 Tum
1057 416 1134 455 quia
1150 417 1348 454 Aristoteles,

276 460 412 491 IEthic.
425 460 452 494 ἢ
471 463 601 499 partem
632 456 820 488 sensitivam
847 466 869 487 a
900 457 1018 488 virtute
1041 460 1194 491 excludit.
1218 479 1239 483 -
1262 461 1350 492 Tum

275 505 353 547 quia
371 503 544 545 passiones
566 507 644 533 sunt
666 501 763 532 etiam
787 501 820 531 in
845 502 1022 538 voluntate,
1045 503 1221 534 secundum
1237 504 1364 547 Augu-'

276 550 407 585 sunum,
424 548 496 579 XIV
513 547 553 578 de
571 547 640 577 Ciu.
660 546 732 582 Dei,
750 555 820 586 cap.
838 556 858 575 v
874 551 905 576 et
918 556 965 576 vn
992 552 1023 576 et
1044 547 1092 577 sic
1115 549 1273 588 oportebit
1295 559 1350 580 eas

277 592 441 637 [virtutes]
455 593 552 624 etiam
566 592 599 622 in
613 591 781 622 voluntate
790 600 928 631 ponere.
938 608 961 612 —
972 590 1060 621 Tum
1075 592 1152 632 quia
1169 593 1350 624 moderatio

270 639 466 681 passionum
482 636 590 677 magis
604 635 812 666 attribuenda
835 640 883 666 est
905 635 1067 666 voluntati
1083 646 1179 676 quam
1196 638 1351 678 appetitui

275 683 449 716 sensitivo:
472 687 504 712 et
526 682 573 711 sic
596 690 664 711 non
687 685 763 710 sunt
786 679 959 720 ponendae
982 680 1015 710 in
1040 680 1112 720 ipso
1128 682 1261 712 virtutes
1276 692 1351 722 pro-

277 734 348 770 pter
371 726 631 758 moderationem
658 724 772 755 talium
796 725 996 765 passionum.

333 772 487 812 Sequitur
516 779 593 811 ergo
625 769 742 800 falsum
775 779 843 800 esse
875 768 967 810 quod
993 769 1046 799 hic
1070 769 1196 806 dicitur,
1220 771 1351 807 scilicet,

276 818 410 848 virtutes
433 814 623 846 huiusmodi
646 824 716 845 esse
738 815 772 844 in
796 819 886 855 parte
909 813 1069 845 sensitiva.

335 861 366 894 3.
385 860 451 892 Sed
473 861 553 891 haec
576 864 766 900 argumenta
787 869 857 890 non
881 864 1013 899 cogunt.
1038 858 1090 889 Ad
1106 859 1248 898 primum
1265 860 1352 889 enim

277 906 404 943 dicitur,
421 911 458 937 ut
473 905 584 936 haberi
606 910 714 945 potest
731 914 769 935 ex
786 903 932 935 doctrina
951 903 1061 935 Sancti
1077 903 1226 934 Thomae
1247 904 1353 934 Prima

277 950 458 987 Secundae,
476 959 508 991 q.
524 960 586 986 Lvr,
603 959 632 980 a.
645 958 678 988 4,
694 948 735 979 ad
750 958 782 988 4,
799 947 891 990 quod
906 948 1048 989 aliquem
1064 948 1211 979 habitum
1227 949 1352 979 bonum

278 1006 347 1028 esse
372 996 545 1027 electivum
568 993 741 1035 dupliciter
760 999 868 1034 potest
890 993 1038 1034 intelligi:
1063 1002 1132 1023 uno
1148 993 1260 1030 modo,
1277 994 1353 1033 quia

278 1047 326 1073 est
348 1041 497 1082 proxime
520 1045 626 1070 rectae
650 1039 818 1070 electionis
841 1038 1027 1074 directivus;
1052 1038 1116 1068 alio
1139 1038 1251 1074 modo,
1278 1039 1353 1078 quia

278 1087 411 1128 praebet
438 1085 636 1127 principium
666 1089 772 1114 rectae
804 1083 983 1114 electionis.
1012 1082 1066 1113 Ad
1095 1083 1247 1113 virtutem
1275 1092 1352 1123 ergo

278 1131 396 1163 sufficit
411 1130 503 1172 quod
518 1130 619 1160 altero
635 1130 772 1160 istorum
787 1128 965 1160 modorum
981 1128 1021 1158 sit
1035 1127 1163 1158 habitus
1184 1127 1351 1159 electivus:

278 1186 348 1208 non
371 1182 482 1207 autem
511 1174 686 1216 requiritur
708 1173 798 1214 quod
822 1179 963 1214 utroque
992 1172 1094 1203 modo
1125 1172 1280 1203 electivus
1303 1173 1352 1203 sit.

278 1221 363 1254 Nam
383 1219 553 1262 prudentia
569 1224 616 1250 est
631 1219 759 1250 habitus
775 1218 930 1250 electivus
954 1218 1060 1258 primo
1079 1216 1196 1248 modo:
1221 1218 1353 1248 virtutes

278 1271 388 1298 autem
403 1265 483 1296 aliae
498 1264 647 1301 morales,
665 1273 749 1304 quae
773 1269 848 1294 sunt
870 1264 903 1294 in
927 1263 1074 1304 appetitu
1097 1263 1262 1298 sensitivo,
1279 1268 1354 1293 sunt

277 1311 406 1342 habitus
422 1309 549 1341 electivi
564 1308 709 1340 secundo
725 1307 843 1345 modo3
867 1308 990 1340 faciunt
1005 1308 1094 1338 enirn
1112 1313 1233 1338 rectam
1249 1308 1354 1338 inten-

277 1356 403 1388 &onem
412 1351 465 1386 de*
475 1353 551 1390 fine,
567 1363 652 1395 quae
675 1354 814 1385 intentio
830 1359 878 1384 est
893 1353 1091 1394 principium
1114 1353 1192 1383 recti
1215 1352 1353 1388 consilii,

277 1400 424 1441 rectique
438 1399 562 1435 iudicii,
575 1405 607 1430 et
623 1403 862 1440 consequenter
877 1398 1046 1429 electionis
1061 1403 1177 1428 rectae.
1190 1396 1285 1428 Unde
1296 1406 1353 1427 ne-

275 1451 371 1488 gatur
393 1444 485 1486 quod
507 1444 635 1475 habitus
659 1444 717 1484 qui
740 1449 787 1474 est
810 1443 844 1474 in
867 1449 958 1484 parte
981 1442 1132 1474 sensitiva
1149 1451 1218 1473 non
1234 1443 1274 1473 sit
1289 1442 1354 1472 ele-

277 1489 392 1527 ctivus‚
408 1498 518 1531 neque
533 1487 575 1519 ad
595 1494 717 1519 rectam
741 1487 937 1519 electionem
955 1487 1099 1524 inclinet,
1116 1493 1256 1518 remote:
1280 1486 1355 1518 licet

277 1535 426 1579 proxime
448 1543 518 1565 non
540 1534 674 1564 inclinet
697 1532 736 1564 ad
760 1534 875 1574 ipsam.

332 1578 385 1611 Ad
399 1577 582 1611 secundum
598 1577 716 1609 dicitur
739 1577 830 1618 quod
846 1577 1067 1618 Philosophus
1089 1577 1209 1608 ibidem
1229 1583 1354 1618 partem

275 1624 461 1656 sensitivam
491 1623 759 1664 apprehensivam
791 1622 931 1654 excludit
955 1633 973 1653 a
995 1623 1124 1658 virtute,
1148 1632 1216 1653 non
1245 1628 1354 1653 autern

275 1674 402 1712 partem
424 1669 645 1710 appetitivam.
670 1668 776 1699 Immo
806 1669 876 1708 ipse
905 1667 1056 1698 concedit
1087 1668 1121 1698 in
1152 1673 1242 1708 parte
1269 1677 1354 1708 quae

276 1719 351 1747 nata
381 1719 430 1745 est
459 1712 593 1744 obedire
622 1713 750 1749 rationi,
774 1713 926 1744 virtutem
950 1722 1031 1743 esse.
1055 1712 1144 1743 Talis
1174 1718 1283 1743 autem
1307 1718 1355 1744 est

274 1759 440 1802 appetitus
462 1757 678 1789 intellectivus
702 1763 734 1789 et
756 1757 936 1788 sensitivus.

331 1803 384 1835 Ad
406 1803 539 1834 tertium
562 1802 680 1833 dicitur
702 1802 793 1843 quod
816 1802 906 1833 nulla
929 1802 1036 1842 passio
1061 1807 1108 1832 est
1131 1802 1165 1832 in
1186 1802 1353 1833 voluntate

274 1849 473 1890 inquantum
496 1848 604 1889 passio
629 1853 689 1878 est:
715 1847 772 1878 sed
795 1848 879 1878 bene
902 1852 978 1877 sunt
1000 1847 1034 1877 in
1057 1847 1127 1887 ipsa
1147 1846 1247 1887 aliqui
1263 1852 1353 1878 actus

273 1893 440 1936 simplices
463 1893 696 1924 convenientes
719 1901 797 1923 cum
827 1892 1033 1934 passionibus
1057 1897 1217 1932 quantum
1240 1891 1280 1922 ad
1304 1892 1353 1923 ul-

274 1938 390 1971 timam
413 1937 637 1969 differentiam.

332 1982 385 2015 Ad
408 1988 561 2024 quartum
585 1981 702 2013 dicitur
725 1980 818 2022 quod
845 1981 959 2022 utique
991 1986 1099 2022 potest
1129 1981 1162 2012 in
1186 1981 1352 2012 voluntate

274 2027 392 2070 aliquis
414 2027 543 2059 habitus
565 2026 712 2068 generari
735 2036 804 2068 quo
827 2026 974 2057 firmatur
996 2031 1108 2056 contra
1123 2026 1301 2066 passiones,
1318 2031 1353 2057 ut

274 2073 394 2105 dicitur
417 2071 567 2104 Secunda
583 2070 764 2108 Secundae,
786 2080 818 2112 q.
835 2081 904 2107 ειν,
922 2081 950 2102 a.
972 2078 999 2101 ι.
1024 2070 1088 2102 Sed
1111 2077 1220 2102 tamen
1243 2070 1353 2102 nullus

274 2118 346 2149 talis
369 2118 498 2148 habitus
520 2117 617 2147 habet
640 2116 799 2147 rationem
823 2117 962 2147 virtutis:
988 2116 1064 2156 quia
1091 2125 1159 2146 non
1189 2115 1352 2157 complete

275 2162 403 2204 perficit
425 2162 607 2203 appetitum
631 2162 716 2192 circa
739 2166 869 2192 motum
893 2161 1098 2202 passionum3
1123 2161 1223 2191 virtus
1243 2166 1351 2192 autem

274 2208 407 2249 proprie
431 2212 478 2238 est
502 2207 534 2237 in
558 2206 612 2237 illa
635 2206 782 2247 potentia
797 2206 831 2236 in
847 2215 912 2246 qua
928 2211 1176 2237 consummatur
1190 2215 1276 2246 opus
1291 2206 1353 2236 vir-

274 2253 363 2290 tutis,
387 2257 424 2283 ut
446 2251 564 2282 dicitur
586 2251 693 2282 Prima
716 2250 896 2287 Secundae,
921 2260 952 2291 q.
970 2261 1032 2287 ινι,
1053 2260 1080 2281 a.
1103 2251 1132 2282 5.
1150 2250 1256 2286 Unde,
1277 2251 1353 2291 quia

275 2307 360 2340 opus
383 2297 578 2338 appetitivae
601 2295 726 2326 virtutis
750 2296 834 2326 circa
857 2296 1024 2337 passiones
1046 2296 1079 2325 in
1103 2296 1251 2336 appetitu
1281 2305 1353 2326 sen-

274 2343 371 2374 sitivo
395 2346 653 2377 consummatur,
678 2346 714 2370 ut
737 2340 858 2371 ibidem
881 2340 1009 2378 dicitur,
1034 2340 1108 2371 ideo
1131 2340 1165 2371 in
1188 2341 1261 2381 ipso
1278 2346 1353 2371 sunt

274 2387 409 2419 virtutes
432 2395 517 2427 quae
541 2386 625 2416 circa
649 2386 816 2426 passiones
839 2392 924 2416 sunt.

331 2431 386 2463 IV.
410 2431 581 2470 Quantum
604 2429 644 2460 ad
667 2430 850 2461 secundum
872 2431 900 2467 ³,
924 2435 1016 2461 notat
1045 2429 1184 2460 Sanctus
1207 2429 1352 2460 Thomas

275 2476 367 2518 quod
383 2477 516 2507 virtutes
531 2474 750 2506 moderativae
774 2475 964 2516 passionum
980 2484 1064 2516 quae
1081 2481 1156 2506 sunt
1171 2475 1352 2506 secundum

274 2521 521 2553 inclinationem
545 2521 708 2561 appetitus
730 2520 765 2550 in
787 2520 923 2561 aliquod
950 2519 1120 2560 corporale
1147 2521 1272 2550 bonum
1297 2519 1352 2550 de-

274 2566 422 2599 lectabile
453 2565 635 2597 secundum
666 2574 809 2600 sensum,
834 2570 870 2596 ut
897 2565 1064 2601 sobrietas,
1088 2565 1224 2601 castitas,
1249 2565 1352 2595 conti-

274 2611 396 2647 nentia,
420 2611 644 2651 temperantia,
659 2618 722 2640 nec
745 2610 877 2650 proprie
900 2619 961 2641 nec
984 2609 1206 2650 metaphorice
1223 2608 1263 2640 de
1279 2609 1351 2639 Deo

276 2655 442 2687 dicuntur:
469 2665 545 2686 cum
569 2660 600 2686 et
623 2655 707 2685 circa
730 2655 898 2695 passiones
920 2655 998 2692 sint;
1019 2660 1051 2685 et
1066 2663 1134 2685 non
1151 2655 1191 2685 sit
1206 2654 1351 2694 accipere

274 2701 308 2732 in
321 2701 395 2731 Deo
411 2699 656 2731 similitudinem
672 2700 816 2740 ipsarum
831 2699 1014 2730 secundum
1030 2700 1172 2740 aliquem
1189 2698 1350 2729 effectum.

274 2746 418 2777 Virtutes
442 2754 520 2776 vero
543 2744 762 2776 moderativae
785 2745 976 2786 passionum
1006 2744 1188 2775 secundum
1217 2744 1351 2774 inclina-

274 2791 402 2822 tionem
417 2790 581 2831 appetitus
595 2790 631 2820 in
646 2789 781 2830 aliquod
796 2790 961 2830 spirituale
973 2790 1111 2825 bonum,
1123 2795 1160 2820 ut
1175 2794 1223 2819 est
1234 2789 1351 2824 honor,

275 2835 472 2870 dominium,
489 2835 634 2871 victoria,
650 2833 803 2871 vindicta,
821 2840 853 2866 et
867 2834 930 2866 alia
952 2833 1152 2869 huiusmodi,
1170 2834 1252 2864 circa
1269 2842 1352 2874 quo-

275 2890 350 2912 rum
373 2880 555 2921 appetitum
579 2885 627 2910 est
649 2878 818 2916 fortitudo,
845 2881 1102 2920 magnanimitas,
1123 2877 1352 2912 mansuetudo,

276 2930 310 2956 et
330 2924 531 2961 huiusmodi,
557 2925 705 2964 quamvis
728 2925 762 2955 in
786 2924 859 2955 Deo
883 2925 1015 2965 proprie
1030 2934 1099 2955 non
1115 2924 1188 2959 sint,
1205 2932 1245 2953 eo
1263 2921 1353 2962 quod

276 2970 340 3001 sint
363 2971 446 3001 circa
469 2971 648 3010 passiones,
673 2969 826 3000 dicuntur
849 2974 958 3000 tamen
981 2969 1205 3010 metaphorice
1220 2968 1253 2997 in
1270 2967 1352 2998 Scri-

277 3020 373 3056 ptura
396 3015 436 3046 de
459 3015 544 3051 Deo,
568 3020 702 3055 propter
732 3014 978 3045 similitudinem
1010 3014 1154 3045 effectus.
1185 3013 1220 3042 ln
1244 3012 1352 3042 Primo

277 3061 367 3091 enim
381 3060 520 3101 Regum,
537 3069 609 3100 cap.
621 3070 654 3096 n,
672 3059 799 3096 dicitur,
816 3060 893 3090 Non
911 3065 959 3090 est
966 3060 1075 3101 fortis
1090 3059 1174 3089 sicut
1189 3058 1280 3088 Deus
1295 3066 1353 3087 no-

276 3109 362 3141 ster,·
383 3111 415 3135 et
438 3105 538 3136 Mich.
557 3106 628 3142 vr',
649 3104 806 3142 Quaerite
821 3110 1037 3140 mansuetum,
1054 3103 1201 3145 quaerite
1223 3102 1352 3132 bonum.

334 3149 383 3180 Ex
397 3150 436 3180 iis
453 3155 551 3191 patet,
569 3159 645 3180 cum
661 3149 779 3181 dicitur
799 3149 907 3181 Prima
923 3149 1027 3185 Parte,
1044 3159 1075 3189 q.
1092 3159 1155 3184 xx1,
1172 3158 1200 3178 a.
1222 3154 1248 3182 1,
1266 3145 1305 3176 ad
1326 3154 1353 3181 1,

277 3191 369 3235 quod
391 3195 527 3225 virtutes
549 3204 633 3236 quae
655 3200 733 3226 sunt
754 3195 843 3226 circa
861 3195 1044 3236 passiones,
1068 3193 1151 3223 inter
1175 3201 1254 3232 quas
1275 3200 1354 3221 enu-

2391 307 2467 344 253

1403 382 1543 406 meratur
1566 381 1785 418 temperantia,
1809 381 1880 411 Deo
1911 382 2045 413 attribui
2074 393 2139 414 non
2164 391 2305 425 possunt
2331 386 2394 417 nisi
2419 397 2467 418 se-

1403 421 1543 451 cundum
1560 423 1799 462 metaphoram:
1813 435 1880 456 non
1897 427 1941 456 sic
1958 433 2005 457 est
2025 428 2268 468 intelligendum
2285 431 2375 470 quasi
2391 431 2468 462 velit

1403 464 1539 495 Sanctus
1562 466 1707 497 Thomas
1734 477 1848 499 omnes
1874 470 2062 502 huiusmodi
2084 473 2216 504 virtutes
2239 473 2278 505 de
2302 475 2373 506 Deo
2397 485 2465 506 me-

1403 509 1568 558 taphorice
1586 519 1679 549 posse
1701 511 1774 548 dici,
1798 513 1853 543 sed
1877 514 1966 554 quod
1989 513 2115 556 aliquae
2134 518 2286 558 ipsarum,
2303 519 2385 550 sicut
2400 519 2465 550 for—

1404 553 1509 583 titudo
1534 560 1566 583 et
1588 554 1784 593 huiusmodi,
1809 560 2028 599 metaphorice
2052 560 2114 591 dici
2140 568 2291 601 possunt;
2308 573 2345 594 ac
2368 564 2394 594 si
2417 564 2464 595 di-

1406 603 1543 627 ceretur:
1569 598 1642 628 Hoc
1665 609 1765 638 genus
1789 602 1941 633 virtutum
1965 610 2072 644 potest
2098 607 2315 646 metaphorice
2339 607 2402 638 dici
2425 608 2464 639 de

1405 641 1488 677 Deo,
1513 642 1587 672 licet
1610 653 1677 673 non
1701 651 1858 684 quantum
1881 647 1920 678 ad
1944 658 2057 678 omnes
2081 650 2149 680 eius
2173 652 2305 690 species.

1460 686 1499 716 V.
1520 686 1583 717 Sed
1606 687 1730 718 videtur
1753 689 1887 721 Sanctus
1915 691 2058 723 Thomas
2082 694 2140 724 sibi
2163 695 2223 734 ipsi
2247 696 2464 727 contradicere

1407 739 1444 759 ex
1468 729 1589 770 duplici
1613 733 1725 772 capite.
1750 734 1868 771 Primo,
1895 736 1970 775 quia
1993 737 2046 767 hic
2069 736 2145 768 dicit
2169 748 2236 769 esse
2259 740 2380 779 aliquas
2402 741 2464 771 vir-

1404 780 1488 825 tutes
1505 775 1715 807 moderativas
1739 780 1926 818 passionum
1950 790 2033 820 quae
2056 788 2130 812 sunt
2154 783 2236 813 circa
2258 784 2382 814 bonum
2400 786 2464 825 spi-

1405 819 1527 850 rituale.
1545 819 1695 860 Sequitur
1711 831 1786 862 ergo
1804 824 1894 863 quod
1909 834 1976 855 non
1993 835 2107 856 omnes
2122 827 2253 857 virtutes
2269 837 2351 868 quae
2366 829 2464 859 vitam

1406 864 1541 894 activam
1564 865 1704 896 hominis
1727 866 1877 907 dirigunt,
1901 869 1963 899 sint
1986 870 2103 909 quibus
2126 871 2219 901 bonis
2246 873 2465 912 corporalibus

1407 914 1491 939 recte
1515 910 1644 940 utimur.
1677 910 1779 941 Cuius
1809 914 1998 953 oppositum
2029 913 2151 945 dictum
2182 921 2228 945 est
2257 917 2403 956 superius
2431 917 2465 948 in

1406 953 1470 983 hoc
1494 955 1607 993 capite.

1463 997 1625 1033 Secundo,
1643 999 1718 1038 quia
1733 1000 1784 1030 hic
1802 1000 1886 1031 locat
1902 1002 2061 1032 honorem
2076 1002 2159 1032 inter
2175 1003 2260 1033 bona
2282 1004 2465 1044 spiritualia.

1408 1041 1555 1072 Secunda
1572 1043 1737 1074 Secundae
1754 1050 1871 1081 autem,
1889 1055 1920 1086 q.
1938 1056 2000 1082 cm,
2018 1056 2044 1077 a.
2067 1055 2094 1083 1,
2111 1046 2226 1077 dicitur
2250 1048 2338 1088 quod
2361 1049 2467 1079 honor

1408 1086 1541 1137 aliquod
1564 1088 1731 1127 corporale
1755 1089 1916 1129 importat,
1933 1100 2007 1121 cum
2032 1091 2183 1121 consistat
2198 1092 2230 1122 in
2247 1093 2466 1133 corporalibus

1408 1140 1515 1171 Signis.

1465 1185 1493 1206 2.
1511 1176 1736 1216 Respondetur
1751 1177 1840 1217 quod
1856 1179 2022 1218 corporale
2037 1180 2162 1210 bonum
2177 1179 2346 1220 dupliciter
2364 1181 2466 1222 accipi

1408 1226 1527 1260 potest:
1553 1230 1620 1251 uno
1644 1221 1754 1257 modo,
1779 1228 1876 1262 prout
1899 1223 2013 1254 dicitur
2037 1223 2076 1254 de
2100 1234 2236 1265 corpore
2259 1231 2290 1256 et
2313 1225 2352 1256 de
2375 1225 2466 1256 omni

1408 1274 1448 1295 eo
1466 1265 1555 1305 quod
1572 1266 1700 1305 corpori
1721 1266 1902 1306 adiungitur
1924 1268 2250 1309 quomodocumque;
2274 1269 2337 1300 alio
2353 1269 2464 1306 modo,

1408 1315 1444 1340 ut
1459 1309 1574 1340 dicitur
1590 1309 1629 1340 de
1646 1319 1685 1340 eo
1709 1315 1833 1341 tantum
1857 1311 1946 1351 quod
1969 1322 2064 1343 sensu
2087 1314 2196 1353 aliquo
2220 1315 2396 1344 extrinseco
2417 1323 2464 1344 se-

1408 1354 1553 1385 cundum
1576 1364 1609 1384 se
1633 1355 1755 1395 percipi
1778 1361 1893 1395 potest.
1927 1356 1967 1386 Et
1997 1367 2053 1397 per
2083 1358 2281 1398 oppositum,
2304 1358 2466 1398 spirituale

1408 1400 1533 1430 bonum
1557 1398 1727 1439 dupliciter
1750 1401 1850 1440 accipi
1873 1406 1992 1440 potest:
2017 1402 2136 1433 scilicet
2159 1412 2217 1442 pro
2241 1412 2281 1433 eo
2301 1402 2390 1443 quod
2405 1412 2465 1433 nec

1409 1449 1456 1475 est
1479 1452 1598 1483 corpus
1621 1453 1680 1474 nec
1711 1445 1837 1484 corpori
1868 1445 2063 1485 adiungitur;
2092 1452 2123 1477 et
2150 1457 2208 1487 pro
2232 1457 2271 1477 eo
2295 1447 2384 1488 quod
2406 1448 2465 1477 sub

1409 1489 1588 1520 extrinseco
1612 1498 1707 1519 sensu
1738 1489 1850 1521 cadere
1880 1490 2059 1522 secundum
2088 1500 2121 1522 se
2150 1501 2216 1522 non
2240 1497 2356 1532 potest.
2381 1491 2466 1522 Cum

1409 1544 1486 1575 ergo
1502 1534 1618 1566 dicitur
1633 1534 1764 1565 virtutes
1780 1536 1861 1566 vitae
1878 1537 1997 1567 activae
2021 1546 2088 1567 esse
2112 1537 2224 1578 quibus
2248 1537 2369 1568 utimur
2383 1541 2468 1567 recte

1408 1579 1501 1610 bonis
1523 1579 1759 1620 corporalibus,
1784 1581 1889 1620 primo
1912 1581 2013 1611 modo
2037 1581 2190 1621 accipitur
2212 1582 2335 1613 bonum
2352 1591 2469 1623 corpo-

1409 1625 1484 1655 rale.
1509 1623 1595 1654 Cum
1620 1630 1728 1654 autem
1752 1624 1867 1655 dicitur
1894 1625 1983 1665 quod
2015 1625 2139 1665 aliquae
2169 1625 2376 1657 moderantur
2397 1636 2469 1667 pas-

1408 1670 1516 1700 siones
1539 1669 1629 1699 circa
1651 1669 1837 1709 spiritualia
1860 1670 1954 1705 bona,
1979 1670 2133 1710 accipitur
2155 1671 2316 1710 spirituale
2346 1671 2469 1702 bonum

1408 1720 1445 1745 ut
1468 1713 1673 1754 distinguitur
1696 1719 1807 1744 contra
1831 1714 1996 1755 corporale
2012 1714 2155 1745 secundo
2171 1714 2271 1746 modo
2294 1721 2469 1755 sumptum,

1408 1769 1476 1790 non
1500 1764 1610 1789 autem
1634 1759 1739 1799 primo
1770 1759 1882 1790 modo.
1914 1759 2126 1799 Distinguitur
2156 1760 2242 1790 enim
2268 1760 2373 1800 passio
2397 1760 2472 1800 quia

1408 1803 1568 1844 quaedam
1586 1809 1727 1834 versatur
1751 1804 1833 1834 circa
1856 1804 1980 1834 bonum
2005 1803 2190 1834 delectabile
2206 1803 2384 1835 secundum
2400 1814 2471 1835 sen-

1408 1858 1496 1884 sum;
1520 1847 1680 1889 quaedam
1703 1858 1780 1879 vero
1805 1849 1888 1879 circa
1911 1849 2073 1889 spirituale
2096 1849 2230 1884 bonum,
2246 1849 2367 1880 scilicet
2389 1849 2472 1880 circa

1408 1895 1534 1924 bonum
1565 1892 1656 1933 quod
1686 1894 1863 1923 extrinseco
1895 1903 1990 1924 sensu
2021 1892 2199 1924 secundum
2223 1903 2256 1924 se
2278 1903 2347 1924 non
2370 1894 2471 1934 perci-

1408 1940 1509 1980 pitur;
1534 1943 1570 1968 ut
1593 1937 1728 1968 habetur
1751 1947 1789 1969 ex
1813 1937 1958 1968 doctrina
1989 1938 2095 1968 Sancti
2119 1938 2265 1968 Thomae
2287 1938 2392 1969 Prima
2415 1938 2471 1969 Se-

1408 1982 1545 2019 cundae,
1570 1991 1602 2022 q.
1625 1993 1675 2018 Lx,
1699 1992 1726 2013 a.
1753 1983 1782 2014 5.
1806 1982 1901 2013 Unde
1924 1992 1991 2013 non
2015 1988 2062 2013 est
2091 1982 2300 2013 contradictio
2329 1983 2411 2013 inter
2434 1992 2470 2013 ea

1408 2038 1492 2070 quae
1515 2028 1549 2058 in
1572 2027 1635 2057 hoc
1659 2028 1762 2068 capite
1790 2026 1949 2058 dicuntur.
1981 2027 2021 2057 Et
2050 2027 2094 2057 sic
2124 2033 2211 2067 patet
2240 2028 2407 2068 responsio
2430 2026 2470 2057 ad

1408 2074 1562 2115 primum.

1463 2117 1515 2148 Ad
1538 2116 1718 2148 secundum
1743 2115 1858 2146 dicitur
1881 2115 1970 2156 quod
1993 2116 2098 2146 honor
2121 2115 2237 2146 dicitur
2264 2116 2315 2146 hic
2345 2116 2469 2146 bonum

1407 2162 1583 2204 spirituale,
1608 2162 1684 2202 quia
1711 2160 1889 2191 secundum
1922 2170 1955 2191 se
1987 2170 2053 2191 non
2088 2161 2260 2201 percipitur
2292 2160 2468 2191 extrinseco

1407 2217 1514 2243 sensu,
1531 2206 1721 2247 accipiendo
1745 2206 1904 2236 honorem
1928 2215 1987 2245 pro
2012 2206 2079 2245 ipsa
2103 2205 2287 2236 reverentia.
2312 2205 2367 2235 Est
2383 2205 2469 2235 enirn
2502 2214 2505 2215 ⁷

1407 2252 1584 2284 reverentia
1603 2257 1693 2282 actus
1716 2251 1853 2281 timoris:
1879 2255 1910 2280 et
1933 2259 2027 2280 sensu
2043 2259 2110 2280 non
2126 2250 2301 2290 percipitur
2315 2250 2375 2280 nisi
2392 2249 2470 2280 dum

1407 2303 1482 2328 actu
1505 2306 1562 2338 per
1586 2297 1763 2327 extrinseca
1786 2296 1874 2335 signa
1897 2294 2126 2325 manifestatur.
2152 2294 2208 2325 Est
2230 2300 2337 2324 autem
2354 2303 2470 2334 corpo-

1407 2343 1471 2373 rale
1495 2342 1619 2372 bonum
1643 2340 1749 2381 primo
1773 2339 1888 2370 modo:
1914 2340 1989 2379 quia
2005 2339 2168 2380 corporeis
2184 2339 2280 2378 signis
2296 2344 2343 2369 est
2359 2338 2470 2368 adiun-

1408 2394 1488 2423 ctus,
1502 2396 1540 2417 ex
1553 2386 1671 2426 quibus
1684 2389 1715 2415 et
1731 2385 1905 2415 reverentia
1917 2383 1952 2414 fit
1965 2393 2066 2414 unum
2084 2382 2258 2424 quoddam.
2276 2383 2311 2413 In
2323 2382 2470 2414 Secunda

1407 2430 1575 2463 Secundae
1599 2436 1708 2460 autem
1731 2429 1887 2469 accipitur
1902 2429 2008 2459 honor
2024 2438 2083 2468 pro
2099 2428 2175 2468 ipsis
2191 2428 2312 2458 actibus
2335 2427 2470 2457 exterio-

1407 2477 1494 2507 ribus
1517 2476 1636 2516 quibus
1659 2474 1774 2514 aliquis
1797 2473 1984 2504 testificatur
2006 2473 2140 2503 alicuius
2167 2472 2395 2502 excellentiam.

1463 2521 1493 2552 3.
1523 2519 1586 2551 Sed
1616 2519 1756 2550 occurrit
1787 2517 1873 2548 aliud
1903 2517 2048 2548 dubium.
2072 2517 2188 2547 Honor
2220 2517 2306 2547 enim
2332 2516 2469 2546 maxime

1407 2566 1560 2596 convenit
1575 2564 1657 2594 Deo.
1683 2563 1715 2594 Si
1739 2572 1815 2602 ergo
1839 2563 1945 2592 honor
1968 2562 2007 2591 sit
2030 2561 2196 2601 corporale
2220 2562 2344 2591 bonum
2363 2560 2468 2600 primo

1406 2610 1518 2646 modo,
1543 2609 1619 2649 quia
1643 2613 1690 2638 est
1713 2606 1834 2647 aliquid
1858 2615 2019 2636 annexum
2035 2606 2177 2645 corpori;
2200 2610 2231 2634 et
2247 2605 2288 2635 ob
2311 2605 2375 2634 hoc
2390 2613 2468 2634 con-

1406 2659 1594 2686 numeratur
1615 2653 1698 2682 inter
1721 2652 1806 2681 bona
1829 2649 2018 2690 corporalia,
2035 2650 2067 2679 in
2092 2658 2231 2689 quorum
2248 2658 2308 2679 usu
2324 2647 2469 2678 consistit

1406 2701 1470 2730 vita
1493 2699 1608 2729 activa:
1634 2697 1778 2736 sequitur
1802 2695 1891 2735 quod
1921 2695 2044 2724 bonum
2075 2693 2252 2733 corporale,
2276 2693 2367 2722 cuius
2390 2700 2466 2722 usus

1406 2743 1544 2785 pertinet
1567 2742 1606 2772 ad
1629 2741 1727 2771 vitam
1750 2741 1896 2775 activam,
1921 2739 2073 2769 convenit
2096 2738 2177 2768 Deo.
2210 2737 2359 2767 Similiter
2389 2745 2466 2766 con-

1406 2789 1512 2819 veniet
1535 2787 1594 2817 sibi
1619 2786 1800 2816 dominium
1824 2790 1855 2814 et
1877 2782 2029 2813 vindicta:
2052 2791 2134 2822 quae
2149 2791 2279 2812 necesse
2300 2786 2346 2811 est
2361 2779 2466 2811 dicere

1407 2832 1586 2873 corporalia
1610 2832 1696 2861 bona
1719 2839 1787 2860 esse
1811 2829 1916 2869 primo
1941 2827 2052 2863 modo,
2076 2836 2151 2857 cum
2174 2827 2256 2857 circa
2276 2835 2313 2856 ea
2328 2826 2390 2855 sint
2404 2825 2466 2854 vir-

1407 2883 1491 2908 tutes
1506 2876 1653 2907 morales.
1671 2874 1734 2906 Sed
1749 2875 1844 2905 huius
1857 2873 2045 2913 oppositum
2058 2871 2180 2902 dictum
2196 2876 2242 2900 est
2258 2879 2362 2910 supra.
2379 2869 2465 2909 Ergo

1407 2927 1462 2953 aut
1486 2927 1533 2952 est
1557 2919 1781 2951 contradictio:
1806 2923 1860 2949 aut
1882 2918 1941 2948 ista
1964 2916 2054 2947 nullo
2078 2915 2177 2946 modo
2200 2920 2274 2946 sunt
2290 2913 2466 2954 corporalia

1407 2968 1493 2997 bona
1517 2965 1556 2996 ad
1579 2965 1711 2995 virtutes
1734 2965 1817 2994 vitae
1841 2963 1961 2993 activae
1985 2961 2184 3001 pertinentia.

1462 3009 1691 3050 Respondetur
1714 3007 1813 3048 quod,
1838 3007 1913 3037 licet
1935 3004 2122 3036 huiusmodi
2139 3005 2234 3038 bona,
2251 3011 2333 3042 quae
2350 3010 2465 3041 corpo-

1408 3055 1485 3086 ralia
1507 3056 1594 3085 bona
1617 3054 1727 3094 aliquo
1750 3051 1851 3083 modo
1875 3051 2033 3086 dicuntur,
2058 3050 2128 3079 Deo
2152 3048 2373 3078 attribuantur:
2398 3054 2465 3075 non

1408 3106 1516 3131 tarnen
1533 3100 1594 3139 ipsi
1610 3098 1807 3129 conveniunt
1823 3102 1975 3136 tanquam
1992 3095 2115 3125 bonum
2130 3094 2236 3132 ipsum
2258 3089 2464 3131 perficientia,

1409 3145 1491 3175 sicut
1515 3149 1589 3174 sunt
1613 3143 1753 3173 hominis
1777 3142 1872 3171 bona.
1896 3141 1936 3170 Et
1958 3139 1998 3170 ad
2021 3139 2107 3169 hunc
2130 3145 2258 3167 sensum
2282 3134 2402 3165 dictum
2419 3138 2467 3164 est

1409 3188 1596 3219 huiusmodi
1619 3188 1705 3218 bona
1729 3185 1908 3226 corporalia
1931 3184 2001 3214 Deo
2025 3192 2092 3212 non
2116 3180 2296 3211 convenire.
