2768 4134
45 2233 55 2242 ·
72 2231 143 2253 Num.
159 2237 193 2253 ιιι.

49 3263 58 3272 “
74 3261 132 3289 Cup.
142 3268 218 3290 praec.

301 292 374 318 110

350 356 538 397 Respondet
561 360 669 386 autem
686 353 777 394 quod
791 353 973 385 intellectus
990 358 1100 385 noster
1116 352 1157 385 de
1175 353 1248 393 ipso
1268 352 1371 385 multa

295 402 483 441 concipiens
504 409 572 431 non
594 404 641 430 est
656 397 754 430 falsus
777 399 886 438 neque
901 407 1020 429 vanus:
1045 398 1122 438 quia
1137 396 1285 428 divinum
1301 406 1370 428 asse

293 446 429 486 simplex
452 443 641 475 huiusmodi
657 449 704 473 est
719 448 755 474 ut
772 443 801 473 ei
825 442 1006 474 secundum
1030 441 1151 474 formas
1174 442 1370 483 multiplices

294 491 402 530 aliqua
426 489 591 520 assimilari
614 488 749 529 possint.

349 534 534 565 Secundum
558 533 690 564 dubium
714 537 770 563 est.
795 532 857 563 Ista
875 532 1011 563 nomina
1026 532 1147 563 habent
1161 531 1249 562 idem
1272 531 1370 571 signi-

293 578 441 610 ficatum:
467 578 543 618 quia
566 587 635 609 rem
665 577 802 608 omnino
834 585 934 607 unam
957 575 1149 617 significant.
1180 576 1267 616 Ergo
1295 580 1371 606 sunt

293 632 486 665 synonyma.

347 666 537 708 Respondet
560 666 651 707 quod
673 676 741 698 non
766 671 813 697 est
836 665 950 697 eadem
965 665 999 696 in
1016 665 1170 697 omnibus
1185 665 1253 696 istis
1273 665 1370 705 signi-

292 712 416 743 ficatio:
441 721 518 743 cum
541 721 664 743 nornen
687 713 776 752 prius
800 710 1054 750 conceptionem
1071 709 1254 740 intellectus
1273 710 1370 750 signi-

292 756 368 789 ficet
390 766 491 797 quam
514 766 583 787 rem
605 756 813 788 intellectam.

349 801 403 833 IV.
429 801 492 834 Pro
516 800 732 832 declaratione
760 799 990 835 conclusionis,
1016 797 1288 831 considerandum
1312 803 1370 834 est,

293 856 332 877 ex
349 845 495 878 doctrina
511 845 619 877 Sancti
634 846 664 877 T
665 846 783 877 homae
798 844 948 875 Potentia
963 843 1038 880 Dei,
1056 852 1088 884 q.
1100 853 1155 879 vn,
1170 843 1200 879 5,
1217 849 1249 875 et
1263 843 1371 875 Prima

292 890 394 927 Parte,
419 900 450 931 q.
474 900 539 926 xm,
563 900 590 920 a.
614 899 647 929 4,
671 889 763 931 quod
785 889 908 920 formae
931 887 1164 919 intellectuales
1187 888 1370 920 intellectus

292 936 404 971 nomi,
422 945 439 965 a
455 935 550 966 rebus
566 936 679 966 creatis
692 939 849 970 causatae,
862 933 1078 964 assimilantur
1093 932 1275 973 aliqualiter
1285 933 1369 969 Deo,

292 981 375 1011 sicut
392 985 423 1010 et
439 979 653 1020 perfectiones
676 980 766 1020 ipsae
781 989 800 1009 a
820 979 938 1019 quibus
962 983 1148 1008 causantur:
1174 977 1266 1018 quod
1282 978 1368 1008 enim

293 1030 340 1056 est
363 1024 468 1055 simile
498 1025 565 1060 uni,
590 1025 781 1056 assimilatur
804 1029 837 1055 et
859 1023 889 1054 ei
912 1023 965 1053 cui
996 1022 1077 1054 illud
1106 1027 1155 1054 est
1181 1021 1296 1059 simile,
1320 1023 1370 1055 in·

293 1074 452 1110 quantum
475 1069 592 1099 similia
614 1075 703 1105 sunt;
728 1069 755 1099 si
778 1069 866 1098 enim
889 1067 998 1099 Sortes
1021 1067 1133 1098 similis
1163 1072 1212 1098 est
1241 1066 1370 1098 Platoni

291 1114 326 1145 in
349 1113 506 1150 albedine,
532 1118 563 1144 et
586 1113 677 1144 Plato
701 1114 734 1144 in
758 1112 907 1144 albedine
929 1111 1042 1143 similis
1065 1117 1114 1143 est
1136 1111 1272 1148 Socrati,
1290 1121 1369 1143 con-

291 1167 431 1198 sequens
455 1163 503 1188 est
525 1163 562 1188 ut
585 1157 693 1188 Sortes
717 1158 813 1189 etiam
829 1157 954 1188 Socrati
969 1157 1004 1187 in
1020 1155 1168 1187 albedine
1191 1156 1304 1188 similis
1319 1157 1368 1188 sit.

293 1202 379 1233 Cum
404 1212 480 1243 ergo
505 1203 627 1243 species
643 1203 824 1233 intellectus
840 1202 941 1232 nostri
957 1202 1021 1232 sint
1036 1200 1263 1232 similitudines
1281 1210 1369 1233 crea-

290 1252 446 1283 turarum,
476 1252 507 1277 et
537 1247 609 1277 illae
642 1247 705 1277 sint
735 1246 895 1287 quaedam
926 1245 1113 1276 deficientes
1142 1245 1369 1276 similitudines

291 1292 362 1326 Dei,
387 1292 533 1332 sequitur
556 1291 646 1332 quod
669 1293 757 1332 ipsae
782 1292 906 1332 species
929 1291 992 1321 sint
1016 1291 1113 1321 etiam
1144 1290 1304 1331 quaedam
1328 1291 1370 1321 si-

290 1336 487 1367 militudines
516 1336 586 1366 Dei.
618 1335 761 1374 Quando
791 1341 901 1366 autem
931 1335 1114 1366 intellectus
1144 1345 1202 1376 per
1229 1334 1369 1366 formam

290 1381 523 1421 intelligibilem
547 1381 643 1411 alicui
666 1381 713 1412 rei
735 1381 938 1417 assimilatur,
962 1380 1197 1421 conceptiones
1214 1390 1301 1421 quae
1319 1390 1369 1413 se-

291 1425 436 1456 cundum
460 1425 548 1456 illam
572 1426 714 1466 speciem
737 1425 929 1461 formantur,
953 1430 1030 1456 sunt
1053 1425 1150 1456 etiam
1179 1425 1224 1456 rei
1257 1425 1369 1456 simili-

290 1470 419 1501 tudines
442 1469 603 1510 quaedam
627 1476 659 1501 et
681 1471 727 1501 rei
750 1480 825 1501 vere
849 1470 1076 1506 attribuuntur,
1102 1474 1158 1500 aut
1181 1470 1369 1511 simpliciter

291 1520 346 1545 aut
369 1515 663 1556 proportionaliter.
688 1515 741 1546 Sic
765 1525 853 1555 ergo,
878 1525 955 1546 cum
978 1515 1160 1546 intellectus
1189 1524 1228 1546 ex
1258 1515 1369 1546 simili-

290 1559 402 1590 tudine
425 1560 459 1590 in
483 1568 517 1590 se
549 1560 704 1590 existente
736 1559 855 1590 format
886 1565 1085 1600 conceptum
1115 1564 1290 1596 creaturae,
1314 1559 1369 1591 ille

291 1609 470 1645 conceptus
494 1609 542 1634 est
565 1604 745 1644 aliqualiter
768 1610 948 1645 conceptus
971 1604 1043 1640 Dei,
1068 1603 1125 1635 sed
1148 1604 1368 1645 imperfectus,

290 1649 366 1680 licet
394 1649 436 1679 sit
466 1654 628 1680 creaturae
661 1648 869 1691 adaequatus.
900 1649 948 1680 Ex
978 1649 1035 1682 illo
1066 1654 1176 1680 autem
1205 1655 1368 1691 conceptu

291 1699 454 1724 creaturae
479 1692 596 1724 format
619 1694 800 1725 intellectus
824 1699 1023 1735 conceptum
1046 1694 1108 1725 Dei
1131 1693 1273 1725 eundem
1289 1704 1369 1725 con·

291 1739 401 1779 ceptui
418 1743 580 1769 creaturae
597 1747 665 1769 non
681 1738 879 1780 simpliciter,
896 1738 952 1770 sed
968 1738 1268 1780 proportionaliter:
1286 1740 1369 1770 sicut

291 1782 405 1814 eadem
429 1788 477 1813 est
499 1783 656 1823 perfectio
681 1783 742 1814 Dei
772 1789 805 1814 et
836 1789 999 1815 creaturae
1027 1783 1321 1824 proportionaliter.

346 1828 421 1859 Hoc
445 1833 492 1858 est
515 1837 592 1868 ergo
617 1827 707 1868 quod
735 1828 843 1869 inquit
869 1828 1006 1859 Sanctus
1030 1828 1186 1864 Thomas,
1211 1829 1368 1869 quoniam

290 1882 333 1903 ex
355 1882 393 1903 eo
417 1872 506 1913 quod
522 1872 705 1903 intellectus
715 1873 911 1913 perducitur
926 1873 971 1904 ad
985 1872 1249 1915 cognoscendum
1261 1874 1368 1904 Deum

290 1927 333 1948 ex
349 1917 608 1959 perfectionibus
632 1922 874 1954 creaturarum,
893 1927 957 1959 per
979 1918 1126 1949 diversas
1140 1918 1369 1959 conceptiones

290 1967 322 1993 et
344 1962 533 2002 aliqualiter
556 1962 777 1992 assimilatur:
792 1963 869 2003 quia
885 1962 1034 1993 videlicet
1057 1962 1249 1999 intellectus,
1266 1962 1368 1993 infor-

289 2011 394 2036 matus
417 2006 586 2046 speciebus
615 2012 843 2043 creaturarum,
874 2006 991 2039 format
1021 2012 1201 2048 conceptus
1231 2006 1270 2038 de
1295 2007 1367 2038 Deo

287 2052 553 2091 proportionatos
577 2051 790 2091 conceptibus
814 2057 1042 2087 creaturarum,
1059 2061 1098 2083 ex
1122 2052 1241 2093 quibus
1256 2052 1290 2082 in
1307 2051 1368 2083 Dei

289 2095 512 2136 cognitionem
535 2095 775 2132 manuducitur,
799 2096 879 2127 dum
903 2096 1085 2127 considerat
1100 2096 1133 2127 id
1149 2096 1241 2137 quod
1263 2102 1312 2127 est
1334 2097 1367 2127 in

289 2140 440 2171 creaturis
471 2146 623 2181 oportere
654 2150 723 2172 esse
746 2142 780 2172 in
804 2141 887 2178 Deo,
912 2147 1068 2182 tanquam
1091 2142 1124 2172 in
1156 2151 1263 2178 causa,
1288 2142 1368 2173 emi-

288 2185 428 2215 nentiori
451 2185 563 2216 modo.

344 2230 383 2260 V.
413 2229 582 2267 Quantum
614 2230 654 2261 ad
682 2230 879 2261 solutionem
911 2231 1007 2271 primi
1036 2230 1125 2261 dubii
1141 2231 1168 2267 ⁹,
1198 2229 1367 2262 sciendum

288 2273 379 2315 quod
398 2274 579 2305 intellectus
595 2276 628 2306 in
649 2275 865 2315 concipiendo
889 2274 1005 2306 dicitur
1018 2275 1145 2317 salsus,
1170 2274 1303 2315 quando
1322 2276 1367 2306 rei

289 2319 463 2349 convenire
487 2325 667 2360 conceptus
690 2329 758 2350 non
782 2325 904 2359 potest:
929 2325 966 2350 ut
990 2320 1015 2350 si
1039 2319 1079 2350 de
1103 2320 1237 2350 homine
1257 2320 1367 2351 conci-

288 2372 399 2404 perem
416 2363 506 2403 quod
523 2369 606 2395 esset
624 2364 742 2395 animal
765 2364 958 2395 irrationale.
975 2364 1101 2395 Dicitur
1121 2370 1230 2395 autem
1251 2374 1366 2401 vanus,

289 2408 421 2448 quando
446 2409 655 2449 conceptioni
679 2418 755 2439 suae
779 2409 858 2439 nihil
887 2410 920 2439 in
949 2418 982 2439 re
1014 2408 1259 2450 correspondet:
1285 2410 1367 2441 sicut

288 2452 322 2483 in
346 2452 563 2493 concipiendo
588 2453 793 2490 chimaeram,
818 2453 897 2484 nihil
922 2454 1058 2484 enimin
1075 2463 1109 2484 re
1133 2454 1293 2485 chimaera
1309 2460 1366 2485 est.

765 275 954 314 SUMMA
984 273 1207 312 CONTRA
1236 272 1513 319 GENTlLES,
1544 272 1657 311 CAP.
1678 273 1837 321 XXXV,
1857 273 2031 312 XXXVI.

1425 351 1610 382 Intellectus
1633 360 1711 392 ergo
1734 357 1845 385 noster
1866 352 1900 383 in
1924 350 2097 383 formando
2121 350 2231 391 plures
2254 357 2434 392 conceptus
2466 353 2507 384 de

1425 395 1498 426 Deo
1521 404 1590 426 uno
1615 396 1771 429 existente
1793 402 1826 428 et
1847 396 1988 437 simplici
2013 405 2083 426 non
2106 400 2155 426 est
2178 394 2290 426 falsus:
2316 396 2404 436 quia,
2423 398 2508 428 sicut

1423 450 1492 472 non
1516 445 1676 480 repugnat
1691 441 1761 473 eius
1776 441 1973 481 simplicitati
1989 439 2080 481 quod
2099 439 2243 472 diversae
2263 445 2296 473 et
2309 441 2507 482 multiplices

1424 484 1550 516 formae
1573 490 1792 518 creaturarum
1816 486 1847 518 ei
1869 486 2095 521 assimilentur,
2119 485 2164 516 ita
2190 485 2260 516 eius
2291 485 2407 517 unitati
2437 496 2506 518 non

1423 535 1583 570 repugnat
1605 535 1643 560 ut
1665 530 1697 560 ei
1718 528 1862 563 diversae
1886 531 2120 571 conceptiones
2144 529 2257 561 formis
2288 535 2507 563 creatura-um

1425 574 1692 615 proportionatae
1714 575 1938 606 attribuantur.
1962 575 2051 606 Cum
2074 575 2163 607 enim
2186 583 2302 606 omnes
2318 573 2442 608 formae
2457 576 2507 608 in-

1423 618 1618 659 telligibiles,
1638 617 2099 659 perfectiones-cremitarum
2127 625 2416 660 repraesentantes,
2441 622 2506 652 sint

1425 663 1523 695 etiam
1555 662 1783 695 similitudines
1812 663 1966 704 aliquales
1995 664 2069 702 Dei,
2093 665 2328 705 conceptiones
2357 674 2439 705 quas
2467 675 2507 697 ex

1424 708 1486 739 illis
1509 709 1679 748 speciebus
1704 707 1745 739 de
1767 707 1841 739 Deo
1864 708 2047 742 intellectus
2070 709 2199 746 format,
2218 710 2415 750 inquantum
2433 710 2507 742 illae

1424 753 1549 794 species
1572 752 1800 784 similitudines
1815 753 1885 785 eius
1900 758 1986 790 sunt,
2002 754 2049 786 illi
2063 764 2139 786 vere
2161 755 2393 787 attribuuntur:
2415 756 2507 795 quic-

1425 797 1505 839 quid
1529 799 1617 829 enim
1640 797 1824 829 intellectus
1847 796 1888 829 de
1911 806 1946 829 re
1970 799 2115 839 concipit
2137 808 2178 831 ex
2199 799 2270 831 eius
2288 800 2397 840 specie
2412 800 2507 832 intel-

1424 843 1547 884 ligibili,
1571 843 1618 874 rei
1641 842 1807 874 verissime
1831 842 2024 874 attribuitur.

1481 887 1635 919 Similiter
1657 897 1726 918 non
1750 893 1799 918 est
1828 896 1942 918 vanus.
1973 887 2059 918 Nam
2087 887 2205 920 talibus
2235 890 2507 930 conceptionibus

1423 932 1547 973 aliquid
1570 931 1746 973 respondet
1767 933 1803 963 in
1825 941 1870 964 re.
1894 931 1986 964 Sicut
2007 932 2097 963 enim
2119 931 2279 970 divinitas,
2301 943 2368 965 una
2383 939 2416 966 et
2430 934 2507 966 sim-

1424 977 1599 1018 plicissima
1622 978 1772 1014 existens,
1795 977 1893 1008 habet
1916 982 1953 1007 ut
1975 976 2020 1007 illi
2044 985 2161 1007 omnes
2184 982 2404 1009 creaturamm
2433 988 2507 1019 per-

1424 1021 1583 1054 fectiones
1606 1022 1832 1058 assimilentur,
1855 1022 2052 1062 inquantum
2074 1021 2116 1052 ab
2138 1021 2209 1062 ipsa
2231 1021 2410 1062 wedunae
2431 1028 2508 1055 sunt

1424 1072 1458 1099 et
1480 1067 1696 1107 exemplatae;
1720 1067 1764 1098 ita
1787 1067 1885 1098 habet
1900 1071 1936 1098 ut
1952 1065 1992 1097 de
2008 1067 2078 1107 ipsa
2094 1065 2238 1098 diversae
2261 1068 2506 1108 conceptiones,

1423 1110 1614 1152 imperfecte
1629 1117 1740 1143 tamen
1763 1117 1795 1142 et
1817 1110 2032 1152 inadaequate
2056 1111 2127 1143 eius
2148 1117 2299 1143 naturam
2320 1121 2508 1153 reptam-

1423 1161 1538 1192 tantes,
1562 1155 1696 1188 formari
1718 1156 1855 1197 possint.

1480 1200 1586 1238 Unde,
1610 1201 1638 1231 si
1661 1206 1834 1241 quaeratur
1857 1206 1969 1232 utrum
1991 1199 2209 1241 perfectiones
2232 1201 2426 1242 importatae
2458 1201 2507 1233 dir

1424 1246 1522 1276 versis
1545 1246 1734 1276 nominibus
1757 1245 1859 1276 ullam
1882 1245 1916 1276 in
1940 1245 2013 1276 Deo
2037 1245 2170 1276 rationis
2193 1245 2435 1277 distinctionem
2450 1246 2507 1276 ha-

1424 1291 1531 1327 beant,
1545 1290 1670 1321 dicetur
1681 1290 1773 1331 quod
1788 1290 1950 1321 actualem
1965 1289 2100 1331 quidem
2116 1289 2359 1321 distinctionem
2374 1291 2507 1321 rationis

1423 1335 1458 1366 in
1481 1335 1648 1366 intellectu
1673 1340 1837 1366 creaturae
1860 1335 1991 1372 habent,
2009 1336 2086 1376 quia
2102 1336 2276 1376 conceptio
2292 1345 2362 1366 non
2378 1341 2427 1367 est
2441 1335 2507 1366 for-

1423 1380 1551 1412 maliter
1573 1386 1606 1411 et
1628 1380 1806 1412 subiective
1828 1380 1864 1412 in
1878 1389 1914 1412 re
1936 1380 2110 1417 intellecta,
2126 1380 2183 1412 sed
2198 1381 2232 1411 in
2247 1380 2430 1411 intellectu:
2450 1379 2507 1412 sed

1423 1426 1459 1456 in
1472 1425 1544 1466 ipsa
1565 1434 1600 1456 re
1623 1425 1743 1456 habent
1763 1424 2005 1456 distinctionem
2027 1422 2311 1456 fundamentaliter
2333 1430 2366 1456 et
2387 1426 2507 1456 virtua-

1423 1470 1505 1506 liter,
1526 1470 1722 1510 inquantum
1745 1470 1815 1510 ipsa
1838 1479 1888 1501 res
1911 1476 1959 1501 est
1982 1470 2052 1500 talis
2075 1476 2112 1501 ut
2135 1469 2176 1501 de
2199 1471 2269 1511 ipsa
2292 1469 2408 1501 diversi
2427 1479 2507 1501 con·

1424 1520 1548 1556 ceptus,
1568 1514 1758 1556 imperfecte
1775 1524 1848 1546 eam
1871 1520 2157 1556 repraesentantes,
2174 1516 2214 1546 ab
2230 1515 2397 1559 intellectu
2413 1514 2506 1546 finito

1424 1565 1457 1590 et
1479 1560 1617 1590 limitato
1641 1559 1774 1590 formari
1796 1560 1932 1600 possint.

1480 1604 1534 1636 VI.
1548 1604 1719 1643 Quantum
1736 1603 1776 1635 ad
1791 1605 2011 1635 remotionem
2031 1604 2167 1636 secundi
2187 1604 2278 1636 dubii
2290 1605 2317 1641 *,
2335 1604 2506 1636 sciendum

1424 1649 1515 1691 quod
1537 1658 1662 1681 nomen
1686 1649 1803 1680 dicitur
1817 1649 1908 1690 prius
1931 1648 2111 1690 significare
2135 1650 2388 1692 conceptionem
2411 1649 2506 1682 intel-

1423 1693 1526 1725 lectus
1550 1703 1650 1735 quam
1673 1703 1743 1725 rem
1765 1693 1974 1731 intellectam,
1990 1703 2059 1725 non
2075 1694 2153 1734 quia
2175 1694 2246 1735 ipse
2269 1700 2450 1736 conceptus
2464 1694 2506 1727 sit

1423 1739 1555 1780 proprie
1578 1748 1628 1769 res
1651 1737 1840 1779 significata,
1857 1744 1983 1769 constat
1999 1739 2097 1775 enim,
2114 1748 2191 1770 cum
2214 1738 2353 1771 dicimus
2375 1739 2505 1772 Sortem

1423 1793 1493 1814 esse
1515 1783 1696 1819 hominem,
1713 1793 1782 1814 non
1798 1792 1868 1814 esse
1884 1792 2015 1814 sensum
2032 1783 2123 1824 quod
2138 1783 2248 1815 Sortes
2267 1783 2308 1815 sit
2329 1784 2504 1826 conceptio

1422 1828 1619 1859 intellectus:
1645 1827 1702 1859 sed
1725 1829 1802 1869 quia
1825 1833 1873 1859 est
1896 1827 1930 1859 id
1953 1837 2022 1869 quo
2044 1828 2228 1860 intellectus
2240 1837 2311 1863 rem
2335 1827 2504 1870 signifieat,

1422 1882 1490 1904 non
1515 1874 1603 1904 enim
1622 1873 1726 1913 ipsam
1749 1872 1907 1913 significat
1922 1873 1984 1904 nisi
1999 1873 2045 1904 sic
2059 1873 2101 1904 ab
2116 1873 2283 1905 intellectu
2298 1879 2504 1915 conceptam.

1424 1918 1466 1949 Et
1487 1917 1563 1948 ideo
1587 1918 1734 1958 sequitur
1757 1917 1849 1957 quod
1871 1917 1965 1958 plura
1987 1918 2123 1949 nomina
2145 1917 2232 1950 dicta
2249 1917 2290 1950 de
2310 1918 2383 1950 Deo
2405 1928 2505 1961 syno-

1423 1971 1523 2004 nyma
1545 1971 1614 1993 non
1638 1967 1726 1993 sunt:
1752 1962 1828 2003 quia
1851 1961 2001 1993 videlicet
2024 1971 2093 1993 non
2117 1961 2205 1994 idem
2228 1963 2366 1995 omnino
2382 1962 2504 2005 signifi?

1423 2012 1507 2037 cant.
1539 2006 1631 2037 Licet
1663 2006 1750 2038 enim
1783 2015 1833 2037 res
1866 2006 1983 2037 ultimo
2007 2005 2185 2048 significata
2208 2007 2249 2038 sit
2271 2008 2410 2039 omnino
2437 2017 2505 2040 una

1423 2050 1605 2082 secundum
1627 2060 1673 2087 se,
1699 2051 1776 2092 quia
1798 2060 1865 2082 una
1887 2051 2024 2092 simplex
2049 2051 2198 2082 divinitas
2220 2061 2279 2092 per
2309 2052 2420 2084 omnia
2448 2052 2504 2085 ina

1422 2096 1558 2127 nomina
1581 2095 1793 2136 significatur:
1819 2101 2000 2137 conceptus
2022 2101 2132 2127 tamen
2151 2097 2272 2138 quibus
2287 2097 2504 2130 mediantibus

1422 2150 1473 2173 res
1495 2140 1704 2181 significatur,
1720 2141 1830 2181 plures
1845 2146 1922 2172 sunt
1940 2146 1972 2172 et
1987 2141 2194 2182 multiplices.
2218 2141 2320 2180 Quod
2334 2151 2412 2175 sane
2426 2142 2504 2176 facit

1423 2186 1492 2227 ipsa
1516 2195 1700 2227 synonyma
1723 2195 1791 2217 non
1815 2193 1896 2217 esse.

1479 2230 1661 2269 Quomodo
1685 2236 1795 2261 autem
1818 2240 1868 2262 res
1891 2231 2045 2262 omnibus
2067 2231 2135 2262 istis
2162 2231 2352 2263 nominibus
2381 2231 2503 2274 signifi-

1423 2281 1493 2306 cata
1517 2275 1655 2306 omnino
1675 2284 1741 2306 una
1765 2276 1818 2312 sit;
1842 2285 1910 2307 non
1935 2281 2152 2317 oporteatque
2175 2276 2318 2317 aliquam
2341 2277 2502 2309 actualem

1423 2319 1664 2350 distinctionem
1689 2329 1773 2360 quae
1797 2320 1836 2351 sit
1859 2330 1899 2352 ex
1927 2325 2042 2352 natura
2070 2320 2117 2352 rei
2146 2330 2281 2362 ponere,
2305 2326 2342 2353 ut
2371 2321 2501 2359 Scotus,

1424 2364 1434 2394 l
1452 2364 1552 2401 Sene„
1570 2364 1600 2395 d.
1617 2375 1650 2401 n,
1663 2374 1695 2405 q.
1712 2374 1754 2401 rv,
1771 2371 1803 2396 et
1819 2365 1850 2396 d.
1866 2375 1932 2402 vm,
1949 2374 1981 2406 q.
1998 2375 2042 2402 m,
2063 2366 2190 2406 posuit:
2208 2367 2283 2397 satis
2299 2372 2347 2397 est
2365 2366 2405 2397 ab
2421 2366 2501 2404 aliis,

1421 2410 1607 2450 praesertim
1631 2419 1650 2440 a
1673 2409 1848 2450 Capreolo,
1874 2410 1885 2441 1
1907 2410 2007 2447 Sem„
2032 2410 2063 2441 d.
2080 2420 2145 2447 vm,
2170 2420 2201 2451 q.
2223 2421 2265 2448 ιν,
2290 2411 2500 2452 disputatum.

1422 2453 1499 2484 ldeo
1522 2454 1792 2495 praetermittatur
1816 2455 1895 2486 haec
1919 2455 2067 2496 quaestio
2091 2464 2152 2496 pro
2175 2465 2274 2487 nunc.

1368 2525 1421 2566 ,W

673 2607 1163 2684 CAPITULUM
1200 2628 1728 2687 TRIGEsmUM
1765 2630 2116 2688 SEXTUM

1286 2722 1317 2752 A
1333 2721 1382 2752 8r
1415 2732 1434 2753 a
1492 2746 1499 2753 .

341 2783 657 2837 QUALITER
680 2783 1108 2828 INTELLECTUS
1131 2786 1379 2829 NOSTER
1401 2731 1489 2829 Di}
1510 2787 1639 2829 DEO
1662 2788 2163 2831 PROPOSITIONEM
2186 2788 2441 2832 FORMET

426 2926 431 2933 ,
476 2901 522 2927 x
550 2889 626 2927 hoc
654 2888 771 2927 etiam
799 2888 959 2926 ulterius
987 2897 1091 2939 patet
1118 2891 1227 2940 quod
1256 2890 1363 2928 intel-

392 2943 403 2957 ⁴
517 2944 637 2980 lectus
665 2950 796 2980 noster
823 2943 871 2980 de
900 2943 986 2980 Deo
1015 2943 1178 2994 simplici
1206 2957 1288 2982 non
1323 2944 1363 2982 in

324 3030 330 3042 ,
415 3033 429 3047 ⁴
481 3011 484 3014 ¹
517 3008 666 3034 vanum
703 2995 988 3034 enuntiationes
1023 2997 1165 3036 format
1200 3010 1362 3049 compo-

321 3048 327 3060 ¹
516 3050 648 3088 nendo
691 3057 727 3087 et
769 3049 998 3098 dividendo,
1035 3052 1217 3101 quamvis
1254 3053 1363 3091 Deus

289 3101 453 3141 omnino
483 3103 530 3141 sit
557 3103 733 3154 simplex.

343 3157 536 3204 Quamvis
564 3169 736 3207 namque
765 3156 977 3196 intellectus
997 3167 1128 3198 noster
1146 3159 1186 3197 in
1206 3159 1279 3198 Dei
1298 3172 1362 3198 co-

288 3209 499 3258 gnitionem
520 3224 591 3261 per
608 3211 781 3249 diversas
806 3211 1080 3261 conceptiones
1109 3213 1300 3262 deveniat,
1320 3222 1365 3252 ut

289 3262 437 3302 dictum
457 3272 512 3302 est
525 3265 557 3309 ¹⁸,
578 3265 749 3314 intelligit
766 3272 898 3303 tamen
918 3265 956 3302 id
977 3267 1084 3316 quod
1104 3267 1289 3305 omnibus
1309 3267 1364 3306 eis

290 3318 508 3367 respondet,
533 3319 698 3358 omnino
725 3331 852 3357 unurn
880 3331 980 3357 esse:
1011 3332 1093 3358 non
1121 3321 1226 3359 enim
1256 3321 1363 3360 intel-

290 3371 410 3408 lectus
428 3372 593 3410 modum
616 3385 696 3423 quo
717 3372 886 3422 intelligit
914 3373 1030 3411 rebus
1058 3374 1228 3413 attribuit
1255 3374 1364 3414 intel·
1379 3393 1405 3407 ιο

290 3425 410 3471 lectis;
439 3426 536 3464 sicut
555 3439 627 3464 nec
646 3426 763 3477 lapidi
782 3426 1156 3476 immaterialitatem,
1181 3429 1364 3479 quamvis

291 3489 384 3515 eum
412 3478 711 3519 immaterialiter
739 3489 956 3530 cognoscat.
994 3483 1042 3519 Et
1076 3482 1165 3520 ideo
1194 3482 1249 3520 rei
1277 3483 1363 3521 uni-

345 3598 362 3624 9
381 3599 461 3617 unum
476 3597 540 3625 post
559 3602 618 3620 esse
638 3595 699 3621 nPc.
796 3596 944 3622 intellectus
963 3603 1006 3622 om
1026 3597 1073 3623 Bb.

291 3626 425 3652 veritatem
445 3630 577 3661 componit
596 3638 642 3663 per
660 3632 783 3665 copulam
803 3632 831 3658 Z.

348 3661 361 3687 3
382 3668 421 3687 est
439 3670 502 3689 casu
522 3665 594 3690 deest
614 3666 639 3690 in
660 3667 692 3692 Α.

1385 3122 1394 3143 5

1173 3604 1206 3623 ιο
1225 3596 1373 3632 intellectis]
1393 3598 1540 3624 intellectus
1560 3599 1608 3630 «E,
1627 3606 1670 3624 om
1691 3598 1764 3625 DsG.

782 3675 798 3701 9
818 3673 843 3693 et
862 3668 912 3702 hic]
933 3667 975 3693 hic
994 3668 1038 3700 Zb,
1058 3674 1084 3694 et
1101 3669 1152 3694 hoc
1171 3669 1205 3701 G,
1223 3669 1249 3694 in
1268 3669 1318 3695 hoc
1337 3669 1386 3696 Pa.

1417 2899 1536 2929 tatem
1578 2892 1763 2943 proponit
1803 2905 1875 2943 per
1914 2893 2243 2944 compositionem
2284 2894 2496 2944 verbalem,

1418 2957 1520 2996 quae
1539 2954 1595 2983 est
1614 2946 1819 2985 identitatis
1838 2955 1942 2995 nota,
1957 2959 2050 2985 cum
2069 2948 2171 2995 dicit,
2188 2949 2291 2986 Deus
2309 2954 2361 2986 est
2378 2951 2498 2988 bonus

1417 3000 1480 3037 vel
1498 3001 1660 3038 bonitas:
1678 3000 1728 3039 ita
1748 3001 1868 3051 quod,
1889 3001 1920 3039 si
1939 3013 2019 3052 qua
2038 3010 2095 3040 est
2113 3001 2314 3040 diversitas
2333 3002 2372 3040 in
2391 3014 2497 3042 corn-

1416 3052 1622 3104 positione,
1652 3054 1701 3093 ad
1737 3054 1973 3094 intellectum
2008 3055 2203 3104 referatur,
2239 3055 2367 3094 unitas
2401 3068 2497 3095 vero

1418 3107 1468 3145 ad
1487 3120 1571 3146 rem
1590 3107 1833 3147 intellectam.
1861 3109 1911 3148 Et
1929 3121 1977 3148 ex
1996 3110 2069 3148 hac
2088 3109 2236 3150 ratione
2256 3110 2496 3161 quandoque

1417 3160 1632 3199 intellectus
1659 3170 1791 3200 noster
1817 3163 2126 3202 enuntiationem
2159 3164 2208 3202 de
2241 3164 2328 3202 Deo
2355 3163 2497 3202 format

1419 3226 1511 3252 cum
1539 3215 1669 3266 aliqua
1697 3216 1926 3255 diversitatis
1953 3225 2056 3265 nota,
2080 3217 2410 3270 praepositionem
2439 3216 2496 3256 in-

1418 3270 1676 3319 terponendo,
1706 3278 1750 3308 ut
1777 3282 1869 3309 cum
1897 3270 2047 3318 dicitur,
2076 3273 2233 3310 Bonitas
2261 3277 2312 3310 est
2338 3273 2376 3309 in
2395 3271 2498 3309 Deo.-

1419 3322 1512 3373 quia
1549 3331 1586 3362 et
1622 3322 1686 3362 hic
1722 3323 1945 3374 designatur
1980 3324 2109 3375 aliqua
2145 3323 2364 3373 diversitas,
2394 3337 2496 3376 quae

1418 3377 1604 3427 competit
1623 3377 1841 3425 intellectui,
1857 3386 1895 3416 et
1909 3378 2038 3429 aliqua
2052 3377 2191 3426 unitas,
2207 3391 2328 3429 quam
2343 3386 2497 3430 oportet

1419 3430 1469 3468 ad
1498 3443 1581 3468 rem
1611 3431 1762 3469 referre.

1862 3605 1893 3624 η
1914 3597 2039 3624 unitatem
2058 3599 2181 3633 proponit
2199 3607 2247 3634 per
2265 3599 2495 3635 componit'mnem]

2534 1602 2543 1612 '¹
2557 1600 2631 1624 Nam.
2646 1606 2684 1623 ιιι.
