2664 4120
189 337 286 372 prore
307 331 343 361 in
365 331 439 371 ipso
462 334 564 366 textu,
588 328 690 360 nitide
714 329 784 360 sine
806 329 954 359 maculis.
980 329 1015 359 In
1039 329 1115 367 fine,
1140 329 1271 362 defectu

189 375 295 417 spatii,
310 374 358 406 nil
373 375 452 406 nisi:
471 386 487 402 ι
502 382 608 416 usque
619 373 657 404 in
671 373 911 414 sempiternum
927 386 954 403 ›.
980 374 1126 406 Primum
1142 374 1271 413 folium,

189 426 281 452 recto
304 419 427 456 album,
459 428 554 450 verso
578 417 744 449 Tabulam
766 418 855 448 Libri
880 418 892 448 1
916 419 1090 449 continens
1113 420 1147 450 in
1170 427 1272 451 manu

191 465 357 507 scriptoris
379 469 497 501 textus,
514 473 583 494 non
600 468 648 494 est
663 472 737 503 pars
754 463 851 503 primi
868 461 1025 499 fasciculi,
1046 462 1272 496 sexternionis.

191 511 240 541 Ex
273 515 365 541 textu
397 514 490 550 patet
521 509 716 549 scriptorem
750 507 882 548 saepius
920 513 1063 538 mutasse
1097 509 1273 550 exemplar.

191 555 315 586 Textus
339 553 553 594 componitur
566 562 606 583 ex
631 561 654 583 σι
677 557 711 583 et
734 549 757 591 β
778 557 823 592 et,
846 552 880 582 in
904 552 1067 592 principio
1091 552 1128 583 L.
1147 555 1184 592 ll,
1208 554 1272 595 pA.

248 599 276 631 E
296 598 340 630 id.
365 598 409 629 id.
432 606 511 639 790,
535 597 622 629 med.
653 597 802 628 Primum
832 596 951 627 folium
979 596 1143 627 adiectum
1171 604 1219 630 est
1243 603 1275 628 et

192 643 356 675 Tabulam
366 643 456 674 Libri
468 642 483 673 1
495 642 645 674 continet
657 652 676 673 a
687 650 790 673 manu
801 642 940 678 recenti;
953 642 1079 682 primus
1090 641 1276 679 fasciculus,

191 688 365 725 sexoemio,
385 696 484 719 sanus
507 693 565 718 est.
591 687 627 718 ln
650 687 730 718 fine:
752 699 766 714 ι
785 686 942 727 usquein
958 686 1195 727 sempiternum
1211 687 1276 718 Ex-

190 734 284 775 plicit
301 733 400 764 Liber
414 731 520 764 editus
536 742 555 763 a
569 731 666 763 fratre
681 732 796 763 thoma
814 736 930 762 contra
943 731 1082 772 gentiles
1097 744 1125 762 ι.
1150 732 1276 763 Paucae

192 778 423 815 correctiones,
451 782 484 808 et
498 777 540 808 ab
554 777 618 809 alia
641 786 752 808 manu.
769 776 913 808 Pertinet
927 776 1046 818 partim
1061 775 1102 806 ad
1119 785 1142 807 σι
1158 777 1276 818 partim

193 829 227 855 et
246 821 469 865 principaliter
491 821 532 853 ad
555 820 594 861 βε
619 822 759 864 scriptor
781 821 850 853 duo
874 820 1071 863 exemplaria
1094 821 1278 852 adhibuerit

188 877 386 900 successive.

248 913 274 944 F
297 912 341 944 id.
366 911 410 944 id.
432 911 551 952 10139,
567 911 654 943 med.
670 912 799 943 Paucae
819 910 1053 948 correctiones,
1070 919 1089 941 a
1105 911 1277 952 scriptore;

195 957 371 990 columnae
395 957 490 988 lineis
512 957 758 998 quinquagenis
779 954 891 987 ternis.
915 955 1022 987 Purus
1046 964 1079 986 α..

251 1002 284 1034 G
312 1002 356 1034 id.
387 1000 431 1033 id.
462 1009 541 1043 791,
571 1001 658 1033 med.
689 1003 775 1034 Ante
802 1000 966 1032 Tabulam
990 1000 1028 1031 L.
1053 1000 1067 1031 1
1098 1001 1198 1031 rubro
1223 1000 1279 1031 de-

193 1048 287 1079 trito:
315 1059 330 1075 ‹
350 1047 468 1088 Incipit
482 1051 639 1078 tractatus
651 1045 736 1088 (iiis)
757 1046 872 1078 thome
886 1044 928 1077 de
952 1045 1076 1086 aquino
1099 1045 1187 1077 bone
1211 1055 1280 1077 me-

194 1093 300 1124 morie
331 1097 446 1124 contra
475 1091 613 1133 gentiles
637 1091 650 1134 (
672 1093 686 1122 i
708 1091 722 1135 )
744 1092 779 1124 in
801 1088 868 1122 fide
895 1090 1057 1122 catholica
1087 1096 1229 1122 errantes
1251 1104 1279 1121 ».

195 1138 231 1169 ln
246 1136 314 1169 fine
326 1137 440 1178 nigro:
461 1148 478 1164 ε
492 1134 636 1178 Explicit
647 1141 804 1168 tractatus
820 1135 862 1167 de
876 1136 1012 1167 veritate
1026 1134 1104 1167 fidei
1119 1135 1282 1167 catholice

194 1185 315 1214 eontra.
332 1189 459 1214 errores
480 1179 664 1213 infidelium
688 1191 748 1223 per
772 1180 844 1213 ac'ffi
868 1180 922 1222 (ex
946 1180 1043 1221 ἕτεῖι)
1066 1180 1216 1212 &romam
1240 1180 1281 1212 de

194 1227 319 1269 aquino
343 1225 482 1269 (ordinis
511 1235 608 1268 supra
635 1225 711 1269 ras.)
736 1225 873 1258 fratrum
896 1224 1155 1268 (predicatorum
1184 1233 1283 1266 supra

197 1279 278 1310 ηις
438 1269 461 1313 1)
486 1271 687 1312 compilatus
703 1284 733 1303 ι.
763 1271 908 1304 Multum
931 1275 1099 1302 correctus
1121 1275 1172 1302 est
1194 1280 1212 1302 a
1235 1270 1283 1302 di-

196 1317 312 1355 verais;
336 1316 442 1358 prima
468 1316 629 1358 scriptura
655 1317 787 1359 saepius
813 1316 954 1348 omnino
984 1315 1098 1347 abrasa
1123 1320 1182 1347 est.
1206 1315 1283 1347 Per-

197 1359 405 1402 tifnetadaebt
422 1363 434 1368 ‘

165 1404 179 1406 ”
253 1405 287 1438 H
309 1406 383 1438 Vat-
406 1405 565 1448 Dorglies.
593 1413 668 1444 112,
682 1405 772 1439 med.
788 1406 950 1439 Continet
964 1403 1130 1445 QQ.1)D.
1154 1405 1197 1437 de
1218 1405 1284 1437 Po-

198 1451 300 1483 tentia
321 1451 385 1483 Dei
407 1449 478 1483 fou.
507 1458 627 1489 i-tot,
651 1452 824 1484 Summam
842 1457 959 1483 contra
986 1449 1135 1482 Gentiles
1157 1450 1198 1482 ab
1223 1451 1285 1482 alia

197 1505 300 1528 manu
323 1495 393 1528 foll.
415 1496 478 1528 106
490 1496 601 1528 v-213
615 1507 646 1528 v.
670 1497 777 1538 Supra
803 1496 884 1528 folia
910 1495 1105 1528 intermedia
1129 1496 1211 1528 alius
1234 1495 1285 1527 in-

199 1541 311 1583 coepit
325 1540 480 1583 supplere
495 1541 630 1574 lacunas
645 1541 770 1584 longas,
790 1550 874 1584 quas
892 1550 952 1583 per
974 1541 1168 1583 scriptorem
1191 1549 1285 1573 com-

197 1586 313 1618 missas
326 1591 494 1618 eorrector
515 1594 614 1628 supra
636 1588 801 1629 margines
823 1592 973 1619 accurate
994 1591 1175 1618 notaverat.
1199 1584 1284 1618 Cor-

197 1631 362 1663 netiones
387 1631 422 1662 in
445 1632 593 1673 margine
615 1632 692 1664 satis
714 1631 850 1670 multae,
874 1642 893 1663 a
915 1632 1086 1672 scriptore.
1118 1631 1224 1663 Purus
1248 1639 1282 1663 2.

257 1675 288 1708 N
311 1675 548 1718 Norimbergae
571 1677 649 1708 bibl.
681 1676 831 1709 Civitatis
862 1676 958 1709 Cent.
983 1686 1017 1714 11,
1042 1677 1100 1714 26;
1124 1677 1284 1718 scriptum

197 1720 340 1753 dicerem
355 1729 440 1753 saec.
455 1730 511 1753 rw
532 1726 608 1754 ante
623 1720 783 1754 medium.
806 1721 1000 1754 Secundum
1015 1727 1131 1753 notam
1153 1721 1285 1754 moder-

197 1775 274 1798 nam
291 1771 324 1798 et
338 1767 508 1798 veritatem
524 1765 604 1799 folia
618 1773 696 1799 sunt
716 1767 789 1806 131,
805 1767 864 1799 sed
879 1766 1080 1808 originaliter
1095 1770 1187 1799 e'rant
1207 1767 1284 1807 143:

197 1816 276 1853 poa
296 1819 422 1844 annum
449 1810 536 1843 1818
558 1811 737 1844 duodecim
753 1811 842 1850 folia,
863 1817 959 1844 caute
982 1811 1162 1854 dextreque
1184 1813 1286 1844 recisa

197 1856 280 1898 quin
303 1855 520 1898 nrarginulam
535 1858 727 1899 pergameni
749 1857 960 1900 relinqueret,
984 1856 1118 1889 abstulit
1140 1856 1203 1895 fur,
1230 1857 1285 1889 ille

198 1901 316 1943 nequae
338 1901 402 1943 qui-
419 1907 470 1933 tot
492 1901 625 1934 codices
651 1902 871 1934 bibliothecae
894 1902 1048 1944 spoliavit
1079 1901 1135 1945 (cf.
1163 1903 1285 1944 passim

199 1945 380 1978 adversaria
402 1947 438 1978 in
460 1947 611 1989 catalogo
634 1948 713 1980 anni
735 1948 836 1988 citati,
860 1953 895 1980 et
915 1948 1026 1989 aspice
1049 1947 1200 1980 codicem
1216 1956 1287 1980 ma·

197 1990 358 2032 gnificum
381 1990 581 2024 Catholicon
605 1992 718 2030 Balbi;
743 1998 827 2035 quot
850 1991 928 2025 folia
951 1992 1103 2034 perdidit,
1127 1998 1212 2034 quot
1233 1993 1285 2024 lit-

199 2041 286 2068 teras
319 2045 389 2068 non
424 2036 594 2069 deauratas
624 2037 682 2069 sed
713 2038 870 2078 aureasl).
906 2037 1086 2080 Catalogus
1115 2037 1200 2069 libro
1230 2037 1285 2069 dat

199 2080 279 2113 folia
299 2081 374 2118 103,
396 2081 522 2114 scilicet
544 2091 566 2114 o
583 2091 622 2114 ex
637 2091 660 2123 4
683 2082 761 2115 fecit
775 2082 905 2125 lepidus
921 2083 1015 2120 latro,
1040 2088 1076 2114 ut
1098 2083 1285 2125 inspicienti

198 2125 333 2168 patebit.
354 2125 539 2158 Deficiunt:
555 2137 662 2159 unum
678 2126 797 2160 folium
820 2133 897 2160 ante
916 2127 968 2159 18.
988 2128 1042 2160 30.
1057 2137 1114 2168 4ο,
1130 2134 1164 2160 et
1186 2127 1284 2160 altera

197 2180 274 2213 pars
289 2169 478 2213 diplomatis
493 2177 569 2204 ante
583 2172 644 2212 463
660 2172 738 2204 dein
754 2172 833 2205 folia
855 2171 936 2211 duo,
961 2172 1119 2215 diploma,
1136 2178 1212 2205 ante
1227 2173 1283 2214 73,

200 2215 323 2248 damno
345 2225 415 2248 non
438 2217 611 2258 reparabili
634 2227 673 2249 ex
697 2217 767 2249 aliis
790 2217 976 2256 codicibus;
1000 2226 1107 2250 unum
1129 2223 1205 2250 ante
1228 2218 1283 2259 76.

199 2270 254 2302 9⁰·
282 2268 357 2292 102.
386 2261 459 2293 115.
480 2261 554 2294 123.
573 2262 648 2294 1251
673 2262 768 2294 Folia
785 2272 838 2304 ²4·
865 2262 918 2303 34.
943 2271 998 2304 7¹·
1023 2273 1077 2305 79.
1107 2272 1180 2295 112.
1209 2263 1283 2295 113.

203 2313 276 2337 121.
298 2313 372 2348 129,
391 2307 470 2348 quia
496 2307 622 2348 glutine
649 2313 779 2340 tanturn
809 2307 966 2350 ligaturae
988 2308 1175 2347 adhaerent,
1199 2309 1285 2350 peri-

200 2351 278 2383 culo
293 2350 444 2383 elabendi
467 2353 617 2384 subsunt.
634 2353 662 2384 E
678 2353 835 2385 tredecim
851 2353 1014 2385 fasciculis
1029 2355 1162 2386 nonnisi
1176 2354 1285 2395 primo

199 2395 350 2429 secundo
373 2401 467 2428 sexto
489 2402 522 2428 et
544 2396 676 2429 decimo
700 2397 752 2430 fur
769 2399 919 2440 pepercit
932 2403 954 2430 ¹.
978 2399 1009 2430 N
1031 2399 1135 2431 tribus
1159 2405 1287 2431 constat

200 2441 357 2482 putatus,
381 2446 415 2473 et
437 2451 456 2472 a
479 2441 607 2474 duabus
636 2443 790 2475 manibus
817 2444 959 2485 scriptus
990 2449 1048 2476 est.
1080 2444 1189 2476 Media
1212 2451 1287 2486 pars

199 2485 258 2518 sol.
287 2485 398 2526 16-78
418 2492 471 2518 est
490 2488 668 2528 antiquior,
695 2487 754 2520 sed
777 2497 846 2520 non
870 2488 978 2520 multo
993 2495 1031 2521 ut
1045 2489 1127 2521 mihi
1147 2488 1286 2521 videtur.

201 2531 296 2565 Duae
319 2536 482 2568 externae,
515 2533 612 2570 1-15,
639 2533 771 2574 79-131
808 2535 948 2576 scriptae
977 2540 1055 2566 sunt
1076 2534 1111 2566 in
1139 2534 1288 2576 comple-

201 2583 352 2609 mentum
374 2576 513 2608 mediae.
536 2577 622 2609 Nam
647 2577 765 2610 folium
786 2579 823 2611 15
841 2588 862 2610 v
877 2580 899 2610 b
922 2579 1006 2611 infra
1028 2580 1151 2611 lineam
1179 2581 1218 2612 15
1242 2580 1288 2611 al·-

201 2621 284 2653 b«-
305 2627 365 2659 est,
389 2621 452 2652 nisi
471 2622 565 2663 qnod
586 2623 748 2655 scribant
773 2625 956 2656 monitum:
983 2638 998 2652 e
1014 2625 1167 2656 omnium
1191 2634 1290 2657 causa

201 2671 240 2698 ut
261 2666 298 2698 in
319 2667 487 2708 principio
500 2667 658 2700 columne
680 2669 849 2710 sequentis
871 2670 1021 2711 sequitur
1036 2670 1092 2701 tali
1113 2670 1208 2712 signo
1233 2670 1289 2712 (si-

201 2718 305 2752 gnum
329 2716 379 2743 est
401 2711 545 2744 circulus
568 2710 671 2745 ductu
697 2714 843 2746 verticali
869 2714 1038 2756 traiectus)
1062 2720 1094 2746 et
1122 2716 1168 2746 sic
1191 2715 1289 2747 niccil

202 2755 295 2788 deest
313 2766 348 2794 »;
373 2755 491 2788 folium
507 2757 663 2790 ultimum
679 2757 828 2791 fasciculi
850 2760 992 2792 recisum
1009 2765 1068 2798 est,
1085 2761 1164 2802 quia
1186 2761 1290 2792 textui

201 2801 328 2842 pritnae
354 2802 454 2844 partis
482 2803 645 2844 capiendo
674 2803 907 2845 superfluebat.
935 2805 1061 2836 Textus
1091 2804 1290 2837 adamussim

203 2847 432 2878 continuatur:
469 2860 484 2876 α
503 2856 539 2879 se
565 2849 654 2879 enim
686 2849 922 2890 cognoscendo
952 2850 1011 2891 qui
1042 2855 1091 2882 est
1110 2849 1116 2893 Ι
1137 2850 1290 2882 omnium

202 2898 301 2922 eausa
323 2892 386 2923 alia
401 2893 495 2933 quasi
517 2902 596 2924 suos
612 2893 748 2925 effectus
763 2895 936 2936 cognoscit
953 2908 968 2922 »
988 2894 1001 2926 1
1025 2905 1096 2937 cap.
1121 2896 1175 2933 66,
1197 2894 1257 2928 185
1272 2905 1291 2927 a

206 2936 258 2967 15.
274 2935 328 2967 Ad
343 2936 423 2968 folia
446 2936 501 2977 78.
518 2947 573 2978 79.
596 2943 704 2970 textus
720 2944 769 2970 est
783 2940 962 2971 continuus
985 2940 1055 2972 sine
1070 2941 1177 2982 spatio
1192 2941 1292 2972 inter-

203 2980 331 3012 medio:
352 2994 366 3010 «
385 2991 455 3013 11011
471 2987 582 3014 tamen
599 2984 758 3024 sequitur,
774 2989 812 3015 ut
831 2983 837 3027 Ι
857 2985 963 3026 prima
978 2985 1061 3016 ratio
1081 2985 1291 3027 procedebat,

205 3025 298 3067 quod
319 3026 380 3057 iste
404 3026 539 3058 effectus
562 3028 605 3059 sit
619 3038 659 3059 ex
682 3030 875 3061 necessitate
898 3029 1028 3062 futurus
1043 3044 1058 3058 ι
1077 3030 1120 3062 111
1139 3040 1211 3074 cap.
1236 3041 1290 3073 94.

203 3070 369 3112 Scriptura
386 3070 457 3103 folii
473 3081 528 3113 79.
544 3072 656 3113 prodit
673 3074 814 3106 scribere
831 3074 1064 3116 incipientem3
1081 3075 1172 3118 quod
1196 3076 1292 3109 facile

203 3115 330 3147 videbis
351 3116 579 3158 comparando
605 3118 727 3159 primas
751 3125 784 3150 et
811 3119 945 3151 ultimas
967 3120 1070 3152 lineas
1093 3121 1175 3153 folii.
1199 3120 1292 3154 Patet

259 3256 271 3275 ¹
288 3257 366 3283 Folio
387 3257 423 3292 93
446 3266 494 3284 ora
521 3258 611 3284 infima
638 3260 755 3286 ostendit
778 3266 869 3287 notam
893 3262 1037 3289 solitariam
1065 3264 1201 3298 antiquam
1233 3273 1291 3297 101,

205 3300 278 3326 quae
294 3293 392 3319 librum
405 3294 538 3328 integrum
557 3296 692 3328 supponit.
703 3296 799 3322 Adhuc
817 3298 891 3330 prius
905 3298 967 3323 folia
980 3304 1069 3325 notata
1087 3299 1193 3326 flamm
1211 3308 1293 3335 super

205 3329 326 3364 mat-gine
343 3329 468 3361 inferiori,
488 3331 570 3356 modo
591 3332 741 3365 peregrino,
766 3334 866 3359 scilicet
891 3342 906 3359 ι
929 3333 982 3360 fine
1005 3343 1099 3361 versus
1125 3337 1293 3370 principium.

207 3364 324 3391 Primam
346 3365 454 3392 obviam
477 3366 556 3392 habui
581 3375 664 3400 super
689 3368 753 3394 folio
772 3377 843 3395 nunc
862 3368 895 3395 53
915 3371 1001 3404 (quod
1019 3377 1080 3397 ante
1106 3372 1207 3398 furtum
1226 3373 1291 3398 fuis—

205 3406 250 3426 set
267 3400 321 3435 57),
341 3406 367 3426 et
385 3407 427 3427 est
444 3401 494 3434 853
520 3402 580 3428 dein
607 3404 742 3430 descendit
760 3413 848 3439 usque
867 3406 901 3431 ad
919 3406 964 3438 46.
989 3415 1071 3440 super
1093 3409 1224 3434 moderno
1242 3408 1292 3443 895

206 3437 267 3462 dein
285 3443 363 3462 notae
375 3437 475 3470 45-21.
494 3439 599 3470 desunt,
617 3439 682 3465 item
705 3447 746 3470 12,
766 3449 806 3471 rr,
826 3446 852 3467 et
870 3446 932 3475 post
943 3449 960 3476 9
979 3450 1084 3469 omnes.
1104 3444 1169 3469 Nota
1184 3452 1210 3478 9,
1230 3445 1292 3478 quia

207 3472 330 3498 aeribim'
349 3473 436 3506 primo
459 3474 524 3500 folio
548 3475 750 3508 quinternionis,
774 3478 882 3503 deberet
906 3486 970 3504 esse
990 3485 1031 3510 10,
1054 3480 1101 3504 sed
1122 3486 1226 3506 notator
1247 3489 1293 3506 ne-

207 3508 316 3541 glexerit
328 3509 451 3535 ultimum
465 3516 557 3543 utpote
569 3511 635 3537 infra
654 3520 667 3536 r
677 3520 692 3537 a
707 3511 742 3538 36
760 3513 860 3540 album.
880 3514 992 3547 insuper
1005 3516 1101 3541 erravit
1114 3517 1292 3548 computando

206 3544 268 3569 lolia
286 3545 363 3570 seriei
382 3545 484 3577 45-21.
504 3546 572 3572 Nam
591 3547 655 3572 dum
675 3553 738 3574 nota
751 3556 794 3581 ao,
809 3550 950 3584 supposito
969 3558 986 3585 9
1006 3559 1056 3584 pro
1073 3559 1112 3581 10,
1132 3557 1203 3577 recte
1216 3553 1292 3583 cadit,

206 3580 274 3605 inter
294 3587 328 3605 20
346 3586 372 3606 et
390 3581 426 3613 46
450 3582 590 3608 currebant
611 3583 701 3616 viginti
721 3592 767 3610 sex
790 3585 854 3611 folia
876 3586 942 3619 (duo
967 3586 1099 3612 subtracta
1122 3587 1204 3621 sunt).
1230 3588 1292 3613 Ideo

208 3623 258 3649 pro
275 3614 312 3648 46
331 3617 473 3648 legendum
491 3623 533 3643 est
550 3626 595 3652 47,
614 3624 640 3644 et
658 3619 693 3645 85
712 3619 742 3646 fit
759 3619 803 3652 86,
822 3621 906 3647 immo
925 3621 969 3656 87,
989 3623 1030 3648 cui
1050 3630 1162 3648 numero
1181 3624 1204 3648 si
1219 3624 1292 3648 addis

206 3652 398 3686 quinquaginta
416 3653 471 3678 duo
489 3655 574 3687 prima
592 3660 620 3680 et
641 3661 756 3689 quatuor
779 3657 874 3688 ablata,
897 3659 1065 3692 complentur
1083 3659 1145 3684 folia
1166 3658 1226 3690 143.

353 3707 446 3731 Suum
467 3707 579 3733 Corn-na
598 3709 733 3734 Gan-ntes
754 3710 786 3736 D.
804 3711 922 3736 Tuom-1
941 3713 1012 3737 Το11.
1031 3713 1048 3737 1.

2343 267 2405 294 xm

1324 341 1401 372 ergo
1425 333 1565 373 primam
1589 339 1620 364 et
1643 335 1770 365 tertiam
1793 335 2023 368 fasciculorum
2047 338 2234 378 portionem
2262 339 2399 370 consilio

1324 375 1451 407 mediae
1475 378 1691 417 complendae
1716 380 1848 420 scriptas
1872 390 1950 411 esse.

1378 420 1469 451 Alter
1492 422 1631 461 scriptor
1655 424 1785 454 schema
1806 433 1983 456 commune
2006 427 2161 467 tantisper
2184 428 2398 459 mutavit:

1325 474 1343 494 a
1366 465 1543 496 venerabili
1568 466 1661 497 fratre
1686 467 1738 507 (ex
1763 466 1809 499 fre
1833 479 1941 500 rasura
1963 470 1999 500 fit
2023 471 2049 510 5)
2075 472 2187 502 thoma
2209 472 2250 503 de
2277 473 2399 514 aquino

1326 507 1368 538 de
1383 508 1508 540 ordine.
1519 533 1542 540 ..
1560 510 1702 551 Explicit
1717 512 1798 543 liber
1813 513 1853 543 de
1866 514 1996 545 veritate
2013 516 2171 547 catholice
2194 516 2271 548 fidei
2286 523 2399 548 contra

1327 562 1452 584 errores
1475 554 1658 586 infidelium
1668 579 1675 586 .
1689 579 1713 586 ..

1383 597 1508 629 Neuter
1535 600 1672 640 scriptor
1700 600 1866 641 diligentia
1895 602 2008 639 claret;
2034 606 2260 645 corruptiones
2285 614 2317 637 et
2339 607 2400 637 ho-

1328 642 1582 674 moteleutorum
1599 644 1793 675 omissiones
1810 645 2032 678 conferentem
2048 647 2189 689 fatigant.
2213 650 2269 681 Est
2293 657 2399 682 tamen

1329 687 1501 726 pretiosus,
1519 689 1595 728 quia
1610 690 1774 729 antiquior
1793 691 1876 720 inter
1891 696 1987 722 testes
2004 693 2069 732 pA;
2095 695 2284 735 ceteroquin
2300 697 2402 736 vergit

1330 730 1370 761 ad
1392 729 1425 770 β.
1450 731 1560 763 Corde
1584 733 1712 764 sincero
1727 735 1843 774 gratias
1858 735 1984 775 agimus
2007 735 2204 777 Magistratui
2223 740 2311 769 urbis
2333 739 2402 771 No-

1330 775 1568 818 rimbergensis,
1585 778 1675 819 quod
1691 779 1839 810 codicem
1856 788 1914 820 per
1925 780 2034 820 plures
2049 789 2176 813 menses
2193 783 2318 814 Romae
2334 792 2402 814 esse

1330 821 1557 860 permiserunt,
1581 827 1614 853 et
1636 822 1820 854 Directorio
1837 824 1977 855 instituti
1999 825 2153 857 Historici
2176 827 2347 858 Borussiae
2363 828 2402 859 de

1330 866 1550 906 hospitalitate
1574 867 1620 898 illi
1648 868 1810 909 nobisque
1835 878 2000 900 concessa.

1387 910 1434 942 W
1457 911 1528 942 Vat.
1554 912 1606 942 lat.
1624 922 1701 953 792,
1726 922 1855 950 recens;
1877 914 1960 944 inter
1975 923 1998 944 α
2015 919 2048 945 et
2062 912 2083 954 β
2099 925 2216 956 vagus3
2239 925 2308 946 non
2323 925 2403 957 pau-

1332 963 1386 985 cas
1402 964 1503 987 novas
1519 957 1677 988 lectiones
1691 957 1843 989 ostendit.
1860 958 2006 990 Tabulae
2018 960 2051 990 in
2063 958 2138 996 fine,
2154 960 2193 990 ab
2209 960 2269 991 alia
2285 959 2403 992 manu?

1386 1000 1416 1030 X
1439 1001 1511 1032 Vat.
1529 1001 1667 1046 Urbinas
1688 1002 1764 1043 788,
1788 1012 1917 1040 recens;
1935 1004 2086 1035 omnium
2102 1005 2242 1036 maxime
2266 1014 2402 1046 compo-

1332 1045 1413 1075 situs
1438 1054 1478 1076 ex
1502 1055 1525 1076 α
1549 1051 1582 1077 et
1605 1046 1641 1085 βε
1665 1048 1699 1078 111
1723 1049 1886 1089 principio
1909 1057 1967 1089 per
1996 1049 2113 1090 longos
2142 1055 2271 1086 tractus,
2294 1059 2405 1082 versus

1334 1088 1434 1121 finem
1458 1091 1568 1131 spatiis
1591 1092 1778 1124 vicenarum
1802 1093 1961 1134 linearum
1978 1093 2045 1124 duo
2068 1098 2174 1125 textus
2188 1104 2222 1125 se
2238 1103 2295 1135 per
2318 1095 2404 1126 vices

1334 1135 1526 1173 succedunt,
1550 1136 1652 1168 modo
1679 1138 1731 1168 vix
1761 1137 1916 1169 credibili.
1945 1139 2090 1179 Scriptor
2117 1139 2186 1170 eius
2213 1147 2251 1170 ex
2274 1138 2404 1171 duobus

1335 1180 1573 1221 exemplaribus
1589 1182 1686 1213 simul
1702 1183 1732 1213 ei
1755 1182 1977 1223 praesentibus
2000 1184 2170 1224 scripserit,
2187 1193 2246 1224 pro
2264 1184 2404 1216 arbitrio.

1337 1224 1482 1256 Tabulae
1506 1235 1622 1257 omnes
1645 1227 1679 1258 in
1703 1228 1876 1269 principio.

1390 1270 1421 1301 Y
1444 1270 1515 1302 Vat.
1539 1271 1678 1303 Urbinas
1705 1272 1777 1308 135,
1801 1281 1924 1310 1000115,
1949 1283 1986 1304 ex
2012 1283 2035 1304 α
2051 1278 2082 1304 et
2099 1271 2119 1312 β
2144 1274 2272 1310 mixtus,
2289 1273 2344 1304 sed
2371 1274 2408 1304 111

1337 1315 1498 1356 principio
1522 1316 1559 1347 L.
1577 1316 1619 1351 111
1642 1322 1691 1348 est
1714 1317 1776 1357 pA.
1794 1317 1936 1349 Tabulas
1960 1318 2055 1349 habet
2080 1318 2115 1349 in
2138 1317 2202 1349 tine
2226 1327 2303 1349 cum
2319 1318 2406 1359 capl-

1335 1360 1480 1391 tulorum
1504 1361 1613 1398 initiis,
1637 1370 1656 1392 e
1670 1363 1805 1402 regione
1829 1362 1997 1393 titulorum
2029 1371 2126 1403 super
2155 1363 2252 1393 altera
2275 1363 2406 1403 pagina-

1337 1414 1411 1436 rum
1434 1406 1599 1437 columna.

1392 1450 1416 1481 Z
1440 1450 1513 1482 Vat.
1529 1450 1693 1482 Palatinus
1711 1451 1776 1482 356
1793 1451 1868 1481 anni
1890 1452 1985 1491 1416.
2003 1451 2027 1482 F
2031 1452 2245 1482 asciculorum
2261 1451 2406 1491 diploma

1336 1500 1508 1526 externum
1538 1501 1571 1526 et
1600 1495 1747 1527 medium
1779 1505 1974 1536 pergamena
2001 1501 2086 1532 sunt,
2116 1502 2256 1536 quatuor
2283 1496 2407 1527 inclusa

1337 1540 1515 1571 chartacea.
1533 1540 1671 1572 Schema
1689 1550 1877 1578 commune,
1889 1547 2027 1582 excepto
2043 1541 2134 1581 quod
2147 1542 2324 1572 rubricator
2339 1548 2407 1571 11011

1337 1586 1486 1627 implevit
1507 1586 1649 1626 spatium
1665 1587 1694 1617 ei
1719 1586 1867 1617 relictum
1884 1592 1959 1627 post
1975 1586 2136 1617 Tabulam
2162 1586 2197 1616 L.
2216 1586 2238 1623 1,
2263 1591 2294 1616 et
2317 1586 2407 1626 quod

1336 1631 1371 1662 in
1396 1630 1537 1672 Explicit
1561 1631 1681 1662 omittit
1707 1644 1720 1657 α
1737 1636 1769 1661 et
1785 1631 1882 1661 etiam
1898 1630 2005 1662 totalis
2027 1635 2179 1661 tractatus
2194 1644 2222 1660 ι.
2246 1630 2323 1661 Post
2346 1629 2408 1661 Ex-

1338 1675 1429 1718 plicit
1445 1676 1478 1707 in
1495 1676 1678 1707 charactere
1695 1676 1900 1706 correctoris:
1923 1690 1934 1701 α
1956 1676 2052 1706 Liber
2067 1676 2126 1706 iste
2142 1680 2347 1715 comparatus
2363 1681 2410 1705 est

1338 1722 1488 1762 expensis
1516 1721 1658 1762 Magistri
1689 1720 1833 1752 Conradi
1857 1719 2035 1757 HildEsem,
2064 1720 2206 1761 Magistri
2233 1720 2355 1750 arcium
2379 1726 2410 1751 et

1338 1766 1500 1798 licenciati
1512 1767 1546 1797 in
1559 1765 1694 1797 decretis
1707 1776 1768 1797 nec
1781 1775 1848 1797 non
1861 1766 2020 1807 capellani
2036 1765 2158 1806 capelle
2175 1765 2283 1796 Sancti
2299 1763 2410 1796 Georii

1338 1817 1418 1853 aput
1441 1811 1668 1853 Ratispontem
1694 1812 1803 1852 Atque
1832 1811 1970 1852 scriptus
2002 1819 2060 1852 per
2083 1819 2198 1841 manus
2221 1808 2410 1851 Wolfgangi

1338 1856 1422 1899 layci
1435 1857 1476 1889 de
1491 1856 1695 1888 vohendrem
1712 1856 1811 1887 Anno
1829 1855 1954 1887 domini
1976 1855 2059 1895 1416
2077 1856 2160 1886 circa
2177 1854 2294 1885 festum
2311 1856 2410 1885 sancti

1338 1901 1468 1934 Martini
1491 1901 1605 1934 finitus
1631 1916 1658 1933 ι.
1683 1901 1771 1933 Huic
1791 1901 1938 1942 specialis
1963 1907 2010 1932 est
2033 1900 2214 1941 frequentia
2237 1901 2411 1940 transposi-

1337 1947 1438 1979 tionis
1460 1947 1648 1979 verborum.
1673 1946 1808 1978 Errores
1831 1952 1863 1978 et
1894 1946 2112 1978 correctiones
2140 1945 2262 1976 multae
2286 1950 2370 1982 sunt,
2394 1954 2412 1975 a

1337 1992 1496 2034 scriptore
1520 1997 1638 2029 textus,
1655 1992 1840 2024 charactere
1855 1992 2011 2032 tantisper
2028 1991 2160 2021 variato.
2178 1991 2300 2021 Textus
2317 1995 2364 2020 est
2379 1987 2411 2028 β,

1337 2038 1449 2070 multis
1472 2037 1554 2070 locis
1577 2037 1641 2079 pA,
1666 2037 1733 2069 fere
1756 2043 1792 2068 ut
1816 2036 1855 2074 N,
1881 2036 1933 2068 cui
1958 2036 2147 2076 ceteroquin
2171 2035 2339 2077 proximus
2355 2039 2412 2066 est.

1336 2083 1462 2116 Textus
1486 2083 1731 2115 correctionum
1755 2088 1802 2114 est
1827 2092 1866 2119 α;
1891 2081 1982 2123 quod
2006 2081 2138 2112 denotat
2160 2081 2351 2121 scriptorem
2374 2088 2414 2110 ex

1337 2128 1402 2160 alio
1427 2127 1542 2160 codice
1566 2137 1666 2170 quam
1690 2137 1728 2159 ex
1753 2137 1821 2169 quo
1846 2132 1968 2158 textum
1993 2126 2160 2167 scripserat
2183 2125 2367 2156 correxisse.

1394 2219 1430 2250 ln
1453 2217 1660 2250 praefatione
1683 2218 1763 2259 sigla
1786 2217 1994 2258 sequentium
2022 2215 2175 2247 codicum
2199 2213 2412 2245 adducuntur.

1338 2264 1465 2296 Omnes
1488 2264 1654 2306 pertinent
1676 2263 1716 2294 ad
1742 2262 1772 2302 β,
1797 2261 1853 2293 sed
1876 2262 1945 2293 Par.
1970 2262 2003 2292 in
2028 2262 2134 2302 primo
2155 2259 2253 2291 Libro
2278 2263 2413 2290 tantum.

1396 2309 1478 2341 Can.
1503 2309 1627 2341 Oxonii
1643 2308 1738 2340 Bodl.
1756 2307 1884 2339 Canon.
1903 2307 1985 2338 Patr.
2002 2306 2072 2337 Lat.
2093 2305 2165 2342 136,
2182 2304 2267 2336 med.
2293 2303 2415 2334 Textus

1339 2354 1452 2386 finitur
1475 2353 1533 2386 fol.
1551 2363 1615 2386 202
1629 2365 1644 2385 r
1667 2355 1688 2384 b
1709 2362 1766 2394 ¹9³
1795 2366 1808 2380 ε
1825 2354 1858 2383 111
1882 2352 2117 2393 sempiternum
2134 2350 2238 2381 Amen
2263 2349 2369 2379 Amen
2386 2361 2414 2379 1.

1340 2399 1426 2432 Dein
1445 2401 1560 2432 rubro:
1582 2413 1595 2427 ε
1611 2398 1770 2431 Prevideo
1790 2397 1882 2439 quod
1905 2397 2010 2439 pulvis
2035 2406 2091 2428 ero
2115 2395 2218 2426 fetens
2241 2393 2415 2434 aliquando

1340 2445 1462 2477 Moriar
1484 2451 1635 2487 terraque
1651 2450 1739 2486 tegar
1755 2450 1803 2475 set
1817 2444 1929 2475 nescio
1946 2441 2077 2484 quando
2098 2455 2124 2471 ».
2150 2439 2338 2480 Sequuntur
2353 2437 2416 2469 Ta-

1339 2491 1436 2522 bulae
1464 2503 1478 2518 e
1494 2489 1647 2532 Capitula
1671 2495 1784 2521 contra
1806 2489 1942 2530 gentiles
1962 2502 1990 2525 ι,
2016 2496 2079 2519 202
2093 2496 2112 2515 v
2129 2495 2146 2516 a
2172 2485 2274 2516 1-205
2289 2494 2309 2513 v
2324 2484 2345 2514 b
2363 2483 2415 2514 31.

1340 2537 1444 2568 Linea
1459 2537 1479 2567 b
1497 2535 1539 2568 32
1557 2536 1671 2568 rubro:
1693 2547 1706 2563 ‹
1725 2534 1913 2576 Expliciunt
1925 2532 2066 2574 capitula
2082 2531 2186 2572 quarti
2202 2530 2272 2560 libri
2290 2535 2321 2559 et
2337 2528 2416 2559 alio—

1340 2590 1414 2613 rum
1429 2581 1590 2613 librorum
1606 2595 1634 2612 ».
1651 2580 1783 2612 Folium
1796 2579 1965 2620 complent
1980 2584 2056 2609 octo
2069 2585 2179 2607 versus
2185 2585 2194 2612 ;
2211 2584 2268 2606 eos
2280 2573 2364 2605 dabo
2381 2579 2416 2606 ut

1340 2628 1500 2659 variantes
1515 2625 1605 2668 apud
1621 2625 1825 2662 Chisianum,
1838 2624 1969 2656 fratrem
1985 2623 2064 2654 eius.
2081 2621 2225 2662 Scriptus
2242 2626 2289 2650 est
2304 2629 2322 2650 a
2337 2618 2416 2649 dua-

1343 2673 1404 2703 bus
1426 2672 1599 2710 manibus;
1624 2671 1723 2702 altera
1738 2670 1853 2712 incipit
1872 2669 1929 2701 fol.
1952 2667 2023 2699 ¹33.
2047 2667 2096 2698 his
2111 2666 2229 2696 verbis:
2258 2678 2270 2691 α
2292 2663 2416 2694 videtur

1341 2718 1440 2758 igitur
1456 2717 1548 2758 quod
1563 2718 1598 2748 in
1618 2715 1808 2748 huiusmodi
1831 2714 2015 2746 substantiis
2031 2725 2045 2740 »
2065 2712 2102 2743 L.
2120 2709 2162 2742 111
2178 2719 2247 2750 cap.
2273 2708 2340 2739 108.
2357 2717 2414 2748 pa-

1342 2772 1417 2794 rum
1428 2772 1447 2794 a
1458 2763 1562 2804 princ.
1580 2762 1810 2794 Correctiones
1826 2759 1968 2791 referunt
1982 2763 2107 2789 textum
2118 2765 2159 2792 οι;
2175 2760 2250 2796 post
2265 2753 2321 2805 fol.
2342 2753 2414 2783 132.

1342 2807 1482 2839 omnino
1506 2813 1642 2839 cessant.
1661 2805 1845 2838 Columnae
1861 2805 1954 2836 lineis
1973 2801 2184 2844 quadragenis
2206 2805 2314 2830 ternis.
2354 2843 2359 2848 -

1400 2851 1463 2885 Ch.
1479 2851 1607 2885 Romae
1623 2852 1796 2884 Chisianus
1811 2851 1848 2882 B.
1865 2849 1948 2886 VIII,
1969 2848 2041 2885 126,
2054 2845 2140 2878 med.
2153 2845 2302 2884 Quatuor
2313 2850 2416 2884 prima
2452 2869 2456 2872 ,

1343 2897 1423 2929 folia
1445 2907 1515 2930 non
1538 2903 1711 2935 notantur;
1733 2897 1903 2927 continent
1926 2894 2067 2925 Tabulas
2090 2899 2214 2922 omnes.
2239 2889 2315 2919 Post
2332 2896 2416 2939 ‘quas

1344 2943 1460 2975 rubro:
1483 2956 1497 2971 ι
1517 2943 1706 2985 Expliciunt
1729 2941 1871 2982 capitula
1887 2940 1992 2981 quarti
2014 2938 2086 2969 libri
2103 2941 2135 2967 et
2158 2930 2416 2985 aliorum-libro-

1344 2997 1419 3020 rum
1442 2986 1494 3031 (ut
1517 2987 1614 3028 Can.)
1637 2989 1656 3028 ς
1679 2987 1819 3028 Explicit
1850 2995 1965 3016 .xxx1x.
1995 2993 2047 3024 pe.
2078 2987 2191 3013 contra
2218 2975 2362 3010 Gentiles
2386 2980 2417 3006 et

1345 3033 1460 3065 ultima
1483 3042 1552 3065 non
1576 3038 1625 3065 est
1647 3032 1720 3073 plus
1737 3045 1764 3062 ›.
1789 3030 1912 3062 Textus
1929 3033 2069 3068 occupat
2092 3025 2169 3057 folia
2198 3023 2300 3075 ι-22ξ
2315 3032 2334 3051 v
2350 3031 2368 3052 a
2386 3030 2414 3072 2.

1344 3078 1423 3110 Post
1452 3084 1577 3110 textum
1609 3076 1786 3108 duodecim
1818 3084 1939 3111 versus,
1968 3074 2035 3114 qui,
2065 3080 2141 3102 cum
2165 3080 2183 3100 a
2212 3069 2312 3120 solitis
2341 3073 2416 3118 scri:

1343 3130 1478 3165 prorum
1502 3122 1698 3155 iaculatoriis
1722 3121 1854 3152 nonnisi
1877 3119 2028 3159 congerie
2056 3115 2219 3164 differant,-
2235 3114 2288 3144 hic
2311 3115 2415 3162 omitti

1344 3174 1493 3210 possent;
1518 3169 1694 3200 recitantur
1716 3173 1824 3197 tamen
1854 3166 1888 3196 in
1918 3162 2142 3195 testimonium
2166 3167 2261 3189 umus
2285 3163 2416 3195 orlglms

1346 3224 1423 3245 cum
1449 3213 1530 3244 Can.

1491 3303 1549 3327 Hoc
1569 3300 1661 3334 scripsi
1679 3305 1763 3324 totum
1783 3306 1831 3332 pro
1851 3304 1918 3330 pena
1937 3296 1969 3320 da
1988 3294 2050 3319 mihi
2070 3298 2160 3326 potum

1492 3346 1540 3371 Hic
1559 3351 1672 3379 pennam
1691 3343 1732 3369 fixi
1751 3342 1849 3375 penitet
1867 3342 1889 3366 si
1909 3339 1970 3373 quid
1991 3338 2058 3363 male
2077 3336 2167 3369 scripsi

1491 3390 1549 3415 Hoc
1567 3397 1635 3423 opus
1654 3388 1727 3421 exegi
1746 3388 1780 3412 sit
1798 3393 1890 3418 regum
1908 3384 1990 3417 gloria
2009 3382 2063 3414 regi

1492 3435 1574 3467 Digna
1593 3434 1643 3458 coli
1662 3433 1750 3466 regina
1769 3431 1821 3464 poli
1841 3438 1883 3455 me
1903 3429 2020 3461 linquere
2039 3427 2091 3451 noli

1457 3479 1471 3505 5
1491 3480 1561 3505 Laus
1581 3483 1622 3503 est
1639 3477 1714 3502 finire
1733 3477 1818 3510 pudor
1836 3480 1877 3499 est
1894 3474 1994 3505 incepta
2013 3471 2096 3504 perire

1492 3524 1540 3548 Η10
1559 3523 1626 3547 liber
1643 3527 1683 3546 est
1702 3520 1814 3553 scriptus
1833 3519 1878 3551 qui
1897 3517 1999 3549 scripsit
2018 3515 2051 3540 sit
2069 3513 2222 3539 benedictus

1491 3569 1571 3594 Libro
1589 3567 1662 3593 finito
1681 3566 1785 3599 requies
1804 3570 1831 3590 tu
1851 3563 1960 3595 scriptor
1978 3561 2067 3587 addito

1491 3613 1542 3643 Qui
1561 3612 1666 3645 scripsit
1683 3611 1731 3636 hec
1749 3610 1842 3641 scripta
1862 3615 1909 3632 sua
1927 3607 2032 3631 dextera
2050 3606 2083 3630 sit
2101 3604 2236 3629 benedicta

1491 3658 1549 3683 Non
1569 3658 1611 3682 lue
1630 3664 1678 3689 pus
1699 3654 1759 3689 (piis
1769 3653 1790 3688 ἱ)
1810 3661 1856 3679 osa
1876 3661 1927 3678 non
1948 3653 1991 3677 lue
2010 3658 2071 3676 rosa
2090 3655 2150 3674 rosa

2263 3699 2277 3723 b
