2664 4120
225 351 356 382 uberius
386 355 536 381 tractaret
566 359 667 390 quam
697 350 761 380 iun
785 356 974 382 tractaverat
998 362 1092 393 capp.
1121 365 1152 394 7.
1184 357 1202 394 ξ
1226 356 1307 387 item

222 396 304 427 nihil
328 401 484 431 creaturi,
509 401 542 426 et
564 395 597 425 8.
620 395 639 433 5
654 394 756 433 Quod
779 401 890 426 autem
915 396 1088 428 Dominus,

258 469 259 472 ,
281 450 334 471 20.
350 457 375 464 —
388 439 457 478 Qui
479 439 749 480 interpolationes
764 449 878 471 serene
895 441 1089 478 considerat,
1106 452 1173 473 non
1191 444 1306 476 dubito

223 486 303 526 quin
328 494 441 516 earum
465 485 627 516 rationem
653 490 756 525 ponat
779 483 878 515 fuisse
903 484 1102 516 desiderium
1126 488 1227 519 modo
1251 489 1307 519 ad·

222 530 383 561 iuvandae
413 529 678 565 constructionis,
709 529 812 559 modo
839 531 1023 570 argumenti
1053 531 1210 570 plenioris
1237 533 1308 564 red-

221 574 331 611 dendi,
343 573 447 606 modo
460 574 596 605 lacunae
609 575 774 615 putativae
787 574 1015 614 complendae.
1029 575 1199 607 Generalis
1211 587 1308 608 causa

221 619 356 651 indubie
379 619 441 650 fuit
468 619 627 650 honestus
657 619 788 650 animus
818 628 954 650 manum
984 619 1175 651 adiutricem
1205 623 1309 661 porri-

220 664 330 705 gendi,
354 665 404 695 sin
428 665 538 695 minus
554 664 703 700 Auctori,
720 663 837 694 futuris
853 664 1043 695 lectoribus.
1068 664 1150 695 Sunt
1175 665 1308 697 forsitan

220 710 320 741 etiam
342 718 433 740 nunc
456 710 514 749 qui
538 718 634 749 aegre
659 708 763 740 ferant
786 709 1001 740 omissionem
1026 709 1177 749 postillae
1197 723 1210 736 α
1231 720 1308 742 cum

220 754 378 785 excitatur
401 764 420 784 a
442 763 563 785 somno
583 766 598 781 ι
619 754 670 785 vel
694 754 932 795 paragraphum
957 754 999 784 de
1022 754 1239 794 Aequalitate.
1264 755 1308 786 Hi

220 800 336 840 utique
358 808 428 830 non
451 799 550 830 nimis
577 808 689 830 severe
716 799 884 839 scriptoris
915 799 1047 839 culpam
1071 798 1308 830 diiudicabunt.

276 844 397 875 Levior
419 845 518 876 etiam
542 844 640 885 culpa
664 843 837 879 videretur,
862 845 888 874 si
915 844 1047 874 aliunde
1070 845 1180 875 socios
1204 854 1307 885 appo-

218 889 376 920 stillantes
399 895 484 920 esset
506 889 663 920 invenire.
681 889 819 930 Signum
843 888 1007 928 siquidem
1023 895 1108 919 esset
1123 889 1215 929 quod
1230 890 1307 920 scri-

217 935 321 975 pturis
344 935 540 966 authenticis
556 934 954 975 quaedam.contribuisse
969 943 1038 964 non
1055 934 1156 964 nimia
1173 933 1308 965 audacia

217 979 440 1020 reputabatur.
464 979 663 1020 Exemplum
695 978 780 1015 forte
807 978 884 1009 licet
915 977 1032 1010 offerre
1063 988 1102 1009 ex
1133 979 1307 1010 traditione

217 1025 412 1065 autographi
436 1024 676 1055 Commentarii
699 1023 732 1055 S.
752 1023 903 1054 Thomae
928 1024 960 1054 in
987 1023 1028 1054 Ill
1052 1023 1305 1055 Sententiarum.

217 1069 300 1100 Rem
323 1079 393 1100 non
417 1069 534 1101 damus
555 1074 714 1109 tauquam
739 1068 962 1109 exploratam:
987 1068 1028 1099 de
1052 1068 1305 1110 interpolatione

215 1120 360 1150 constan
383 1124 426 1145 an
441 1124 460 1145 a
475 1115 583 1155 primo
599 1113 782 1145 traditionis
801 1119 975 1145 momento
991 1114 1131 1144 extiterit
1154 1114 1304 1145 nondum

214 1158 330 1200 liquet.
353 1159 418 1191 Sed
441 1159 507 1190 iarn
531 1159 572 1190 ab
595 1159 745 1200 antiquo,
769 1164 802 1189 et
825 1159 1006 1190 etiamnum
1037 1159 1071 1189 in
1095 1159 1304 1195 editionibus,

214 1209 342 1235 textum
366 1213 405 1235 ex
429 1203 502 1235 dist.
527 1214 570 1241 ιν,
593 1213 650 1245 qu.
667 1214 713 1240 ιιι,
737 1209 794 1234 art.
821 1213 851 1240 2,
876 1201 945 1244 qu⁸2
969 1213 986 1234 2
1004 1203 1183 1240 citandum,
1211 1213 1304 1244 repe-

213 1250 327 1286 rimus,
339 1254 570 1290 praeterquam
581 1249 739 1289 tantisper
747 1254 939 1290 corruptum
951 1254 983 1280 et
996 1254 1192 1286 correctum,
1206 1250 1303 1280 etiam

214 1293 461 1335 interpolatum,
484 1299 523 1333 ut
548 1294 711 1335 sequitur:
739 1307 754 1322 α
774 1293 947 1335 plenitudo
978 1293 1155 1325 divinitatis
1186 1293 1305 1325 dicitur

215 1338 434 1380 corporaliter
451 1337 596 1370 habitare
619 1339 654 1370 in
678 1338 811 1370 Christo
825 1361 834 1370 .
847 1362 856 1370 .
869 1362 878 1370 .
891 1338 1046 1371 Secundo
1071 1348 1130 1379 per
1152 1339 1303 1370 similitu-

160 1382 176 1385 *
192 1382 194 1384 ’
208 1374 327 1416 dinem
356 1383 399 1416 ad
429 1389 501 1416 tres-
522 1383 747 1416 dimensiones
777 1385 937 1425 corporis,
968 1384 1045 1424 quia
1076 1384 1227 1415 divinitas
1256 1389 1304 1415 est

213 1429 319 1460 tribus
340 1428 450 1460 modis
472 1430 508 1460 in
523 1428 668 1461 Christo.
693 1429 771 1461 Uno
794 1428 899 1461 modo
918 1429 1072 1469 generali,
1089 1430 1174 1460 sicut
1197 1434 1246 1460 est
1269 1430 1303 1460 in

214 1474 370 1506 omnibus
385 1474 541 1505 creaturis
556 1483 616 1515 per
631 1474 806 1506 essentiam
821 1475 1039 1514 praesentiam
1064 1479 1096 1504 et
1120 1474 1303 1514 potentiam

217 1517 264 1561 (et
285 1519 319 1550 in
343 1519 409 1550 hoc
433 1519 582 1550 consistit
604 1520 698 1560 quasi
722 1518 923 1560 longitudo).
948 1519 1025 1550 Alio
1041 1518 1145 1550 modo
1169 1519 1303 1559 speciali

215 1569 316 1605 prout
338 1568 388 1595 est
410 1564 444 1595 in
467 1564 587 1595 sanctis
610 1573 670 1605 per
698 1564 834 1604 gratiam
859 1563 932 1605 (per
959 1573 1059 1605 quam
1089 1570 1137 1595 est
1164 1563 1302 1595 latitudo

215 1608 380 1648 caritatis).
396 1608 511 1640 Tertio
526 1608 630 1640 modo
642 1609 778 1650 proprio
789 1609 851 1640 sibi
867 1609 982 1652 (filio),
998 1609 1122 1640 scilicet
1137 1618 1195 1649 per
1207 1610 1304 1640 unio-

213 1662 293 1685 nem
316 1653 365 1691 (in
389 1663 458 1694 quo
483 1659 532 1685 est
546 1654 729 1686 sublimitas
744 1659 777 1685 et
793 1653 1022 1694 profundum).
1047 1654 1162 1686 Tertio
1185 1653 1304 1686 dicitur

213 1698 428 1740 corporaliter
450 1699 595 1730 habitare
617 1699 657 1730 ad
681 1698 931 1731 similitudinem
952 1700 1101 1740 corporis
1123 1699 1303 1731 secundm

214 1743 411 1783 (secundum
433 1743 538 1785 quod)
566 1743 721 1776 dividitur
751 1749 866 1777 contra
896 1744 1047 1776 umbram
1068 1758 1096 1775 ι.
1120 1743 1303 1785 Supposito

213 1797 293 1831 ergo
316 1787 409 1829 quod
433 1789 487 1820 hic
509 1794 662 1821 tenemus
684 1794 809 1820 textum
833 1789 1019 1830 interpretis
1045 1789 1252 1830 autographi,
1276 1790 1304 1820 is

213 1835 280 1875 egit
301 1833 395 1874 quod
417 1840 548 1865 noster:
578 1834 760 1875 corrumpit
782 1834 859 1874 (sibi
880 1835 914 1865 in
930 1833 1038 1876 filio),
1063 1834 1206 1874 legitime
1230 1843 1303 1866 cor·

210 1879 287 1920 tigit
310 1878 503 1921 (secudum
525 1879 615 1920 quod
639 1889 699 1920 pro
722 1879 928 1919 secundum),
956 1885 989 1911 et
1015 1879 1170 1921 postillat‚
1193 1881 1302 1911 nomi-

211 1924 315 1956 natim
338 1922 536 1956 adducendo
559 1923 782 1956 dimensiones
804 1925 954 1956 intentas.

218 1975 220 1977 ’
268 1968 447 2006 Praeterea,
462 1970 496 2000 in
520 1968 672 2000 Secunda
692 1968 863 2001 Secundae
878 1970 1042 2010 integrum
1066 1969 1239 2000 articulum
1261 1968 1302 2000 de

210 2013 465 2054 interpolatione
498 2014 710 2047 vehementer
742 2023 798 2046 sus
972 2014 1148 2051 habemus,
1179 2023 1301 2055 nempe

211 2067 268 2100 qu.
283 2068 316 2096 x,
338 2059 514 2091 articulum
536 2069 592 2095 xn.
616 2058 735 2091 Utrum
758 2060 851 2100 pueri
877 2058 1073 2091 Iudaeorum
1104 2065 1137 2090 et
1159 2059 1299 2090 aliorum

210 2102 396 2135 infidelium
418 2104 483 2136 siut
506 2104 614 2136 invitis
637 2105 827 2145 parentibus
853 2103 1048 2146 baptizandi.
1073 2104 1130 2135 Ille
1153 2105 1243 2135 enim
1265 2114 1300 2136 se

209 2149 251 2180 ab
264 2149 335 2180 aliis
351 2149 495 2181 articulis
517 2149 674 2182 Summae
690 2149 915 2191 Theologicae
930 2150 992 2180 sub
1008 2149 1132 2190 duplici
1149 2155 1300 2190 respectu

208 2193 383 2226 manifeste
404 2193 584 2235 distinguit.
609 2194 719 2226 Primo
753 2204 812 2236 per
841 2195 906 2226 hoc
929 2193 1021 2235 quod
1044 2200 1135 2226 totus
1157 2200 1301 2235 quantus

209 2238 341 2271 aliunde
363 2239 429 2271 huc
452 2239 625 2271 translatus
643 2245 702 2276 est,
724 2239 848 2271 scilicet
872 2249 911 2270 ex
934 2238 1082 2271 secundo
1106 2238 1299 2278 Quodlibet,

206 2293 261 2315 res
281 2286 422 2316 omnino
438 2293 524 2316 nova
540 2291 573 2316 et
588 2284 744 2316 inaudita.
768 2284 800 2316 S.
817 2284 969 2316 Thomae
984 2294 1087 2325 opera
1110 2285 1207 2325 plena
1223 2290 1300 2316 sunt

205 2329 360 2362 locorum
383 2329 625 2370 parallelorum,
648 2335 822 2370 propterea
844 2329 937 2371 quod
959 2330 1058 2360 toties
1076 2329 1206 2360 easdem
1230 2339 1299 2361 ma-

206 2374 304 2406 terias
319 2373 540 2406 discutiendas
558 2374 743 2416 eademque
758 2375 921 2416 principia
934 2374 1124 2415 explicanda
1148 2375 1298 2406 habebat.

206 2419 252 2451 At
273 2419 359 2451 inter
383 2419 498 2451 locum
522 2419 715 2461 parallelum
742 2425 775 2451 et
805 2419 1012 2461 corporalem
1043 2419 1298 2460 descriptionem

206 2462 323 2495 differt.
352 2464 461 2496 Huius
484 2465 517 2495 in
545 2464 683 2496 Summa
706 2464 912 2506 Theologica
945 2474 1014 2496 non
1038 2465 1181 2496 occurrit
1204 2474 1298 2497 casus

206 2508 289 2540 alius
303 2513 325 2541 ¹.
341 2509 452 2542 Altera
468 2510 597 2541 novitas
613 2515 662 2541 est
677 2509 770 2550 quod
784 2510 918 2541 materia
940 2519 1040 2550 quam
1062 2515 1175 2540 tractat
1201 2511 1297 2541 unica

206 2559 255 2585 eat
277 2554 312 2585 in
335 2560 404 2586 tota
427 2554 564 2587 Summa
591 2555 676 2589 circa
700 2564 801 2596 quam
823 2555 961 2591 Auctor,
989 2567 1004 2582 α
1023 2554 1174 2586 ordinem
1202 2554 1296 2586 disci-

205 2598 315 2640 plinae
331 2612 345 2627 ι
365 2606 524 2637 evertens,
540 2609 692 2641 expresse
714 2600 764 2631 bis
787 2599 1034 2633 considerasset.
1060 2599 1109 2632 De
1133 2600 1296 2640 baptismo

152 2673 155 2674 γ
206 2644 296 2675 enim
319 2653 500 2685 puerorum
527 2650 701 2686 parentum
734 2643 918 2676 infidelium
946 2644 1222 2676 considerandum
1247 2655 1296 2676 re-

205 2689 306 2720 currit
337 2689 445 2730 (quod
476 2690 692 2731 interpolator
723 2690 806 2721 scire
837 2699 907 2721 non
942 2688 1084 2730 poterat>
1118 2689 1150 2720 in
1184 2689 1296 2721 Tertia

205 2733 300 2765 Parte
323 2743 380 2775 qu.
405 2734 460 2772 68,
483 2740 542 2766 art.
563 2743 613 2772 ιο,
637 2740 671 2766 et
701 2734 836 2776 quidem
867 2741 1026 2775 tanquam
1056 2735 1089 2766 in
1118 2735 1196 2766 sede
1219 2744 1296 2775 pro-

204 2779 285 2820 pria.
308 2779 436 2811 Ambae
458 2780 620 2811 novitates
643 2780 867 2820 suspicionem
891 2779 1153 2820 interpolationis
1177 2781 1295 2811 excita-

203 2829 287 2861 rent,
311 2830 451 2866 utraque
467 2825 670 2865 ,opinionem
694 2830 802 2865 auget.

260 2877 314 2900 21.
329 2887 353 2892 -
368 2869 404 2901 Si
426 2869 658 2910 postillationis
673 2879 742 2901 non
759 2869 978 2900 absolvendus
993 2875 1041 2900 est
1057 2875 1177 2905 noster,
1201 2868 1294 2900 facile

203 2918 315 2945 tamen
330 2915 390 2946 erit
405 2924 484 2946 eum
499 2913 676 2946 defendere
692 2915 732 2944 ab
748 2915 928 2945 omissione
947 2927 961 2941 ‹
978 2915 1092 2954 capitis
1108 2913 1260 2945 anecdoti
1276 2927 1291 2941 »

202 2958 265 2989 sub
280 2967 350 2999 quo
362 2959 500 2991 nomine
512 2959 679 2991 UccelIius
691 2969 731 2990 ex
743 2959 948 3000 autographo
961 2960 1110 2999 quinque
1123 2958 1294 2990 columnas

202 3003 381 3044 scripturae
395 3014 465 3036 non
481 3003 618 3040 deletae,
635 3003 693 3034 fol.
711 3003 752 3034 82
766 3013 782 3034 r
797 3004 818 3034 b
833 3003 945 3044 47-83
962 3014 980 3033 v
996 3013 1014 3034 a
1029 3004 1081 3044 39,
1099 3013 1187 3034 anno
1209 3003 1293 3043 1846

202 3047 357 3088 Bergomi
383 3049 557 3089 separatim
587 3047 699 3086 editas,
724 3054 839 3089 postea
862 3047 1062 3080 editionibus
1084 3049 1151 3079 suis
1178 3048 1293 3080 Parisi-

201 3101 263 3124 nae
287 3099 319 3124 et
342 3094 513 3125 Romanae
535 3093 682 3124 inseruit.
706 3093 840 3124 Nomen
863 3102 932 3124 non
956 3099 1044 3125 recte
1067 3094 1113 3124 rei
1137 3093 1291 3134 quadrat:

204 3150 220 3164 ‹
239 3145 339 3178 caput
357 3151 372 3166 ι
398 3138 526 3170 realiter
541 3143 669 3169 constat
685 3138 832 3178 capitulo
855 3137 958 3177 Quod
980 3138 1128 3171 divinum
1145 3139 1292 3179 regimen

201 3181 243 3214 ad
258 3182 411 3215 homines
427 3189 476 3214 est
491 3184 575 3214 sicut
590 3183 735 3224 regimen
752 3189 925 3224 paternum
945 3182 1003 3225 (ita
1017 3182 1074 3224 A),
1100 3189 1131 3214 et
1155 3183 1291 3214 exordio

201 3227 337 3268 capituli
361 3227 402 3259 de
426 3228 572 3259 consiliis
595 3228 801 3268 evangelicis,
824 3228 862 3259 L.
889 3228 941 3264 III,
966 3238 1038 3269 cap.
1068 3228 1140 3260 130.
1165 3228 1291 3267 Quam-

256 3355 266 3373 ¹
286 3357 313 3383 S.
331 3356 451 3382 Thomas
475 3357 531 3390 ipse
559 3365 701 3390 nusquam.
726 3357 850 3390 quicquid
875 3357 982 3389 quidam
1011 3357 1080 3382 docti
1099 3357 1146 3382 viri
1175 3355 1289 3382 affirma-

200 3392 293 3422 verint,
308 3398 410 3426 partem
429 3393 508 3419 unius
526 3393 615 3426 operis
634 3394 660 3418 in
680 3393 752 3418 aliud
765 3392 932 3417 transtulisse
951 3393 993 3418 vel
1013 3393 1154 3426 separatim
1173 3392 1289 3418 edidisse

198 3427 312 3453 videtur.
330 3428 391 3453 Non
408 3433 450 3453 eat
467 3428 546 3454 huius
572 3429 622 3454 loci
646 3429 724 3462 plena
749 3427 913 3461 investigatio
939 3429 1031 3453 asserti
1056 3429 1147 3459 nostri,
1166 3429 1215 3454 aed
1234 3437 1288 3454 non

199 3471 312 3496 possum
325 3465 390 3497 quin
407 3472 458 3497 pro
475 3473 529 3490 uno
547 3472 610 3490 easu
629 3465 819 3490 demonstrem.
838 3464 1006 3496 Opusculum
1031 3465 1064 3489 de
1084 3465 1208 3490 Mixtioae
1226 3465 1288 3490 Ele-

199 3505 351 3525 mentorum
370 3500 403 3525 ad
426 3500 579 3535 Philippum
601 3501 634 3526 de
652 3500 796 3526 Castroceli
815 3500 908 3525 dicitur
926 3507 975 3533 per
994 3501 1137 3526 Auctorem
1160 3501 1287 3533 reprodu-

199 3540 271 3560 ctum
290 3543 351 3561 esse
369 3544 402 3562 ex
424 3536 622 3562 Commentario
645 3544 695 3562 suo
714 3536 740 3562 in
759 3537 769 3561 1
789 3536 898 3561 Librum
922 3536 955 3561 de
979 3535 1156 3561 Generatione
1177 3541 1204 3561 et
1222 3536 1287 3561 Cor-

197 3571 320 3604 ruptione
332 3572 405 3597 Lect.
424 3572 518 3598 xxtV.
532 3568 593 3603 Quo
606 3577 694 3598 autem
708 3573 764 3598 iure
778 3571 936 3598 affirmatum
953 3571 986 3596 sit
999 3577 1078 3605 patet,
1093 3572 1115 3596 si
1135 3573 1287 3597 memineris

198 3608 271 3640 quod
290 3607 498 3633 commentarius
516 3608 566 3634 iste
584 3613 647 3642 post
665 3609 738 3634 Lect.
757 3608 827 3634 xvu
847 3608 874 3633 S.
893 3607 998 3633 'rhom-
1017 3615 1070 3632 non
1089 3608 1186 3641 gaudet
1204 3614 1286 3641 patre.

198 3643 357 3676 Anonymus
375 3651 445 3676 opus
463 3644 491 3669 S.
509 3643 631 3669 'I'homae
644 3651 675 3669 ex
688 3645 720 3670 Β.
734 3644 846 3670 Alberto
864 3644 900 3670 Μ.
917 3649 944 3668 et
964 3643 1023 3668 aliis
1043 3643 1156 3668 fortasse
1175 3645 1285 3676 scripto-

197 3678 270 3704 ribus
289 3680 437 3712 compilans
456 3685 613 3713 prosecutus
632 3685 682 3710 est,
701 3685 728 3706 et
745 3680 906 3712 opusculum
926 3680 953 3705 S.
971 3679 1093 3704 Th0mae
1111 3679 1230 3705 inseruit.

2357 303 2438 329 XXIII

1360 359 1407 388 vis
1423 360 1580 400 scriptura
1602 361 1656 392 illa
1672 372 1780 393 revera
1803 364 1895 395 nullo
1916 366 2008 406 signo
2025 368 2128 398 oculis
2152 369 2267 401 visibili
2291 370 2434 402 deletum

1360 408 1418 439 est,
1452 405 1660 444 transcriptor
1690 412 1798 438 tamen
1826 411 2015 450 autographi
2043 421 2111 443 non
2143 414 2278 445 erravit:
2310 416 2435 448 Auctor

1364 459 1378 473 ι
1395 453 1493 487 caput
1523 448 1720 482 anecdotum
1739 465 1754 478 ι
1787 462 1855 483 non
1887 454 1989 485 voluit
2023 462 2147 495 partem
2177 467 2246 489 esse
2277 459 2434 492 definitivi

1360 496 1477 521 textus.
1502 492 1554 522 Ad
1581 494 1671 533 quod
1698 496 1903 535 probandum
1931 506 2071 538 quatuor
2093 501 2210 533 adsunt
2232 511 2432 544 argumenta,

1361 544 1445 574 quae
1470 535 1632 568 UccelIius
1656 541 1871 579 cognovisset,
1896 543 1922 572 si
1945 549 1977 572 et
2007 544 2040 574 in
2064 547 2320 579 mechanismum
2345 556 2377 580 et
2400 543 2433 581 in

1360 580 1510 619 spiritum
1533 583 1701 613 revisionis
1716 584 1869 615 Auctoris
1892 586 2036 618 intimius
2060 597 2265 629 penetrasset.

1414 624 1448 664 a)
1474 625 1684 658 Anecdotum
1709 627 1749 658 ad
1779 628 1910 660 finalem
1935 637 2057 662 textum
2085 643 2154 664 non
2181 638 2327 675 pertinet,
2356 640 2431 679 quia

1361 677 1476 699 omnes
1500 670 1630 701 codices
1653 678 1685 702 et
1707 672 1877 710 editiones,
1901 675 1996 706 etiam
2022 677 2233 715 Ucceffianae,
2257 683 2432 714 secundam

1361 712 1431 743 eius
1455 713 1676 746 redactionem
1702 717 1864 753 exhibent,
1887 728 1971 759 quae
1994 722 2111 761 scripta
2127 729 2193 753 erat
2209 725 2241 754 in
2258 724 2343 756 foliis
2360 737 2431 767 per-

1361 755 1434 787 ditis
1459 757 1601 790 fasciculi
1626 761 1792 792 auxiliarii.
1818 762 1849 792 S.
1863 762 2008 795 Thomas
2024 766 2171 797 revidens
2187 770 2323 807 primam
2339 781 2431 802 suam

1360 802 1563 842 scripturam,
1596 810 1727 837 extense
1758 805 1943 838 reformavit
1974 809 2010 838 L.
2043 809 2094 839 lll.
2127 820 2220 851 capp.
2248 813 2390 852 64-138,
2415 827 2431 846 a

1361 844 1418 876 fol.
1431 847 1473 886 54
1486 857 1504 876 v
1518 848 1538 878 b
1552 847 1592 878 38
1609 858 1714 889 usque
1726 850 1766 881 ad
1783 851 1936 883 ultimum
1952 852 2067 884 folium
2079 862 2249 894 superstes.
2263 857 2431 895 Quaedam

1360 891 1501 931 capitula
1523 895 1712 933 suppressit,
1735 896 1914 927 multorum
1938 897 2085 928 ordinem
2108 901 2253 936 mutavit,
2273 903 2431 941 quaedam

1360 935 1392 965 in
1417 936 1510 976 plura
1533 938 1715 975 subdivisit;
1740 946 1864 971 textum
1887 941 2108 982 multipliciter
2123 945 2297 984 ampliavit,
2321 948 2431 979 abbre-

1361 980 1466 1011 viavit.
1495 981 1584 1013 Haec
1609 983 1703 1023 plana
1727 990 1802 1015 sunt
1825 985 1858 1015 in
1884 984 2070 1026 fragmentis
2094 989 2198 1024 salvis,
2223 995 2254 1019 et
2277 999 2336 1030 pro
2350 1002 2431 1031 >per-

1359 1024 1433 1055 ditis
1458 1032 1546 1066 patet
1569 1036 1607 1057 ex
1624 1028 1736 1059 litteris
1756 1030 1906 1060 revisoris
1922 1031 1955 1061 in
1973 1031 2056 1061 foliis
2074 1032 2179 1063 ultimi
2196 1033 2339 1065 fasciculi
2355 1037 2432 1067 salvi

1359 1069 1388 1100 A
1405 1069 1434 1100 D
1451 1070 1480 1101 C
1497 1071 1524 1102 E
1540 1071 1576 1108 B,
1601 1081 1700 1112 quem
1728 1074 1869 1105 indicem
1901 1075 2023 1106 ordinis
2051 1077 2085 1106 in
2114 1079 2359 1118 transcriptione
2383 1091 2431 1112 se-

1358 1115 1480 1154 quendi
1513 1115 1709 1148 adamussim
1738 1119 1772 1149 in
1805 1118 1972 1150 codicibus
2006 1121 2212 1153 observatum
2244 1125 2430 1164 reperimus.

1359 1158 1445 1190 Inter
1467 1161 1618 1202 ampliata
1645 1168 1677 1192 et
1704 1162 1803 1194 divisa
1830 1165 2069 1196 numerandum
2096 1172 2144 1197 est
2175 1168 2351 1207 capitulum
2382 1170 2430 1201 De

1357 1204 1515 1244 regimine
1532 1205 1592 1236 Dei
1617 1213 1762 1246 paterno,
1779 1209 1872 1239 cuius
1889 1210 2080 1250 paragraphi
2098 1211 2130 1241 in
2148 1211 2270 1252 integra
2293 1214 2431 1253 capitula

1357 1256 1539 1287 creverunt,
1569 1251 1720 1282 ιι3-ιι8
1746 1259 1777 1283 et
1806 1254 1876 1284 128.
1904 1255 2083 1295 Utrobique
2107 1255 2220 1287 eadem
2244 1265 2431 1297 argumenta

1357 1298 1549 1331 tractantur;
1582 1303 1753 1337 praecepta
1780 1298 1918 1330 iustitiae
1943 1305 1975 1329 et
2002 1300 2150 1336 caritatis,
2175 1307 2207 1331 et
2229 1303 2289 1332 sub
2314 1302 2431 1334 eodem

1357 1336 1484 1370 formali
1501 1346 1667 1380 respectu:
1693 1341 1845 1372 divinitus
1869 1345 2007 1383 provisa.
2029 1344 2207 1376 Exordium
2224 1352 2375 1378 tractatus
2391 1348 2431 1379 de

1356 1384 1501 1415 consiliis
1516 1385 1657 1416 multum
1674 1392 1877 1418 contractum
1902 1394 1960 1424 est,
1983 1389 2118 1429 eiusque
2137 1389 2235 1421 dictio
2259 1390 2431 1423 reformata

1356 1434 1405 1459 est
1430 1429 1612 1460 secundum
1637 1431 1830 1471 exigentiam
1857 1433 2025 1463 revisionis
2048 1434 2309 1473 praecedentium
2345 1439 2431 1478 capi-

1355 1469 1620 1511 tutorum,‘sicut
1644 1475 1675 1505 S.
1704 1475 1733 1506 T
1736 1475 1853 1507 homae
1883 1486 1956 1507 mos
1983 1476 2053 1508 fert.
2084 1479 2135 1508 An
2162 1489 2234 1509 vera
2262 1480 2323 1510 sint
2347 1491 2429 1522 quae

1355 1517 1506 1555 diximus,
1523 1519 1626 1550 lector
1649 1519 1836 1551 diiudicabit
1859 1522 1892 1552 in
1917 1523 2064 1562 sequenti
2081 1523 2266 1560 Volumine,
2289 1525 2343 1555 ubi
2368 1527 2431 1566 pri-

1356 1563 1506 1595 mitivum
1531 1570 1563 1595 et
1589 1563 1794 1595 definitivum
1821 1571 1944 1597 textum
1969 1567 2069 1606 leget;
2096 1568 2294 1607 primitivum
2318 1571 2429 1610 utique

1355 1609 1417 1639 sub
1441 1610 1504 1650 pA.

1411 1653 1444 1694 b)
1471 1653 1504 1685 Si
1528 1653 1726 1685 anecdotum
1751 1664 1824 1695 pars
1847 1661 1930 1686 esset
1956 1662 2062 1687 textus
2090 1656 2193 1687 finalis
2223 1658 2350 1689 traditio
2374 1669 2429 1690 ne-

1355 1699 1495 1730 cessario
1519 1699 1671 1730 lacunam
1694 1699 1878 1731 ostenderet
1905 1706 1970 1731 tam
1994 1702 2217 1741 conspicuam,
2242 1709 2277 1733 ut
2304 1704 2430 1734 eminus

1355 1744 1586 1785 perciperetur,
1610 1744 1789 1784 capitulum
1813 1744 1888 1776 dico
1911 1745 2045 1776 exordio
2073 1755 2199 1777 carens:
2235 1747 2430 1779 anecdotum

1354 1789 1443 1820 enim
1467 1789 1612 1829 capitulo
1628 1795 1755 1820 constat
1771 1790 1897 1830 integro
1915 1795 1946 1820 et
1962 1789 2108 1823 dimidio.
2132 1791 2247 1822 Hiatus
2264 1801 2303 1822 eo
2324 1793 2430 1824 minus

1354 1833 1453 1864 latere
1477 1839 1598 1874 posset,
1628 1833 1719 1874 quod
1749 1835 1935 1875 portionem
1964 1836 2065 1866 textui
2098 1835 2302 1867 deficientem
2330 1847 2429 1868 manu

1354 1884 1516 1910 tenemus.
1540 1879 1584 1909 At
1608 1879 1717 1910 nullus
1741 1879 1834 1910 locus
1854 1879 2015 1910 anecdoto
2032 1886 2119 1920 patet
2142 1882 2174 1910 in
2199 1887 2287 1912 textu
2303 1882 2428 1913 tradito.

1355 1923 1391 1954 In
1407 1922 1552 1955 editione
1575 1923 1725 1954 Romana
1750 1924 1883 1955 Uccellii
1908 1925 2041 1964 ponitur
2059 1931 2133 1955 ante
2157 1926 2335 1966 capitulum
2357 1929 2428 1963 130,

1358 1981 1372 1995 ε
1392 1977 1497 2009 quum
1519 1967 1657 2009 gradum
1682 1968 1778 2000 faciat
1793 1970 1826 2000 in
1843 1969 1907 1999 fine
1924 1969 1964 1999 ad
1980 1970 2113 2000 consilia
2130 1971 2312 2011 evangelica
2330 1972 2429 2012 expli-

1355 2012 1483 2044 canda»
1513 2013 1571 2055 (ibi
1595 2020 1627 2054 p.
1651 2013 1745 2055 467).
1776 2014 1819 2045 At
1843 2013 2012 2045 exordium
2040 2014 2240 2046 traditionale
2272 2015 2339 2056 capi
2370 2017 2428 2047 130

1354 2057 1442 2089 idem
1473 2057 1549 2089 facit
1583 2058 1862 2099 compendiosius,
1898 2068 1965 2099 quo
1996 2059 2031 2090 fit
2062 2066 2097 2090 ut
2127 2060 2213 2101 apud
2249 2061 2427 2092 Uecellium

1353 2104 1608 2144 necopinantem
1625 2104 1806 2144 capitulum
1830 2103 1870 2134 de
1887 2104 2029 2135 consiliis
2052 2105 2162 2145 biceps
2186 2106 2328 2136 evaserit.
2354 2106 2429 2136 Edi·

1353 2153 1405 2179 tor
1427 2148 1589 2180 Parisinae
1617 2149 1899 2190 incongruentiam
1924 2150 2104 2190 percepisse
2132 2150 2266 2187 videtur,
2290 2160 2365 2181 nam
2389 2150 2428 2181 ad

1353 2202 1424 2234 cap.
1442 2193 1515 2224 130.
1533 2192 1704 2224 exordium
1717 2193 1871 2225 codicum
1883 2195 2072 2234 suppressin
2090 2195 2256 2231 violenter,
2271 2201 2301 2226 et
2317 2201 2428 2226 contra

1353 2237 1466 2269 datum
1481 2238 1723 2270 authenticum:
1749 2238 1883 2270 exordio
1907 2238 2100 2270 traditionali
2121 2241 2356 2280 autographum
2372 2250 2429 2280 per

1352 2283 1492 2314 litteram
1516 2283 1544 2314 E
1567 2288 1744 2315 attestatur.

1408 2327 1438 2370 c)
1465 2327 1558 2359 Ordo
1589 2329 1809 2369 transcriptori
1839 2328 2007 2364 indicatus,
2039 2328 2067 2358 C
2085 2329 2112 2358 D
2130 2328 2167 2365 E,
2200 2328 2356 2359 absurdus
2381 2336 2427 2359 est

1351 2373 1414 2404 nisi
1437 2372 1637 2404 anecdotum
1661 2373 1738 2404 foris
1766 2379 1904 2405 maneat.
1934 2373 2146 2404 Territorium
2178 2374 2264 2404 enim
2296 2373 2323 2404 C
2348 2383 2426 2405 con-

1351 2418 1433 2448 tinet
1460 2422 1491 2448 ιο
1514 2424 1578 2449 tres
1601 2418 1731 2450 ultimas
1755 2418 1855 2449 lineas
1879 2416 1947 2459 capi
1977 2426 2055 2454 12l;
2082 2422 2115 2448 2⁰
2138 2419 2278 2459 capitula
2302 2417 2341 2449 de
2358 2429 2425 2449 ma-

1351 2463 1508 2494 trimonio
1538 2464 1709 2499 ¹22-1253
1743 2463 1777 2494 3⁰
1807 2463 1986 2504 capitulum
2010 2462 2207 2494 anecdotum
2232 2462 2322 2503 quod
2346 2463 2424 2494 divi-

1351 2517 1433 2539 num
1456 2509 1601 2549 regimen
1627 2514 1705 2544 etc.;
1730 2512 1766 2548 4⁰
1789 2507 1958 2539 exordium
1983 2508 2179 2539 anecdotum
2203 2508 2336 2549 capituli
2363 2509 2423 2545 130

1351 2552 1392 2584 de
1415 2554 1570 2586 consiliis.
1594 2553 1672 2584 Post
1695 2553 1724 2584 C
1747 2557 1783 2594 4⁰
1806 2554 1952 2594 sequitur
1970 2554 2002 2583 in
2022 2553 2224 2594 autographo
2240 2553 2336 2583 altera
2352 2562 2423 2593 pars

1351 2597 1485 2638 capituli
1515 2598 1556 2630 de
1591 2598 1736 2629 consiliis
1769 2597 1959 2639 Occupatur
1989 2603 2097 2628 autem
2126 2598 2270 2628 humana
2302 2597 2423 2628 sollici-

1350 2643 1430 2674 tudo
1454 2648 1535 2680 etc.;
1559 2642 1616 2674 sed
1640 2643 1788 2684 sequitur
1811 2644 1919 2679 etiam,
1944 2652 2039 2683 supra
2063 2643 2251 2682 marginem,
2276 2642 2378 2672 littera
2396 2642 2422 2672 E

1350 2688 1511 2718 revisoris.
1535 2688 1599 2719 Hic
1623 2697 1712 2729 ergo,
1736 2687 1819 2719 idest
1842 2688 1876 2718 in
1899 2687 2009 2718 medio
2033 2689 2169 2727 antiquo
2187 2687 2330 2727 capitulo
2351 2686 2423 2722 130,

1349 2732 1520 2764 inserenda
1545 2733 1605 2764 erit
1628 2734 1737 2774 portio
1761 2738 1867 2763 textus
1890 2733 2012 2773 signata
2036 2732 2075 2762 D.
2101 2732 2162 2762 Ista
2179 2741 2255 2762 vero
2272 2731 2375 2761 littera
2392 2732 2423 2761 in

1349 2778 1544 2819 autographi
1567 2777 1756 2819 fragmentis
1780 2778 1860 2818 regit
1884 2777 2063 2818 capitulum
2099 2785 2158 2816 ¹29
2184 2786 2201 2805 a
2225 2776 2328 2805 verbis
2350 2775 2423 2805 Ho-

1350 2823 1454 2854 mines
1483 2833 1526 2854 ex
1556 2822 1671 2854 divina
1696 2822 1908 2864 providentia
1940 2828 2012 2858 etc„
2042 2822 2074 2851 in
2110 2820 2279 2851 traditione
2314 2825 2422 2850 autem

1349 2867 1492 2908 capitula
1520 2868 1683 2908 126-129.
1708 2868 1863 2899 Utranam
1887 2867 1995 2908 portio
2012 2867 2045 2896 in
2062 2864 2206 2896 confinio
2228 2865 2421 2904 regiminum

1349 2912 1378 2943 C
1403 2918 1435 2944 et
1458 2913 1485 2944 E
1516 2912 1707 2949 collocetur,
1740 2912 1903 2943 ordinatio
1934 2916 2039 2942 textus
2070 2909 2250 2941 secundum
2280 2908 2419 2939 indicem

1349 2957 1377 2988 C
1394 2957 1424 2988 D
1441 2957 1469 2988 E
1492 2957 1619 2999 logicae
1643 2957 1817 2993 renuntiat,
1842 2957 1901 2988 nisi
1927 2956 1954 2986 C
1980 2955 2013 2986 3ο
2038 2961 2068 2985 et
2093 2954 2120 2985 C
2145 2958 2179 2993 4⁰
2204 2954 2356 2984 exstincta
2373 2963 2420 2984 re-

1347 3008 1520 3043 putantur:
1553 3002 1692 3033 absurda
1727 3001 1863 3032 dualitas
1898 2999 2147 3031 introductionis
2182 2998 2312 3038 capituli
2348 2998 2419 3032 130,

1347 3048 1519 3078 schismate
1543 3048 1696 3078 materiae
1720 3046 1843 3077 alienae
1867 3045 2075 3085 irrumpentis
2091 3049 2234 3083 augetur.
2260 3043 2368 3082 Migne
2389 3048 2419 3072 et

1347 3092 1513 3123 UccelIius
1537 3092 1566 3123 D
1590 3093 1674 3122 inter
1698 3090 1726 3122 C
1753 3095 1786 3121 2⁰
1810 3097 1841 3121 et
1865 3089 1892 3120 C
1919 3089 1952 3121 3⁰
1975 3089 2148 3119 collocant.
2173 3087 2250 3125 Quo
2274 3084 2363 3117 iure?

1391 3136 1425 3178 d)
1452 3137 1538 3167 Ante
1563 3136 1744 3176 capitulum
1775 3136 1823 3166 De
1855 3134 2010 3175 regimine
2041 3133 2101 3163 Dei
2131 3137 2265 3172 paterno
2296 3131 2417 3161 deletae

1344 3187 1421 3212 sunt
1444 3191 1559 3212 omnes
1582 3182 1758 3222 scripturae
1775 3179 1815 3210 ad
1839 3189 1918 3219 quas
1942 3178 2131 3209 relationem
2150 3177 2291 3215 aliquam
2311 3175 2416 3205 habet.

1345 3226 1455 3257 Primo
1475 3235 1686 3267 suppressum
1702 3231 1749 3256 est
1765 3224 1943 3265 capitulum
1963 3221 2032 3263 (fol.
2047 3222 2088 3251 80
2102 3231 2120 3250 v
2133 3231 2150 3250 a
2169 3218 2263 3259 1-40)
2287 3233 2300 3245 «
2317 3218 2417 3257 Quod

1344 3271 1416 3311 lege
1433 3271 1541 3302 divina
1564 3281 1633 3301 non
1657 3270 1793 3310 exigitur
1817 3268 1938 3309 aliquid
1957 3268 1996 3298 ab
2020 3267 2152 3296 homine
2175 3270 2308 3304 propter
2331 3264 2416 3294 utili-

1343 3322 1444 3347 tatem
1471 3316 1542 3352 Dei,
1574 3317 1657 3346 sicut
1683 3314 1808 3355 legibus
1835 3319 2045 3354 tyrannorum
2066 3324 2092 3340 ».
2122 3310 2205 3340 Dein
2236 3309 2414 3349 capitulum

1347 3359 1416 3402 (fol.
1443 3361 1485 3391 80
1503 3371 1522 3389 v
1539 3371 1557 3391 a
1572 3361 1661 3399 41—b
1679 3358 1730 3400 lo)
1761 3372 1774 3384 «
1795 3357 1895 3395 Quod
1918 3357 1987 3396 lege
2011 3355 2071 3385 Dei
2096 3364 2163 3384 non
2187 3354 2359 3393 requiritur
2375 3355 2414 3383 ab

1343 3406 1478 3436 homine
1502 3405 1610 3436 solum
1627 3410 1663 3435 ut
1678 3405 1718 3434 sit
1741 3404 1823 3433 bene
1848 3401 2011 3432 ordinatus
2028 3399 2068 3430 ad
2084 3398 2174 3434 alios,
2191 3398 2274 3428 sicut
2289 3398 2414 3437 legibus

1341 3460 1456 3491 regum
1480 3451 1640 3481 iustorum
1661 3462 1688 3479 ›.
1713 3447 1914 3488 Sequebatur
1938 3444 2008 3486 (fol.
2033 3444 2075 3474 80
2089 3453 2107 3471 v
2123 3443 2144 3472 b
2165 3442 2269 3482 ¹4-82
2288 3452 2302 3471 r
2317 3443 2337 3472 b
2353 3442 2409 3482 46)

1342 3495 1522 3536 capitulum
1546 3494 1586 3524 de
1618 3493 1827 3524 Matrimonio
1851 3490 2070 3530 digressivum,
2094 3488 2126 3517 in
2151 3487 2310 3517 revisione
2335 3496 2414 3526 qua-

1341 3540 1560 3581 dripartitum;
1577 3539 1673 3568 huius
1697 3537 1844 3567 delentur
1866 3540 2026 3565 extremae
2049 3532 2166 3562 lineae:
2197 3544 2211 3557 ‹
2230 3531 2282 3561 Sic
2306 3531 2412 3571 igitur,

1341 3590 1377 3616 ut
1408 3584 1448 3615 ad
1475 3583 1681 3624 propositum
1711 3580 1889 3614 redeamus,
1922 3582 2055 3618 apparet
2085 3586 2123 3607 ex
2151 3575 2253 3612 dictis,
2277 3575 2414 3616 qualiter

1340 3629 1488 3661 divinum
1511 3628 1654 3668 regimen
1679 3625 1801 3656 differat
1825 3633 1842 3653 a
1866 3622 2021 3663 regimine
2045 3621 2214 3662 tyrannico
2239 3626 2270 3650 et
2293 3630 2311 3650 a
2330 3621 2411 3660 regi-

1310 3700 1314 3704 .
1339 3675 1427 3705 mine
1444 3682 1556 3713 regum
1573 3686 1600 3701 ».
1618 3671 1677 3701 His
1693 3675 1802 3700 autem
1817 3668 1919 3698 lituris
1935 3666 1971 3697 fit
1987 3672 2023 3697 ut
2042 3679 2055 3692 «
2072 3670 2169 3706 caput
2181 3664 2381 3697 anecdotum,
2394 3678 2408 3691 »
