2716 4302
0 432 42 448 ΕΟΓ
60 432 102 447 ai.

0 634 2 639 '
12 631 72 653 Casu
88 636 130 658 pro
148 630 206 650 dici·

0 664 36 680 ur.

237 135 307 172 28⁵³e

235 213 436 245 riabilitatem
467 208 600 243 inducit,
631 214 707 236 cum
739 203 904 241 contingat
928 210 966 230 ex
994 199 1096 229 causis
1120 195 1306 228 necessariis

236 267 344 302 effectus
362 260 473 302 primis
490 257 621 288 effectus
640 254 773 285 ultimos
788 251 1013 290 contingentes
1029 247 1217 288 procedere.
1242 245 1306 275 Res

236 319 344 344 autem
360 321 378 341 a
397 311 468 340 Deo
485 308 582 338 scitae
604 314 672 335 non
688 308 763 334 sunt
785 301 909 342 priores
931 302 980 328 sed
994 305 1058 334 post
1077 298 1145 328 eius
1161 296 1305 331 scientia,

236 366 317 395 sicut
341 360 427 402 apud
457 367 518 389 nos
546 362 602 394 est,
631 354 686 385 sed
714 359 788 383 sunt
816 361 853 382 ea
871 354 980 387 priores
999 349 1204 389 posteriores.
1229 346 1305 377 Non

234 416 390 455 igitur...
405 410 682 450 qualitercumque
707 403 828 434 variari.
854 403 870 418 ³⁶
887 400 1075 432 Secundum
1099 406 1305 437 consequens
1329 411 1337 430 5

234 466 329 506 igitur
346 462 545 501 decipiemur
561 458 596 494 si,
615 457 690 497 quia
710 459 735 483 in
757 460 850 482 nostra
868 456 1020 490 cognitione
1038 456 1147 480 nostra
1161 449 1304 488 cognitio

234 524 340 546 rerum
367 511 567 542 variabilium
591 506 749 538 variabilis
774 511 830 540 est,
855 510 988 544 propter
1014 503 1078 532 hoc
1098 505 1139 529 vel
1157 501 1189 530 in
1215 499 1306 529 omni

233 565 419 606 cognitione
442 563 506 592 hoc
530 559 710 590 necessario
731 555 876 586 accidere
900 554 1203 594 putetur.§Rm-sum
1224 551 1306 580 Rur-

234 627 297 648 sus.
323 615 409 646 Cum
439 613 524 648 dicit,
545 613 561 627 ᾗ
587 611 675 640 Deus
699 609 758 638 scit
784 613 833 636 hoc
858 607 909 637 vel
933 606 1024 636 scivit
1053 605 1118 634 hoc
1147 602 1305 636 futurum,

233 666 379 697 medium
393 662 558 704 quoddam
575 661 731 700 accipitur
748 661 830 690 inter
847 658 989 688 divinam
1006 655 1173 685 scientiam
1191 658 1222 682 et
1238 660 1306 707 rem

235 717 358 751 scitam,
375 714 497 744 scilicet
521 720 650 751 tempus
674 712 707 740 in
726 720 792 750 quo
818 715 865 739 est
887 707 1023 742 locutio,
1048 709 1196 744 respectu
1215 711 1307 732 cuius

233 767 313 798 illud
337 765 427 806 quod
443 775 460 804 a
477 764 549 794 Deo
574 763 692 792 scitum
717 761 833 791 dicitur
857 765 903 789 est
927 758 1087 788 futurum:
1112 764 1180 785 non
1198 759 1307 784 autem

233 819 294 860 (est
310 814 468 857 futurum)
487 820 637 854 respectu
654 813 780 843 divinae
795 811 957 845 scientiae,
976 817 1070 848 quae,
1088 807 1120 836 in
1137 810 1307 835 momento

234 868 427 899 aeternitatis
444 866 592 900 existenS,
609 864 649 894 ad
666 864 776 894 omnia
793 860 1044 902 praesentialiter
1060 867 1093 888 se
1118 858 1223 886 habet.
1244 856 1307 885 Re-

231 926 344 960 spectu
362 919 464 957 cuius,
482 918 507 947 si
527 922 656 955 tempus
677 914 877 955 (locutionis)
895 911 934 941 de
958 909 1068 940 medio
1094 907 1307 942 subtrahatur,

231 980 301 1001 non
317 976 364 1000 est
388 970 493 999 dicere
517 968 581 998 hoc
606 975 674 996 esse
699 965 866 1004 cognitum
891 962 983 1002 quasi
1006 969 1074 990 non
1099 959 1247 994 existens,
1273 963 1308 987 ut

231 1023 342 1052 locum
366 1021 482 1050 habeat
498 1018 645 1058 quaestio
671 1025 735 1056 qua
758 1014 923 1055 quaeritur
946 1022 986 1042 an
1010 1011 1112 1051 possit
1135 1018 1202 1040 non
1228 1017 1307 1044 esse,

231 1073 287 1103 sed
307 1073 352 1103 sic
377 1071 543 1111 cognitum
561 1068 684 1098 dicetur
701 1068 734 1108 (a
757 1066 842 1105 Deo)
861 1073 896 1096 ut
913 1065 977 1094 iam
996 1066 1093 1093 existit
1115 1062 1149 1091 in
1169 1070 1226 1091 sua
1243 1061 1308 1090 exi-

231 1125 345 1155 stentia
373 1123 489 1158 visum,
511 1129 578 1161 quo
602 1120 711 1160 posito
738 1127 805 1148 non
835 1122 979 1147 remanet
1002 1114 1184 1156 praedictae
1209 1121 1308 1152 quae-

231 1176 327 1206 stioni
344 1176 446 1210 locus
465 1173 540 1213 quia
557 1171 647 1212 quod
670 1171 735 1200 iam
755 1175 802 1200 est
826 1179 893 1199 non
918 1174 1027 1209 potest
1049 1170 1160 1196 omnino
1181 1175 1232 1194 non
1253 1175 1308 1193 esse

230 1233 389 1267 quantum
406 1226 446 1255 ad
469 1224 548 1255 illud
576 1224 697 1253 instans
713 1231 781 1252 non
799 1231 878 1252 esse.
896 1220 1056 1260 Deceptio
1073 1219 1168 1259 igitur
1193 1217 1308 1248 accidit

231 1289 267 1309 ex
288 1279 351 1308 hoc
369 1276 460 1317 quod
479 1279 556 1304 etiam
572 1281 703 1314 tempus
724 1274 755 1304 in
772 1282 840 1314 quo
858 1273 1025 1312 loquimur
1041 1275 1123 1300 simul
1141 1277 1180 1299 est
1200 1269 1308 1300 coexi-

229 1330 281 1359 stit
305 1328 493 1363 aeternitati,
518 1326 569 1356 vel
593 1326 690 1355 etiam
712 1332 841 1364 tempus
865 1324 1085 1364 praeteritum,
1110 1321 1200 1362 quod
1225 1321 1308 1351 desi-

228 1387 343 1421 gnatur
367 1389 443 1411 cum
467 1379 616 1413 dicimus,
641 1377 730 1407 Deus
753 1377 854 1406 scivit.
874 1375 968 1406 Unde
991 1375 1148 1405 habitudo
1167 1397 1173 1404 .
1189 1397 1195 1404 .
1211 1398 1218 1405 .
1235 1382 1303 1403 non

230 1432 395 1472 competit.
414 1432 454 1462 Et
471 1440 508 1461 ex
525 1431 588 1460 hoe
609 1432 695 1457 incidit
711 1426 853 1470 (accidit)
869 1427 1049 1458 secundum
1067 1426 1216 1457 accidens
1230 1424 1306 1455 falli.

229 1486 246 1524 §
264 1484 439 1514 Praeterea.
458 1483 490 1514 Si
506 1481 771 1522 unumquodque
789 1490 806 1510 a
825 1480 896 1510 Deo
917 1483 943 1508 vi
963 1479 1173 1519 cognoscitur
1190 1500 1197 1507 .
1213 1501 1219 1508 .
1233 1500 1240 1507 .
1258 1486 1307 1507 se—

230 1536 304 1567 dere
336 1535 471 1566 videtur.
502 1534 576 1564 Hoc
608 1540 717 1564 autem
741 1542 810 1566 non
833 1532 1052 1562 necessarium
1077 1536 1123 1560 est
1147 1529 1306 1567 absolute,

229 1589 279 1618 vel
303 1594 339 1618 ut
362 1598 379 1618 a
404 1587 597 1628 quibusdam
623 1585 749 1621 dicitur,
774 1584 963 1614 necessitate
984 1582 1226 1622 consequentis,
1251 1581 1307 1611 sed

231 1641 289 1671 sub
314 1639 513 1675 conditione,
538 1638 588 1668 vel
611 1637 802 1667 necessitate
821 1635 1088 1675 consequentiae.
1111 1633 1202 1664 Haec
1219 1633 1307 1663 enim

231 1691 514 1722 conditionalis...
529 1695 616 1730 patet
641 1698 712 1719 eam
729 1688 769 1719 de
794 1687 881 1718 dicto
897 1687 1094 1717 intellectam
1115 1691 1146 1716 et
1170 1693 1307 1724 compo·
1329 1720 1338 1733 x

190 1765 194 1768 -
232 1744 324 1774 sitam
354 1752 421 1773 esse
446 1751 565 1777 veram,
591 1741 630 1770 de
654 1750 687 1770 re
712 1749 788 1769 vero
816 1739 1014 1769 intellectam
1038 1742 1069 1767 et
1094 1737 1228 1767 divisam
1248 1746 1308 1764 esse

0 2163 13 2179 o
24 2163 34 2179 r
49 2163 61 2178 a
71 2163 93 2185 3¹
103 2168 112 2172 -
122 2158 198 2183 patri.

11 2210 64 2231 Vid.
82 2210 110 2231 ad
126 2210 171 2231 loc.

0 2927 88 2950 orbi

11 3080 71 3102 casu
81 3086 122 3107 pro
133 3087 199 3102 tuas.

232 1794 354 1824 falsam.
380 1794 419 1823 Et
444 1794 488 1823 sic
508 1793 552 1833 (in
578 1792 626 1821 his
652 1792 696 1830 et)
721 1791 753 1820 in
771 1789 925 1820 omnibus
949 1787 1107 1818 similibus
1132 1797 1215 1827 quae
1234 1791 1308 1815 circa

231 1845 291 1875 Dei
318 1845 484 1875 scientiam
513 1845 595 1873 circa
623 1842 844 1882 contingentia
877 1845 1104 1880 oppugnantes
1136 1847 1307 1878 argumen-

230 1902 346 1931 tantur,
365 1894 545 1924 secundum
567 1893 843 1932 compositionem
868 1897 899 1920 et
923 1890 1116 1920 divisionem
1141 1887 1306 1918 falluntur.

229 1948 247 1985 §
260 1946 359 1984 Quod
385 1952 550 1976 autem...
569 1944 706 1974 indicavi
731 1943 798 1972 tibi.

251 2058 331 2097 Cap.
358 2056 498 2087 LXVIII.
517 2055 613 2092 Quo„
639 2054 724 2084 Dans
751 2063 926 2084 coososctr
950 2062 1052 2082 morus
1078 2060 1282 2081 votusrarts.

272 2153 290 2190 ἓ
319 2150 444 2180 Deinde
479 2155 607 2189 oportet
643 2147 814 2178 ostendere
846 2146 935 2187 quod
971 2146 1060 2176 Deus
1091 2145 1306 2185 cogitationes

227 2202 386 2232 mentium
399 2207 430 2232 et
440 2201 623 2231 voluntates
637 2199 785 2230 cordium
799 2199 1006 2238 cognoscat?
1022 2202 1080 2234 lpse
1093 2201 1163 2226 enim
1174 2201 1213 2226 sui
1224 2202 1307 2234 ipsius
1320 2211 1347 2231 40

227 2255 356 2289 perfectus
377 2256 494 2288 cognitor
507 2259 554 2283 est.
569 2254 638 2279 unde
651 2257 766 2286 oportet,
780 2253 851 2286 quod
871 2260 923 2277 non
937 2258 1006 2278 esset
1020 2253 1067 2277 nisi
1082 2253 1196 2285 perfecte
1209 2259 1306 2284 cogno-

227 2313 312 2333 sceret
331 2307 454 2340 quicquid
475 2307 499 2331 in
520 2307 577 2338 ipso
597 2313 767 2338 quocumque
787 2306 868 2329 modo
882 2310 930 2330 est.
946 2304 998 2329 Nec
1018 2305 1095 2329 etiam
1115 2311 1193 2329 suum
1213 2304 1306 2329 intelli-

227 2367 288 2393 gere
309 2365 380 2384 esset
399 2366 446 2383 sua
465 2358 576 2383 essentia
597 2358 618 2382 si
638 2356 735 2390 aliquid
756 2363 826 2381 esset
840 2356 864 2381 in
885 2364 932 2381 sua
946 2357 1058 2381 essentia
1072 2357 1143 2389 quod
1163 2364 1215 2381 non
1236 2361 1306 2382 esset

229 2410 255 2435 in
274 2417 321 2435 sua
341 2409 494 2442 cognitione.
515 2408 603 2433 Omne
628 2413 715 2432 autem
736 2407 806 2440 quod
827 2414 995 2440 quocumque
1020 2408 1100 2432 modo
1124 2413 1173 2436 est,
1197 2408 1222 2432 in
1246 2407 1306 2439 ipso

229 2464 269 2483 est
288 2459 353 2483 sicut
373 2458 481 2482 effectus
502 2462 542 2481 est
560 2457 654 2481 virtute
674 2457 699 2481 in
719 2463 805 2487 causa,
825 2463 886 2480 cum
905 2456 960 2488 ipse
979 2457 1012 2481 sit
1031 2457 1179 2481 universale
1199 2457 1306 2482 essendi

228 2509 392 2542 principium.
412 2504 519 2535 Omne
544 2509 620 2540 igitur
644 2504 759 2546 (enim)
786 2503 876 2544 quod
901 2513 1113 2544 quocumque
1130 2504 1232 2535 modo
1258 2510 1305 2535 est

229 2560 334 2592 aliquid,
354 2557 563 2596 cognoscitur
582 2565 598 2584 a
624 2555 694 2585 Deo
717 2556 925 2595 (inquantum
942 2564 1033 2585 suam
1051 2556 1223 2586 essentiam
1249 2564 1304 2586 co-

228 2607 364 2647 gnoscit,
390 2612 426 2636 ut
450 2615 545 2646 supra
571 2612 737 2636 ostensum
756 2611 828 2646 est).
849 2605 915 2636 Ens
939 2613 1047 2636 autem
1073 2605 1240 2646 quoddam
1258 2612 1305 2637 est

228 2661 244 2693 †
267 2661 391 2693 potentia
416 2665 482 2689 actu.
511 2665 536 2684 et
564 2659 642 2685 huius
663 2660 795 2693 quoddam
815 2665 855 2685 est
878 2661 1024 2685 secundum
1058 2670 1071 2683 a·
1094 2671 1108 2683 κ
1129 2660 1263 2694 quoddam
1288 2661 1304 2692 †

228 2709 260 2739 in
292 2709 408 2747 anima,
439 2707 605 2748 quoddam
632 2708 665 2738 in
695 2708 790 2738 rebus
821 2714 907 2738 extra
935 2709 1087 2739 animam.
1124 2708 1304 2749 Cognoscit

228 2760 324 2800 igitur
347 2759 435 2790 Deus
460 2768 574 2789 omnes
598 2758 786 2789 huiusmodi
811 2758 919 2800 (entis)
946 2759 1139 2791 differentias
1164 2766 1195 2791 et
1219 2769 1303 2801 quae

228 2811 287 2840 sub
305 2811 349 2840 eis
370 2811 588 2840 continentur.
614 2810 680 2840 Ens
705 2815 812 2840 autem
896 2818 1082 2850 cognoscat.
1106 2813 1124 2850 ἓ
1140 2811 1302 2852 Amplius.

228 2862 280 2892 Sic
297 2862 386 2892 Deus
403 2883 410 2892 .
425 2885 432 2892 .
447 2885 454 2892 .
473 2861 659 2892 affectiones
683 2862 810 2892 mentis.
836 2863 853 2901 ἓ
870 2862 960 2893 Item.
985 2862 1076 2894 Sicut
1101 2873 1169 2894 esse
1184 2887 1191 2894 .
1207 2887 1213 2893 .
1229 2886 1236 2894 .
1254 2863 1303 2894 in-

227 2913 416 2944 tellectualis
433 2922 537 2944 causa.
563 2914 579 2929 ³
596 2913 686 2944 Sicut
710 2914 805 2953 igitur
830 2913 928 2950 Deus,
954 2914 1185 2954 cognoscendo
1205 2923 1302 2945 suum

228 2973 306 3003 esse,
332 2965 500 3004 cognoscit
517 2964 613 3005 (esse)
631 2964 802 2994 cuiuslibet
819 2966 874 3000 rei,
891 2965 933 2995 ita
950 2965 1182 3006 cognoscendo
1205 2975 1302 2997 suum
1318 2980 1339 3000 ςς

228 3015 404 3056 intelligere
429 3022 460 3046 et
483 3015 564 3045 velle
590 3016 759 3055 cognoscit
783 3025 916 3046 omnem
940 3018 1172 3057 cogitationem
1190 3023 1220 3048 et
1245 3027 1301 3048 vo-

228 3067 395 3098 luntatem.
412 3066 569 3106 §Adhuc
587 3067 676 3097 Deus
699 3076 767 3098 non
792 3068 899 3098 solum
973 3078 1030 3109 per
1053 3079 1110 3099 sua
1127 3070 1143 3086 ⁴*
1168 3070 1301 3100 virtutes

229 3119 345 3148 activas
359 3141 366 3148 .
381 3141 387 3148 .
404 3141 410 3148 .
425 3123 456 3148 et
473 3117 665 3148 voluntates.
683 3121 699 3153 §
714 3122 857 3146 Praeterea.
876 3123 983 3148 Divinus
1003 3124 1148 3148 intellectus
1169 3129 1208 3149 est
1227 3131 1300 3149 men-

230 3180 290 3197 sura
306 3174 422 3197 omnium
442 3173 650 3206 intelligibilium,
669 3174 734 3198 sicut
753 3175 885 3199 virtuosus
909 3180 949 3200 est
973 3182 1097 3201 mensura
1114 3175 1233 3200 omnium
1252 3175 1300 3200 hu-

229 3230 365 3248 manarum
384 3224 523 3248 actionum.
543 3223 614 3248 Sicut
633 3224 709 3256 igitur
729 3232 757 3248 ea
777 3232 845 3257 quae
865 3230 925 3250 sunt
944 3225 1097 3258 simpliciter
1115 3226 1224 3251 meliora
1240 3231 1302 3251 sunt
1315 3233 1341 3252 6ο

229 3274 345 3299 virtuoso
358 3274 473 3303 meliora,
494 3282 545 3299 non
565 3281 651 3300 autem
667 3275 830 3308 cuicumque,
849 3284 908 3301 cum
928 3284 958 3301 ea
978 3283 1046 3309 quae
1065 3282 1126 3302 sunt
1150 3277 1302 3311 simpliciter

229 3325 297 3350 bona
316 3327 402 3358 pravis
421 3327 489 3351 mala
507 3326 649 3356 videantur.
669 3328 703 3351 ita
722 3330 828 3359 oportet
842 3328 914 3360 quod
932 3335 962 3352 ea
981 3335 1049 3362 quae
1069 3334 1129 3354 sunt
1149 3329 1301 3362 simpliciter

229 3377 340 3402 meIiora
353 3378 549 3410 intelligibiliora
568 3379 651 3411 magis
669 3384 772 3410 oportet
791 3379 847 3403 Deo
866 3387 925 3404 esse
944 3379 1120 3412 intelligibilia,
1140 3388 1193 3405 non
1213 3386 1301 3406 autem

231 3428 315 3459 nobis,
338 3436 398 3453 nam
423 3436 453 3453 ea
477 3436 544 3462 quae
563 3434 623 3454 sunt
643 3429 753 3454 maxime
773 3430 939 3463 intelligibilia
958 3436 1019 3456 sunt
1039 3431 1097 3457 Deo
1116 3431 1194 3457 nobis
1214 3433 1300 3458 minus

231 3478 398 3510 intelligibilia
421 3484 527 3512 propter
546 3479 676 3504 defectum
701 3479 846 3505 intellectus
863 3481 963 3512 unostri.
988 3482 1039 3506 Sed
1060 3490 1090 3507 ea
1109 3489 1176 3516 quae
1196 3487 1257 3508 sunt
1276 3482 1302 3507 in
1315 3490 1339 3516 σς

230 3531 360 3556 intellectu
382 3536 442 3556 sunt
461 3532 543 3564 magis
563 3531 729 3564 intelligibilia
749 3539 828 3565 quam
853 3540 882 3558 ea
902 3540 970 3565 quae
990 3538 1049 3558 sunt
1073 3533 1098 3558 in
1117 3533 1197 3559 rebus
1221 3539 1302 3559 mate·

230 3582 335 3607 rialibus
361 3588 430 3607 extra
453 3583 575 3613 animam,
599 3590 658 3607 cum
682 3583 745 3608 haec
769 3584 821 3608 sint
844 3584 1013 3618 intelligibilia
1038 3586 1160 3618 potentia,
1184 3586 1227 3611 illa
1250 3587 1303 3611 sint

232 3633 398 3666 intelligibilia
411 3638 476 3659 actu.
489 3634 514 3658 Si
528 3634 603 3666 igitur
626 3634 696 3659 Deus
715 3634 778 3659 haec
798 3635 938 3660 materialia
957 3635 1099 3669 cognoscit,
1117 3641 1146 3661 ut
1164 3642 1301 3662 ostensum

232 3689 280 3716 est,
299 3684 382 3708 multo
402 3685 484 3716 magis
502 3690 604 3717 oportet
623 3687 693 3718 quod
718 3692 859 3719 cognoscat
884 3695 914 3712 ea
931 3695 999 3720 quae
1022 3693 1084 3714 sunt
1101 3689 1127 3714 in
1152 3689 1238 3715 anima
1256 3698 1303 3723 per

231 3735 413 3768 cogitationem
437 3740 463 3760 et
479 3735 650 3761 voluntatem.
668 3734 685 3772 ἓ
702 3733 792 3764 Item.
813 3734 901 3766 Deus
917 3745 984 3766 non
1009 3737 1117 3767 minus
1133 3738 1302 3777 cognoscit
1316 3748 1343 3768 70

230 3783 420 3814 substantias
435 3782 649 3822 intelligibiles
667 3794 766 3824 quam
781 3796 829 3814 nos
849 3786 929 3826 (ipse
947 3787 995 3816 vel
1021 3786 1094 3828 nos)
1112 3788 1302 3819 substantias

231 3835 395 3865 sensibiles
418 3838 459 3863 vel
472 3839 548 3863 etiam
562 3846 641 3871 quam
655 3847 712 3870 noa,
727 3839 800 3865 Deus
819 3844 917 3869 autem,
943 3846 1016 3868 cum
1042 3839 1236 3869 substantiae
1254 3839 1302 3869 in-

212 3885 426 3930 ¹tellectuales
459 3886 521 3916 sint
550 3886 650 3926 magis
674 3888 918 3926 cognoscibiles,
945 3894 1021 3928 puta
1046 3891 1147 3930 magis
1171 3891 1204 3920 in
1228 3895 1301 3920 actu

231 3937 410 3967 existentes.
429 3935 676 3967 informationes
693 3960 699 3966 .
715 3959 722 3966 .
738 3960 744 3966 .
763 3947 779 3966 a
797 3939 899 3968 nobis.
925 3939 1010 3969 Cum
1027 3940 1123 3980 igitur
1147 3941 1300 3981 cogitatio

232 3987 356 4017 animae
386 3987 425 4018 sit
457 3996 513 4027 per
543 3986 807 4018 informationem
840 3989 1001 4028 quandam
1033 3991 1143 4030 ipsius,
1174 3991 1338 4024 affection

1324 921 1345 940 ¹5

1323 1179 1349 1193 20

1322 1442 1345 1462 ²5

1323 1695 1348 1715 30

1323 1952 1345 1972 35

1319 2467 1343 2486 45

1320 2725 1345 2745 50

1200 115 1465 154 APPENDIX

1360 200 1470 225 autem
1487 194 1525 223 sit
1542 191 1703 233 quaedam
1727 189 1894 221 inclinatio
1912 189 2014 229 ipsius
2037 188 2078 220 ad
2101 189 2235 230 aliquid,
2255 200 2316 218 cum
2336 186 2438 232 (nam)

1361 251 1392 275 et
1414 245 1518 285 ipsam
1542 243 1789 274 inclinationem
1812 241 1858 271 rei
1882 240 2035 270 naturalis
2058 241 2239 281 appetitum
2261 240 2442 271 naturalem

1361 296 1507 326 dicamus
1523 296 1550 331 *‚
1574 293 1768 333 relinquitur
1792 291 1884 332 quod
1900 292 1990 322 Deus
2006 291 2221 332 cogitationes
2242 297 2275 322 et
2298 291 2441 322 affectio-

1360 356 1418 376 nes
1442 345 1591 376 cordium
1608 348 1795 384 cognoscat.
1820 344 1838 381 §
1853 342 1930 373 Hoc
1954 347 2064 372 autem
2138 341 2217 382 quid
2234 348 2317 373 esset
2331 343 2366 372 in
2381 342 2442 372 ho-

1361 398 1460 427 mine.
1485 400 1500 433 ξ
1514 401 1572 425 Non
1585 405 1674 424 autem
1686 403 1799 431 oportet,
1812 398 1834 423 si
1846 398 1924 422 etiam
1939 397 2009 422 Deus
2022 402 2125 422 motum
2143 397 2284 422 voluntatis
2303 397 2443 430 ignoraret,

1362 453 1433 485 quod
1453 459 1546 477 eorum
1565 450 1737 484 singularium
1756 457 1824 483 quae
1844 457 1859 474 a
1877 449 2011 474 voluntate
2029 454 2054 473 et
2072 448 2227 481 cogitatione
2245 449 2402 481 proveniunt
2419 450 2442 474 ei

1362 504 1449 528 notitia
1475 504 1588 532 deesset,
1614 509 1682 533 cum,
1708 501 1775 526 sieut
1800 507 1880 533 supra
1898 506 2036 525 ostensum
2056 505 2104 532 est,
2124 508 2177 525 non
2197 500 2284 525 solum
2303 506 2444 534 cognoscat

1363 555 1376 570 *
1391 555 1462 579 Deus
1482 562 1524 578 res
1544 558 1622 586 prout
1641 558 1703 578 sunt
1721 553 1746 577 in
1766 553 1821 577 suis
1841 552 1935 581 causis,
1955 552 2002 577 sed
2022 553 2100 577 etiam
2113 557 2192 585 prout
2210 557 2272 577 sunt
2290 552 2316 577 in
2335 551 2444 585 seipsis:

1362 610 1474 638 possunt
1493 610 1580 629 autern
1606 604 1631 628 in
1657 604 1751 636 seipsis
1776 603 1899 635 cognosci
1923 601 2055 628 artificiata
2079 603 2156 628 etiam
2177 603 2198 628 si
2223 603 2346 629 voluntas
2369 604 2444 637 igno—

1324 668 1348 681 to
1362 663 1433 682 retur
1457 657 1565 689 agentis,
1585 655 1651 680 sicut
1670 663 1685 680 a
1703 654 1779 680 nobis
1799 660 2002 688 cognoscuntur,
2021 654 2066 688 qui
2086 655 2174 687 potius
2194 655 2357 680 voluntatem
2375 655 2444 681 arti·-

1355 709 1441 741 ficum
1458 705 1561 732 artificis
1575 713 1605 731 ex
1624 705 1749 738 operibus
1762 705 1820 730 eius
1834 710 1979 738 utcumque
1992 705 2146 731 coniicimus
2159 714 2240 740 quam
2261 714 2291 731 ex
2310 706 2444 732 voluntate

1362 766 1387 784 et
1406 759 1562 792 cogitatione
1581 756 1685 783 artificis
1713 758 1739 782 in
1757 756 1951 782 artificiatorum
1975 757 2092 782 notitiam
2110 757 2256 783 veniamus.
2279 758 2338 783 Hoc
2356 763 2444 783 autem

1363 811 1502 844 praecipue
1521 810 1546 834 in
1565 809 1622 835 Deo
1643 810 1730 834 locum
1750 809 1836 840 habet,
1849 809 1895 842 qui
1914 816 1958 834 res
1977 809 2111 842 cognoscit
2130 817 2178 843 per
2198 817 2228 835 se
2249 810 2367 835 omnium
2387 809 2444 835 uni-

1362 862 1491 886 versalem
1515 866 1541 885 et
1560 861 1671 893 primam
1696 868 1811 892 causam,
1833 868 1848 886 a
1870 868 1923 894 qua
1941 868 2035 885 omnes
2060 867 2154 886 causae
2172 861 2295 886 virtutem
2320 862 2445 887 causandi

1363 914 1499 947 accipiunt,
1513 918 1538 938 et
1561 913 1598 937 eis
1618 912 1809 937 retrahentibus
1828 912 2001 945 operationes
2015 912 2176 938 influentiam
2195 919 2270 937 suam
2290 919 2304 937 a
2323 913 2444 946 causatis,

1363 965 1446 990 adhuc
1465 970 1583 990 remanet
1602 964 1714 989 influxus
1737 965 1837 998 primae
1860 971 1955 989 causae
1974 964 2000 989 in
2023 963 2120 995 omnia,
2143 970 2171 989 ut
2189 963 2315 997 probatur
2334 964 2360 989 in
2379 964 2446 989 libs-o

1364 1019 1395 1043 de
1415 1017 1545 1050 causing
1559 1017 1664 1042 Rursus
1685 1023 1738 1041 non
1757 1019 1864 1048 oportet
1892 1012 2088 1042 Dominium
2105 1017 2215 1042 autem
2232 1011 2323 1052 quod
2346 1012 2446 1042 habet

1363 1065 1514 1096 voluntas
1538 1057 1635 1104 supra
1659 1074 1735 1095 suos
1759 1070 1850 1094 actus
1867 1074 1920 1093 non
1939 1067 2063 1093 excludit
2079 1073 2137 1104 per
2153 1062 2245 1104 quod
2261 1063 2293 1094 in
2311 1063 2382 1108 eius
2398 1069 2446 1094 est

1363 1122 1522 1157 potestate
1539 1115 1621 1146 velle
1637 1115 1688 1145 vel
1707 1124 1776 1145 non
1792 1115 1887 1150 velle,
1907 1125 1960 1144 non
1981 1114 2123 1153 excludit
2139 1114 2446 1145 determinationem

1362 1173 1400 1198 ad
1419 1179 1499 1197 unum
1517 1168 1643 1198 virtutis
1667 1167 1707 1197 ad
1727 1177 1831 1198 unum
1855 1171 1928 1205 quod
1947 1171 1973 1196 in
1991 1171 2220 1204 particularitatem
2238 1170 2341 1196 virtutis
2360 1174 2446 1203 sonet,

1363 1223 1476 1248 excludit
1499 1219 1557 1259 (et)
1582 1219 1772 1249 violentiam
1797 1228 1913 1249 causae
1938 1219 2078 1250 exterius
2094 1219 2228 1258 agentis,
2245 1227 2314 1248 non
2335 1223 2445 1248 autem

1363 1270 1504 1301 excludit
1520 1269 1725 1300 influentiam
1749 1270 1924 1310 superioris
1949 1279 2064 1301 causae
2085 1280 2103 1300 a
2127 1279 2192 1310 qua
2208 1274 2256 1300 est
2273 1270 2302 1300 ei
2319 1277 2390 1300 esse
2413 1273 2446 1299 et

1363 1322 1500 1362 operari.
1534 1321 1575 1352 Et
1604 1322 1649 1351 sic
1673 1331 1726 1351 non
1746 1328 1862 1357 oportet,
1890 1324 1958 1350 nihi!
1982 1324 2018 1350 im
2038 1326 2184 1352 remanet
2211 1320 2380 1351 causalitas
2410 1320 2446 1351 in

1362 1383 1458 1403 causa
1474 1373 1588 1413 prima,
1606 1381 1691 1412 quae
1708 1372 1797 1402 Deus
1814 1370 1899 1414 (est),
1917 1377 2067 1413 respectu
2083 1378 2238 1402 motuum
2257 1370 2446 1407 voluntatis,

1362 1430 1398 1455 ut
1426 1425 1471 1455 sic
1507 1425 1606 1460 Deus,
1638 1424 1782 1464 seipsum
1814 1424 2058 1464 cognoscendo,
2095 1422 2283 1455 huiusmodi
2320 1429 2451 1464 cogno·'

1362 1486 1450 1507 scere
1475 1477 1586 1516 possit.

1487 1587 1569 1628 Cap.
1594 1587 1706 1617 LXIX.
1732 1586 1829 1625 Quoi)
1854 1587 1941 1617 Deus
1967 1596 2144 1618 cooxoscn·
2168 1596 2321 1618 INFINITA.

1407 1682 1518 1721 §Post
1542 1682 1622 1712 haec
1646 1680 1888 1711 ostendendum
1921 1687 1968 1711 est
2001 1681 2093 1721 quod
2123 1681 2214 1712 Deus
2237 1680 2364 1712 infinita
2387 1691 2447 1713 eo-

1362 1734 1499 1774 gnoscit.
1513 1731 1757 1773 Cognoscendo
1771 1733 1859 1763 enim
1873 1756 1880 1763 .
1895 1755 1902 1762 .
1918 1755 1925 1762 .
1939 1741 2023 1773 quae
2041 1738 2116 1763 sunt
2128 1741 2234 1763 causa.
2263 1735 2341 1762 Nihil
2359 1735 2448 1771 igitur

1362 1785 1418 1815 Est
1443 1785 1539 1824 igitur
1563 1783 1767 1814 infinitorum
1791 1785 2044 1824 cognoscitivus.
2069 1785 2087 1823 §
2109 1784 2201 1815 Item.
2231 1784 2322 1815 Deus
2353 1794 2446 1816 suam

1362 1837 1513 1866 virtutem
1531 1859 1538 1866 .
1556 1858 1562 1864 .
1578 1858 1585 1865 .
1604 1835 1763 1874 cognitor.
1794 1836 1812 1873 §
1835 1835 1997 1874 Amplius
2033 1834 2067 1865 Si
2096 1835 2158 1865 Dei
2175 1857 2183 1865 .
2198 1858 2206 1866 .
2221 1858 2228 1865 .
2246 1836 2355 1866 omnis
2383 1845 2445 1867 nu-

1362 1895 1480 1916 merus.
1505 1886 1523 1923 §
1539 1884 1667 1915 Adhuc.
1694 1884 1783 1915 Deus
1809 1885 1947 1915 essentia
1975 1894 2033 1915 sua
2057 1885 2140 1915 sicut
2165 1885 2310 1926 quodam
2334 1885 2447 1918 medio

1361 1941 1417 1966 alia
1435 1946 1552 1974 cognosc
1571 1936 1745 1976 exemplari
1777 1936 1837 1966 alia
1862 1936 2042 1976 cognoscit.
2068 1935 2143 1973 Sed,
2171 1945 2248 1968 cum
2272 1937 2314 1968 sit
2340 1936 2455 1978 perse-¹

1362 1987 1479 2017 ctionis
1503 1985 1659 2022 infinitae,
1677 1991 1713 2016 ut
1729 1995 1826 2026 supra
1843 1991 2012 2017 ostensum
2030 1993 2087 2024 est,
2112 1987 2152 2018 ab
2175 1987 2246 2028 ipsa
2269 1987 2447 2030 exemplari

1359 2046 1448 2075 potest
1466 2043 1604 2078 possunt
1619 2037 1745 2068 infinita
1762 2037 1912 2068 habentia
1928 2036 2146 2078 perfectiones
2162 2037 2279 2076 finitas,
2292 2039 2370 2080 quia
2383 2045 2447 2072 nee

1361 2089 1496 2131 aliquod
1523 2098 1628 2120 unum
1652 2098 1769 2119 eorum
1795 2098 1856 2120 nec
1885 2089 2046 2130 quotlibet
2074 2089 2167 2130 plura
2187 2101 2240 2127 per
2265 2091 2453 2132 exemplata*

1361 2141 1596 2182 perfectionem
1626 2141 1819 2182 exemplaris
1847 2140 2027 2182 adaequare
2055 2148 2204 2182 possunt.
2237 2142 2295 2174 Est
2322 2143 2368 2175 sic

1362 2203 1571 2234 cognoscere.
1599 2193 1815 2232 §Praeterea
1848 2181 1928 2224 [isse
1958 2193 2019 2224 Dei
2051 2198 2100 2224 est
2129 2202 2227 2225 suum
2255 2195 2446 2236 intelligere.

1361 2245 1451 2276 Sicut
1474 2246 1571 2285 igitur
1590 2254 1687 2275 suum
1713 2253 1782 2276 esse
1799 2250 1847 2275 est
1870 2243 2036 2275 infinitum
2061 2245 2111 2285 (ut
2134 2250 2302 2277 ostensum
2326 2245 2387 2290 est)
2402 2247 2447 2279 ita

1361 2307 1457 2328 suum
1489 2297 1670 2337 intelligere
1701 2302 1749 2327 est
1774 2295 1950 2328 infinitum.
1976 2299 2032 2326 Sed
2059 2300 2128 2327 nihil
2151 2296 2242 2329 Sicut
2272 2304 2383 2330 autem
2411 2307 2447 2331 se

1362 2349 1459 2380 habet
1482 2348 1611 2380 finitum
1637 2348 1677 2379 ad
1694 2352 1830 2386 infinitum
1851 2347 1990 2386 finitum,
2015 2349 2058 2380 ita
2082 2347 2248 2380 infinitum
2271 2349 2312 2381 ad
2336 2349 2446 2382 infini-

1360 2407 1441 2432 tum.
1468 2400 1500 2431 Si
1525 2402 1622 2441 igitur
1647 2400 1857 2443 (secundum)
1880 2400 2061 2441 intelligere
2085 2406 2246 2438 nostrum,
2264 2401 2356 2442 quod
2370 2401 2455 2434 fini--

1360 2459 1431 2483 tum
1457 2458 1515 2489 est,
1531 2456 1571 2482 ad
1580 2455 1667 2489 finita
1685 2463 1713 2482 se
1728 2451 1819 2483 finita
1836 2461 1951 2493 capere
1967 2461 2157 2493 possumne,
2174 2457 2206 2483 et
2221 2452 2312 2484 Deus
2327 2462 2446 2486 secun·-

1361 2503 1439 2534 dum
1456 2512 1553 2534 suum
1577 2503 1757 2544 intelligere
1773 2502 1899 2534 infinita
1923 2512 2039 2544 capere
2062 2506 2158 2540 poterit
2179 2509 2299 2545 potest.
2324 2505 2342 2544 5
2365 2504 2447 2536 Am-

1360 2555 1455 2596 plius.
1474 2554 1661 2586 Intellectus
1677 2564 1882 2595 cognoscens
1900 2577 1908 2585 .
1924 2578 1952 2585 ..
1971 2554 2011 2586 de
2030 2555 2150 2586 anima.
2174 2558 2207 2584 Si·
2223 2562 2314 2585 autem
2343 2554 2446 2594 Quod

1360 2617 1397 2638 ex
1432 2607 1495 2638 hoc
1523 2607 1675 2647 provenit
1692 2630 1699 2637 .
1715 2630 1722 2637 .
1738 2631 1744 2637 .
1763 2606 1939 2648 perficitur.
1971 2606 2035 2638 Sed
2066 2607 2092 2638 si
2115 2613 2204 2637 aaut
2227 2610 2335 2645 infinita
2361 2607 2446 2639 acci-

1359 2659 1488 2699 piantur
1513 2658 1639 2689 infinita
1663 2659 1750 2689 entia
1767 2682 1774 2689 .
1790 2682 1817 2689 ..
1832 2659 2021 2689 universum
2050 2668 2166 2690 eorum
2189 2666 2280 2689 essent
2302 2662 2392 2689 minu:
2417 2662 2457 2689 1η·

1360 2714 1495 2748 infinitate
1520 2716 1603 2741 esset
1626 2710 1763 2752 minoris
1787 2709 1954 2741 infinitatis
1978 2719 2077 2750 quam
2102 2710 2203 2742 Deus.
2227 2710 2312 2742 Nam
2337 2709 2446 2752 quod—

1358 2761 1436 2792 libet
1461 2771 1588 2798 eorum,
1613 2768 1644 2792 et
1669 2762 1781 2793 omnia
1805 2761 1913 2798 simul,
1945 2761 2101 2793 haberent
2127 2771 2197 2794 esse
2221 2765 2247 2792 is
2272 2767 2442 2803 receptum

2470 294 2478 303 ·
2490 293 2552 315 Casu
2572 299 2620 315 non
2636 299 2686 315 eor.

2471 321 2495 342 in
2510 319 2618 350 drjct'mts.

2469 555 2605 578 'zovah

2473 1697 2504 1715 so
2529 1690 2704 1720 vam—paco

1360 2819 1390 2844 et
1415 2813 1588 2844 limitatum
1607 2813 1647 2844 ad
1664 2813 1807 2854 aliquam
1833 2814 1976 2854 speciem
1994 2813 2043 2844 vel
2059 2823 2175 2854 genus,
2200 2820 2232 2845 et
2254 2815 2300 2845 sic
2324 2823 2443 2846 secun-
2466 2820 2474 2827 ‘

1359 2865 1437 2895 dum
1462 2864 1586 2906 aliquid
1606 2873 1696 2894 essem
1714 2867 1786 2894 finita
1807 2864 1904 2907 (esset
1927 2863 2083 2907 finitum.)
2107 2864 2204 2896 Unde
2221 2888 2228 2896 .
2243 2887 2251 2895 .
2266 2889 2273 2896 .
2291 2870 2327 2896 ut
2346 2873 2444 2907 supra

1358 2922 1527 2947 ostensum
1544 2922 1601 2947 est.
1636 2919 1712 2946 Unde
1732 2915 1819 2948 Cum
1835 2916 1933 2957 igitur
1950 2916 2040 2947 Deus
2064 2915 2208 2957 perfecte
2224 2917 2370 2958 seipsum
2386 2925 2444 2948 co-

1357 2974 1503 3010 gnoscat,
1521 2972 1604 2997 multo
1616 2972 1700 3005 magis
1714 2979 1766 2997 non
1779 2977 1820 2998 est
1833 2970 1936 2998 difficile
1951 2967 2044 3006 (nihil
2062 2967 2213 3009 prohibet
2229 2967 2320 3011 eum)
2345 2969 2443 3001 etiam

1356 3021 1444 3051 illam
1461 3029 1623 3050 summam
1640 3018 1844 3050 infinitorum
1860 3020 1878 3037 “
1890 3028 2101 3060 cognoscere.
2118 3018 2278 3058 §Adhuo
2307 3019 2442 3059 Quanto

1357 3072 1472 3112 aliquis
1490 3095 1496 3101 .
1513 3094 1540 3102 ..
1558 3080 1768 3111 cognoscere.
1794 3071 1886 3102 Sicut
1915 3077 1948 3102 et
1978 3070 2087 3101 omnis
2117 3071 2218 3101 virtus
2237 3077 2299 3100 tant
2317 3076 2442 3113 quanto

1357 3129 1403 3153 est
1427 3122 1542 3153 fortior
1566 3127 1657 3153 tanto
1683 3128 1730 3153 est
1759 3123 1861 3163 magis
1889 3122 1990 3153 unita.
2015 3126 2042 3151 Si
2062 3125 2140 3160 igitur
2158 3126 2305 3160 intelligere
2323 3126 2441 3167 divino-3

1356 3173 1554 3216 (Intellectus
1571 3180 1680 3205 autem
1697 3174 1839 3211 divinus)
1856 3173 2039 3206 secundum
2055 3173 2233 3206 efficaciam
2249 3174 2317 3206 sive
2335 3173 2441 3216 perfe-

1356 3226 1501 3256 ctionem
1525 3229 1559 3254 sit
1582 3228 1712 3255 infinitum
1742 3224 1802 3267 (est
1825 3225 1981 3264 infinitus,
2006 3232 2042 3257 ut
2066 3236 2104 3258 ex
2134 3225 2358 3267 superioribus
2380 3234 2440 3267 pa-

1355 3275 1414 3318 tet)
1432 3282 1526 3314 poterit
1545 3275 1670 3320 (Potest
1692 3276 1784 3319 ergo)
1809 3288 1867 3319 per
1891 3288 2006 3315 unum,
2023 3277 2115 3319 quod
2135 3283 2183 3310 est
2205 3285 2263 3308 sua
2289 3277 2439 3315 essentia,

1356 3333 1500 3366 infinitatis
1523 3340 1580 3359 esse
1604 3328 1743 3370 (infinita
1767 3328 1992 3373 cognoscere.)
2012 3334 2029 3368 9
2042 3334 2117 3360 item.
2129 3333 2236 3364 Quanto
2249 3333 2337 3367 aliqua
2357 3333 2440 3359 virtus

1357 3385 1441 3418 magis
1461 3385 1494 3410 ad
1513 3383 1667 3410 intinitatem
1680 3384 1786 3416 accedit,
1805 3389 1878 3410 tanto
1897 3385 1982 3419 magis
2001 3385 2132 3412 infinit-ns
2150 3383 2180 3410 flt
2198 3384 2337 3418 particeps,
2355 3385 2440 3413 vituts

1356 3435 1427 3461 enim
1446 3443 1493 3469 per
1512 3434 1676 3461 diffusionem
1696 3440 1722 3461 et
1741 3435 1983 3470 multiplicationem
2002 3435 2123 3462 dividitur
2145 3440 2171 3461 et
2189 3435 2343 3462 minoratur.
2363 3436 2440 3462 Unde

1357 3494 1461 3518 sensus,
1481 3487 1526 3520 qui
1546 3492 1587 3513 est
1605 3487 1688 3512 virtus
1712 3487 1738 3512 in
1757 3487 1874 3519 materia,
1893 3494 1947 3512 non
1963 3489 2005 3512 m
2023 3485 2191 3520 infinitorum
2211 3486 2280 3520 capit
2298 3485 2438 3516 infinitum.

1357 3538 1506 3563 Intellectus
1530 3543 1618 3564 autem
1641 3543 1739 3570 noster,
1763 3539 1808 3572 qui
1831 3542 1872 3564 est
1897 3537 2084 3569 immaterialis,
2103 3531 2173 3571 capit'
2189 3536 2328 3569 infinitum,
2346 3538 2394 3564 sed
2414 3538 2440 3563 in

1357 3588 1481 3621 potentia,
1501 3596 1562 3614 nam
1582 3588 1731 3614 universale
1749 3591 1790 3614 est
1805 3588 1841 3618 t'n,
1861 3588 1935 3614 cuius
1947 3593 1988 3613 est
2001 3587 2148 3614 intellectus
2163 3596 2252 3623 capax,
2265 3596 2304 3615 ex
2322 3593 2363 3615 ost
2380 3587 2441 3615 infi-

1359 3640 1411 3664 nita
1430 3639 1595 3672 particularia
1614 3639 1640 3664 in
1661 3639 1786 3673 potentia.
1804 3638 1957 3664 luxuum
1975 3641 2066 3664 autem
2090 3639 2164 3664 divin
2185 3639 2218 3665 Et
2236 3639 2287 3665 hoe
2301 3639 2440 3666 κύω-δί-

1358 3690 1415 3715 liter
1434 3690 1534 3716 accidit.
1554 3689 1621 3716 Nam
1644 3690 1790 3716 intellectus
1812 3692 1911 3720 noster,
1935 3689 2057 3722 quamvis
2076 3689 2110 3715 sit
2131 3697 2146 3715 a
2166 3691 2274 3716 materia
2293 3695 2438 3724 sapatum,

1359 3747 1398 3767 est
1418 3746 1506 3766 tamen
1527 3741 1552 3767 in
1575 3741 1698 3775 potentia.
1723 3738 1876 3767 Intellectus
1899 3744 1986 3765 autem
2010 3739 2113 3766 divinus
2137 3746 2178 3766 est
2200 3741 2226 3766 in
2250 3739 2302 3766 fine
2323 3740 2440 3773 unitatis,

1363 3793 1587 3818 immaterialitatis
1615 3797 1642 3818 et
1665 3791 1827 3818 actualitatis.
1855 3790 1935 3823 Igitur
1953 3796 1993 3816 est
2014 3791 2250 3826 comprehensivus
2277 3798 2331 3817 noa
2349 3791 2438 3817 solum

1358 3842 1516 3869 infinitorum
1538 3843 1563 3868 in
1583 3843 1706 3876 potentia,
1726 3842 1772 3867 sed
1791 3841 1869 3867 etiam
1888 3847 1954 3867 actu.
1984 3841 2015 3867 Si
2033 3842 2103 3868 enim
2124 3842 2195 3868 Alias
2214 3842 2271 3868 eius
2290 3842 2437 3868 intellectus

1358 3899 1428 3919 esset
1453 3894 1541 3927 aliquo
1565 3894 1646 3919 modo
1670 3893 1696 3918 in
1719 3892 1841 3926 potentia.
1861 3887 2071 3927 §Praeterea.
2098 3888 2284 3921 Intellectus
2308 3888 2439 3921 divinus

1358 3948 1403 3972 est
1435 3941 1597 3982 perfectus
1627 3940 1825 3980 simpliciter,
1854 3941 1936 3970 sicut
1961 3946 1991 3970 et
2021 3941 2090 3971 eius
2118 3941 2266 3972 essenti&
2290 3944 2368 3971 Mat!
2387 3947 2436 3975 ese.

1356 3996 1432 4022 Nini!
1456 3996 1549 4030 igitur,
1569 3990 1666 4022 Nulla
1682 3991 1778 4031 igitur
1802 3989 1959 4031 perfectio
1976 3991 2184 4032 intelligibilis
2200 3991 2230 4022 ei
2247 3990 2346 4023 deest.
2371 3989 2437 4023 Sed

2470 3041 2500 3059 ao
2510 3041 2524 3058 v
2537 3028 2606 3060 tis-'²'
