2768 4134
743 262 932 301 SUMMA
961 261 1187 299 CONTRA
1212 263 1488 310 GENTILES,
1516 266 1611 303 LlB.
1633 267 1673 312 11,
1704 266 1821 304 CAR·
1836 267 1950 305 XCII.

247 350 392 376 naturae.
419 343 496 374 ldeo
521 343 588 374 duo
612 348 689 374 sunt
712 341 913 374 declaranda.
938 340 1051 372 Unum
1075 346 1133 377 est,
1151 341 1323 380 quomodo

248 388 429 429 accipiendi
445 389 509 419 sint
530 389 583 419 isti
609 387 737 428 gradus.
762 385 926 422 Secundo,
951 384 1123 425 quomodo
1148 385 1264 425 aliquis
1284 386 1325 416 sit

247 434 400 474 proprius
426 433 544 474 gradus
571 433 709 463 alicuius
731 437 876 462 naturae.
900 430 942 460 Et
964 435 1044 460 tunc
1070 428 1242 459 manifesta
1266 430 1326 460 erit

249 478 420 509 dissolutio
444 478 545 509 dubii.

305 523 475 562 Quantum
499 522 540 553 ad
561 522 716 562 primum,
741 519 912 551 sciendum
927 518 1030 559 quod,
1046 518 1124 558 quia
1146 517 1324 548 intellectio

249 567 285 599 fit
307 567 490 599 secundum
513 565 605 607 quod
628 565 799 606 cognitum
822 570 870 595 est
893 564 927 595 in
951 568 1184 603 cognoscente,
1207 561 1326 602 gradus

248 612 474 644 intellectualis
497 610 696 652 operationis
711 608 893 650 accipiendi
915 613 991 639 sunt
1010 606 1194 638 secundum
1208 605 1326 647 gradus

249 658 432 698 specierum
455 654 718 695 intelligibilium,
743 654 863 694 quibus
887 653 1058 693 cognitum
1081 657 1130 683 est
1147 652 1182 682 in
1200 661 1326 691 cogno-

249 707 368 733 scente.
386 699 652 732 Diversificantur
667 704 779 730 autem
794 698 920 739 species
933 696 1151 737 intelligibiles
1174 696 1209 727 in
1231 696 1327 727 intel-

249 747 347 783 lectu,
378 750 411 776 et
440 745 586 776 diversos
615 743 734 784 gradus
764 744 894 779 habent,
923 742 1107 773 secundum
1138 740 1231 782 quod
1259 749 1327 771 una

249 796 298 822 est
311 789 523 821 universalior
541 789 603 820 alia
616 790 652 819 in
666 786 940 829 repraesentando
957 787 1051 827 plura
1066 785 1231 817 distincte:
1249 786 1327 825 quia

249 840 374 876 quanto
386 834 495 875 aliqua
506 834 633 874 species
644 834 738 874 plura
750 833 900 864 distincte
911 836 1141 872 repraesentat,
1150 836 1241 861 tanto
1253 839 1328 870 per-

248 879 364 911 fectior
380 885 442 916 est;
466 880 552 910 sicut
565 883 657 909 tanto
681 878 791 919 aliqua
805 883 920 908 natura
935 875 1111 918 perfectior
1126 880 1184 911 est,
1201 880 1326 916 quanto

247 925 358 965 plures
380 923 600 965 perfectiones
614 924 706 954 unite
729 923 886 954 continet.
903 921 958 953 Sic
981 921 1070 952 enim
1089 920 1214 961 species
1232 919 1328 951 intel-

247 969 351 1001 lectus
373 969 512 1009 angelici
534 973 610 999 sunt
632 968 808 1008 superioris
828 966 947 1008 gradus
969 975 1069 1006 quam
1085 965 1210 1006 species
1233 964 1328 995 intel-

248 1014 353 1045 lectus
362 1014 476 1050 nostri,
488 1014 567 1054 quia
582 1022 648 1044 una
660 1013 786 1054 species
795 1011 980 1043 intellectus
990 1011 1094 1049 nostri
1107 1014 1328 1050 repraesentat

249 1063 377 1090 tantum
399 1067 501 1090 unam
523 1063 673 1088 naturam
695 1056 912 1088 imiversalem
936 1055 1097 1091 distincte,
1121 1063 1190 1085 non
1217 1059 1328 1086 autem

249 1103 424 1144 singularia
445 1102 576 1134 illarum
597 1106 802 1133 naturarum:
826 1101 883 1133 sed
906 1101 1032 1141 species
1059 1099 1243 1131 intellectus
1271 1108 1328 1130 an-

248 1148 344 1188 gelici
365 1157 434 1178 non
457 1147 566 1178 solum
588 1153 719 1178 neutras
733 1146 941 1183 universales,
958 1145 1015 1176 sed
1038 1150 1072 1176 et
1092 1145 1163 1185 ipsa
1186 1144 1328 1184 particu-

249 1192 326 1223 laria
341 1191 491 1223 distincte
506 1197 734 1233 repraesentat,
752 1197 784 1222 et
798 1201 865 1223 una
882 1196 930 1222 est
944 1190 1121 1221 multarum
1138 1192 1328 1220 naturarum

247 1237 529 1278 repraesentativa.
553 1236 689 1275 Quanto
706 1242 817 1267 autern
831 1236 957 1276 species
975 1240 1052 1266 sunt
1070 1234 1329 1270 universaliores,

248 1283 340 1313 tamo
354 1286 427 1323 Et„-
425 1282 661 1322 conceptiones
687 1289 727 1312 ex
755 1281 817 1312 illis
847 1280 1017 1321 speciebus
1047 1279 1183 1316 elicitae,
1210 1278 1328 1310 intelli-

248 1322 408 1368 gefflbus
429 1335 488 1367 per
516 1326 588 1357 illas
617 1326 743 1367 species
771 1326 1050 1366 proportionatae,
1080 1323 1329 1355 universaliores

248 1372 336 1403 sunt.
355 1370 512 1411 Sequitur
530 1372 608 1412 ergo
624 1370 716 1412 quod
737 1370 856 1411 gradus
874 1369 1104 1402 intellectionis
1124 1369 1329 1409 accipiuntur

249 1416 284 1447 et
302 1415 487 1448 secundum
508 1416 783 1447 universalitatem
806 1415 989 1455 specierum
1011 1413 1282 1454 intelligibilium,
1297 1418 1329 1444 et

248 1459 431 1492 secundum
441 1460 716 1491 universalitatem
725 1460 994 1501 conceptionum,
1005 1460 1041 1490 in
1055 1457 1328 1499 repraesentando

203 1518 206 1525 ν
219 1516 221 1518 ·
249 1505 354 1546 plura·
364 1505 526 1536 ffi'stincte.

255 1552 257 1554 “
293 1559 339 1582 ze.
354 1549 526 1588 Quantum
544 1549 587 1581 ad
606 1549 800 1586 secundum,
819 1548 1004 1580 notandum
1019 1547 1111 1588 quod
1125 1557 1196 1578 non
1211 1547 1328 1578 incon-

248 1595 339 1626 venit
351 1594 490 1635 'quidem
505 1594 539 1626 id
555 1594 646 1635 quod
665 1599 713 1625 est
725 1594 902 1635 superioris
915 1592 1044 1634 gradus,
1060 1598 1093 1623 et
1108 1591 1199 1633 quod
1216 1597 1263 1623 est
1277 1591 1328 1623 in-

249 1637 385 1675 ferioris,
409 1639 468 1670 uni
490 1645 524 1670 et
546 1638 654 1671 eidem
676 1638 789 1679 aliquo
811 1637 915 1669 modo
938 1638 1131 1669 convenire:
1154 1635 1213 1668 sed
1236 1635 1328 1676 quod

248 1689 426 1724 utrumque
442 1682 549 1714 eidem
565 1689 720 1724 tanquam
736 1682 860 1724 aliquid
875 1683 937 1713 sibi
951 1682 1123 1723 proprium
1142 1681 1327 1718 conveniat,

248 1727 524 1769 efflimpossibiloe
538 1729 616 1768 quia
631 1727 723 1768 quod
739 1733 787 1759 est
803 1728 978 1769 superioris
993 1726 1122 1768 gradus,
1134 1725 1328 1758 determinat

247 1773 311 1804 siu
323 1773 526 1814 superiorem
544 1778 704 1810 naturam,
721 1778 754 1803 et
769 1772 860 1813 quod
876 1777 925 1803 est
944 1771 1107 1803 inferioris
1122 1770 1250 1811 gradus,
1267 1770 1328 1802 sibi

246 1816 435 1849 infimiorem
453 1823 604 1849 naturam
626 1817 832 1854 determinat3
857 1818 942 1848 sicut
963 1817 1109 1857 cognitio
1131 1815 1328 1847 intellectiva

248 1863 283 1893 eti
303 1862 466 1898 sensitiva,
490 1871 575 1903 quae
598 1868 675 1894 sunt
697 1861 901 1893 diversorum
927 1861 1099 1902 graduum,
1126 1860 1328 1892 conveniunt

249 1906 384 1947 quidem
406 1907 466 1938 uni
486 1913 631 1944 naturae,
655 1907 778 1939 scilicet
793 1906 931 1943 homini,
947 1905 1005 1936 sed
1020 1906 1172 1936 sensitiva
1195 1914 1264 1942 non
1280 1910 1329 1936 est

248 1951 375 1983 homini
398 1952 541 1992 propria,
565 1961 642 1983 cum
666 1952 763 1982 etiam
786 1952 888 1982 brutis
913 1951 1097 1987 conveniat,
1129 1955 1161 1981 et
1183 1949 1328 1981 hominis

248 1998 319 2027 nnn
341 1996 382 2027 sit
397 1996 459 2027 nisi
473 1997 671 2037 inquantum
688 2005 767 2027 cum
780 1996 883 2027 brutis
897 1996 931 2026 in
947 2001 1062 2026 natura
1080 1995 1232 2026 sensitiva
1247 2004 1328 2026 con·

248 2039 448 2072 venientium
468 2041 576 2072 habet.
594 2040 698 2072 Simili
713 2040 827 2078 modo,
845 2041 994 2081 quamvis
1012 2039 1130 2071 diversi
1144 2038 1262 2080 gradus
1277 2039 1327 2071 ine

248 2085 440 2117 tdlectualis
462 2086 662 2126 operationis
683 2086 742 2117 uni
763 2087 898 2116 natutae
913 2085 1040 2126 possint
1054 2084 1241 2121 convenire,
1257 2093 1327 2115 non

247 2130 358 2162 tamen
380 2135 520 2171 uterque
548 2130 596 2162 illi
618 2136 754 2162 naturae
776 2130 928 2171 proprius
951 2139 1023 2161 esse
1043 2134 1169 2170 potest:
1193 2128 1250 2160 sed
1271 2129 1327 2160 ille

249 2180 299 2206 eat
318 2175 472 2216 proprius
495 2175 557 2206 sibi
578 2175 638 2215 qui
660 2175 720 2206 sibi
736 2175 798 2206 soli
820 2184 861 2206 ex
879 2175 1005 2206 ratione
1019 2174 1171 2215 propriae
1193 2178 1327 2205 naturae

249 2219 415 2251 convenit.
437 2219 524 2258 Quia
539 2229 618 2260 ergo
633 2225 768 2251 naturae
782 2219 1009 2251 intellectualis
1023 2219 1156 2260 propria
1177 2219 1327 2259 operatio

248 2263 289 2295 ad
312 2273 414 2304 quam
436 2263 614 2301 ordinatur,
638 2270 688 2296 est
708 2264 898 2305 intelligere,
914 2269 1046 2305 oportet
1059 2263 1178 2304 gradus
1193 2269 1327 2295 naturae

247 2308 474 2340 intellectualis
489 2309 638 2349 accipere
653 2309 836 2340 secundum
851 2308 990 2350 gradum
1002 2307 1230 2340 intellectualis
1247 2317 1326 2349 ope-

246 2353 392 2391 rationis,
414 2362 483 2385 non
501 2354 751 2395 cuiuscumque,
767 2353 824 2385 sed
837 2354 924 2386 illius
940 2363 1025 2395 quae
1041 2359 1089 2384 est
1102 2353 1235 2394 propria
1253 2353 1327 2384 uni-

248 2398 385 2439 cuique:
410 2403 446 2429 ut
468 2399 593 2430 scilicet
615 2399 747 2439 qualem
769 2398 908 2440 gradum
929 2404 1019 2430 tenet
1041 2399 1174 2440 propria
1200 2397 1327 2430 intelle-

249 2443 364 2474 ctualis
374 2444 523 2484 operatio
534 2444 633 2474 unius
643 2449 776 2475 naturae
787 2443 1015 2483 intellectualis
1028 2444 1063 2474 in
1081 2443 1327 2484 comparatione

249 2487 290 2518 ad
311 2487 479 2528 propriam
501 2488 759 2520 intellectionem
781 2489 911 2520 alterius
932 2492 1066 2520 naturae
1089 2487 1326 2525 intellectualis,

247 2531 347 2564 talem
368 2531 509 2573 gradum
527 2538 638 2564 teneat
659 2538 774 2564 natura
796 2533 837 2564 ad
859 2538 1007 2564 naturam
1032 2538 1229 2574 comparata.

272 2602 274 2605 .
305 2576 336 2608 3.
361 2577 468 2614 Unde,
491 2587 568 2609 cum
590 2577 768 2609 intellectio
785 2587 871 2619 quae
894 2583 943 2609 est
955 2577 1138 2609 secundum
1162 2578 1326 2608 universa—

248 2621 346 2652 liores
361 2622 608 2663 conceptiones,
618 2623 660 2653 sit
671 2623 793 2654 altioris
804 2622 924 2663 gradus
935 2631 1036 2663 quam
1046 2622 1225 2654 intellectio
1241 2631 1326 2662 quae

249 2668 370 2707 estper
383 2667 645 2708 particular-iores
664 2668 917 2708 conceptiones;
932 2676 1066 2699 necesse
1082 2672 1130 2698 est
1153 2672 1190 2698 ut
1212 2672 1327 2698 natura

249 2711 343 2742 cuius
364 2712 536 2752 proprium
553 2717 602 2742 est
623 2721 683 2753 per
703 2712 951 2743 universaliores
974 2712 1210 2751 conceptiones
1231 2711 1326 2743 intel-

246 2755 357 2796 ligere,
379 2756 422 2787 sit
434 2756 530 2787 altior
544 2757 599 2788 illa
616 2762 730 2787 natura
746 2757 802 2787 cui
815 2757 988 2797 proprium
1009 2761 1059 2787 est
1073 2765 1131 2796 per
1153 2756 1326 2796 particula-

247 2801 542 2841 rioresintelligere
557 2801 809 2841 conceptiones3
826 2801 974 2841 quamvis
999 2801 1096 2831 en'am
1118 2809 1179 2842 per
1196 2801 1326 2832 univer-

248 2844 379 2876 saliares
394 2846 629 2885 conceptiones
641 2844 765 2885 aliquid
775 2845 933 2886 intelligat
946 2845 1143 2886 inquantum
1155 2845 1196 2876 de
1210 2851 1326 2877 natura

248 2890 424 2930 superioris
445 2890 627 2930 participat.
646 2890 690 2920 Et
710 2890 868 2926 similiter,
885 2890 912 2920 si
935 2895 983 2920 est
1005 2894 1120 2921 natura
1143 2899 1227 2930 quae
1241 2889 1326 2921 infe-

247 2933 368 2964 riorem
394 2934 531 2974 gradum
557 2934 787 2966 intellectionis
814 2940 971 2975 tanquam
998 2935 1170 2975 proprium
1198 2935 1324 2972 habeat,

249 2978 450 3009 conveniens
472 2984 520 3010 est
547 2984 584 3009 ut
613 2979 711 3010 etiam
741 2979 782 3010 sit
812 2984 927 3010 natura
959 2979 1067 3019 aliqua
1099 2980 1154 3011 cui
1177 2980 1325 3020 superior

247 3021 365 3063 gradus
387 3022 589 3063 intelligendi
611 3023 652 3054 sit
673 3024 836 3064 proprius,
860 3024 888 3054 si
917 3025 1066 3064 superior
1087 3022 1205 3064 gradus
1230 3024 1325 3056 intel-

247 3067 398 3097 lectionis
422 3076 491 3098 esse
514 3067 627 3107 possit.

304 3111 339 3143 Si
362 3120 440 3152 ergo
463 3112 588 3152 proprii
610 3117 755 3143 motor-es
779 3113 910 3143 orbium
925 3113 1046 3143 habent
1067 3118 1224 3153 tanquam
1247 3122 1324 3154 pro—

247 3157 356 3196 prium
379 3156 559 3197 intelligere
572 3166 632 3197 per
646 3157 881 3197 conceptiones
897 3157 993 3198 (quas
1008 3163 1104 3189 vocat
1118 3158 1172 3189 hic
1187 3157 1324 3190 Sanctus

248 3200 395 3232 Thomas
418 3201 666 3242 intelligentias)
682 3201 899 3242 particulares,
918 3207 1035 3242 utpote
1049 3211 1108 3242 per
1125 3207 1254 3235 motum
1271 3212 1324 3234 or-

248 3245 340 3277 bium
362 3246 569 3287 explicabiles
591 3252 625 3277 et
653 3245 872 3287 producibiles
898 3246 934 3277 in
960 3247 1056 3278 rebus
1086 3247 1322 3285 materialibus3

249 3299 325 3321 cum
348 3291 389 3322 ait
410 3291 506 3322 altior
528 3290 645 3331 gradus
667 3290 907 3327 intellectionis,
938 3291 996 3331 qui
1018 3290 1169 3323 videlicet
1195 3297 1245 3323 est
1265 3301 1324 3333 per

249 3335 483 3376 conceptiones
498 3335 756 3372 universaliores,
773 3345 905 3366 necesse
922 3341 970 3367 est
985 3341 1022 3366 ut
1044 3336 1108 3367 sint
1123 3336 1251 3377 aliquae
1264 3346 1323 3368 na-

247 3384 338 3411 turae
353 3380 586 3411 intellectuales
599 3389 695 3420 supra
706 3385 852 3411 motores
863 3381 1014 3421 proprios
1030 3381 1171 3418 orbium,
1183 3390 1323 3422 quarum

248 3423 288 3454 sit
303 3425 475 3464 proprium
497 3434 557 3466 per
578 3425 826 3456 universaliores
846 3425 1090 3465 conceptiones,
1102 3425 1205 3457 modo
1221 3425 1322 3464 dicto,

247 3468 436 3508 intelligere.
460 3469 502 3500 Et
523 3470 559 3500 in
579 3470 647 3500 hoc
670 3470 818 3501 consistit
839 3470 922 3500 ratio
946 3469 1057 3501 Sancti
1078 3469 1239 3502 Thomae.

303 3521 335 3551 4.
359 3512 414 3544 Ad
434 3518 663 3554 argumentum
686 3519 798 3545 autem
819 3514 854 3545 in
877 3514 1068 3555 oppositum
1091 3514 1208 3546 dicitur
1230 3515 1322 3556 quod

248 3558 423 3598 conceptio
453 3558 638 3591 intellectus
667 3559 858 3600 speculativi
887 3559 1022 3590 humani
1056 3564 1103 3590 est
1133 3559 1321 3592 universalis

247 3601 356 3633 solum
386 3611 425 3632 ex
452 3606 543 3642 parte
575 3604 696 3635 obiecti
727 3604 966 3644 repraesentati,
987 3603 1078 3643 ¹quia
1104 3610 1321 3645 repraesentat

247 3651 376 3678 tantum
389 3650 538 3678 naturam
553 3649 780 3686 universalem,
803 3658 871 3679 non
889 3654 998 3679 autem
1014 3654 1232 3688 repraesentat
1246 3658 1320 3690 par-

389 3709 483 3734 Smnu
501 3710 612 3735 Coma
632 3710 766 3736 Grumrs
784 3710 816 3737 D.
835 3710 951 3735 Tuomst
969 3710 1038 3735 Tou.
1053 3709 1071 3735 1.

2374 272 2444 310 561

1377 343 1522 373 ticularia
1537 343 1696 382 distincte,
1713 346 1789 385 quia
1805 352 1852 376 est
1868 346 1973 377 elicita
1989 357 2007 377 a
2022 348 2131 388 specie
2146 349 2339 390 intelligibili
2354 360 2372 381 a
2382 361 2451 383 ma-

1377 387 1541 418 terialibus
1556 397 1614 428 per
1628 389 1830 421 intellectum
1846 396 1995 430 agentem
2011 392 2175 424 abstracta.
2193 393 2378 435 Conceptio
2394 404 2455 430 atr}-⁴

1378 436 1446 460 tem
1464 432 1651 463 universalis
1671 443 1770 473 quam
1787 434 1924 466 dicimus
1941 437 2136 467 constituere
2151 438 2286 477 gradum
2302 439 2451 472 altiorem

1379 474 1604 506 intellectualis
1620 479 1829 517 operationis,
1846 485 1894 509 est
1909 481 2096 511 universalis
2113 483 2189 521 quia
2203 484 2384 515 multorum
2403 492 2451 517 est

1380 520 1555 559 conceptio
1591 522 1736 561 propria,
1767 522 1843 553 licet
1875 533 1942 554 non
1973 524 2161 565 adaequata,
2193 527 2250 558 sed
2280 529 2449 561 excedens.

1380 562 1494 613 Modo,
1519 563 1666 595 eiusdem
1688 572 1821 597 naturae
1846 573 1878 598 et
1900 570 2065 607 potentiae
2081 571 2174 601 cuius
2189 578 2450 613 estcognoscere

1380 607 1572 644 umversale,
1605 614 1653 639 est
1685 611 1782 640 etiam
1816 620 2013 650 cognoscere
2044 615 2250 654 particulare,
2277 617 2353 648 licet
2382 629 2451 650 non

1380 660 1509 692 semper
1532 651 1650 683 eodem
1673 653 1792 684 modo:
1823 664 1891 685 non
1919 662 2028 687 autem
2059 659 2151 690 cuius
2181 666 2229 691 est
2252 670 2450 702 cognoscere

1380 705 1439 736 per
1453 696 1660 736 particulares
1678 699 1920 737 conceptiones,
1938 701 2006 731 eius
2022 707 2070 732 est
2086 712 2283 743 cognoscere
2298 716 2355 746 per
2371 717 2454 742 cone

1381 741 1549 780 ceptiones
1565 741 1771 778 universales,
1790 743 1892 773 modo
1913 745 2071 784 exposito,
2087 750 2272 786 praesertim
2295 756 2454 792 tanquam

1357 794 1368 801 ·
1380 794 1439 825 per
1461 785 1522 816 sibi
1536 786 1717 826 proprium.
1735 786 1858 817 idcirco
1874 788 2055 820 intellectus
2076 793 2292 830 speculativus
2306 805 2374 826 non
2391 796 2451 827 dif-

1380 828 1442 860 fert
1464 830 1499 860 in
1521 830 1617 860 nobis
1641 840 1659 860 a
1681 831 1827 871 practico
1851 832 1993 862 realiter:
2017 833 2073 864 sed
2096 835 2179 866 bene
2197 843 2310 869 natura
2332 841 2385 870 cui
2404 847 2453 872 est

1380 875 1552 914 proprium
1574 874 1753 915 intelligere
1778 885 1836 915 per
1859 877 2092 916 conceptiones
2116 879 2157 910 ad
2186 881 2278 920 plura
2304 883 2452 916 distincte

1381 928 1416 949 se
1439 918 1660 955 extendentes,
1684 919 1891 960 distinguitur
1907 931 1925 951 a
1947 927 2061 952 natura
2077 923 2130 954 cui
2150 930 2198 954 est
2211 928 2380 966 proprium
2395 938 2453 969 per

1381 964 1617 1004 conceptiones
1648 963 1688 994 ad
1718 965 1873 1004 pauciora
1906 975 1940 996 se
1971 966 2180 998 extendentes
2213 970 2400 1011 intelligere.
2431 990 2455 995 -

1381 1007 1484 1047 Quod
1499 1013 1609 1039 autem
1625 1007 1761 1039 Sanctus
1777 1009 1923 1040 Thomas
1944 1010 2076 1043 adduxit
2097 1012 2138 1043 ad
2159 1013 2454 1048 manifestationem

1381 1053 1432 1084 sui
1456 1053 1617 1094 propositi
1640 1052 1779 1084 modum
1806 1055 2014 1095 concipiendi
2043 1056 2226 1088 intellectus
2254 1061 2454 1099 speculativi,

1382 1106 1451 1129 non
1473 1097 1550 1129 ideo
1574 1096 1697 1129 factum
1720 1104 1767 1128 est
1791 1104 1827 1128 ut
1850 1099 2037 1131 ostendatur
2055 1101 2256 1134 intellectum
2272 1104 2454 1139 humanum

1382 1142 1621 1184 speculativum
1636 1142 1754 1173 habere
1770 1142 1863 1174 illum
1879 1143 2016 1175 modum
2031 1146 2230 1186 intelligendi
2246 1149 2303 1188 qui
2317 1149 2456 1190 gradum.

1381 1197 1480 1228 supra
1501 1187 1760 1219 intellectionem
1775 1189 1984 1228 propriorum
2000 1195 2167 1221 motorum
2191 1194 2372 1226 constituit:
2397 1195 2455 1227 sed

1382 1232 1492 1264 solum
1502 1237 1539 1263 ut
1551 1231 1776 1264 ostenderetur
1786 1232 1997 1270 intellectum,
2009 1235 2156 1266 absolute
2166 1236 2345 1276 loquendo,
2357 1249 2454 1280 posse

1383 1277 1597 1308 universalius
1612 1286 1663 1308 res
1679 1276 1922 1317 apprehendere
1938 1287 2035 1318 quam
2052 1279 2114 1310 sint
2130 1280 2163 1310 in
2179 1290 2229 1317 re;
2250 1282 2324 1314 licet
2340 1284 2402 1315 alio
2422 1290 2455 1315 et

1383 1322 1448 1352 alio
1471 1321 1574 1353 modo
1591 1322 1656 1353 hoc
1672 1322 1847 1353 conveniat
1862 1322 2040 1354 intellectui
2056 1324 2201 1355 humano
2224 1332 2256 1356 et
2278 1327 2454 1360 intellectui

1383 1367 1542 1407 angelico.

1399 1421 1404 1424 ·
1439 1411 1523 1443 vlu.
1551 1411 1662 1442 Tertio
1674 1411 1702 1441 ⁴.
1719 1410 1922 1442 Substantiae
1943 1412 2174 1444 intellectuales
2195 1421 2270 1446 sunt
2293 1416 2454 1457 digniores

1383 1456 1538 1488 omnibus
1562 1455 1767 1497 corporibus,
1791 1461 1827 1486 ut
1850 1456 2018 1487 immobile
2043 1463 2074 1488 et
2105 1458 2315 1493 immateriale
2338 1463 2454 1494 mobili

1383 1506 1415 1532 et
1437 1500 1604 1532 materiali.
1629 1500 1716 1541 Ergo
1740 1500 1901 1532 excedunt
1916 1502 1950 1532 in
1965 1511 2104 1532 numero
2127 1512 2259 1535 omnem
2274 1506 2454 1538 multitudi-

1381 1555 1461 1578 nem
1489 1555 1599 1577 rerum
1628 1544 1854 1576 materialium.
1871 1563 1893 1568 —
1909 1545 2067 1578 Probatur
2097 1551 2340 1589 consequentia.
2369 1551 2455 1590 Quia

1383 1590 1465 1622 ordo
1493 1590 1636 1622 universi
1667 1590 1795 1630 exigere
1826 1590 1952 1622 videtur
1980 1598 2016 1622 ut
2041 1591 2074 1622 id
2103 1592 2194 1633 quod
2224 1599 2272 1624 est
2300 1596 2453 1634 nobilius,

1382 1634 1517 1667 excedat
1540 1635 1721 1676 quantitate
1743 1635 1795 1666 vel
1818 1644 1956 1667 numero
1978 1636 2186 1676 ignobiliora:
2211 1639 2294 1669 sicut
2317 1644 2456 1681 corpora

1382 1679 1531 1712 caelestia
1554 1679 1716 1712 excedunt
1734 1689 1872 1720 corpora
1894 1680 2109 1712 elementaria.
2127 1681 2233 1713 Huius
2249 1689 2358 1715 autern
2373 1687 2455 1716 ratio

1382 1730 1440 1762 est,
1451 1725 1527 1766 quia
1540 1724 1735 1766 ignobiliora
1751 1730 1827 1755 sunt
1842 1731 1975 1765 propter
1990 1726 2162 1762 nobiliora,
2176 1732 2207 1757 et
2219 1735 2456 1768 consequenter

1381 1775 1513 1810 oportet
1529 1775 1566 1802 ut
1586 1769 1758 1806 nobiliora,
1775 1770 1868 1809 quasi
1890 1776 2025 1811 propter
2048 1779 2082 1801 se
2106 1771 2284 1808 existentia,
2299 1773 2455 1814 multipli-

1381 1820 1496 1846 centur
1519 1820 1681 1855 quantum
1703 1813 1858 1855 possibile
1882 1820 1956 1845 est..

1439 1869 1468 1890 2.
1480 1858 1726 1891 Advertendum
1739 1859 1823 1890 circa
1835 1859 2095 1896 conclusionem,
2112 1859 2202 1900 quod
2214 1860 2456 1893 multitudinem

1379 1904 1632 1935 substantiarum
1643 1903 1912 1935 intellectualium
1923 1903 2080 1936 excedere
2090 1904 2333 1936 multitudinem
2348 1916 2456 1938 rerum

1379 1948 1608 1985 materialium,
1631 1948 1821 1988 intelligitur
1844 1954 2004 1988 quantum
2021 1948 2061 1980 ad
2080 1950 2204 1989 species
2226 1959 2333 1981 rerum
2356 1958 2459 1983 mate--

1380 1993 1520 2030 rialium,
1543 2003 1612 2025 non
1636 1998 1796 2033 quantum
1812 1992 1854 2024 ad
1876 1993 2057 2026 individua:
2083 1999 2119 2024 ut
2134 1993 2262 2025 videtur
2280 1995 2361 2026 velle
2378 1996 2456 2028 San-

1381 2043 1451 2068 ctus
1475 2038 1622 2069 Thomas
1645 2037 1805 2082 Potentia,
1831 2047 1862 2078 q.
1880 2048 1921 2075 vr,
1938 2048 1966 2069 a.
1985 2038 2015 2076 6,
2040 2043 2072 2069 et
2094 2039 2128 2069 in
2149 2039 2274 2070 ratione
2297 2043 2454 2081 sequenti.

1380 2083 1571 2124 Specierum
1596 2083 1684 2114 enim
1706 2083 1922 2114 materialium
1950 2092 2107 2114 numerus
2134 2084 2229 2124 quasi
2251 2085 2456 2126 incompara-

1379 2128 1497 2163 biliter,
1522 2133 1559 2159 ut
1582 2127 1700 2159 dicitur
1718 2127 1835 2164 Prima,
1855 2136 1887 2168 q.
1903 2138 1933 2165 L,
1950 2138 1978 2159 a.
1996 2128 2027 2165 3,
2043 2138 2064 2159 a
2089 2129 2296 2160 multitudine
2310 2131 2456 2162 substan-

1381 2173 1503 2204 tiarum
1517 2178 1747 2213 separatarum
1763 2172 1943 2209 exceditur,
1959 2173 2045 2204 sicut
2063 2182 2207 2214 corpora
2230 2176 2456 2215 corruptibilia

1380 2228 1400 2248 a
1424 2217 1619 2259 corporibus
1634 2217 1825 2249 caelestibus
1839 2218 1935 2258 quasi
1958 2218 2260 2258 incomparabiliter
2280 2220 2455 2251 secundum

1381 2262 1640 2304 magnitudinem
1657 2262 1870 2294 exceduntur.
1886 2262 1929 2294 Et
1943 2263 1976 2294 in
1993 2263 2058 2294 hoc
2069 2262 2268 2303 significatur
2281 2266 2455 2296 maximam

1380 2317 1449 2345 esse
1473 2306 1718 2339 multitudinem
1741 2307 1993 2338 substantiarum
2016 2313 2244 2348 separatarum.
2262 2308 2348 2340 Cum
2368 2311 2455 2342 enim

1380 2351 1558 2384 multitudo
1588 2353 1772 2393 specierum
1801 2352 2018 2384 materialium
2049 2362 2166 2393 magna
2196 2353 2245 2390 sit,
2279 2354 2454 2386 multitudo

1379 2397 1469 2428 illam
1492 2396 1735 2428 multitudinem
1759 2397 1852 2437 quasi
1875 2396 2173 2438 incomparabiliter
2202 2398 2360 2430 excedens
2386 2409 2454 2430 non

1380 2447 1489 2483 potest
1511 2451 1582 2473 non
1604 2451 1675 2473 esse
1696 2442 1849 2473 maxima.

1438 2486 1468 2518 3.
1490 2486 1586 2519 Circa
1600 2487 1830 2527 probationem
1840 2496 1923 2517 vero
1941 2487 2205 2527 consequentiae,
2221 2487 2453 2519 advertendum

1381 2531 1473 2572 quod
1489 2541 1527 2562 ea
1542 2541 1627 2572 quae
1643 2537 1718 2562 sunt
1734 2531 1774 2562 ad
1790 2531 1902 2568 finem,
1918 2532 2084 2572 accipiunt
2105 2532 2331 2563 limitationem
2351 2538 2383 2563 et
2397 2533 2453 2564 de-

1380 2576 1646 2608 terminationem
1669 2586 1709 2607 ex
1730 2575 1806 2612 fine,
1831 2576 1908 2616 quia
1923 2581 1974 2607 tot
1996 2582 2028 2608 et
2051 2582 2138 2607 tanta
2157 2582 2354 2616 quaeruntur
2370 2583 2452 2617 quot

1381 2626 1414 2651 et
1435 2626 1558 2662 quanta
1579 2620 1746 2652 sufficiunt
1769 2620 1810 2652 ad
1832 2621 1942 2662 ipsum
1961 2620 2076 2658 finem;
2101 2620 2174 2652 finis
2197 2626 2305 2652 autem
2327 2622 2396 2662 ipse
2416 2622 2451 2652 in

1380 2664 1547 2697 infinitum
1569 2666 1752 2706 quaeritur3
1776 2671 1814 2697 ut
1835 2666 1943 2706 inquit
1965 2665 2102 2697 Sanctus
2125 2666 2268 2696 Thomas
2291 2666 2334 2696 ad
2355 2666 2449 2697 Rom.

1380 2711 1463 2747 xn‘,
1482 2710 1543 2742 etl
1573 2709 1650 2741 Cor.
1667 2721 1710 2748 xx,
1733 2710 1806 2742 lect.
1824 2710 1855 2742 3.
1879 2710 1956 2742 Non
1981 2711 2068 2741 enim
2098 2711 2265 2750 quaeritur*
2282 2715 2367 2740 tanta
2395 2716 2451 2741 aut

1379 2759 1469 2787 tanta
1483 2756 1601 2788 sanitas
1617 2755 1840 2792 determinate,
1856 2756 1883 2786 si
1906 2761 2078 2795 quaeratur
2093 2755 2209 2786 sanitas
2225 2760 2261 2785 ut
2283 2754 2371 2785 finis:
2393 2754 2450 2786 sed

1380 2805 1502 2840 quanta
1524 2800 1635 2832 haberi
1661 2805 1780 2840 potest.
1810 2800 1947 2840 Propter
1976 2801 2040 2831 hoc
2070 2800 2114 2830 ait
2143 2799 2279 2830 Sanctus
2305 2799 2449 2830 Thomas

1380 2844 1482 2885 quod,
1502 2845 1579 2885 quia
1594 2844 1756 2877 nobiliora
1771 2850 1848 2876 sunt
1862 2850 1997 2886 propter
2012 2854 2056 2881 se,
2072 2844 2146 2876 ideo
2162 2849 2291 2884 oportet
2314 2849 2350 2874 ut
2364 2844 2448 2874 mul-

1379 2889 1567 2929 tiplicentur
1589 2895 1751 2931 quantum
1773 2890 1928 2930 possibile
1955 2895 2012 2920 est.
2042 2889 2128 2927 Quia
2154 2893 2261 2918 tamen
2291 2889 2449 2928 contingit

1379 2933 1412 2965 id
1435 2933 1526 2975 quod
1549 2939 1597 2967 est
1619 2933 1694 2966 finis
1715 2933 1867 2975 respectu
1885 2934 2081 2974 aliquorum,
2097 2933 2137 2964 ad
2160 2933 2300 2973 aliquem
2317 2932 2448 2963 ulterio-

1378 2988 1447 3010 rem
1470 2977 1571 3011 finem
1588 2979 1745 3016 ordinari;
1770 2979 1846 3011 ideo
1869 2978 1961 3019 quod
1984 2985 2020 3010 ut
2043 2978 2116 3009 finis
2130 2987 2199 3008 non
2214 2977 2310 3007 habet
2332 2977 2448 3007 limita-

1378 3023 1515 3060 tionem,
1529 3029 1567 3055 ut
1589 3024 1630 3056 ad
1653 3024 1754 3056 alium
1777 3023 1877 3055 finem
1893 3023 2087 3059 ordinatum,
2103 3022 2329 3053 limitationem
2345 3030 2447 3061 quan—

1379 3067 1454 3101 dam
1477 3069 1611 3109 accipit;
1634 3069 1719 3100 sicut
1733 3070 1851 3100 sanitas
1867 3077 1950 3108 quae
1969 3067 2135 3099 ordinatur
2157 3066 2198 3096 ad
2215 3065 2347 3106 aliquod
2363 3075 2448 3106 opus

1378 3113 1619 3154 exequendum,
1635 3114 1800 3154 quaeritur
1815 3118 1904 3144 tanta
1917 3118 2038 3152 quanta
2053 3111 2093 3142 ad
2108 3110 2187 3142 illud
2203 3119 2286 3150 opus
2301 3109 2446 3147 sufficiat,

1378 3163 1411 3189 et
1433 3159 1609 3198 quaeritur,
1637 3159 1758 3190 salvato
1781 3158 1838 3188 illo
1863 3156 1976 3188 ordine
2000 3156 2040 3187 ad
2067 3155 2175 3191 finem,
2200 3160 2319 3195 quanta
2340 3160 2447 3194 potest

1377 3203 1498 3235 habeti.
1522 3203 1576 3235 Sic
1599 3204 1706 3240 etiam,
1724 3203 1801 3243 quia
1815 3201 1976 3233 nobiliora
1991 3201 2024 3232 in
2045 3201 2182 3236 entibus,
2199 3199 2274 3230 licet
2295 3199 2358 3229 sint
2373 3198 2446 3231 finis

1377 3247 1622 3288 ignobssiomm,
1639 3248 1829 3279 ordinantur
1851 3252 1959 3277 tamen
1979 3245 2019 3276 ad
2034 3245 2175 3281 universi
2194 3243 2326 3274 totalem
2340 3242 2445 3283 perfe-

1378 3293 1522 3324 ctionem
1545 3293 1629 3325 sicut
1652 3292 1691 3324 ad
1715 3291 1831 3327 finem;
1854 3290 1939 3326 ideo,
1963 3299 2038 3320 cum
2062 3289 2177 3320 dicitur
2200 3289 2268 3328 ipsa
2290 3287 2446 3328 multipli-

1378 3337 1442 3369 cari
1458 3343 1610 3378 oportere
1627 3342 1786 3377 quantum
1801 3334 1953 3375 possibile
1970 3339 2027 3370 est,
2051 3342 2119 3364 non
2135 3338 2183 3363 est
2201 3331 2446 3372 intelligendum

1378 3381 1418 3413 de
1433 3382 1704 3423 multiplicatione
1727 3379 1873 3421 possibili
1896 3378 2053 3414 absolute,
2078 3383 2114 3408 ut
2137 3387 2175 3407 ex
2197 3376 2445 3416 superioribus*

1375 3432 1482 3467 putem
1503 3426 1560 3458 sed
1576 3431 1735 3467 quantum
1750 3423 1904 3465 possibile
1919 3428 1967 3453 est
1990 3421 2170 3453 secundum
2187 3421 2378 3461 exigentiam
2394 3426 2445 3452 to-

1375 3471 1448 3503 talis
1473 3471 1683 3513 perfectionis
1706 3470 1797 3500 istius
1820 3468 1970 3499 universi.
1998 3467 2133 3506 Propter
2156 3465 2247 3506 quod
2273 3466 2445 3506 assumpsit

1376 3515 1514 3549 Sanctus
1537 3516 1682 3547 Thomas
1706 3513 1796 3554 quod
1820 3512 1902 3543 ordo
1927 3511 2071 3542 universi
2094 3510 2228 3552 exigere
2258 3509 2387 3541 videtur
2409 3515 2445 3541 ut

1375 3560 1541 3593 nobiliora
1552 3558 1724 3592 ‘excedant
1747 3557 1965 3600 ignobiliora:
1988 3555 2066 3586 dans
2094 3554 2243 3585 videlicet
2265 3554 2443 3594 intelligere

1375 3605 1467 3646 quod
1482 3606 1628 3646 loquitur
1643 3603 1684 3634 de
1706 3611 1814 3633 rerum
1832 3600 2102 3640 multiplicatione
2117 3609 2185 3630 non
2205 3599 2363 3635 absolute,
2387 3598 2444 3630 sed

1375 3650 1556 3682 secundum
1580 3648 1774 3688 exigentiam
1797 3646 1947 3677 universi.

2266 3712 2297 3737 7¹

2481 1421 2490 1431 ·
2504 1420 2542 1443 Cf.
2557 1426 2622 1443 num.
2629 1427 2652 1443 v.

2477 2720 2485 2729 ·
2500 2719 2562 2741 Lect.
2576 2726 2594 2740 ι.

2473 3382 2480 3391 “
2490 3380 2623 3403 Commeat.
2633 3387 2684 3408 cap.

2473 3413 2558 3436 praem,
2570 3414 2633 3429 num.
2643 3414 2684 3429 vn.
