2768 4134
0 2374 6 2457 νην-ι
0 2349 4 2366 v
0 2329 5 2343 vv
0 2180 7 2312 -q-v-v
0 2093 6 2173 -uu—
0 2079 3 2086 -
0 1997 6 2061 w-w-
0 1986 2 1991 a
0 1951 4 1976 —
0 1820 6 1944 *mn-⁷„
0 1674 9 1814 -W‘

49 2749 266 2778 ’anumxxm-
311 2759 342 2773 ιγ-
368 2763 417 2782 (Ἴ

16 3315 18 3318 ‚
58 3285 207 3313 'umbe-13.
217 3290 273 3306 xux

19 3319 21 3321 '
55 3317 112 3340 '‘lq-

705 287 894 324 SUMMA
923 287 1144 325 CONTRA
1172 287 1447 333 GENTILES,
1475 289 1570 325 LIB.
1591 289 1631 333 11,
1663 288 1773 325 CAP.
1794 288 1913 332 XXV,
1934 289 2068 325 XXVI.
2413 287 2482 324 331

346 365 385 396 11.
402 364 497 396 Circa
512 365 681 404 praeterita
697 363 834 395 dubium
848 374 918 395 non
929 365 1198 396 dissimulandum
1214 367 1364 397 occurrit.

290 410 375 442 Nam
391 414 518 439 constat
533 408 624 448 quod
633 409 827 449 praeteritio
845 415 892 440 est
907 409 1056 441 accidens
1070 419 1129 450 per
1144 410 1292 442 accidens
1307 411 1363 442 rei.

288 453 355 487 Sed
379 462 513 484 omnem
537 462 605 483 rem
627 458 737 493 potest
759 453 848 484 Deus
872 452 975 484 facere
1000 454 1121 495 absque
1139 464 1178 485 eo
1196 454 1287 495 quod
1305 455 1365 485 sibi

290 507 350 540 per
365 496 514 529 accidens
530 497 693 527 convenit.
706 497 792 537 Ergo
804 507 874 528 rem
886 507 969 538 quae
981 500 1142 539 praeteriit
1153 505 1261 539 potest
1275 499 1365 529 Deus

290 542 396 574 facere
419 542 542 582 absque
564 542 802 581 praeteritione.
826 541 923 582 Ergo,
947 543 1022 573 licet
1044 552 1112 574 non
1135 544 1238 584 possit
1261 543 1365 574 facere

288 587 499 630 praeteritum
528 595 598 617 non
626 595 695 616 esse
722 587 945 628 praeteritum,
970 586 1145 619 formaliter
1175 587 1364 628 accipiendo

285 633 513 675 praeteritum,
530 638 638 672 potest
657 638 766 663 tamen
787 642 854 663 rem
869 643 953 673 quae
969 633 1145 673 praeteriit
1167 632 1271 664 facere
1295 632 1366 662 abs-

292 688 357 720 que
379 677 619 718 praeteritione.
644 677 685 708 Et
707 677 752 707 sic
776 682 884 718 potest
908 677 1012 708 facere
1035 677 1142 708 Adam
1165 687 1232 708 non
1257 676 1365 708 fuisse.

349 732 379 753 2.
395 722 448 753 Ad
470 721 568 752 huius
593 721 798 758 evidentiam,
823 721 1095 753 considerandum
1110 727 1158 753 est
1173 720 1275 762 quod,
1292 721 1367 751 licet

291 766 415 808 aliquid
438 775 496 807 per
519 766 798 806 comparationem
821 766 861 797 ad
884 772 1032 797 naturam
1046 767 1102 797 'rei
1125 766 1271 797 absolute
1288 773 1367 796 con-

290 811 461 843 sideratam
487 810 604 841 habeat
632 811 791 841 rationem
819 810 992 841 accidentis
1018 819 1078 851 per
1104 810 1263 846 accidens,
1286 809 1367 840 nihil

290 861 401 887 tamen
424 855 576 896 prohibet
597 856 706 895 ipsum
729 855 771 886 ad
792 860 940 886 naturam
964 856 1024 886 sub
1047 855 1155 895 aliqua
1178 853 1366 885 conditione

291 901 433 941 positam
457 900 637 940 comparari
659 905 696 930 ut
719 899 764 930 illi
787 909 846 939 per
873 909 907 930 se
937 899 1152 931 conveniens:
1176 899 1269 934 sicut,
1293 898 1369 928 licet

291 954 501 986 congregare
524 944 626 974 visum
651 953 709 984 per
731 943 880 974 accidens
896 953 930 974 se
945 944 1060 974 habeat
1076 943 1117 974 ad
1132 942 1259 974 Sortem
1270 942 1367 973 abso-

291 989 359 1023 lute
383 988 634 1025 consideratum,
652 993 859 1028 comparatur
873 993 982 1018 tamen
998 987 1039 1019 ad
1054 987 1162 1028 ipsum
1178 987 1367 1018 existentem

291 1033 351 1065 sub
374 1032 553 1074 nigredine,
570 1037 607 1063 ut
622 1032 677 1069 sic,
694 1042 752 1073 per
772 1041 816 1068 se,
833 1041 873 1063 eo
898 1030 989 1072 quod
1011 1031 1170 1063 rationem
1194 1030 1367 1072 nigredinis

291 1077 498 1119 ingrediatur.
523 1077 586 1114 Sic,
611 1077 687 1108 licet
708 1077 755 1107 rei
778 1076 949 1117 temporali
972 1076 1119 1107 absolute
1147 1075 1368 1106 consideratae

291 1132 350 1163 per
372 1121 523 1154 accidens
546 1122 720 1152 conveniat
742 1120 899 1151 habitudo
922 1120 964 1151 ad
986 1121 1050 1151 hoc
1066 1121 1117 1151 vel
1132 1120 1212 1151 illud
1228 1126 1366 1160 tempus,

291 1174 334 1198 eo
349 1166 442 1207 quod
457 1166 538 1197 ratio
556 1166 626 1197 eius
642 1165 800 1196 abstrahat
823 1165 863 1196 ab
887 1166 979 1196 omni
1001 1165 1156 1205 temporis
1180 1164 1367 1201 differentia,

290 1216 417 1253 praeter
441 1211 528 1242 enim
551 1210 710 1241 rationem
733 1210 875 1241 hominis
891 1215 940 1240 est
954 1209 1044 1249 quod
1068 1209 1131 1241 hoc
1147 1209 1196 1240 vel
1214 1209 1270 1240 illo
1286 1215 1367 1239 tern-

291 1265 373 1297 pore
403 1259 617 1290 mensuretur,
645 1263 721 1285 cum
751 1259 865 1284 natura
894 1254 1040 1285 absolute
1071 1253 1271 1284 considerata
1298 1254 1368 1284 abs—

289 1301 395 1340 trahat
410 1300 449 1330 ab
465 1300 557 1337 omni
572 1298 751 1329 differentia
774 1299 946 1339 temporis;
970 1304 1090 1334 tamen,
1106 1298 1132 1328 si
1148 1297 1368 1328 consideretur
1394 1314 1395 1318 =

272 1342 466 1375 mufa'iit
488 1343 626 1374 existens
650 1343 683 1373 in
708 1347 782 1373 actu
809 1342 1040 1382 temporaliter,
1063 1341 1244 1372 necessario
1276 1351 1368 1372 men-

289 1394 419 1420 suratur
441 1388 551 1428 aliqua
579 1387 737 1427 temporis
766 1386 960 1423 differentia3
992 1395 1060 1417 non
1091 1387 1179 1417 enim
1209 1391 1292 1416 esset
1319 1395 1368 1417 res

291 1432 481 1474 temporalis
504 1432 567 1463 nisi
588 1437 737 1471 tempore
767 1437 850 1462 esset
880 1431 949 1462 eius
979 1431 1146 1461 existentia
1174 1436 1368 1461 mensurata.

293 1477 371 1511 Ideo
394 1486 455 1513 res,
472 1482 508 1507 ut
526 1476 648 1507 habens
673 1485 741 1506 esse
765 1480 839 1506 actu
862 1474 1092 1516 temporaliter,
1115 1484 1183 1505 non
1206 1480 1314 1514 potest
1330 1475 1368 1504 ab

289 1520 481 1553 habitudine
511 1519 551 1550 ad
581 1525 710 1560 tempus
741 1519 895 1560 separari:
921 1528 997 1550 cum
1021 1518 1091 1549 talis
1114 1518 1270 1549 habitudo
1299 1528 1368 1549 esse

288 1565 418 1597 actuale
441 1565 487 1595 rei
510 1563 709 1604 temporalis,
733 1564 928 1604 inquantum
952 1562 1138 1603 temporalis
1168 1567 1225 1598 est,
1250 1561 1368 1592 forma-

290 1610 364 1641 liter
386 1608 592 1649 ingrediatur.
617 1608 707 1639 Sicut
731 1612 840 1638 autem
863 1617 932 1638 rem
955 1612 1030 1637 actu
1052 1615 1140 1637 nunc
1168 1606 1367 1642 existentem,

290 1659 328 1685 ut
350 1654 407 1691 sic,
431 1653 671 1684 concomitatur
694 1652 876 1682 necessario
900 1650 1057 1682 habitudo
1074 1650 1115 1681 ad
1132 1656 1262 1690 tempus
1278 1660 1369 1690 prae-

287 1707 376 1735 sens,
399 1703 436 1729 ut
458 1707 527 1728 non
541 1697 655 1738 possit
677 1705 747 1726 non
777 1697 911 1726 existere
943 1705 1003 1736 pro
1033 1701 1180 1735 tempore
1210 1695 1370 1735 praesenti

290 1743 327 1774 in
350 1751 418 1784 quo
442 1747 500 1779 est,
524 1741 671 1782 alioquin
687 1740 784 1771 simul
800 1745 883 1771 esset
898 1745 930 1770 et
945 1749 1014 1770 non
1030 1745 1122 1775 esset,
1139 1739 1286 1779 quamvis
1302 1748 1371 1769 rem

288 1796 383 1826 nunc
403 1787 596 1821 existentem
619 1786 710 1816 Deus
733 1784 838 1816 facere
861 1785 964 1825 possit
986 1785 1020 1814 in
1043 1790 1192 1824 ternpore
1220 1784 1370 1823 sequenti

291 1841 361 1863 non
385 1840 464 1867 esse,
489 1836 521 1861 et
544 1830 687 1871 potuerit
711 1828 817 1860 facere
841 1834 877 1859 ut
900 1838 968 1859 non
993 1834 1093 1864 esset3
1117 1829 1160 1858 ita
1189 1837 1257 1858 rem
1285 1837 1369 1868 quae

291 1875 364 1912 fuit,
387 1881 467 1916 puta
489 1874 605 1911 Adam,
631 1875 779 1915 quamvis
802 1873 949 1904 absolute
973 1873 1062 1903 Deus
1092 1871 1196 1902 facere
1227 1872 1370 1912 potuerit

291 1925 329 1951 ut
351 1929 522 1960 nunquam
546 1925 638 1955 esset,
655 1919 682 1949 si
702 1924 811 1948 tamen
834 1923 976 1958 ponatur
991 1917 1095 1956 ipsam
1111 1917 1144 1946 in
1162 1915 1272 1956 aliquo
1289 1922 1371 1946 tem—

291 1973 374 2005 pore
396 1964 546 1994 habuisse
570 1972 639 1994 esse
663 1962 795 1993 actualis
819 1961 1016 1997 existentiae,
1033 1969 1101 1991 non
1122 1965 1230 2000 potest
1245 1970 1263 1990 a
1279 1969 1370 2000 prae-

292 2009 443 2039 teritione
466 2017 623 2048 separare,
649 2016 733 2047 quae
756 2006 905 2036 nominat
927 2004 1151 2036 habitudinem
1179 2003 1219 2034 ad
1242 2010 1371 2044 tempus

292 2053 389 2085 nobis
412 2053 638 2093 praeteritum;
662 2052 746 2082 sicut
770 2056 811 2086 et,
836 2059 912 2080 curn
943 2055 1010 2080 erat
1039 2049 1071 2079 in
1099 2054 1248 2088 tempore
1276 2048 1371 2078 nobis

1390 365 1393 390 Ι
1419 366 1588 406 praesenti,
1612 366 1806 406 inquantum
1830 365 2028 402 huiusmodi,
2043 375 2110 396 non
2134 371 2261 406 poterat
2276 376 2348 398 eam
2363 377 2382 397 a
2397 376 2488 407 prae-

1418 410 1618 446 sentialitate‚
1642 419 1725 449 quae
1750 415 1797 440 est
1819 409 1974 440 habitudo
1999 409 2038 441 ad
2061 415 2190 451 tempus
2213 421 2373 452 praesens,
2397 421 2488 452 sepa-

1418 463 1497 484 rare.
1521 453 1598 484 Ideo
1627 454 1709 484 bene
1737 454 1844 494 inquit
1875 453 2009 485 Sanctus
2033 454 2177 486 Thomas
2207 456 2239 486 in
2272 456 2375 487 littera
2398 455 2489 496 quod

1419 497 1559 529 eiusdem
1584 497 1782 528 necessitatis
1810 503 1857 528 est
1886 498 2011 539 aliquid
2037 508 2104 529 esse
2131 499 2206 530 dum
2231 505 2286 536 est,
2311 505 2342 531 et
2364 500 2490 541 aliquid

1410 542 1521 584 fuisse
1543 541 1619 572 dum
1634 541 1717 582 fuit.

1475 586 1505 617 3.
1523 586 1649 616 Dicitur
1664 595 1740 626 ergo
1757 585 1797 616 ad
1813 586 2032 617 obiectionem
2049 587 2138 627 quod
2154 589 2347 628 praeteritio,
2359 589 2434 619 licet
2449 590 2488 619 sit

1419 630 1569 662 accidens
1591 639 1649 670 per
1669 629 1817 661 accidens
1840 636 1988 670 respectu
2011 631 2116 663 Adam
2141 632 2286 664 absolute
2310 634 2440 674 sumpti,
2457 639 2488 664 et

1419 676 1465 705 sic
1492 675 1636 715 potuerit
1668 674 1757 705 Deus
1785 674 1889 704 facere
1912 674 2018 705 Adam
2047 685 2116 706 non
2146 675 2252 713 fuisse,
2277 678 2352 717 quia
2381 678 2488 718 potuit

1419 718 1525 749 Adam
1548 728 1618 749 non
1640 718 1837 759 producere;
1862 724 1970 749 tamen
1994 725 2141 759 respectu
2164 720 2269 751 Adatn
2293 727 2329 752 ut
2351 722 2384 752 in
2406 728 2488 752 tem-

1420 773 1500 804 pore
1523 763 1695 804 praeterito
1719 762 1789 799 fuit,
1813 772 1847 793 se
1870 762 1965 794 habet
1988 773 2056 794 non
2086 773 2143 804 per
2172 765 2329 802 accidens,
2353 765 2409 796 sed
2431 776 2489 807 per

1419 817 1464 839 se.
1489 806 1566 838 Ideo
1590 816 1658 838 non
1682 812 1791 847 potest
1813 816 1882 837 esse
1905 807 2027 847 absque
2044 807 2296 840 contradictione
2312 810 2416 840 Adam
2433 811 2489 850 qui

1420 852 1482 883 fuit
1503 861 1571 882 non
1601 851 1709 888 fuisse,
1733 852 1904 892 supposito
1929 852 2020 892 quod
2050 852 2225 892 aliquando
2256 853 2361 884 fuerit.
2390 854 2489 892 Quod

1421 896 1536 928 dicitur
1564 896 1763 936 impossibile
1790 905 1848 936 per
1878 895 2038 933 accidens,
2062 897 2138 937 quia
2161 903 2209 927 est
2230 898 2428 938 impossibile
2451 908 2489 929 ex

1421 941 1660 981 supervenienti
1683 940 1858 977 accidente,
1875 941 1996 971 scilicet
2019 950 2058 971 ex
2080 941 2322 982 praeteritione:
2347 952 2412 982 qua
2430 952 2490 983 po-

1421 986 1489 1022 sita,
1514 991 1591 1016 tunc
1614 985 1747 1026 ponitur
1769 985 1968 1026 impossibile
1990 994 2048 1025 per
2070 995 2115 1022 se,
2139 986 2261 1017 scilicet
2284 987 2490 1026 praeteritum

1420 1040 1490 1061 non
1505 1039 1573 1060 esse
1589 1029 1810 1070 praeteritum;
1831 1029 1914 1060 sicut
1929 1039 1997 1060 non
2012 1034 2121 1070 potest
2136 1029 2205 1060 fieri
2221 1035 2256 1060 ut
2271 1030 2336 1061 hoc
2351 1031 2488 1070 nigrum,

1421 1074 1591 1115 supposito
1616 1073 1707 1114 quod
1730 1073 1770 1104 sit
1792 1074 1931 1114 nigrum,
1947 1083 2015 1104 non
2038 1074 2078 1104 sit
2100 1075 2187 1105 visus
2211 1076 2489 1114 congregativum3

1420 1128 1482 1149 nec
1504 1123 1612 1159 potest
1634 1117 1704 1149 fieri
1726 1123 1763 1148 ut
1785 1118 1818 1148 in
1842 1118 1906 1149 hoc
1927 1123 2075 1158 tempore
2099 1127 2167 1158 quo
2191 1123 2238 1149 est
2259 1119 2398 1159 nigrum,
2422 1129 2490 1150 non

1421 1164 1461 1194 sit
1475 1164 1615 1203 nigrum,
1632 1163 1709 1203 quia
1724 1162 1820 1193 simul
1843 1167 1926 1193 esset
1947 1163 2076 1202 nigrum
2100 1168 2132 1194 et
2154 1172 2222 1194 non
2246 1168 2328 1194 esset
2349 1164 2489 1203 nigrum.

1475 1217 1509 1246 4.
1532 1207 1567 1238 Si
1589 1213 1698 1238 autem
1720 1207 1837 1237 iterum
1860 1207 2010 1238 instetur:
2035 1208 2122 1247 quia,
2137 1207 2213 1237 licet
2232 1208 2414 1247 praeteritio
2434 1217 2492 1248 per

1421 1262 1454 1283 se
1479 1252 1650 1283 conveniat
1673 1250 1778 1282 Adam
1802 1256 1837 1281 ut
1858 1251 2066 1292 praeteritum
2090 1257 2146 1288 est,
2170 1257 2279 1283 tamen
2300 1252 2363 1292 ipsi
2385 1251 2490 1283 Adam

1421 1295 1602 1327 secundum
1626 1305 1660 1326 se
1684 1295 1886 1326 considerato
1910 1305 1968 1335 per
1990 1295 2138 1326 accidens
2164 1296 2330 1326 convenit:
2353 1306 2430 1336 ergo
2451 1297 2490 1327 ab

1422 1341 1494 1381 ipso
1518 1340 1655 1380 separari
1679 1344 1802 1380 potest:
1819 1357 1842 1362 —
1857 1339 1974 1370 dicitur
1989 1339 2088 1379 quod,
2112 1339 2187 1370 licet
2210 1349 2308 1370 omne
2325 1349 2389 1380 per
2407 1341 2491 1371 acci-

1421 1385 1500 1416 dens
1523 1384 1669 1415 absolute
1694 1384 1733 1414 ab
1758 1393 1797 1414 eo
1822 1384 1875 1414 cui
1898 1393 1956 1424 per
1978 1383 2126 1414 accidens
2150 1384 2302 1414 convenit
2325 1385 2427 1424 possit
2441 1394 2491 1415 se-

1421 1430 1536 1470 parari,
1559 1438 1627 1459 non
1651 1433 1759 1468 potest
1788 1434 1897 1458 tamen
1924 1429 2064 1468 separari
2093 1437 2153 1468 pro
2180 1427 2235 1458 illa
2257 1437 2408 1459 mensura
2431 1438 2490 1469 pro

1422 1483 1487 1514 qua
1509 1473 1609 1504 inest:
1634 1473 1678 1502 sic
1703 1473 1790 1502 enim
1813 1472 1910 1502 simul
1934 1478 2016 1503 esset
2039 1478 2070 1503 et
2092 1482 2161 1503 non
2185 1477 2267 1503 esset
2288 1473 2322 1502 in
2344 1482 2389 1503 re.
2405 1472 2492 1510 Quia

1422 1527 1499 1558 ergo
1524 1517 1707 1558 praeteritio
1724 1517 1758 1546 in
1774 1517 1866 1547 omni
1881 1522 2028 1556 tempore
2046 1521 2121 1556 post
2136 1515 2215 1547 illud
2230 1522 2359 1557 tempus
2373 1517 2408 1547 in
2424 1526 2491 1557 quo

1423 1570 1536 1592 verum
1561 1566 1626 1591 erat
1650 1560 1755 1591 dicere
1779 1560 1882 1590 Adam
1907 1565 1962 1596 est,
1986 1561 2069 1591 inest
2091 1561 2152 1601 ipsi
2172 1559 2287 1597 Adam,
2305 1561 2380 1600 quia
2400 1570 2492 1601 prae-

1423 1605 1530 1636 teritio
1555 1610 1602 1635 est
1625 1604 1664 1635 de
1688 1605 1812 1635 ratione
1843 1605 1911 1634 eius
1940 1604 1979 1634 de
2003 1613 2070 1645 quo
2099 1603 2273 1644 aliquando
2296 1614 2409 1635 verum
2433 1604 2494 1636 fuit

1424 1649 1531 1680 dicere
1557 1649 1619 1679 hoc
1649 1653 1704 1684 est,
1728 1649 1923 1688 inquantum
1953 1648 2141 1679 huiusmodi
2163 1666 2186 1670 -
2208 1647 2382 1688 aliquando
2407 1649 2494 1679 enim

1424 1702 1537 1724 verum
1560 1692 1658 1724 fuisse
1682 1692 1793 1723 Sortes
1816 1693 1929 1728 currit,
1954 1698 2011 1729 est,
2028 1692 2154 1723 Sortem
2179 1692 2371 1729 cucurrisse,
2386 1693 2494 1723 —nul-

1423 1738 1493 1768 lum
1512 1743 1642 1778 tempus
1657 1742 1706 1768 est
1721 1737 1754 1767 in
1771 1746 1838 1777 quo
1854 1737 2038 1777 praeteritio
2054 1737 2093 1767 ab
2109 1736 2215 1767 Adam
2228 1737 2332 1776 possit
2346 1732 2493 1777 separari,

1423 1782 1500 1813 licet
1517 1782 1587 1818 ista,
1603 1780 1707 1812 Adam
1729 1790 1795 1811 non
1808 1781 1892 1822 fuit,
1916 1781 2093 1811 rationibus
2117 1781 2330 1812 terminorum
2353 1781 2493 1821 praecise

1425 1825 1643 1862 consideratis,
1667 1826 1707 1856 sit
1729 1825 1900 1865 possibilis.

1396 1892 1397 1907 ,
1481 1871 1530 1900 Di:
1546 1880 1584 1900 11s
1601 1879 1684 1910 quae
1701 1869 1740 1900 ad
1757 1870 1978 1910 cognitionem
1995 1875 2026 1899 et
2042 1869 2243 1899 voluntatem
2267 1868 2407 1899 divinam
2423 1878 2495 1909 per-

1423 1915 1536 1951 tinent,
1553 1914 1627 1945 satis
1652 1914 1774 1944 dictum
1795 1919 1842 1944 est
1857 1914 1890 1944 in
1906 1913 2014 1943 Primo
2031 1914 2058 1943 θ.
2082 1913 2131 1943 De
2155 1913 2223 1943 aliis
2238 1922 2315 1943 vero
2330 1913 2382 1943 hic
2403 1913 2493 1943 tactis

1420 1959 1455 1989 in
1479 1958 1610 1989 diversis
1633 1958 1714 1988 locis
1737 1958 1833 1988 huius
1849 1957 1965 1998 Operis
1988 1957 2219 1998 particulariter
2240 1961 2399 1987 tractatur.
2415 1957 2493 1987 Pro-

1423 2008 1533 2043 pterea
1557 2002 1596 2033 de
1620 2003 1697 2042 ipsis
1721 2001 1784 2032 hoc
1809 2002 1884 2032 loco
1909 2001 2110 2032 tractandum
2126 2010 2194 2032 non
2211 2006 2267 2037 est,
2284 2000 2339 2031 sed
2356 2000 2395 2031 de
2411 2010 2494 2031 uno-

1423 2055 1558 2087 quoque
1581 2055 1643 2077 suo
1665 2045 1752 2076 loco.

1369 2151 1422 2194 ψ.

707 2328 1192 2388 CAPITULUM
1228 2325 1698 2384 VIGESIMUM
1736 2324 2102 2408 SEXTUM·

1265 2454 1296 2484 A
1332 2453 1402 2493 34r
1435 2452 1521 2483 b18.

530 2556 718 2610 QUOD
764 2553 1043 2596 DIVINUS
1093 2550 1566 2594 INTELLECTUS
1614 2549 1752 2590 NON
1796 2548 2258 2590 COARCTATUR

851 2617 942 2658 AD
989 2612 1538 2656 DETERMINATOS
1583 2609 1940 2652 EFFECTUS

310 2806 313 2813 “
505 2794 597 2832 vina
623 2793 795 2844 potentia
823 2793 872 2830 ad
901 2790 1175 2828 determinatos
1208 2789 1367 2826 effectus

378 2873 396 2886 s
505 2859 586 2885 non
614 2846 808 2891 limitatur,
829 2857 874 2882 ac
902 2857 972 2894 per
999 2845 1076 2881 hoc
1103 2842 1212 2892 quod
1235 2854 1282 2878 ex
1301 2853 1367 2878 ne-

315 2898 400 2942 ifsss‘,
506 2899 678 2938 cessitate
706 2906 866 2936 naturae
895 2908 975 2934 non
1004 2896 1090 2945 agit,
1119 2896 1187 2932 sed
1214 2906 1285 2944 per
1312 2894 1368 2930 in-

295 2954 491 2994 tellectum
519 2961 555 2990 et
587 2953 846 2998 voluntatem;
881 2962 929 2987 ne
963 2949 1025 2987 cui
1060 2949 1156 2986 forte
1193 2947 1370 2984 videatur

297 3008 405 3060 quod
429 3007 512 3046 eius
540 3006 752 3044 intellectus
769 3005 832 3041 vel
851 3002 1008 3040 scientia
1026 3002 1075 3040 ad
1095 3000 1370 3038 determinatos

298 3062 457 3100 effectus
485 3058 739 3098 solummodo
766 3056 887 3107 possit
906 3054 1070 3100 extendi,
1092 3062 1128 3091 et
1147 3053 1200 3091 sic
1219 3061 1304 3101 agat
1323 3065 1369 3090 ex

298 3114 521 3153 necessitate
541 3111 732 3156 scientiae,
752 3108 934 3159 quamvis
960 3120 1042 3145 non
1070 3119 1117 3144 ex
1146 3106 1369 3144 necessitate

299 3175 477 3206 naturae:
508 3173 621 3203 restat
650 3164 852 3201 ostendere
880 3161 989 3212 quod
1017 3160 1099 3197 eius
1127 3158 1283 3196 scientia
1308 3159 1370 3195 vel

300 3221 511 3260 intellectus
540 3218 653 3256 nullis
686 3217 895 3254 effectuum
933 3213 1117 3251 limitibus
1145 3219 1368 3249 coarctatur.

355 3275 569 3312 Ostensum
588 3279 643 3308 est
663 3269 768 3308 enim
796 3280 913 3318 supra
931 3266 951 3288 '¹‘
979 3267 1087 3316 quod
1113 3266 1218 3302 Deus
1238 3264 1371 3302 omnia

302 3327 375 3370 alia
393 3338 494 3377 quae
514 3325 563 3363 ab
583 3337 631 3362 eo
656 3322 866 3373 procedere
886 3327 1049 3370 possunt
1076 3317 1372 3367 comprehendit

302 3393 416 3418 suam
444 3378 649 3416 essentiam
678 3374 933 3423 intelligendo,
963 3372 1002 3409 in
1030 3384 1110 3421 qua
1137 3370 1271 3408 omnia
1300 3371 1372 3407 hu-

303 3432 473 3471 iusmodi
506 3443 588 3469 esse
622 3428 883 3467 necessarium
911 3434 967 3463 est
993 3437 1063 3475 per
1091 3424 1297 3473 aliqualem
1325 3423 1372 3459 si-

358 3549 372 3575 3
393 3548 432 3582 ex]
453 3549 486 3574 de
504 3547 615 3575 etDXPc.

358 3592 374 3618 7
394 3582 545 3616 adiectione}
565 3581 694 3607 additione
713 3580 763 3605 ZP.

707 3553 722 3578 7
743 3544 826 3577 possit
843 3545 866 3568 A
884 3543 957 3568 solus
963 3550 970 3572 ;
989 3546 1086 3574 posset.

862 3586 878 3612 9
898 3576 1025 3603 infinitum
1050 3575 1133 3603 GNX;
1159 3574 1186 3599 in
1211 3573 1346 3599 infinitum.

307 3626 341 3652 14
359 3618 551 3651 Quotcumque
568 3617 642 3648 DsE3
661 3622 831 3649 quocumque
850 3613 975 3640 aXWYb.
994 3611 1181 3644 quodcumque
1200 3609 1255 3639 EG,
1274 3609 1434 3641 quicumque
1453 3607 1504 3637 NZ,
1523 3607 1770 3640 quomodocumque
1784 3604 1826 3629 Pe.

306 3662 420 3688 cumque
438 3654 541 3680 codices
559 3657 585 3678 et
604 3653 619 3678 b
638 3656 664 3678 et
679 3655 742 3684 post
761 3650 869 3676 effectus
888 3650 931 3674 Pe.

1178 3539 1210 3564 13
1230 3540 1256 3563 in
1275 3546 1327 3571 qua
1345 3538 1381 3569 N3

1422 2733 1691 2778 militudinem,
1721 2732 1818 2769 sicut
1846 2731 2004 2769 effectus
2033 2730 2170 2768 virtute
2194 2730 2341 2768 suntin
2362 2742 2489 2768 causa.

1424 2787 1465 2825 Si
1492 2786 1605 2835 igitur
1623 2785 1793 2836 potentia
1811 2784 1943 2822 divina
1964 2784 2014 2821 ad
2033 2784 2191 2821 effectus
2219 2783 2491 2820 determinatos

1424 2852 1505 2877 non
1532 2846 1756 2883 coarctatur,
1785 2846 1828 2875 ut
1856 2849 1973 2887 supra
1991 2836 2012 2859 ‘¹‘
2039 2844 2238 2874 ostensum
2266 2844 2332 2882 est,
2360 2848 2490 2873 neces·

1424 2892 1569 2930 sarium
1598 2899 1654 2929 est
1681 2899 1717 2928 et
1744 2892 1793 2928 de
1822 2890 1904 2928 eius
1931 2890 2123 2927 intellectu
2151 2889 2315 2926 similem
2340 2896 2490 2926 senten-

1392 2960 1400 2980 ς
1423 2945 1517 2984 tiam
1544 2945 1725 2995 proferre.

1477 2998 1629 3035 Adhuc.
1659 2996 1822 3035 Divinae
1851 2995 2036 3034 essentiae
2071 2995 2299 3032 infinitatem
2336 3006 2452 3043 supra
2470 2993 2490 3015 ‘³‘

1425 3051 1676 3089 ostendimus.
1716 3049 1914 3087 Infinitum
1951 3056 2092 3094 autem,
2122 3047 2356 3097 quantalibet
2388 3046 2489 3083 adie-

1425 3104 1551 3142 ctione
1570 3103 1771 3141 finitorum
1789 3102 1896 3147 facta,
1917 3101 2125 3150 adaequari
2144 3112 2224 3137 non
2248 3107 2372 3148 potest
2395 3098 2490 3148 quin

1425 3157 1621 3195 infinitum
1649 3156 1807 3193 excedat
1834 3154 2069 3205 quantalibet
2096 3153 2213 3199 finita,
2235 3152 2266 3189 si
2284 3152 2399 3189 etiam
2418 3164 2490 3189 nu-

1387 3228 1412 3242 10
1426 3222 1535 3248 mero
1564 3209 1712 3246 infinita
1740 3208 1909 3245 existant.
1938 3206 2046 3244 Nihil
2064 3214 2194 3244 autem
2214 3205 2316 3243 aliud
2341 3212 2492 3254 praeter

1426 3264 1557 3301 Deum
1585 3270 1734 3299 constat
1760 3273 1842 3298 esse
1878 3260 2095 3297 secundum
2130 3258 2332 3296 essentiam
2364 3257 2490 3295 infini—

1426 3325 1529 3353 tum:
1559 3327 1652 3353 cum
1680 3314 1812 3352 omnia
1830 3313 1903 3351 alia
1921 3313 2137 3350 secundum
2166 3311 2350 3349 essentiae
2379 3311 2490 3348 ratio-

1427 3381 1519 3407 nem
1538 3369 1611 3405 sub
1626 3366 1886 3405 determinatis
1899 3365 2104 3414 generibus
2123 3373 2159 3401 et
2178 3364 2379 3413 speciebus
2398 3375 2490 3400 con-

1428 3422 1641 3459 cludantur.
1673 3421 1950 3468 Quotcumque
1986 3418 2096 3466 igitur
2123 3425 2159 3454 et
2187 3417 2491 3466 quanticumque

1401 3546 1426 3562 m
1445 3545 1597 3598 qgoinfinim
1619 3571 1732 3604 legimus
1754 3577 1813 3594 cum
1838 3568 1945 3598 sEYPc;
1964 3566 2032 3592 finita
2056 3567 2088 3598 A,
2112 3573 2175 3592 casu
2197 3567 2328 3599 profecto,
2355 3569 2381 3590 et
2402 3566 2492 3591 ceteri.

1917 3608 1941 3628 et
1959 3602 2162 3636 quanticumque
2174 3603 2198 3626 A
2211 3602 2295 3633 solun
2315 3606 2341 3626 et
2354 3606 2493 3634 quantum-

2520 1916 2528 1923 ·
2543 1914 2564 1935 Α
2578 1919 2629 1940 cap.
2645 1918 2706 1935 xntv.

2518 2844 2527 2852 ·
2541 2841 2598 2870 cap.
2613 2849 2670 2865 xxn.

2518 2998 2526 3007 ·
2533 2997 2583 3018 Lib.
2590 2996 2606 3023 1,
2613 3001 2731 3024 capann-
