2742 4152
281 262 304 298 8
892 248 1080 287 SUMMA
1109 243 1331 283 CONTRA
1360 240 1637 287 GENTILES,
1668 239 1780 277 CAP.
1800 239 1858 276 111.

281 338 425 388 cipium
453 335 567 372 totius
595 331 771 370 scientiae
800 340 919 379 quam
948 327 996 364 de
1024 325 1152 374 aliqua
1181 335 1221 360 re
1250 320 1344 359 ratio
1401 319 1615 367 gnitionem
1639 317 1821 356 ascendit.
1844 318 2051 368 Multoque
2073 317 2241 367 amplius
2264 317 2477 355 intellectus

280 389 451 442 percipit,
467 388 513 424 sit
531 387 741 423 intellectus
761 380 993 421 substantiae
1013 379 1145 429 ipsius,
1161 388 1209 413 eo
1224 374 1344 424 quod,
1402 372 1558 410 divinus
1577 371 1726 431 excedit
1744 370 1963 431 angelicum
1982 383 2113 431 quam·
2123 371 2318 420 angelicus
2338 372 2477 408 huma-

42 453 51 463 “
74 451 93 473 11
114 450 185 472 Anal·
209 449 253 470 ¹³⁰·
282 442 498 481 secundum
535 438 750 477 doctrinam
792 432 1018 483 Philosophi
1037 432 1068 480 ²⁸,
1106 431 1346 468 demonstra·
1403 438 1512 463 num.
1542 427 1627 474 Ipse
1656 436 1762 461 emm
1794 426 2007 462 1ntellectus
2036 425 2192 462 divinus
2221 437 2291 462 sua
2328 425 2477 474 capaci-

43 475 254 526 ff‘2'5¹¹¹'⁹³⁸‘Th'
280 495 393 534 tionis
420 492 655 543 principium
674 499 730 529 est
749 490 848 541 quod
866 489 953 539 quid
970 492 1042 531 est;
1070 490 1221 534 oportet
1239 481 1347 531 quod
1402 487 1477 517 tate
1505 477 1761 516 substantiam
1785 489 1898 527 suam
1922 478 2126 528 adaequat,
2147 486 2184 516 et
2202 477 2292 516 ideo
2311 478 2477 528 perfecte

281 547 497 586 secundum
525 545 692 583 modum
711 556 791 594 quo
811 540 1022 580 substantia
1040 537 1095 576 rei
1118 535 1346 584 intelligitur,
1370 545 1379 566 s
1402 534 1451 570 de
1479 544 1520 569 se
1548 530 1718 580 intelligit
1736 530 1832 581 quid
1850 539 1919 580 est,
1940 539 1976 570 et
2001 531 2136 570 omnia
2159 531 2358 581 cognoscit
2375 543 2477 582 quae

279 601 326 639 sit
352 600 495 638 modus
522 611 662 637 eorum
689 610 790 647 quae
818 596 931 633 dere
958 593 1020 631 illa
1048 595 1345 640 cognoscuntur.
1401 587 1451 624 de
1479 585 1565 635 ipso
1593 584 1842 634 intelligibilia
1875 593 1985 623 sunt:
2024 597 2106 624 non
2143 593 2276 624 autem
2313 585 2479 623 naturali

279 655 391 693 Unde
411 653 443 691 si
460 653 670 691 intellectus
689 653 887 688 humanus
905 646 1065 686 alicuius
1089 643 1144 682 rei
1171 643 1346 680 substan·
1401 638 1622 687 cognitione
1649 639 1810 686 angelus
1841 638 1891 676 de
1919 640 2006 677 Deo
2039 639 2238 688 cognoscit
2274 639 2370 690 quid
2406 647 2476 685 est,

277 708 371 745 tiam
409 704 720 756 comprehendit,
756 711 850 754 puta
886 699 1022 750 lapidis
1057 699 1119 735 vel
1155 693 1343 743 trianguli,
1400 692 1493 743 quia
1521 699 1558 729 et
1584 692 1669 742 ipsa
1696 691 1910 741 substantia
1936 693 2072 741 angeli,
2101 705 2172 743 per
2199 705 2321 743 quam
2343 692 2384 730 in
2403 693 2478 730 Dei

278 763 431 799 nullum
468 758 758 808 intelligibilium
796 756 893 794 illius
931 753 984 790 rei
1020 752 1238 789 facultatem
1271 749 1343 785 hu·
1399 745 1662 795 cognitionem
1690 745 1934 792 ducitur‚'est
1951 746 2112 784 effectus
2134 757 2275 784 causae
2292 746 2476 784 virtutem

278 826 418 853 manae
438 813 594 851 rationis
612 811 780 849 excedet.
802 807 921 856 Quod
937 805 1096 856 quidem
1116 802 1228 840 nobis
1243 801 1344 839 circa
1359 820 1386 836 ιο
1398 812 1481 838 non
1508 799 1746 850 adaequans.
1775 799 1889 838 Unde
1908 810 1990 846 non
2010 799 2145 838 omnia
2163 812 2265 851 quae
2285 800 2326 838 in
2348 799 2478 851 seipso

279 870 409 907 Deum
437 879 517 904 non
545 865 690 904 accidit.
723 865 829 901 Nam
856 861 905 899 ad
934 856 1185 898 substantiam
1222 855 1344 905 ipsius
1398 855 1507 892 Deus
1534 852 1715 903 intelligit,
1735 854 1895 903 angelus
1912 852 2077 891 naturali
2095 853 2315 903 cognitione
2338 866 2477 904 capere

278 920 507 971 capiendam
534 920 744 957 intellectus
776 918 973 954 humanus
1007 910 1169 950 naturali
1203 908 1343 947 virtute
1397 915 1544 959 potest:
1574 919 1648 946 nec
1675 907 1725 946 ad
1753 907 1889 946 omnia
1915 918 2018 957 quae
2037 908 2198 956 angelus
2215 920 2288 946 sua
2312 908 2478 946 naturali

278 974 491 1025 pertingere
527 985 607 1010 non
644 978 787 1021 potest:
827 980 918 1006 cum
954 967 1167 1004 intellectus
1203 962 1342 1010 nostri,
1397 961 1538 1000 virtute
1566 961 1749 1011 intelligit,
1779 962 1954 999 humana
1981 960 2078 998 ratio
2106 961 2249 999 sufficit
2274 962 2475 1012 capienda.

279 1028 495 1066 secundum
531 1026 696 1064 modum
733 1021 942 1074 praesentis
978 1019 1089 1067 vitae,
1119 1016 1286 1067 cognitio
1321 1029 1344 1054 a
1400 1016 1508 1055 Sicut
1525 1015 1641 1065 igitur
1657 1014 1853 1054 maximae
1875 1014 2068 1053 amentiae
2087 1022 2187 1053 esset
2204 1014 2323 1053 idiota
2342 1016 2411 1067 qui
2429 1028 2477 1054 ea

279 1094 395 1119 sensu
422 1079 595 1129 incipian
625 1086 661 1115 et
688 1077 776 1116 ideo
814 1087 860 1113 ea
896 1086 997 1124 quae
1034 1073 1074 1110 in
1111 1084 1228 1110 sensu
1261 1083 1343 1108 non
1360 1093 1383 1114 ις
1399 1083 1502 1122 quae
1530 1083 1553 1108 a
1580 1069 1818 1121 philosopho
1846 1076 2124 1120 proponuntur
2150 1068 2244 1107 falsa
2273 1081 2356 1108 esse
2374 1082 2476 1119 asse-

277 1135 430 1181 cadunt,
450 1145 532 1171 non
548 1139 711 1183 possunt
737 1132 913 1168 humano
941 1128 1134 1166 intellectu
1153 1125 1251 1176 capi,
1270 1125 1344 1164 nisi
1399 1133 1499 1164 reret
1525 1132 1686 1176 propter
1703 1125 1781 1163 hoc
1799 1123 1910 1174 quod
1928 1136 1975 1162 ea
1993 1135 2132 1174 capere
2151 1135 2234 1162 non
2252 1131 2392 1174 potest,
2409 1123 2476 1172 ita,

277 1196 467 1238 quatenus
495 1199 542 1224 ex
569 1184 811 1223 sensibilibus
839 1194 974 1220 earum
1002 1180 1170 1230 cognitio
1203 1180 1344 1230 colligi·
1399 1189 1436 1218 et
1454 1181 1580 1218 multo
1600 1178 1781 1229 amplius,
1800 1177 1945 1216 nimiae
1965 1177 2143 1216 stultitiae
2161 1186 2219 1216 est
2236 1179 2360 1217 homo
2380 1177 2412 1216 si
2429 1191 2476 1218 ea

275 1250 348 1279 tur.
379 1240 578 1279 Sensibilia
605 1247 736 1276 autern
764 1238 813 1275 ad
841 1238 918 1274 hoc
946 1237 1088 1274 ducere
1108 1235 1344 1273 intellectum
1399 1247 1501 1286 quae
1529 1233 1713 1272 divinitus
1740 1233 1970 1282 angelorum
1991 1231 2218 1284 ·ministerio
2255 1234 2478 1271 revelantur

275 1302 451 1332 nostrum
478 1306 557 1331 non
583 1299 747 1342 possunt
774 1298 817 1329 ut
844 1290 883 1327 in
907 1290 962 1328 eis
981 1289 1112 1328 divina
1131 1288 1344 1328 substantia
1398 1290 1491 1328 falsa
1518 1300 1603 1326 esse
1631 1286 1849 1339 suspicatur
1876 1298 1924 1325 ex
1947 1286 2025 1324 hoc'
2053 1286 2162 1336 quod
2190 1285 2340 1325 ratione
2367 1285 2475 1332 inve·

274 1347 450 1385 videatur
476 1346 663 1396 quid-sit:
693 1357 785 1384 cum
813 1343 888 1382 sint
915 1343 1075 1382 effectus
1103 1355 1244 1382 causae
1267 1343 1342 1382 vir·
1357 1363 1385 1379 ω
1398 1343 1526 1393 stigari
1553 1353 1635 1383 non
1662 1349 1838 1392 possunt.
2256 1382 2258 1384 v
2414 1342 2431 1390 J

274 1409 395 1439 tutem
423 1412 504 1439 non
533 1407 753 1450 aequantes.
777 1397 942 1436 Ducitur
960 1406 1091 1436 tamen
1115 1410 1163 1436 ex
1182 1397 1342 1436 sensibi-
1451 1399 1595 1437 Adhuc
1607 1396 1714 1435 idem
1729 1394 1930 1434 manifeste
1943 1401 2104 1444 apparet
2121 1405 2169 1431 ex
2188 1392 2340 1444 defectu
2354 1396 2476 1444 quem

274 1454 373 1492 libus
392 1453 601 1491 intellectus
620 1461 749 1491 noster
767 1452 805 1490 in
825 1451 999 1490 divinam
1019 1452 1280 1501 cognitionem
1299 1461 1343 1491 ut
1397 1454 1435 1492 in
1452 1453 1569 1491 rebus
1582 1450 1863 1500 cognoscendis
1877 1447 2050 1499 quotidie
2071 1446 2304 1498 experimur.
2325 1448 2475 1487 Rerum

275 1515 480 1556 cognoscat
494 1508 542 1545 de
557 1508 642 1546 Deo
657 1507 748 1556 quia
766 1513 833 1546 est,
854 1513 891 1543 et
909 1506 982 1544 alia
997 1506 1225 1544 huiusmodi
1240 1519 1342 1557 quae
1397 1507 1503 1546 enim
1531 1504 1771 1545 sensibilium
1809 1502 1998 1554 plurimas
2033 1500 2288 1555 proprietates
2312 1501 2477 1556 'ignora-

275 1568 425 1611 oportet
444 1560 594 1598 attribui
613 1560 739 1610 primo
758 1559 961 1610 principio.
979 1560 1079 1598 Sunt
1097 1559 1210 1611 igitur
1223 1567 1341 1612 quae·
1397 1574 1498 1607 mus,
1528 1571 1745 1610 earumque
1773 1556 2055 1610 proprietatum
2074 1567 2173 1606 quas
2191 1566 2309 1593 sensu
2337 1564 2475 1607 appre-

274 1615 366 1662 dam
385 1614 673 1663 intelligibilium
692 1613 916 1652 divinorum
941 1626 1043 1665 quae
1066 1616 1264 1654 humanae
1283 1629 1341 1654 ra·
1356 1635 1381 1657 25
1397 1610 1608 1655 hendimus
1635 1612 1828 1652 rationem
1855 1610 2021 1663 perfecte
2045 1609 2086 1648 in
2103 1608 2282 1660 pluribus
2293 1607 2478 1662 'invenire'

273 1668 367 1707 tioni
396 1676 484 1706 sunt
510 1668 662 1718 pervia;
695 1668 891 1717 quaedam
918 1680 1014 1707 vero
1042 1681 1144 1719 quae
1178 1669 1342 1709 omnino
1397 1683 1478 1710 non
1506 1680 1731 1721 possumus.
1760 1666 1887 1705 Multo
1916 1663 2030 1714 igitur
2047 1663 2216 1715 amplius
2233 1662 2334 1702 illius
2352 1664 2475 1703 excel—

273 1722 354 1760 Vim
382 1723 576 1760 humanae
604 1721 760 1759 ratiOHiS
788 1721 992 1760 excedunt.
1395 1723 1630 1765 lentissimae
1644 1719 1879 1760 substantiae
1889 1718 2024 1757 omnia
2036 1715 2282 1766 intelligibilia
2299 1718 2477 1757 humana

327 1775 467 1813 Adhuc
485 1787 531 1812 ex
550 1775 812 1813 intellectuum
831 1775 1015 1824 gradibus
1034 1774 1139 1814 idem
1158 1775 1267 1814 facile
1285 1784 1343 1814 est
1397 1777 1493 1818 ratio
1521 1775 1750 1826 investigare
1778 1786 1860 1812 non
1887 1771 2040 1823 sufficit.

272 1828 414 1866 videre.
453 1830 634 1866 Duorum
671 1828 776 1866 enim
813 1840 986 1879 quorum
1021 1842 1125 1868 unus
1153 1829 1228 1868 alio
1257 1841 1342 1868 rem
1451 1831 1555 1871 Huic
1582 1829 1700 1869 etiam
1727 1833 1918 1867 consonat
1944 1826 2092 1864 dictum
2130 1823 2376 1876 Philosophi,
2405 1823 2474 1876 qui

272 1882 441 1932 aliquam
468 1882 658 1920 intellectu
677 1882 853 1920 subtilius
872 1883 1055 1931 intuetur,
1074 1883 1136 1922 ille
1155 1883 1267 1922 cuius
1285 1883 1341 1922 in·
1357 1901 1384 1922 so
1398 1885 1438 1924 in
1465 1887 1495 1924 ΙΙ
1523 1885 1741 1935 Metaphys.
1760 1881 1782 1904 '⁸‘
1810 1879 1943 1920 asserit
1976 1879 2085 1930 quod
2122 1878 2324 1928 intellectus
2351 1882 2476 1917 noster
2503 1877 2671 1932 53:333
2697 1885 2705 1901 ¹

272 1937 441 1974 tellectus
467 1944 522 1974 est
549 1935 742 1984 elevatior,
767 1938 890 1974 multa
916 1936 1087 1986 intelligit
1115 1950 1217 1988 quae
1245 1938 1343 1977 alius
1396 1952 1436 1977 se
1462 1941 1571 1978 hahet
1597 1938 1650 1976 ad
1670 1938 1800 1988 prima
1827 1936 1980 1980 entium,
2010 1945 2106 1984 quae
2135 1937 2221 1970 sunt
2257 1932 2474 1981 manifestis-

273 1989 435 2028 omnino
454 2002 591 2040 capere
610 2002 691 2028 non
710 1997 855 2040 potest:
885 1989 983 2029 sicut
1001 1999 1105 2041 patet
1123 1991 1163 2029 in
1186 1991 1341 2040 rustico,
1396 1995 1494 2031 sima
1531 1994 1569 2030 in
1612 1997 1768 2036 natura,
1809 1990 1903 2027 sicut
1944 1987 2073 2026 oculus
2114 1987 2383 2037 vespertilionis
2425 1985 2478 2027 ad

273 2042 340 2093 qui
367 2044 474 2081 nullo
501 2044 623 2082 modo
643 2043 914 2094 philosophiae
941 2044 1100 2083 subtiles
1122 2045 1343 2084 considera·
1397 2047 1526 2095 solem.
2286 2091 2290 2094 ,

272 2097 396 2135 tiones
414 2109 551 2147 capere
570 2105 706 2148 potest.
727 2098 942 2135 Intellectus
961 2106 1093 2137 autem
1112 2099 1236 2149 angeli
1254 2101 1343 2151 plus
1451 2098 1557 2138 Huic
1593 2096 1708 2136 etiam
1746 2092 1897 2132 veritati
1925 2092 2053 2139 Sacra·
2072 2090 2269 2144 Scriptura
2304 2092 2476 2132 testimo-

273 2150 420 2189 excedit
451 2150 684 2189 intellectum
725 2152 947 2189 humanum
976 2164 1098 2202 quam
1130 2152 1343 2192 intellectus
1359 2169 1382 2190 κς
1398 2153 1511 2197 nium
1529 2150 1718 2204 perhibet.
1739 2147 1890 2187 Dicitur
1907 2146 2014 2185 enirn
2033 2147 2104 2185 Iob
2117 2149 2199 2184 x1⁷:
2220 2148 2395 2185 Forsitan
2413 2152 2475 2186 ve-

274 2204 411 2253 optimi
439 2204 661 2256 philosophi
688 2204 922 2244 intellectum
954 2205 1151 2246 rudissimi
1179 2206 1341 2246 idiotae:
1397 2209 1510 2260 stigia
1536 2207 1612 2244 Dei
1637 2201 1941 2254 comprehendes,
1970 2206 2003 2238 et
2035 2199 2332 2252 omnipotentem
2361 2212 2477 2253 usque

273 2258 366 2307 quia
389 2259 485 2296 haec
513 2258 688 2297 distantia
707 2258 804 2296 inter
821 2258 963 2309 speciei
987 2260 1185 2299 humanae
1204 2261 1343 2301 limites
1399 2262 1450 2301 ad
1479 2260 1692 2310 perfectum
1730 2254 1924 2308 reperies?
1951 2254 2001 2293 Et
2026 2265 2136 2292 xxxw
2154 2250 2203 2292 ²⁶:
2231 2255 2344 2302 Ecce,
2371 2254 2476 2293 Deus

273 2311 500 2357 continetur,
521 2325 621 2362 quos
640 2312 833 2361 angelicus
851 2312 1066 2352 intellectus
1085 2315 1245 2353 excedit.
1267 2316 1343 2354 Co·
1399 2326 1575 2366 magnus,
1590 2314 1743 2352 vincens
1759 2309 1952 2348 scientiam
1973 2313 2152 2346 nostram.
2172 2307 2251 2346 EtI
2269 2309 2358 2347 Cor.
2372 2310 2474 2346 xm⁹2

272 2365 419 2414 gnoscit
437 2365 597 2416 quidem
611 2367 769 2415 angelus
788 2368 919 2404 Deum
934 2379 981 2405 ex
1001 2367 1182 2407 nobiliori
1201 2370 1342 2408 effectu
1398 2365 1463 2408 Ex
1484 2373 1597 2420 parte
1623 2365 1897 2418 cognoscimus.
1925 2407 1928 2410 ‚
2141 2363 2144 2366 ’
2417 2362 2420 2366 ’
2450 2407 2452 2409 ,

272 2431 393 2469 quam
411 2420 552 2458 homo:
582 2427 728 2470 quanto
757 2419 840 2470 ipsa
867 2421 1079 2460 substantia
1107 2422 1244 2472 angeli,
1272 2436 1344 2474 per
1357 2439 1385 2459 ⁴⁰
1451 2423 1547 2461 Non
1565 2419 1679 2469 igitur
1697 2429 1816 2457 omne
1835 2415 1944 2467 quod
1959 2415 2007 2454 de
2022 2415 2108 2453 Deo
2124 2412 2274 2463 dicitur,
2294 2413 2476 2476 quamvis

273 2484 393 2522 quam
421 2473 460 2511 in
480 2473 552 2511 Dei
571 2473 826 2522 cognitionem
849 2474 1003 2513 ducitur
1023 2476 1187 2515 naturali
1211 2477 1341 2527 cogni·
1398 2476 1546 2514 ratione
1566 2471 1784 2522 investigari
1803 2482 1885 2509 non
1903 2469 2037 2520 possit,
2057 2469 2185 2508 statim
2205 2480 2317 2519 quasi
2335 2468 2475 2507 falsum
2503 2474 2718 2524 baffi-‘3342

272 2524 386 2573 tione,
416 2534 471 2565 est
493 2527 645 2575 dignior
670 2527 785 2565 rebus
804 2527 1049 2567 sensibilibus
1067 2538 1105 2568 et
1123 2530 1239 2569 etiam
1259 2531 1343 2582 ipsa
1397 2529 1661 2569 abiiciendum
1697 2534 1765 2574 est,
1794 2533 1837 2563 ut
1864 2523 2086 2563 Manichaei
2114 2531 2151 2561 et
2178 2523 2310 2573 plures
2337 2521 2475 2561 infide·
2503 2528 2577 2578 {1353
2579 2534 2609 2578 ἇς
2630 2527 2716 2578 2323}

273 2579 414 2627 anima,
434 2593 504 2630 per
525 2593 646 2631 quam
667 2580 877 2619 intellectus
900 2583 1098 2622 humanus
1122 2583 1161 2622 in
1183 2584 1256 2623 Dei
1277 2597 1341 2624 co·
1397 2583 1494 2623 lium
1521 2588 1757 2634 putaverunt
1775 2579 1807 2617 ²⁸.
2505 2588 2529 2605 ¹¹-
2545 2589 2565 2605 ¹·
2710 2571 2716 2582 '

275 2727 279 2731 Ι
328 2691 352 2733 6ε
363 2692 457 2733 :padus
476 2691 577 2726 eorum]
597 2693 691 2717 modus
710 2693 813 2718 illorum
829 2702 854 2725 a,
873 2702 966 2720 eorum
986 2696 1082 2722 modun
1095 2697 1164 2723 GPc.
1257 2697 1288 2723 25
1303 2705 1334 2723 ee
1347 2696 1425 2732 quae]
1445 2704 1513 2731 quae
1527 2695 1574 2722 Gc.
1668 2701 1699 2727 ²7
1720 2690 1897 2726 sensibilibus]
1912 2691 2035 2717 sensibus
2048 2690 2141 2717 GNPc.
2233 2689 2267 2716 28
2285 2688 2474 2724 intellectuum]

274 2727 703 2797 intelgigiibglurpeiEgNXJVKVszc.
796 2737 915 2790 nqdunue
933 2738 977 2773 oin
990 2739 1023 2792 ¹:0-
1115 2732 1149 2758 3ο
1167 2733 1302 2776 intellectu
1319 2741 1363 2760 om
1381 2741 1408 2764 a,
1427 2733 1596 2776 intellectum.
1607 2730 1640 2761 G,
1658 2729 1806 2756 intellectus
1825 2727 1868 2788 Ρὶ.
1961 2726 1995 2761 39
2014 2725 2141 2788 qtmggffl,
2150 2724 2434 2787 aagidquigetmgmffi
2451 2768 2475 2788 c·

276 2805 308 2831 27
328 2771 628 2833 subeuntinelpAddunt
652 2772 800 2826 gcedeniii
819 2765 979 2834 ἱυέιῖιεῖηὲἳιιν
1000 2768 1348 2835 Οιῗῐῖτιὲῗὲἒῃιῗὲῃὲιέιιῖἳι..
1366 2769 1692 2838 NZ’oind’gttfcglr'rinctunie
1709 2769 1823 2834 Epi-*lin
1866 2762 1939 2824 οἵ,
1952 2770 2079 2824 excubet
2097 2817 2104 2825 .
2115 2816 2140 2824 ..
2164 2797 2190 2823 in
2215 2781 2317 2831 ne’mre}
2337 2802 2378 2822 eet
2395 2803 2418 2828 c,
2437 2797 2475 2822 cic

274 2841 304 2859 se
322 2834 400 2860 habet
418 2838 467 2860 etc.
486 2835 533 2860 Pd.
625 2835 657 2868 37
677 2835 719 2870 Et]
739 2836 809 2862 ldem
830 2837 876 2863 aZ.

1028 2918 1369 2954 Commentariis.
1399 2919 1712 2953 Fert-ariensis

277 3014 476 3080 Posi-oum
491 3005 636 3035 suumin
658 3005 722 3036 hoc
745 3015 843 3046 opere
863 3009 1070 3048 propositum
1093 3008 1230 3041 Sanctus
1250 3009 1342 3040 Tho·
1393 3009 1521 3050 probat,
1545 3005 1750 3039 ostendendo
1774 3015 1844 3037 esse
1867 3004 1975 3046 aliqua
1992 3003 2204 3045 intelligibilia
2228 3003 2268 3036 de
2291 3003 2368 3036 Deo
2388 3012 2473 3046 quae

329 3058 398 3080 mas
418 3048 641 3085 manifestavit,
657 3057 893 3091 consequenter
916 3053 989 3093 quis
1009 3054 1049 3084 sit
1071 3053 1191 3085 modus
1214 3053 1341 3086 divinae
1394 3054 1577 3085 humanum
1600 3052 1731 3093 penitus
1751 3049 1912 3082 excedunt
1927 3049 2096 3091 ingenium
2103 3059 2112 3087 ;
2130 3047 2247 3081 deinde
2264 3057 2336 3081 eam
2358 3050 2474 3081 aueto-

40 3094 248 3147 {fff'issmm‘”¹'
274 3093 414 3125 veritatis
425 3092 676 3125 manifestandae
692 3094 831 3126 ostendit
843 3097 869 3126 *.
895 3095 988 3128 Circa
1004 3098 1069 3129 hoc
1085 3104 1195 3130 autem
1211 3098 1279 3130 duo
1295 3098 1342 3130 fa·
1394 3098 1541 3130 ritatibus
1565 3095 1735 3128 confirmat
1747 3095 1774 3126 ⁹.
2367 3105 2368 3108 =
2499 3093 2508 3103 ·
2525 3092 2597 3115 Num.
2613 3099 2634 3115 v.

1450 3141 1474 3173 1.
1486 3142 1598 3173 Prima
1615 3140 1701 3172 ratio
1718 3144 1766 3171 est
1780 3140 1849 3171 ista.
1866 3139 1916 3171 De
1928 3147 1996 3180 quo
2009 3139 2120 3170 omnia
2131 3136 2364 3178 cognoscibilia
2377 3141 2471 3169 natu-

275 3139 332 3170 cit:
346 3139 451 3179 primo
465 3138 551 3168 enim
564 3147 647 3179 quae
659 3132 890 3171 manifestanda
907 3142 969 3172 sint
984 3148 1167 3180 enumerat3
1183 3142 1340 3180 secundo,

1394 3187 1452 3218 rali
1474 3187 1600 3218 lumine
1620 3184 1803 3217 intellectus
1822 3184 1979 3226 cognosci
1994 3188 2142 3225 possunt,
2159 3182 2230 3213 eius
2244 3189 2380 3222 quoque
2394 3181 2471 3214 eub-

275 3183 315 3214 de
337 3184 483 3224 ipsorum
506 3182 765 3215 manifestatione
791 3183 989 3223 determinat,
1015 3187 1159 3228 capitulo
1182 3188 1341 3229 sequenti.

332 3227 500 3266 Quantum
530 3227 571 3259 ad
600 3227 752 3269 primum,
776 3231 946 3270 supposito
970 3241 1008 3262 ex
1034 3232 1217 3264 Aristotelis
1243 3237 1342 3274 atque

276 3271 380 3303 Boetii
396 3272 551 3304 sententia
567 3271 759 3313 disciplinati
774 3273 916 3305 hominis
932 3284 1001 3306 esse
1024 3275 1064 3307 de
1092 3284 1290 3318 unaquaque
1308 3286 1343 3309 re

275 3321 400 3346 tantum
422 3315 497 3348 fidei
521 3325 674 3357 quaerere
698 3323 857 3358 quantum
879 3324 991 3350 natura
1014 3321 1060 3352 rei
1083 3320 1232 3358 admittit,
1248 3321 1343 3363 ponit

275 3360 359 3390 hanc
374 3361 631 3392 conclusionem:
647 3361 773 3392 Eorum
792 3372 875 3403 quae
895 3363 934 3394 de
949 3364 1020 3395 Deo
1036 3365 1230 3408 confitemur
1243 3375 1342 3408 quae-

277 3404 351 3434 dam
374 3411 449 3435 sunt
463 3415 546 3446 quae
566 3406 711 3436 naturali
727 3406 848 3438 lumine
864 3408 1002 3439 rationis
1019 3410 1175 3451 cognosci
1192 3415 1341 3451 possunt,

278 3448 435 3488 quaedam
459 3459 534 3480 vero
560 3459 684 3481 omnem
703 3451 900 3492 facultatem
917 3452 1079 3484 humanae
1095 3455 1235 3486 rationis
1250 3463 1343 3486 exce-

279 3492 368 3524 dunt.
380 3493 518 3525 Primam
530 3500 653 3535 partem
665 3501 777 3527 notam
792 3495 961 3537 relinquit:
980 3506 1020 3528 eo
1037 3498 1127 3538 quod
1143 3499 1342 3541 philosophi,

279 3537 336 3576 qui
358 3539 491 3569 naturali
515 3538 677 3570 dumtaxat
700 3541 823 3571 ratione
846 3541 895 3571 usi
919 3547 1003 3578 sunt,
1028 3543 1182 3584 pleraque
1206 3543 1246 3575 de
1270 3543 1342 3575 Deo

280 3579 527 3613 demonstrative
550 3583 775 3623 probaverunt,
799 3591 835 3616 ut
862 3585 969 3617 Deum
993 3596 1062 3618 esse
1087 3593 1118 3618 et
1141 3587 1249 3619 Deum
1274 3598 1342 3619 esse

280 3633 393 3655 unum.
409 3643 431 3648 -
455 3625 636 3658 Secundam
659 3638 735 3659 vero
762 3635 885 3670 partem
909 3631 1014 3671 primo
1042 3632 1142 3662 tribus
1164 3633 1343 3664 rationibus

1395 3232 1510 3263 stantia
1525 3231 1566 3262 ab
1582 3230 1639 3262 illo
1655 3234 1764 3271 potest
1786 3228 1954 3262 intellectu
1970 3225 2215 3269 comprehendi.
2239 3225 2304 3258 Sed
2321 3226 2360 3257 ab
2376 3225 2472 3258 intel-

1395 3276 1482 3308 lectu
1505 3281 1618 3308 nostro
1634 3274 1695 3306 Dei
1711 3274 1887 3306 substantie
1903 3271 2136 3315 comprehendi
2157 3279 2227 3303 non
2242 3275 2360 3312 potest.
2382 3270 2471 3312 Ergo

1394 3320 1577 3353 intellectus
1592 3325 1703 3351 noster
1717 3327 1786 3350 non
1801 3323 1910 3361 potest
1931 3315 2068 3349 naturali
2082 3325 2144 3348 suo
2159 3315 2284 3347 lumine
2304 3316 2415 3347 omnia
2430 3314 2470 3348 de

1395 3365 1468 3397 Deo
1493 3363 1724 3406 cognoscibilia
1748 3371 1957 3405 cognoscere.
2376 3384 2378 3386 v

1451 3410 1556 3441 Maior
1579 3410 1746 3450 probatur.
1762 3407 1962 3448 Principium
1985 3405 2086 3436 totius
2106 3405 2259 3436 scientiae
2281 3404 2328 3436 rei
2351 3409 2399 3436 est
2421 3404 2470 3436 in-

1395 3454 1543 3485 tellectus
1566 3454 1763 3485 substantiae
1785 3453 1872 3483 eius:
1897 3451 1984 3492 quia,
2008 3449 2190 3481 secundum
2221 3449 2469 3491 Philosophum,

1396 3498 1681 3530 demonstrationis
1708 3496 1906 3539 principium
1928 3500 1976 3526 est
2002 3494 2090 3536 quod
2115 3494 2194 3536 quid
2220 3499 2276 3526 est.
2305 3494 2393 3535 Ergo
2419 3502 2470 3525 see

1397 3542 1542 3574 cundum
1572 3541 1711 3574 modum
1741 3540 1936 3582 cognitionis
1967 3539 2162 3570 substantiae
2189 3539 2235 3570 rei
2266 3539 2325 3570 erit
2350 3538 2470 3570 modus

1396 3597 1512 3619 eorum
1529 3596 1614 3628 quae
1633 3585 1674 3618 de
1696 3586 1750 3618 illa
1773 3594 1807 3616 re
1824 3589 2076 3626 cognoscuntur.
2097 3583 2131 3619 Si
2153 3584 2250 3625 igitur
2273 3583 2409 3615 alicuius
2423 3583 2469 3614 rei

1396 3632 1583 3668 substantia,
1606 3636 1689 3672 puta·
1711 3629 1827 3671 lapidis
1854 3629 1904 3661 vel
1927 3628 2087 3669 trianguli,
2112 3627 2407 3670 comprehendatur
2429 3627 2469 3658 ab
