2768 4134
25 855 34 863 ·
49 853 119 874 Num.
131 858 166 879 ιιι,
182 851 237 872 Ter-

25 880 66 902 tio.

23 1565 32 1572 “
42 1562 112 1585 Num.
120 1568 152 1589 ιιι,
161 1563 236 1589 Ouar-

22 1592 53 1610 lo.

23 2014 32 2022 ·
47 2012 71 2035 P.
82 2012 98 2038 1,
110 2018 179 2038 Lux,
190 2019 207 2033 ι.

25 2412 103 2434 ·ΡοΙ.
121 2418 173 2440 ι47,
192 2418 210 2434 r
229 2419 235 2433 ι

26 2439 70 2467 (·-ἀ
81 2439 114 2460 Ve
102 2445 138 2461 em
152 2428 225 2467 ⁸497)-

27 2814 36 2823 ·
51 2813 88 2835 cf.
99 2820 120 2834 ιι.
132 2819 156 2841 ιι,
167 2812 217 2834 init.

272 295 346 321 212

268 377 335 399 non
358 365 499 406 perfecte
523 368 555 393 et
578 362 742 392 actualiter
765 361 947 391 intellectus
970 359 1067 390 habet
1097 359 1342 390 similitudinem

268 411 308 442 ad
320 419 388 441 rem
399 408 595 439 intellectam
606 406 668 436 nisi
681 405 760 436 dum
776 405 932 444 intelligit.
950 403 1039 440 Ideo,
1053 404 1193 444 loquens
1206 403 1343 435 Sanctus

268 456 413 486 Thomas
435 452 475 482 de
498 450 685 482 habitudine
707 449 913 489 intelligentis
937 458 1022 488 quae
1046 449 1259 489 consequitur
1277 448 1342 480 for·

267 508 354 530 mam
376 495 619 536 intelligibilem,
645 495 790 535 loquitur
814 493 852 524 de
876 492 1065 524 habitudine
1081 502 1166 534 quae
1190 494 1343 524 convenit

266 542 455 582 intelligenti
470 539 652 572 secundum
664 538 754 579 quod
771 544 844 569 actu
861 538 1018 578 intelligit.
1035 538 1077 568 Et
1093 538 1170 578 quia
1185 538 1342 569 habitudo

266 586 470 626 intelligentis
487 590 570 621 actu,
588 589 624 615 ut
640 584 695 619 sic,
713 583 753 618 ad
773 593 841 613 rem
865 582 1061 613 intellectam
1081 581 1259 614 formaliter
1273 592 1342 613 non

266 637 313 663 est
328 631 368 662 ad
386 639 454 661 rem
471 635 508 660 ut
523 635 620 666 extra,
637 627 694 659 sed
717 633 753 658 ut
775 628 810 658 in
832 627 1013 663 intellectu;
1037 627 1113 658 ideo
1129 628 1236 667 inquit
1252 627 1342 668 quod

265 676 445 716 intelligens
467 684 537 706 non
560 673 638 705 dicit
659 672 884 703 habitudinem
899 671 939 702 ad
960 681 1029 702 rem
1053 671 1236 703 secundum
1251 672 1343 713 quod

266 727 313 752 est
336 726 423 751 extra
453 728 511 760 per
541 719 606 750 hoc
630 716 721 758 quod
750 716 918 757 intelligit.¹
942 716 1118 748 Curnhoc
1149 723 1258 748 autem
1281 723 1342 749 stat

265 764 356 806 quod
372 770 404 795 et
418 773 468 795 res
484 763 524 794 ad
541 768 637 798 extra,
655 768 686 793 et
707 771 775 792 esse
800 761 868 792 eius
892 767 980 792 extra
1003 761 1214 798 intellectum,
1234 766 1343 802 potest

265 819 334 841 esse
357 808 562 840 materialiter
584 817 634 838 res
657 806 829 837 intellecta.

319 854 373 885 Vl.
391 853 443 884 Ad
458 853 589 884 tertium
599 853 615 869 ⁴*
631 851 747 882 dicitur
764 850 855 891 quod
871 859 939 881 esse
956 851 989 880 in
1005 850 1112 881 anima
1129 850 1219 881 aliter
1234 851 1342 891 requi-

264 900 343 931 ritur
359 909 398 929 ex
414 903 503 939 parte
519 897 638 928 obiecti
661 896 855 927 intellectus:
881 900 913 925 et
935 895 1026 925 aliter
1050 904 1088 925 ex
1112 900 1202 935 parte
1223 896 1342 926 obiecti

265 944 449 975 voluntatis.
467 943 515 973 Ex
530 947 620 983 parte
637 942 724 971 enim
741 940 860 971 obiecti
876 939 1069 975 intellectus,
1082 940 1257 980 requiritur
1272 946 1342 971 tan-

265 998 364 1030 quam
380 989 462 1018 ratio
485 986 629 1018 formalis
653 995 671 1016 a
695 995 759 1025 qua
782 983 904 1024 aliquid
927 985 1024 1015 habet
1040 990 1076 1015 ut
1095 985 1135 1015 sit
1151 990 1226 1015 actu
1249 985 1343 1015 intel-

264 1034 387 1064 lectum
409 1037 558 1072 respectu
581 1031 678 1061 huius
701 1029 922 1069 intelligentis:
947 1034 995 1060 est
1018 1029 1106 1060 enim
1127 1034 1202 1060 actu
1218 1029 1342 1060 intelle-

265 1083 354 1109 ctum
376 1086 435 1117 per
458 1077 522 1107 hoc
545 1074 636 1116 quod
659 1080 707 1105 est
729 1083 834 1105 unum
855 1083 931 1104 cum
955 1073 1132 1105 intellectu.
1148 1091 1172 1096 —
1188 1073 1237 1104 Ex
1253 1079 1342 1114 parte

264 1132 341 1153 vero
365 1121 484 1152 obiecti
507 1119 692 1155 voluntatis,
716 1119 889 1159 requiritur
916 1123 952 1149 ut
980 1117 1128 1150 conditio
1159 1118 1279 1149 obiecti
1295 1117 1343 1149 ·ad

263 1167 328 1197 hoc
343 1171 379 1197 ut
394 1170 525 1196 moveat
547 1165 581 1195 in
604 1164 728 1194 ratione
752 1172 868 1194 causae
889 1161 1008 1194 finalis:
1033 1163 1111 1203 quia
1130 1163 1192 1193 nisi
1215 1163 1342 1195 bonum

263 1209 567 1252 apprehenderetur,
584 1218 652 1240 non
667 1214 815 1239 moveret
830 1207 1043 1241 voluntatem.
1068 1207 1132 1239 Sed
1147 1207 1256 1248 ipsum
1273 1217 1342 1239 esse

263 1255 304 1287 ad
324 1261 410 1286 extra
434 1260 481 1285 est
503 1254 584 1284 ratio
608 1253 752 1284 formalis
773 1262 874 1293 quare
897 1257 1067 1293 appetatur
1090 1262 1154 1283 res:
1179 1252 1343 1292 appetitus

264 1301 352 1332 enim
368 1299 468 1330 fertur
483 1299 516 1329 in
533 1307 612 1334 rem,
629 1307 697 1329 non
721 1297 903 1328 secundum
928 1306 997 1328 esse
1020 1297 1234 1328 intentionale
1251 1295 1343 1337 quod

262 1345 359 1376 habet
381 1345 414 1375 in
439 1344 556 1379 anima,
581 1342 637 1374 sed
669 1342 851 1374 secundum
875 1341 967 1382 quod
989 1347 1078 1373 extra
1107 1342 1249 1372 animam
1273 1350 1343 1372 esse

262 1390 368 1421 habet.
394 1389 439 1419 Ita
462 1387 554 1429 quod
577 1397 646 1419 esse
670 1387 754 1418 reale
778 1393 826 1418 est
850 1387 895 1417 rei
918 1387 1000 1418 ratio
1026 1386 1117 1427 quod
1140 1387 1180 1418 sit
1196 1386 1296 1417 volita
1311 1391 1344 1417 et

263 1434 449 1470 desiderata,
466 1439 498 1463 et
513 1433 594 1463 ratio
610 1432 700 1463 voliti
725 1431 813 1463 unde
835 1432 931 1462 habet
955 1431 1047 1472 quod
1069 1431 1110 1462 sit
1132 1430 1248 1462 volita:
1273 1439 1343 1462 esse

263 1484 372 1510 autem
395 1478 429 1508 in
452 1478 560 1508 anima
582 1482 631 1508 est
653 1477 774 1508 obiecti
797 1475 944 1508 conditio
968 1477 1002 1507 in
1025 1476 1149 1507 ratione
1180 1475 1343 1506 moventis

263 1522 466 1555 considerati.

318 1567 388 1598 VII.
413 1566 465 1598 Ad
486 1572 638 1607 quartum
651 1567 667 1583 ⁴*
691 1565 807 1597 dicitur
826 1564 918 1607 quod
933 1565 1079 1606 loquitur
1098 1565 1236 1597 Sanctus
1252 1564 1344 1596 Tho-

264 1622 333 1644 mas
348 1612 388 1643 de
403 1611 508 1642 forma
531 1611 678 1642 absolute
702 1616 735 1642 et
757 1611 955 1652 simpliciter,
971 1609 1154 1641 secundum
1178 1610 1343 1650 propriam

264 1658 423 1688 rationem
447 1656 586 1688 formae:
611 1665 681 1687 non
704 1655 744 1687 de
767 1656 828 1687 hac
852 1655 903 1686 vel
927 1655 981 1686 illa
1004 1655 1036 1686 in
1065 1654 1258 1695 particulari.
1283 1654 1344 1685 Per

265 1702 404 1733 formam
428 1701 515 1732 enim
539 1701 747 1741 intelligibilis
770 1706 803 1731 et
825 1700 985 1731 sensibilis
1001 1699 1148 1731 absolute
1172 1705 1205 1730 et
1227 1708 1343 1730 secun-

265 1746 344 1778 dum
368 1755 465 1777 suum
489 1745 637 1776 ordinem
670 1745 917 1781 consideratam,
942 1744 1124 1784 intelligens
1148 1750 1180 1775 et
1203 1744 1345 1775 sentiens

264 1792 361 1822 habet
384 1790 608 1821 habitudinem
623 1790 663 1821 ad
679 1799 748 1821 rem
759 1789 946 1827 ‚secundum
962 1789 1053 1830 quod
1069 1794 1117 1819 est
1140 1794 1243 1820 extra:
1268 1789 1344 1829 quia

264 1837 348 1868 sicut
370 1834 509 1866 formam
534 1835 713 1866 naturalem
743 1835 954 1875 consequitur
985 1833 1152 1865 inclinatio
1179 1833 1343 1869 naturalis,

264 1881 307 1911 ita
330 1880 470 1911 formam
493 1880 729 1920 apprehensam
752 1880 898 1919 sequitur
921 1878 1087 1909 inclinatio
1120 1883 1152 1909 et
1182 1878 1344 1918 appetitus

264 1925 420 1956 animalis.
446 1924 510 1955 Sed
533 1930 642 1955 tamen
665 1930 796 1964 oportet
820 1929 855 1954 ut
879 1923 933 1954 illa
955 1922 1060 1954 forma
1083 1923 1284 1963 apprehensa
1305 1923 1344 1953 sit

264 1970 343 2001 boni
367 1975 398 2000 et
422 1969 646 1999 convenientis
670 1974 706 1999 ut
730 1968 855 1999 bonum
880 1973 911 1998 et
935 1968 1135 1998 conveniens
1159 1973 1216 1997 est.
1248 1966 1343 1998 Unde

264 2019 295 2045 et
318 2013 410 2054 quod
432 2013 476 2044 ait
499 2013 635 2044 Sanctus
651 2013 796 2044 Thomas
820 2012 928 2043 alibi*
930 2012 1121 2052 ‚quoniam
1145 2011 1190 2042 ad
1216 2020 1343 2042 omnem

254 2059 407 2101 formam
421 2058 570 2099 sequitur
593 2057 774 2094 inclinatio,
790 2056 1038 2097 intelligendum
1058 2062 1107 2087 est
1121 2066 1190 2087 non
1206 2055 1248 2087 de
1264 2065 1344 2096 qua-

262 2104 341 2134 libet
364 2102 491 2134 forma
484 2113 518 2134 ιιι
534 2102 717 2143 particulari
733 2101 881 2132 absolute
897 2101 1109 2138 considerata,
1126 2100 1183 2132 sed
1203 2100 1243 2131 de
1261 2109 1344 2141 quo-

263 2148 341 2179 libet
356 2147 469 2179 ordine
486 2147 675 2178 formarum.
699 2146 751 2177 Ad
767 2156 872 2178 unum
888 2146 976 2177 enim
1000 2145 1179 2177 formarum
1195 2144 1344 2176 ordinem

264 2193 410 2233 sequitur
433 2192 599 2223 inclinatio
623 2192 786 2227 naturalis,
811 2191 851 2222 ad
875 2191 975 2222 alium
991 2200 1069 2222 vero
1093 2190 1260 2221 inclinatio
1277 2190 1344 2220 ani-

264 2237 365 2268 malis.
388 2236 465 2268 Ideo
482 2242 612 2277 oportet
627 2246 696 2267 esse
711 2237 892 2277 appetitum
908 2236 1098 2270 naturalem,
1116 2241 1146 2265 et
1163 2235 1344 2275 appetitum

265 2281 452 2312 animalem:
477 2282 532 2322 qui
556 2286 665 2312 tamen
681 2290 750 2312 non
766 2281 863 2311 habet
886 2280 1046 2311 actualem
1069 2279 1291 2310 habitudinem
1313 2285 1345 2310 et

265 2326 510 2357 inclinationem
539 2325 580 2356 ad
610 2335 679 2356 rem
708 2325 770 2356 nisi
803 2326 843 2356 sit
869 2325 930 2355 sub
962 2325 1087 2355 ratione
1121 2325 1344 2355 convenientis

266 2371 476 2411 apprehensa.

324 2425 353 2445 2.
378 2415 426 2446 Ex
449 2415 516 2445 istis
532 2419 620 2454 patet
636 2423 723 2445 error
739 2414 839 2449 Scoti,
856 2414 890 2444 in
907 2414 949 2444 lV
966 2413 1066 2451 Sem„
1085 2413 1115 2444 d.
1129 2423 1211 2449 Χιικ,
1229 2423 1259 2454 q.
1274 2422 1305 2443 ιν
1317 2414 1344 2449 *‚

267 2459 401 2491 dicentis
424 2469 492 2490 non
515 2468 584 2490 esse
609 2458 820 2490 differentiam
845 2459 927 2489 inter
950 2458 1151 2489 intellectum
1175 2464 1207 2489 et
1229 2459 1346 2490 volun-

266 2510 365 2536 tatem
381 2510 541 2545 quantum
557 2503 598 2534 ad
614 2503 677 2534 hoc
690 2502 780 2543 quod
797 2509 845 2534 est
860 2502 900 2534 ad
917 2508 1003 2534 extra
1016 2503 1066 2534 vel
1083 2502 1123 2534 ad
1138 2503 1221 2534 intra
1236 2504 1345 2534 termi-

266 2550 350 2585 nari;
376 2555 408 2579 et
430 2548 522 2589 quod
545 2549 660 2579 notitia
689 2548 836 2579 intuitiva
866 2548 1056 2578 terminatur
1086 2547 1127 2578 ad
1150 2557 1219 2579 rem
1242 2549 1276 2579 in
1300 2558 1345 2579 se.

268 2593 405 2625 Constat
429 2594 516 2624 enim
539 2602 579 2623 ex
602 2592 694 2624 dictis
718 2592 808 2633 quod
832 2592 921 2623 nulla
949 2593 1063 2623 notitia
1093 2593 1283 2624 terminatur
1306 2592 1347 2624 ad

267 2648 336 2669 rem
359 2644 446 2669 extra
469 2638 531 2668 nisi
553 2638 623 2678 ipsa
646 2647 696 2668 res
719 2638 759 2668 sit
782 2638 864 2668 intra
887 2637 1088 2668 intellectum
1111 2647 1169 2678 per
1192 2647 1285 2669 suam
1306 2638 1347 2669 si-

267 2682 493 2714 militudinem.
518 2682 559 2713 Et
583 2682 628 2713 sic
652 2691 720 2713 esse
751 2682 784 2712 in
814 2681 980 2712 intellectu
1011 2688 1057 2713 est
1081 2682 1162 2712 ratio
1186 2683 1233 2714 r'ei
1256 2681 1347 2724 quod

267 2728 307 2759 sit
330 2733 404 2759 actu
427 2727 604 2758 intellecta:
628 2727 704 2758 licet
727 2736 777 2757 res
801 2726 841 2757 ad
864 2732 952 2757 extra
974 2727 1014 2757 sit
1036 2726 1070 2758 id
1093 2726 1184 2767 quod
1208 2733 1256 2759 est
1279 2737 1347 2758 ma-

267 2772 417 2803 terialiter
439 2771 650 2803 intellectum.

323 2816 406 2848 VIII.
419 2817 528 2847 Tertio
541 2817 567 2847 ⁹.
581 2816 652 2847 Deo
666 2816 772 2857 placet
787 2825 884 2847 suum
901 2825 970 2847 esse
989 2822 1021 2847 et
1037 2826 1094 2847 sua
1110 2817 1246 2848 bonitas.
1260 2817 1347 2857 Ergo

269 2868 316 2893 est
332 2861 455 2892 volens.
470 2879 494 2884 —
509 2861 600 2892 Patet
615 2861 860 2901 consequentia.
877 2860 964 2899 Quia
980 2861 1069 2892 Deus
1085 2867 1133 2892 est
1148 2861 1347 2902 intelligens:

269 2913 301 2938 et
323 2906 409 2943 ideo,
433 2906 460 2937 si
482 2906 606 2947 appetit
629 2905 761 2946 aliquid,
786 2905 850 2936 hoc
875 2911 922 2936 est
946 2915 1003 2946 per
1027 2906 1239 2943 voluntatem,
1264 2915 1349 2947 quae

270 2957 317 2982 est
340 2951 501 2991 appetitus
525 2950 749 2981 intellectivus.
765 2967 788 2972 —
803 2949 962 2980 Probatur
978 2951 1181 2982 antecedens.
1207 2951 1350 2982 Cuilibet

271 2997 336 3027 enti
360 2995 514 3027 convenit
543 3000 695 3036 appetere
727 3003 819 3025 suam
849 2994 1084 3035 perfectionem
1116 3001 1148 3026 et
1179 3005 1350 3027 conserva-

270 3042 394 3072 tionem
417 3040 467 3071 sui
483 3049 552 3071 esse
568 3049 629 3070 suo
652 3039 770 3070 modo:
796 3044 842 3075 ut,
867 3038 946 3070 dum
970 3049 1038 3070 non
1062 3040 1168 3076 habet,
1191 3040 1351 3072 desideret

271 3095 328 3125 pet
351 3085 560 3126 appetitivam
583 3084 735 3115 virtutem
766 3085 816 3116 sui
846 3085 982 3123 generis,
1008 3084 1156 3116 videlicet
1179 3091 1234 3116 aut
1257 3091 1351 3116 natu-

271 3130 370 3161 ralem
386 3135 442 3160 aut
456 3129 642 3160 sensitivam
658 3135 713 3160 aut
728 3129 972 3166 intellectivam
993 3135 1026 3160 et
1041 3129 1119 3160 dum
1136 3130 1247 3166 habet,
1259 3130 1351 3170 quie-

272 3180 355 3205 tetur
370 3175 404 3205 in
421 3175 503 3214 ipso.
528 3174 615 3215 Ergo
632 3179 663 3204 et
678 3174 744 3205 hoc
759 3174 866 3214 primo
886 3174 952 3204 enti
977 3174 1142 3205 convenit:
1168 3175 1245 3215 quia
1261 3174 1352 3215 quod

273 3219 483 3259 consequitur
507 3228 607 3250 omne
630 3228 698 3255 ens,
723 3218 877 3250 convenit
900 3218 966 3249 enti
990 3219 1184 3259 inquantum
1208 3225 1256 3250 est
1279 3229 1351 3255 ens;

275 3263 364 3303 quod
388 3269 497 3294 autern
520 3262 709 3294 huiusmodi
733 3269 781 3294 est
804 3263 943 3294 maxime
967 3264 1121 3294 convenit
1144 3264 1250 3304 primo
1275 3265 1351 3295 enti.

330 3307 392 3338 Sed
416 3309 556 3339 occurrit
579 3307 726 3339 dubium.
758 3308 922 3349 Appetere
953 3308 1041 3339 enim
1072 3309 1353 3339 conservationem

275 3353 325 3383 sui
349 3362 417 3383 esse
440 3353 578 3393 pertinet
601 3352 642 3383 ad
666 3353 847 3394 appetitum
877 3352 1066 3383 naturalem.
1098 3353 1184 3393 Ergo
1208 3362 1266 3393 per
1289 3353 1353 3384 hoc

277 3396 366 3436 quod
390 3397 477 3428 Deus
508 3397 710 3438 complaceat
740 3398 774 3429 in
797 3407 858 3428 suo
890 3407 970 3434 esse,
994 3406 1062 3428 non
1094 3398 1239 3438 sequitur
1263 3397 1354 3438 quod

277 3441 316 3471 sit
339 3441 461 3472 volens.

332 3485 559 3526 Respondetur
583 3486 673 3527 quod
696 3486 868 3528 dupliciter
891 3492 999 3528 potest
1023 3486 1086 3517 dici
1114 3487 1276 3527 appetitus
1299 3496 1355 3517 na-

279 3529 401 3560 turalis:
427 3536 481 3561 aut
504 3531 625 3562 scilicet
648 3537 684 3562 ut
707 3532 887 3572 opponitur
910 3531 1012 3562 libero
1044 3532 1217 3572 appetitum
1242 3537 1297 3562 aut
1320 3537 1356 3562 ut

280 3574 456 3613 opponitur
480 3575 509 3605 ei
534 3576 590 3615 qui
613 3576 758 3616 sequitur
781 3576 1085 3616 apprehensionem.
1110 3575 1219 3606 Primo
1243 3575 1356 3612 modo,

281 3618 441 3656 appetitus
464 3620 513 3649 sui
537 3629 605 3650 esse
629 3620 840 3652 conservandi
862 3626 909 3652 est
932 3620 1084 3651 naturalis
1107 3621 1141 3651 in
1164 3620 1357 3651 habentibus

282 3661 494 3693 intellectum:
520 3673 585 3694 non
606 3670 714 3696 autem
731 3665 876 3696 secundo
892 3664 1005 3696 modo.
1030 3665 1122 3696 Licet
1141 3665 1228 3696 enim
1245 3670 1358 3695 natura

839 279 1027 317 SUMMA
1057 278 1281 316 CONTRA
1310 278 1587 326 GENTlLES,
1618 279 1730 318 CAP.
1751 281 1902 319 LXXII.

1397 360 1632 396 intellectualis,
1650 361 1846 400 inquantum
1869 362 2022 392 naturalis
2045 367 2102 397 est,
2119 362 2298 393 naturalem
2317 369 2349 394 et
2364 373 2476 395 neces-

1397 405 1511 435 sariam
1534 405 1780 436 inclinationem
1802 406 1919 437 habeat
1947 406 1987 437 ad
2018 407 2299 438 conservationem
2321 409 2371 439 sui
2395 418 2475 445 esse,

1397 450 1456 480 ista
1479 454 1589 480 tamen
1612 449 1779 481 inclinatio
1801 451 1941 491 pertinet
1970 450 2011 482 ad
2038 451 2252 488 voluntatem,
2276 457 2308 483 et
2330 454 2477 493 sequitur

1398 494 1692 534 apprehensionem
1715 495 1908 526 intellectus.

1454 538 1507 569 IX.
1528 538 1667 574 Quarto.
1685 538 1865 580 Intelligere
1880 540 1952 571 Deo
1969 546 2017 571 est
2036 540 2364 572 delectabilissimum.
2388 541 2475 582 Ergo

1397 584 1486 614 Deus
1511 588 1558 613 est
1581 583 1705 614 volens.
1729 601 1751 606 —
1773 583 1933 616 Probatur
1956 585 2160 616 antecedens.
2184 585 2271 624 Quia
2286 585 2477 626 intelligere,-

1398 633 1521 668 quanto
1547 633 1594 658 est
1617 627 1801 668 perfectius,
1817 634 1908 660 tanto
1931 635 1980 660 est
2001 630 2222 661 delectabilius
2237 631 2438 670 intelligenti.
2454 649 2478 654 -

1398 673 1643 713 Consequentia
1659 673 1756 703 etiam
1774 673 1941 713 probatur.
1963 674 2051 713 Quia
2075 675 2246 706 delectatio
2269 675 2477 716 intelligibilis

1397 723 1445 748 est
1476 727 1535 758 per
1566 717 1782 748 voluntatem:
1816 718 1900 748 sicut
1931 719 2089 750 sensibilis
2111 729 2171 760 per
2193 721 2477 763 concupiscentiae

1398 763 1588 804 appetitum.

1456 806 1589 843 Quinto.
1607 806 1727 837 Forma
1742 806 1925 837 intellectus
1941 806 2042 838 divini
2058 813 2106 838 est
2122 817 2218 839 causa
2233 815 2343 840 motus
2359 814 2391 843 et
2408 818 2477 840 esse

1396 852 1430 882 in
1455 852 1537 882 aliis:
1563 860 1639 882 cum
1663 851 1753 882 Deus
1776 856 1848 892 agat
1871 860 1922 882 res
1943 860 2002 892 per
2024 852 2236 884 intellectum.
2266 854 2352 894 Ergo
2378 859 2438 885 etc.
2454 871 2478 877 —

1397 896 1555 927 Probatur
1579 896 1823 936 consequentia.
1845 895 1934 934 Quia
1957 895 2061 927 forma
2077 905 2135 937 per
2148 897 2350 929 intellectum
2371 899 2477 929 consi-

1398 940 1506 971 derata
1520 950 1590 971 non
1605 946 1728 979 movet,
1745 950 1806 971 nec
1821 940 1947 981 aliquid
1961 946 2081 977 causat,
2097 941 2159 972 nisi
2183 951 2241 982 per
2255 943 2475 979 ·voluntatem·‚

1397 986 1490 1016 cuius
1514 986 1681 1016 obiectum
1704 991 1752 1016 est
1774 985 1850 1016 finis
1865 991 1897 1016 et
1911 986 2049 1022 bonum,
2066 995 2084 1016 a
2100 994 2169 1026 quo
2190 986 2306 1027 aliquis
2327 993 2479 1018 movetur

1398 1029 1438 1060 ad
1461 1030 1636 1070 agendum.
1671 1030 1855 1061 Intellectus
1888 1031 1976 1061 enim
2007 1031 2226 1070 speculativus
2255 1040 2324 1061 non
2354 1037 2476 1068 movet,

1397 1084 1506 1115 neque
1529 1075 1718 1115 imaginatio
1740 1084 1822 1115 pura
1843 1075 1966 1115 absque
1989 1075 2213 1106 aestimatione
2229 1075 2308 1106 boni
2324 1075 2375 1106 vel
2391 1075 2477 1109 mali.

1416 1135 1418 1137 >
1452 1118 1595 1150 Adverte
1625 1118 1716 1160 quod
1746 1129 1815 1150 non
1848 1125 1982 1160 propter
2009 1120 2074 1150 hoc
2104 1119 2174 1150 vult
2205 1119 2312 1151 dicere
2341 1119 2479 1151 Sanctus

1398 1163 1544 1194 Thomas
1567 1163 1660 1204 quod
1682 1164 1865 1195 intellectus
1886 1164 2106 1205 speculativus
2135 1165 2239 1205 possit
2265 1174 2399 1196 movere
2423 1163 2478 1196 ad·

1397 1209 1508 1239 iuncta
1530 1208 1768 1239 exiStimatione
1791 1209 1870 1239 boni
1892 1209 1945 1240 vel
1967 1209 2060 1240 mali:
2083 1209 2165 1240 haec
2180 1209 2478 1241 enim'existimatio

1397 1253 1462 1284 iam
1485 1252 1752 1284 adintellectum
1766 1254 1955 1294 >practicam
1978 1253 2090 1294 aliquo
2113 1253 2217 1284 modo
2239 1254 2389 1294 pertinet,
2412 1263 2479 1295 qua

1397 1297 1558 1328 iudicatur
1581 1296 1705 1338 aliquid
1728 1307 1798 1328 esse
1820 1297 2013 1338 fugiendum
2036 1298 2092 1329 vel
2111 1298 2390 1339 prosequendum.
2413 1297 2480 1330 Sed

1398 1348 1446 1373 est
1468 1351 1582 1373 sensus
1611 1341 1704 1383 quod
1735 1342 1918 1374 intellectus
1947 1342 2137 1383 simpliciter
2166 1343 2384 1384 speculativus
2409 1352 2479 1374 non

1398 1392 1519 1423 movet,
1543 1387 1628 1418 sicut
1656 1396 1766 1428 neque
1796 1387 1985 1428 imaginatio
2015 1396 2108 1428 pura,
2132 1397 2220 1428 quae
2246 1387 2370 1419 scilicet
2397 1387 2480 1419 nihil

1398 1431 1475 1463 dicit
1498 1431 1538 1463 de
1561 1430 1718 1472 fugiendo
1749 1436 1805 1462 aut
1833 1431 2081 1472 prosequendo:
2105 1431 2163 1463 sed
2185 1432 2269 1464 bene
2295 1432 2480 1466 intellectus

1398 1477 1509 1517 aliquo
1533 1475 1635 1508 modo
1659 1477 1830 1517 practicus,
1855 1477 1912 1517 qui
1936 1482 1984 1507 est
2007 1476 2047 1507 de
2070 1477 2195 1508 ratione
2219 1477 2299 1508 boni
2321 1482 2377 1508 aut
2391 1476 2479 1514 mali,

1398 1527 1430 1552 et
1453 1521 1641 1562 imaginatio
1665 1521 1707 1552 de
1729 1521 1841 1562 aliquo
1863 1526 1902 1552 ut
1924 1521 2051 1552 bonurn
2074 1526 2122 1552 eet
2145 1527 2201 1553 aut
2223 1521 2358 1553 malum.

1453 1565 1493 1597 X.
1506 1565 1618 1597 Sexto.
1632 1566 1722 1597 Deus
1733 1571 1781 1597 est
1793 1567 1937 1607 primum
1950 1575 2100 1608 movens.
2113 1566 2201 1607 Ergo
2213 1572 2275 1598 etc.
2286 1583 2311 1590 -
2321 1566 2481 1598 Probatur

1399 1611 1643 1651 consequentia.
1667 1610 1755 1649 Quia
1777 1611 1812 1641 in
1834 1611 2006 1642 virtutibus
2027 1611 2160 1642 motivis
2175 1616 2208 1642 et
2221 1611 2416 1642 habentibus
2429 1610 2480 1642 in-

1398 1655 1564 1686 tellectum
1588 1656 1694 1696 primo
1719 1655 1882 1686 invenitur
1896 1655 2060 1686 voluntas:
2087 1665 2128 1686 eo
2153 1655 2244 1696 quod
2259 1656 2329 1697 ipsa
2344 1657 2480 1692 omnem

1398 1701 1580 1741 potentiam
1595 1700 1736 1741 applicet
1751 1699 1917 1731 adactum
1932 1709 2044 1736 suum·
2069 1699 2162 1741 quod
2183 1700 2281 1732 habet
2296 1701 2374 1741 quia
2388 1700 2480 1731 obie-

1399 1750 1488 1777 ctum
1512 1746 1582 1776 eius
1606 1750 1654 1776 est
1676 1744 1764 1776 finis:
1789 1762 1812 1769 -
1835 1746 1985 1786 quamvis
2008 1750 2040 1776 et
2062 1745 2246 1776 intellectus
2266 1754 2327 1786 per
2340 1744 2480 1776 modum

1398 1799 1513 1821 causae
1537 1788 1652 1826 finalis,
1675 1799 1745 1821 non
1769 1795 1879 1821 autem
1901 1799 1960 1830 per
1983 1789 2122 1821 modum
2146 1789 2325 1827 efficientis,
2347 1795 2480 1822 moveat

1399 1834 1611 1865 voluntatem.

1454 1878 1595 1910 Adverte
1619 1888 1658 1909 ex
1682 1879 1720 1909 iis
1744 1888 1827 1919 quae
1859 1878 1937 1910 dicit
1967 1879 2020 1909 hic
2051 1878 2189 1910 Sanctus
2207 1878 2364 1916 Thomas,
2388 1878 2480 1920 quod

1399 1924 1544 1963 potentia
1560 1923 1600 1954 ad
1617 1932 1716 1963 quarn
1739 1924 1879 1963 pertinet
1894 1922 1978 1959 finis,
1995 1923 2091 1954 habet
2115 1932 2248 1954 movere
2272 1932 2389 1954 omne·
2402 1923 2480 1957 din

1399 1967 1588 1999 efficienter:
1613 1973 1646 1998 et
1668 1967 1744 1998 ideo
1768 1973 1857 1998 tenet
1878 1967 2022 2008 primum
2037 1967 2149 1998 locum
2163 1968 2199 1998 in
2215 1967 2329 1999 ordine
2344 1971 2481 1999 moven-

1398 2013 1482 2043 tium
1505 2011 1662 2043 effective.
1679 2011 1756 2043 Non
1772 2018 1885 2043 autem
1897 2017 1988 2043 tenet
2002 2013 2146 2053 primum
2169 2012 2282 2043 locum
2307 2013 2349 2044 ιιι·
2365 2011 2480 2044 ordina

1398 2057 1604 2088 moventium
1633 2056 1836 2098 simpliciter:
1866 2057 1943 2097 quia
1969 2057 2039 2098 ipsa
2067 2058 2108 2088 ab
2134 2057 2301 2088 intellectu
2330 2062 2482 2089 movetur

1398 2102 1547 2133 motione
1561 2101 1645 2138 finis,
1658 2101 1738 2132 dum
1750 2102 1907 2142 proponit
1923 2102 1983 2132 sibi
1995 2102 2162 2133 obiectum
2174 2110 2281 2133 suum.
2298 2100 2481 2141 Quomodo

1400 2152 1509 2178 autem
1532 2147 1596 2177 hoc
1619 2147 1670 2183 sit,
1694 2151 1742 2177 est
1764 2147 1798 2177 in
1821 2147 2044 2187 superioribus
2067 2152 2235 2178 ostensum
2250 2147 2277 2177 *-

1454 2190 1608 2232 Septimo.
1622 2191 1696 2222 Deo
1711 2191 1852 2222 maxime
1869 2191 2026 2231 competit
2041 2200 2100 2231 per
2115 2201 2150 2222 se
2160 2201 2271 2242 agere.
2283 2191 2371 2232 Ergo
2386 2200 2482 2233 agere

1399 2245 1456 2276 per
1480 2236 1693 2267 voluntatem.
1716 2253 1740 2258 -
1769 2235 1928 2267 Probatur
1955 2236 2198 2277 consequentia.
2226 2235 2315 2274 Quia
2342 2236 2482 2268 liberum

1399 2281 1495 2311 habet
1525 2281 1685 2311 rationem
1715 2281 1786 2312 eius
1811 2279 1904 2321 quod
1931 2286 1979 2311 est
2005 2289 2063 2321 per
2088 2289 2138 2311 se:
2167 2289 2244 2312 cum
2272 2280 2411 2312 liberum
2430 2280 2484 2312 >nt

1399 2324 1487 2366 quod
1508 2325 1561 2356 sui
1583 2334 1683 2356 causa
1708 2329 1764 2356 est.
1789 2324 1854 2356 Sed
1876 2325 2028 2356 voluntas
2050 2326 2158 2365 primo
2181 2325 2278 2356 habet
2301 2325 2482 2364 libertatern

1400 2370 1434 2400 in
1457 2369 1600 2410 agendo·
1626 2369 1744 2401 dicitur
1766 2370 1855 2401 enim
1877 2370 1952 2410 quis
1974 2369 2074 2400 libere
2097 2379 2193 2411 agere
2211 2370 2408 2411 inquantum
2421 2378 2482 2401 vo-

1399 2414 1537 2446 luntarie
1559 2415 1634 2454 agit.
1659 2414 1747 2454 Ergo
1770 2414 1862 2454 quod
1885 2423 1943 2455 per
1965 2423 2000 2445 se
2023 2414 2098 2455 agit,
2114 2423 2173 2454 per
2187 2414 2391 2446 voluntatem
2405 2415 2481 2466 agit.

1458 2458 1703 2490 Advertendum
1727 2458 1818 2499 quod
1836 2468 1900 2499 per
1921 2468 1956 2490 se
1979 2468 2081 2500 agere
2103 2458 2275 2500 dupliciter
2300 2464 2411 2500 potest
2431 2459 2482 2490 in-

1400 2503 1512 2544 telligi.
1536 2504 1603 2534 Aut
1627 2503 1749 2535 scilicet
1772 2509 1809 2534 ut
1831 2503 1919 2535 idem
1943 2509 1991 2534 est
2014 2503 2106 2544 quod
2130 2513 2224 2544 agere
2242 2512 2301 2544 per
2316 2504 2482 2545 propriam

1401 2547 1555 2579 formam:
1581 2554 1614 2579 et
1638 2549 1684 2579 sic
1707 2557 1802 2589 agere
1826 2557 1884 2589 per
1906 2557 1940 2579 se
1963 2557 2033 2579 non
2063 2554 2112 2579 est
2141 2548 2363 2580 universaliter
2388 2556 2483 2590 agere

1401 2602 1459 2634 per
1481 2592 1694 2624 voluntatem.
1716 2609 1742 2616 -
1763 2593 1832 2624 Aut
1854 2598 1891 2624 ut
1911 2592 2001 2626 idern
2025 2598 2073 2623 est
2096 2592 2188 2633 quod
2215 2601 2309 2634 agere
2332 2601 2402 2624 non
2420 2602 2484 2634 pn*

1401 2637 1584 2668 motionem
1599 2638 1814 2669 necessariam
1833 2637 1970 2669 alicuius
1993 2637 2172 2668 extrinseci.
2197 2637 2239 2669 Et
2253 2638 2300 2668 sic
2315 2646 2411 2678 agere
2424 2646 2485 2679 per

1402 2692 1436 2713 se
1452 2687 1499 2713 est
1515 2691 1610 2722 agere
1629 2692 1688 2723 per
1708 2682 1926 2714 voluntatem:
1950 2681 2102 2713 voluntas
2118 2682 2207 2713 enim
2221 2691 2241 2713 a
2255 2681 2349 2714 nullo
2365 2682 2484 2714 extrin-

1402 2736 1479 2758 seco
1503 2727 1577 2767 cogi
1601 2732 1719 2768 potest,
1745 2732 1787 2763 et,
1811 2732 1848 2758 ut
1871 2726 1981 2763 libera,
2005 2736 2024 2758 a
2046 2726 2139 2758 nullo
2162 2727 2358 2758 necessitati.

1457 2770 1598 2803 Adverte
1622 2781 1661 2803 ex
1684 2771 1832 2803 doctrina
1863 2771 1973 2804 Sancti
1995 2771 2146 2803 Thomae
2175 2771 2283 2807 γρηὶ,
2308 2779 2340 2813 q.
2362 2780 2440 2803 mv
2453 2771 2483 2808 ¹³,

1403 2815 1494 2857 quod
1518 2817 1646 2847 libertas
1669 2816 1788 2847 arbitrii
1811 2815 1989 2847 formaliter
2012 2815 2145 2857 quidem
2169 2815 2289 2848 residet
2307 2816 2344 2847 in
2365 2815 2484 2848 volun-

1403 2867 1478 2898 tate,
1494 2860 1536 2892 ad
1551 2870 1651 2902 quam
1674 2860 1852 2893 formaliter
1873 2861 2014 2902 pertinet
2033 2860 2168 2892 electio:
2193 2859 2250 2892 sed
2272 2865 2383 2892 ιιιιιιοιι
2399 2859 2484 2892 radi-

1404 2906 1513 2938 caliter
1536 2911 1584 2936 est
1606 2906 1640 2938 in
1664 2906 1799 2942 ratione,
1823 2906 1900 2946 quia
1923 2906 2087 2946 appetitus
2109 2906 2256 2946 sequitur
2271 2904 2485 2937 medunco-

1403 2951 1568 2991 gnitionis.
1594 2950 1671 2982 Ideo
1687 2951 1752 2982 hoc
1768 2950 1844 2982 loco
1867 2951 1975 2991 inquit
1991 2949 2083 2991 quod
2097 2950 2249 2982 voluntas
2263 2950 2371 2990 primo
2387 2950 2486 2982 habet

1404 2996 1585 3027 libertatern
1609 2996 1641 3026 in
1665 2995 1811 3037 agendo:
1833 2995 1927 3036 quasi
1949 2994 2070 3026 diceret
2094 2994 2186 3035 quod
2207 2995 2254 3026 illi
2277 2995 2386 3035 primo
2405 2999 2486 3026 coni

1405 3040 1493 3071 venit
1516 3040 1615 3071 libere
1638 3049 1732 3080 agere
1755 3045 1788 3071 et
1810 3039 1929 3080 eligere
1952 3038 2144 3076 formantem
2168 3039 2244 3072 licet
2271 3039 2331 3071 ista
2347 3038 2486 3071 liberm

1406 3095 1444 3116 ex
1468 3084 1571 3116 modo
1595 3085 1792 3125 cognitionis
1815 3085 1976 3125 originem
1998 3083 2106 3116 ducat.

1473 3129 1527 3160 Xl.
1548 3129 1683 3160 Octavo.
1709 3129 1798 3160 Deus
1821 3134 1869 3161 est
1891 3128 1966 3160 finis
1993 3128 2187 3170 appetibilia,
2210 3134 2247 3159 et·
2271 3133 2429 3169 appetens
2450 3135 2486 3159 ae

1406 3174 1517 3210 finem,
1534 3180 1570 3205 ut
1585 3175 1629 3205 ita
1645 3174 1779 3206 dicatur.
1795 3173 1884 3214 Ergo
1900 3179 1948 3205 est
1963 3173 2087 3205 volens.
2100 3173 2227 3204 —Patet
2241 3171 2484 3213 consequentia.

1407 3219 1503 3257 Quia,
1520 3228 1597 3250 cum
1613 3219 1653 3250 sit
1668 3218 1861 3259 intelligens,
1877 3218 1904 3249 si
1919 3227 1954 3250 se
1969 3218 2103 3259 appetit.
2114 3216 2326 3268 intellectuali
2339 3216 2487 3257 app-atu

1407 3262 1820 3349 ἓὲρὲἑὲὼζεῖἑὲξῗῖᾞ
1836 3260 2369 3339 {tsstzm‘affltfixm‘f
2385 3266 2487 3344 0⁸⁸ss

1408 3358 1496 3394 patet
1519 3362 1558 3384 ex
1582 3362 1623 3384 eo
1648 3352 1740 3393 quod
1762 3351 1836 3384 finis
1859 3352 2037 3393 proximus,
2061 3349 2120 3392 qui
2142 3355 2192 3381 est
2219 3350 2488 3391 proportionata·

1409 3398 1526 3438 agenti,
1539 3397 1651 3429 incidit
1661 3398 1696 3429 in
1712 3396 1800 3428 idem
1815 3397 1924 3437 speeie
1938 3405 2015 3428 cum
2027 3400 2152 3436 agente,
2165 3399 2231 3426 tarn
2244 3395 2278 3426 in
2289 3394 2488 3426 natunssibus

1409 3451 1510 3483 quam
1533 3441 1760 3473 artificialibus.
1791 3440 1858 3473 Sed
1886 3440 1960 3472 Deo
1989 3439 2071 3471 nihil
2093 3438 2304 3470 coordinatur
2331 3444 2488 3480 tanquam

1410 3486 1556 3518 eiusdem
1573 3486 1696 3518 ordinis
1711 3486 1773 3518 nisi
1795 3486 1880 3526 ipse·
1905 3493 1982 3516 cum
1997 3493 2066 3516 non
2082 3484 2146 3516 sint
2162 3484 2255 3524 plura
2271 3484 2375 3525 prima
2391 3483 2487 3515 entia.

1411 3532 1498 3572 Ergo
1522 3532 1591 3572 ipse
1615 3537 1662 3562 est
1685 3531 1828 3572 primum
1851 3538 1949 3570 agens
1976 3534 2109 3570 propter
2135 3538 2170 3560 se
2194 3527 2305 3560 finem.
2329 3528 2417 3569 Ergo
2441 3533 2489 3559 eat

1411 3581 1566 3617 appetens
1582 3585 1616 3607 se
1632 3575 1746 3606 finem.
1764 3583 1842 3606 cum
1857 3582 1955 3614 agens
1971 3578 2104 3614 propter
2120 3572 2220 3605 finem
2235 3578 2366 3614 appetat
2377 3571 2488 3604 finem.

1466 3620 1608 3652 Adverte
1632 3619 1882 3652 fundamentum
1905 3618 2002 3650 huius
2030 3618 2164 3649 rationis
2193 3627 2263 3649 esse
2274 3616 2430 3658 quod‚c
2411 3626 2489 3649 cum

1412 3675 1509 3705 agens
1522 3670 1654 3705 propter
1668 3663 1769 3695 finem
1785 3663 1971 3704 proximum
1988 3668 2020 3694 et
2036 3663 2322 3703 proportionatum
2337 3662 2377 3693 sit
2392 3662 2491 3693 unius

2510 2769 2627 2794 ‘Aru‘-
