2768 4134
52 916 61 926 ‘
75 916 132 942 Cap.
141 921 183 936 ιιι.

48 1364 57 1374 ·
68 1361 139 1385 S.Th.
147 1360 262 1387 l.¹o;Did.

50 1389 89 1416 lx,
99 1394 150 1415 vm,
162 1395 180 1415 ι,
188 1394 209 1410 2.

46 2070 56 2079 ·
64 2069 191 2097 Capaxw,
199 2075 222 2090 n.
229 2075 260 2090 vi.

299 338 538 377 distinguuntur
572 342 681 365 autem
717 333 902 364 differentiis
937 333 1093 368 animalis,
1123 341 1192 362 non
1226 331 1372 371 sequitur

299 381 509 422 quidditatem
541 380 667 419 generis
699 379 824 409 realiter
856 388 875 408 a
907 377 1085 408 differentia
1117 376 1281 417 distingui,
1315 374 1372 406 sed

298 431 422 455 tantum
446 424 631 454 formaliter.
656 423 697 454 Et
711 424 775 454 hoc
791 421 908 453 sufficit
925 421 964 452 ad
979 422 1139 452 rationem
1155 420 1264 451 Sancti
1280 419 1370 450 Tho-

297 479 382 499 mae:
409 469 483 508 quia
508 477 576 498 esse
599 469 633 498 in
657 468 729 498 Deo
754 477 821 497 non
846 467 953 497 solum
981 475 1050 496 non
1075 465 1281 506 distinguitur
1303 472 1371 495 rea-

296 514 366 543 liter
381 513 419 543 ab
437 513 583 549 essentia,
605 512 660 543 sed
684 521 744 542 nec
769 511 954 542 formaliter.
979 509 1012 541 Si
1037 510 1125 540 enim
1146 510 1372 550 conciperetur

296 557 402 588 divina
430 557 576 593 essentia,
605 563 636 588 et
662 557 772 587 omnia
799 565 883 597 quae
910 560 985 585 sunt
1016 555 1051 584 in
1081 555 1162 594 ipsa,
1190 553 1371 584 secundum

296 601 386 641 quod
408 602 442 632 in
466 611 499 632 se
524 607 608 638 sunt,
633 601 781 632 omnium
805 610 870 631 una
894 605 925 631 et
948 598 1150 629 indivisibilis
1172 599 1253 629 ratio
1278 603 1370 634 esset,

293 652 426 688 propter
449 655 610 676 summam
634 646 871 686 simplicitatem
895 644 1021 675 divinae
1043 649 1177 674 naturae
1198 648 1230 674 et
1249 643 1370 683 purita-

293 698 369 722 tem.
393 690 447 721 Ad
462 690 687 721 insinuandam
704 695 813 720 autem
828 690 922 720 istam
937 687 1109 718 formalem
1128 686 1370 718 distinctionem

294 736 450 766 essentiae
475 740 506 765 et
530 744 598 765 esse
621 735 655 766 in
678 743 712 765 re
736 735 890 765 existente
914 733 947 763 in
971 741 1100 773 genere,
1125 731 1203 762 dixit
1234 731 1371 763 Sanctus

294 781 448 816 Thomas,
473 779 554 810 Esse
583 779 752 810 cuiuslibet
779 779 812 809 in
835 787 957 820 genere
980 776 1148 807 existentis
1171 781 1219 807 est
1234 781 1372 817 praeter

292 825 424 866 generis
447 824 667 864 quidditatem‚
691 832 759 854 non
783 829 892 853 autem
916 822 1003 858 dixit,
1028 825 1076 851 est
1098 820 1235 851 realiter
1257 820 1371 851 distin-

293 875 379 900 ctum
396 878 416 899 a
432 868 628 909 quidditate:
642 886 665 890 ——
681 869 756 899 licet
772 868 869 898 etiam
885 867 924 897 sit
939 875 1054 896 verum
1069 865 1162 905 quod
1179 865 1306 896 realiter
1322 864 1370 896 di—

293 914 482 954 stinguatur,
507 918 544 943 ut
566 913 634 943 aliis
657 912 836 943 rationibus
860 912 893 942 in
917 909 1071 942 Secundo
1090 910 1281 950 probabitur
1296 910 1323 940 *.

349 958 402 988 lv.
427 956 491 988 Sed
515 958 598 988 circa
622 957 705 987 dicta
729 956 868 987 occurrit
891 955 1037 986 dubium.
1062 954 1193 985 Diceret
1209 954 1297 984 enim
1313 953 1369 984 ali-

293 1003 365 1043 quis
390 1001 490 1042 quod,
515 1002 597 1032 sicut
619 1011 722 1042 genus
745 1001 822 1031 dicit
852 1009 951 1031 unam
981 1004 1129 1030 naturam
1156 1007 1370 1029 communem

292 1046 472 1077 secundum
495 1047 653 1076 rationem
677 1045 857 1076 secundum
881 1043 972 1084 quod
995 1053 1014 1074 a
1037 1042 1224 1074 differentiis
1243 1052 1302 1084 per
1321 1043 1370 1074 in-

291 1091 457 1121 tellectum
481 1091 680 1126 abstrahitur,
698 1091 741 1120 ita
757 1095 789 1120 et
805 1098 875 1120 esse
889 1089 975 1119 illius
1000 1087 1186 1128 quidditatis
1201 1088 1370 1128 genericae

292 1140 339 1165 est
353 1144 458 1165 unum
482 1144 658 1165 commune
675 1133 855 1165 secundum
870 1133 1030 1164 rationem
1046 1142 1105 1173 per
1120 1132 1370 1163 abstractionem

291 1180 330 1209 ab
343 1180 496 1210 omnibus
507 1179 673 1220 principiis
685 1178 897 1210 limitantibus
913 1177 1165 1214 consideratum,
1178 1182 1210 1208 et
1222 1182 1270 1208 est
1280 1176 1369 1207 idem

291 1223 336 1254 illi
360 1222 539 1264 quidditati.
564 1223 606 1254 Et
628 1224 711 1254 sicut
733 1223 859 1264 generis
883 1222 1044 1264 quidditas
1059 1222 1093 1252 in
1109 1221 1280 1263 speciebus
1295 1221 1369 1262 plu-

291 1269 378 1298 ribus
407 1267 640 1309 multiplicatur
669 1268 796 1299 realiter
824 1277 883 1308 per
914 1266 1117 1303 differentias,
1149 1274 1225 1297 cum
1253 1271 1369 1297 natura

290 1313 415 1352 generis
438 1313 472 1342 in
496 1322 562 1343 una
584 1313 692 1353 specie
716 1313 756 1343 sit
779 1311 903 1343 diversa
926 1322 945 1342 a
966 1317 1081 1342 natura
1104 1311 1231 1351 generis
1246 1310 1281 1341 in
1297 1310 1368 1347 alia,

291 1362 327 1387 ut
343 1356 459 1387 dicitur
474 1357 503 1387 X
521 1357 675 1398 Metaph„
691 1363 768 1388 text.
788 1366 830 1396 24
841 1357 869 1393 ',
885 1357 930 1387 ita
946 1362 978 1387 et
993 1365 1063 1387 esse
1078 1356 1165 1386 illius
1181 1354 1369 1396 quidditatis

291 1400 523 1432 diversificatur
551 1402 585 1432 in
616 1401 749 1433 diversis
780 1402 960 1442 speciebus.
992 1400 1034 1432 Et
1056 1401 1102 1432 sic
1125 1409 1193 1432 non
1223 1405 1369 1431 remanet

290 1447 395 1476 maior
424 1447 531 1477 unitas
562 1446 748 1487 quidditatis
771 1455 871 1486 quam
901 1454 984 1476 esse:
1009 1444 1076 1482 sed,
1100 1445 1183 1476 sicut
1207 1444 1370 1485 quidditas

290 1491 415 1531 generis
447 1496 592 1521 remanet
622 1501 688 1522 una
721 1490 902 1522 secundum
934 1490 1105 1526 rationem,
1135 1489 1370 1531 multiplicatur

290 1541 399 1566 autem
430 1535 566 1572 realiter,
596 1536 639 1566 ita
671 1541 702 1566 et
733 1545 802 1566 esse
833 1535 977 1576 plurium
1009 1535 1192 1575 specierum
1223 1538 1370 1566 remanet

290 1589 393 1610 unum
407 1579 587 1611 secundum
599 1580 769 1616 rationem,
782 1579 952 1620 multiplex
968 1584 1078 1610 autem
1094 1578 1275 1610 secundum
1287 1588 1366 1609 rem.

347 1634 376 1654 2.
401 1623 453 1655 Ad
475 1625 572 1655 huius
596 1624 800 1660 evidentiam,
826 1623 1098 1655 considerandum
1122 1629 1169 1654 est
1192 1623 1283 1664 quod
1299 1633 1369 1654 esse

290 1678 358 1699 non
383 1669 535 1699 convenit
558 1669 668 1709 generi
691 1669 753 1700 nisi
776 1668 956 1700 secundum
981 1667 1072 1709 quod
1095 1673 1143 1698 est
1172 1668 1205 1698 in
1236 1667 1368 1699 inferio-

290 1714 378 1743 ribus
394 1713 576 1744 limitatum.
602 1713 679 1744 Ideo
696 1714 897 1754 comparatio
913 1713 996 1744 inter
1012 1711 1226 1753 quidditatem
1241 1713 1367 1753 generis

291 1758 414 1791 eteius
438 1767 507 1788 esse
531 1757 705 1789 attenditur
728 1757 909 1789 secundum
935 1756 1026 1798 quod
1049 1756 1212 1797 quidditas
1241 1757 1368 1797 generis

289 1802 323 1832 in
347 1802 517 1842 speciebus
541 1802 772 1833 consideratur.
796 1802 872 1833 Non
897 1802 984 1832 enim
1001 1807 1048 1832 est
1063 1801 1197 1842 aliquod
1213 1810 1282 1832 esse
1298 1811 1366 1842 quo

290 1847 323 1876 in
340 1852 453 1877 natura
470 1847 581 1877 existat
596 1847 722 1877 animal
745 1848 784 1878 ab
801 1847 955 1877 omnibus
978 1846 1148 1887 speciebus
1167 1852 1365 1887 separatum:

291 1891 346 1921 sed
370 1892 454 1922 bene
477 1900 545 1932 quo
569 1892 674 1922 existit
696 1892 761 1922 hoc
784 1891 902 1922 animal
927 1890 1018 1931 quod
1041 1896 1089 1921 est
1111 1891 1225 1926 homo,
1243 1896 1275 1921 et
1298 1899 1366 1931 quo

291 1936 395 1966 existit
417 1936 482 1966 hoc
504 1935 623 1966 animal
646 1935 737 1976 quod
761 1942 808 1966 est
832 1944 946 1976 equuS,
971 1940 1003 1966 et
1026 1935 1072 1965 sic
1095 1934 1135 1965 de
1158 1935 1238 1966 aliis.
1285 1938 1288 1940 '

346 1979 534 2010 Notandum
558 1980 714 2017 secundo,
740 1979 830 2020 quod
854 1989 933 2016 esse,
958 1980 1033 2010 licet
1055 1979 1172 2010 habeat
1202 1978 1366 2019 quandam

289 2024 557 2055 communitatem
569 2025 712 2061 rationis,
724 2025 920 2065 inquantum
932 2033 1031 2054 omne
1044 2033 1114 2054 esse
1126 2023 1242 2054 dicitur
1254 2028 1367 2054 actua-

289 2069 364 2099 litas
387 2069 558 2106 existendi,
581 2078 650 2100 non
675 2074 722 2100 est
744 2074 854 2100 tamen
871 2077 1058 2105 commune,
1074 2073 1111 2100 ut
1126 2069 1303 2109 superius*
1319 2068 1367 2099 di-

288 2114 404 2150 ximus,
429 2113 469 2144 ad
492 2113 630 2145 modum
653 2114 790 2154 generis.
814 2113 891 2144 Non
916 2113 1004 2144 enim
1028 2122 1097 2144 esse
1119 2113 1275 2144 animalis
1290 2112 1368 2144 dicit

288 2167 388 2188 unam
411 2164 560 2189 naturam
582 2159 748 2189 inventam
771 2159 805 2189 in
830 2158 983 2189 omnibus
1007 2166 1076 2188 esse
1092 2158 1293 2194 animalium,
1309 2167 1367 2199 per

288 2203 488 2233 intellectum
512 2203 750 2234 abstrahibilem
774 2203 813 2233 ab
837 2202 899 2234 illis
923 2208 954 2233 et
977 2211 1035 2243 per
1058 2202 1201 2243 aliquam
1217 2202 1367 2234 differen-

288 2248 366 2278 tiam
383 2247 640 2284 contrahibilem,
657 2248 741 2278 sicut
755 2247 898 2278 animal:
917 2256 1005 2283 nam,
1022 2256 1098 2278 cum
1115 2246 1199 2277 dicat
1216 2247 1365 2278 omnium

289 2291 510 2322 actualitatum
534 2292 762 2328 actualitatem,
779 2301 847 2322 non
863 2297 971 2332 potest
987 2300 1045 2332 per
1060 2291 1183 2332 aliquid
1200 2291 1367 2323 formalius

290 2341 321 2366 et
337 2336 494 2367 actualius
517 2337 656 2367 limitari.
682 2336 745 2368 Sed
769 2346 827 2367 sua
851 2337 1069 2367 communitas
1085 2342 1133 2366 est
1149 2337 1367 2368 communitas

289 2380 329 2411 ad
352 2380 490 2412 modurn
520 2380 655 2417 formae,
680 2390 764 2422 quae
788 2381 941 2412 limitatur
964 2390 1022 2421 per
1051 2381 1266 2421 receptivum:
1298 2390 1367 2412 esse

289 2426 377 2456 enim
399 2426 543 2457 hominis
566 2425 772 2466 distinguitur
787 2426 827 2456 ab
843 2435 913 2456 esse
929 2425 1006 2466 equi
1022 2425 1099 2466 quia
1114 2426 1179 2456 hoc
1195 2431 1242 2456 est
1258 2431 1367 2457 actua-

288 2470 361 2501 litas
384 2471 492 2507 huius,
516 2470 596 2501 illud
619 2480 698 2502 vero
722 2470 816 2501 illius.
841 2470 978 2511 Propter
1001 2470 1076 2506 hoc,
1100 2470 1184 2501 sicut
1207 2469 1295 2501 aliud
1317 2480 1366 2502 re·

289 2515 454 2556 ceptivum
479 2515 547 2546 eius
570 2524 628 2556 per
651 2524 750 2546 unam
773 2515 900 2555 generis
923 2514 1136 2546 differentiam
1159 2516 1367 2547 constituitur

289 2564 321 2590 et
344 2559 431 2590 aliud
454 2569 512 2600 per
535 2559 640 2597 aliam,
665 2560 709 2591 ita
733 2559 793 2590 alia
816 2565 864 2590 est
887 2558 1031 2590 formalis
1054 2559 1135 2590 ratio
1151 2560 1284 2591 actualis
1300 2561 1366 2592 exi—

289 2604 422 2635 stentiae
446 2605 478 2635 in
503 2613 569 2634 una
599 2605 707 2645 specie
736 2605 863 2644 generis
893 2610 925 2635 et
955 2604 1016 2635 alia
1038 2604 1072 2635 in
1096 2604 1158 2635 alia
1181 2605 1300 2645 specie.
1323 2605 1366 2637 Et

288 2648 373 2684 ideo,
398 2649 481 2679 sicut
504 2658 580 2679 cum
604 2649 727 2680 unitate
752 2648 880 2680 formali
902 2649 1029 2690 generis
1055 2649 1088 2680 in
1119 2649 1273 2680 omnibus
1299 2650 1366 2681 suis

287 2694 457 2734 speciebus
480 2698 540 2724 stat
563 2693 727 2734 pluralitas
751 2692 1003 2725 differentiarum
1018 2699 1051 2724 et
1066 2703 1136 2724 esse
1151 2693 1305 2735 specifici,
1321 2695 1366 2726 ita

288 2738 384 2768 etiam
408 2747 484 2769 cum
508 2738 630 2769 unitate
653 2738 707 2769 illa
730 2738 899 2779 genericae
923 2737 1110 2779 quidditatis
1125 2743 1186 2769 stat
1200 2738 1366 2779 pluralitas

288 2782 431 2813 formalis
453 2783 555 2823 ipsius
578 2792 648 2814 esse
672 2783 869 2814 existentiae.

345 2827 374 2857 3.
399 2827 525 2858 Dicitur
548 2836 626 2868 ergo
650 2827 690 2858 ad
714 2827 861 2864 dubium,
886 2827 1004 2868 pn'mo,
1028 2826 1120 2868 quod
1146 2836 1250 2868 genus
1280 2828 1365 2859 mul-

287 2871 449 2912 tiplicatur
472 2872 507 2902 in
530 2871 699 2912 speciebus
722 2872 848 2903 realiter
871 2877 903 2902 et
925 2877 1086 2913 quantum
1109 2871 1149 2903 ad
1173 2881 1242 2904 esse
1269 2872 1364 2914 quid-

287 2915 455 2947 ditativum
479 2916 671 2957 specierum,
695 2926 763 2948 non
787 2921 897 2948 aute-
923 2916 1158 2957 multiplicatur
1187 2916 1365 2948 formaliter

288 2966 320 2991 et
343 2966 502 3001 quantum
525 2960 566 2992 ad
589 2970 659 2992 esse
681 2961 932 3002 quidditativum
955 2961 1136 3002 proprium.
1161 2961 1253 2992 Licet
1276 2962 1363 2993 enim

287 3010 400 3035 natura
423 3005 548 3045 generis
570 3005 604 3036 in
628 3015 696 3036 uno
721 3006 761 3036 sit
784 3005 908 3036 diversa
930 3005 1058 3036 realiter
1073 3015 1091 3035 a
1105 3010 1219 3036 natura
1238 3007 1364 3047 generis

287 3050 319 3080 in
344 3049 419 3085 alio,
443 3059 512 3080 non
539 3055 648 3081 tamen
679 3056 727 3081 est
756 3049 933 3081 formaliter
961 3049 1098 3081 diversa:
1130 3055 1244 3081 natura
1275 3052 1363 3083 enim

287 3094 432 3125 animalis
461 3095 495 3125 in
526 3095 678 3126 omnibus
709 3095 902 3126 animalibus
933 3100 980 3126 est
1009 3094 1189 3126 substantia
1216 3095 1363 3127 animata

286 3139 455 3169 sensibilis.

343 3183 468 3214 Dicitur
491 3183 647 3221 secundo,
673 3183 763 3225 quod
787 3193 856 3215 esse
879 3183 1012 3215 actualis
1036 3183 1222 3215 existentiae
1236 3186 1363 3224 generis

288 3236 355 3258 non
379 3233 488 3259 manet
509 3227 597 3259 idem
620 3227 797 3260 formaliter
819 3228 853 3259 in
877 3228 1044 3259 omnibus:
1076 3237 1152 3259 cum
1182 3238 1250 3259 non
1279 3228 1363 3260 dicat

290 3281 387 3302 unam
410 3278 558 3303 naturam
581 3273 621 3304 ab
645 3273 799 3304 omnibus
814 3282 872 3314 per
887 3273 1089 3304 intellectum
1113 3273 1362 3311 abstrahibilem,

289 3316 344 3346 sed
367 3317 547 3348 secundum
571 3317 661 3358 quod
685 3327 743 3359 per
766 3317 904 3349 diversas
932 3316 1126 3348 differentias
1156 3318 1363 3349 constituitur

290 3359 449 3391 diversum
481 3363 700 3402 susceptivum
730 3362 831 3403 ipsius
855 3371 935 3392 esse.
960 3361 1006 3392 Ita
1028 3362 1110 3392 ratio
1141 3362 1274 3393 actualis
1297 3363 1363 3394 exi—

289 3406 422 3435 stentiae
446 3405 675 3438 diversificatur
697 3406 794 3438 simul
818 3415 895 3438 cum
918 3406 988 3437 eius
1010 3406 1087 3437 reali
1111 3406 1301 3438 diversitate.

346 3448 470 3480 Dicitur
493 3451 587 3481 tertio
611 3450 712 3492 quod,
736 3452 811 3482 licet
834 3451 894 3482 ista
917 3459 986 3482 esse
1007 3451 1070 3481 sint
1084 3460 1189 3482 unum
1205 3451 1238 3482 in
1255 3451 1363 3492 aliqua

291 3494 457 3524 communi
481 3495 604 3526 ratione
628 3505 727 3536 quam
750 3495 869 3527 format
883 3495 1078 3532 intellectus,
1093 3504 1134 3526 eo
1151 3495 1242 3536 quod
1258 3505 1362 3527 unum

291 3537 353 3567 sint
375 3539 675 3578 proportionalitate
699 3539 850 3581 quadam,
874 3540 1081 3581 inquantum
1095 3540 1179 3571 sicut
1202 3549 1237 3571 se
1267 3541 1364 3572 habet

291 3590 359 3611 esse
382 3581 485 3612 leonis
508 3583 547 3613 ad
570 3583 711 3621 leonem,
735 3585 778 3615 ita
802 3593 871 3616 esse
895 3584 972 3626 equi
995 3583 1035 3615 ad
1059 3593 1194 3625 equum,
1218 3594 1276 3626 per
1298 3585 1363 3616 hoc

291 3630 397 3655 tamen
422 3635 488 3656 non
513 3627 635 3658 tollitur
658 3629 705 3659 vis
728 3630 870 3660 rationis.
895 3628 1032 3669 Semper
1055 3629 1143 3660 enim
1166 3630 1225 3660 ista
1241 3638 1364 3671 propo-

886 256 1074 293 SUMMA
1104 254 1327 292 CONTRA
1355 253 1634 301 GENTILES,
1665 255 1776 292 CAP.
1798 256 1918 293 XXV.

1425 331 1499 362 sitio
1524 337 1572 362 est
1594 342 1680 369 vera,
1705 333 1796 364 Illud
1817 333 1906 375 quod
1929 339 1977 364 est
2000 343 2101 364 unum
2115 333 2316 375 formaliter
2331 333 2364 364 in
2384 334 2505 370 multis,

1425 375 1644 417 distinguitur
1656 377 1855 418 formaliter
1877 379 1918 409 ab
1941 387 1980 409 eo
2004 378 2092 419 quod
2115 378 2150 408 in
2166 378 2234 408 illis
2249 377 2507 418 multiplicatur:

1425 420 1573 461 alioquin
1596 420 1684 452 idem
1715 427 1798 453 esset
1827 432 1932 454 unum
1963 428 1995 453 et
2024 422 2137 453 multa.
2171 421 2269 462 Ergo,
2294 422 2321 452 si
2345 421 2506 462 quidditas

1425 465 1552 505 generis
1574 465 1609 495 in
1633 465 1804 506 speciebus
1827 472 1875 497 est
1897 476 1973 504 una,
1998 476 2067 498 esse
2091 471 2201 498 autem
2223 467 2257 497 in
2288 465 2410 497 eisdem
2433 476 2506 508 spe-

1426 509 1537 539 ciebus
1565 509 1669 540 multa
1698 515 1775 541 sunt
1805 510 1895 550 (licet
1922 511 2065 542 fortassis
2095 511 2159 542 sint
2189 519 2294 542 unum
2323 510 2506 542 secundum

1425 553 1569 593 aliquam
1599 554 1761 585 rationem
1790 555 1998 596 intellectus),
2022 556 2093 597 ipsa
2122 557 2249 596 generis
2279 555 2443 596 quidditas
2465 556 2505 586 ab

1426 607 1495 628 esse
1511 597 1690 629 formaliter
1705 598 1921 639 distinguitur.
1936 618 1961 623 -
1975 600 2046 631 Nec
2061 600 2146 631 valet
2161 600 2269 632 dicere
2285 599 2377 641 quod
2396 600 2506 641 ipsum

1426 651 1495 673 esse
1518 648 1665 673 remanet
1687 652 1793 674 unum
1815 644 1850 674 in
1873 644 1984 675 multis
2007 644 2189 676 secundum
2215 645 2392 676 rationem:
2417 645 2505 685 quia,

1425 692 1462 717 ut
1485 692 1654 718 ostensum
1678 692 1736 724 est,
1760 696 1800 718 ex
1821 693 1913 728 parte
1935 689 1982 719 rei
2005 689 2086 720 nihil
2114 694 2162 720 est
2191 699 2296 720 unum
2327 698 2506 720 commune

1425 732 1579 762 omnibus
1594 731 1657 762 illis
1673 741 1743 762 esse
1758 731 1842 762 sicut
1858 732 2012 764 omnibus
2034 733 2228 765 animalibus
2244 739 2292 765 est
2306 743 2372 765 una
2391 739 2505 765 natura

1425 777 1611 807 communis
1634 785 1693 817 per
1714 775 1917 807 intellectum
1939 777 1980 806 ab
2002 776 2065 808 illis
2087 777 2309 809 abstrahibilis.

1481 821 1530 851 Ex
1553 821 1618 851 hoc
1648 826 1758 852 autem
1787 820 1923 851 ulterius
1954 821 2102 861 sequitur
2131 822 2222 863 quod
2252 824 2350 854 etiam
2379 823 2506 854 realiter

1424 864 1674 906 distinguantur,
1698 871 1735 896 ut
1757 866 1928 906 ingeniose
1951 864 2085 896 deducit
2105 866 2406 899 Reverendissimus
2426 866 2505 898 Car-

1424 909 1540 941 dinalis
1564 910 1674 942 Sancti
1697 909 1788 947 Sixti,
1811 910 1846 941 in
1869 909 1954 940 libro
1978 909 2018 940 de
2040 909 2127 940 Ente
2150 915 2183 941 et
2202 910 2356 943 Esse->ntia
2370 913 2402 943 ⁴*:
2427 912 2505 953 quia

1422 953 1573 985 videlicet
1596 954 1760 986 distinctio
1783 954 1877 985 realis
1900 963 1970 985 esse
1993 954 2033 985 ab
2057 954 2195 986 essentia
2218 961 2266 986 est
2281 965 2378 988 causa
2393 956 2505 988 distin-

1424 999 1541 1029 ctionis
1564 997 1708 1030 formalis
1731 999 1814 1030 inter
1835 998 1900 1035 illa,
1924 999 2008 1030 sicut
2031 1004 2063 1029 et
2086 998 2236 1030 identitas
2258 999 2351 1030 realis
2372 999 2504 1032 illorum

1423 1048 1472 1074 est
1487 1052 1584 1074 causa
1606 1042 1783 1074 identitatis
1798 1042 1953 1074 formalis.
1977 1043 2062 1074 Nam
2078 1043 2173 1080 valet,
2189 1043 2343 1075 Essentia
2357 1049 2407 1075 est
2420 1045 2504 1076 idem

1424 1087 1560 1118 realiter
1581 1097 1656 1118 cum
1678 1097 1756 1124 esse,
1779 1087 1876 1129 Ergo
1900 1097 1967 1118 non
1992 1093 2040 1119 est
2061 1088 2107 1119 ad
2128 1088 2266 1129 aliquod
2278 1097 2387 1130 genus
2400 1088 2506 1120 deter-

1423 1132 1568 1163 minata:
1587 1133 1664 1172 quia
1687 1132 1826 1163 essentia
1848 1141 1917 1164 non
1939 1132 2105 1164 mendicat
2128 1142 2198 1164 esse
2221 1133 2256 1164 in
2279 1139 2355 1164 actu
2377 1134 2418 1165 ab
2441 1133 2505 1166 alio

1423 1175 1611 1213 formaliter,
1627 1181 1743 1208 natura
1757 1182 1868 1208 autem
1883 1177 2010 1218 generis
2025 1177 2181 1208 limitatur
2203 1186 2262 1219 per
2281 1177 2505 1211 differentiam.

1423 1221 1511 1262 Ergo
1524 1226 1573 1252 est
1586 1230 1708 1262 purum
1721 1230 1806 1252 esse:
1823 1221 1902 1262 quia
1917 1231 1987 1253 esse
2002 1231 2072 1253 non
2084 1221 2335 1254 determinatum
2347 1221 2388 1254 ad
2402 1231 2507 1264 genus

1423 1271 1472 1296 est
1494 1275 1616 1306 purum
1640 1274 1720 1296 esse.
1744 1265 1832 1306 Ergo
1856 1275 1927 1297 esse
1950 1271 1998 1297 est
2021 1266 2062 1298 de
2085 1267 2212 1298 ratione
2235 1267 2319 1298 eius:
2343 1267 2422 1308 quia
2437 1277 2507 1299 esse

1423 1315 1472 1342 est
1487 1310 1528 1342 de
1545 1310 1674 1342 formali
1689 1310 1815 1342 ratione
1830 1311 1904 1351 puri
1920 1320 2000 1342 esse.
2017 1311 2115 1352 Ergo,
2132 1321 2151 1342 a
2165 1311 2273 1352 primo
2289 1310 2330 1343 ad
2341 1312 2505 1350 ultimum,

1423 1355 1560 1386 essentia
1584 1360 1632 1386 est
1654 1355 1742 1386 idem
1765 1355 1892 1386 realiter
1915 1355 2007 1397 quod
2027 1365 2106 1387 esse.
2131 1355 2219 1397 Ergo
2235 1357 2374 1388 essentia
2389 1362 2422 1388 et
2436 1366 2507 1388 esse

1422 1405 1499 1431 sunt
1522 1399 1700 1431 formaliter
1722 1399 1822 1432 idem.

1478 1445 1519 1475 V.
1547 1444 1687 1482 Quarto.
1711 1445 1802 1476 Deus
1825 1450 1874 1475 est
1896 1454 1994 1476 suum
2017 1454 2097 1476 esse.
2122 1445 2210 1486 Ergo
2233 1454 2302 1476 non
2325 1446 2507 1477 collocatur

1422 1489 1456 1519 in
1474 1498 1604 1530 genere.
1620 1507 1644 1512 -
1659 1489 1818 1520 Probatur
1838 1490 2084 1531 consequentia.
2109 1489 2196 1529 Quia
2211 1490 2293 1521 nihil
2307 1495 2420 1532 posset
2435 1500 2506 1522 esse

1421 1543 1525 1574 genus
1546 1533 1649 1575 ipsius
1672 1534 1735 1565 nisi
1757 1541 1833 1565 ens:
1855 1543 1896 1565 eo
1921 1533 2014 1575 quod
2036 1534 2302 1576 unumquodque
2325 1534 2506 1567 collocetur

1421 1579 1456 1609 in
1471 1588 1590 1619 genere
1605 1587 1663 1619 per
1678 1578 1838 1609 rationem
1854 1588 1932 1610 suae
1956 1578 2158 1619 quidditatis3
2182 1579 2292 1621 ipsum
2308 1585 2419 1611 autem
2434 1589 2504 1611 esse

1421 1633 1491 1654 non
1506 1623 1701 1665 importatur
1715 1623 1778 1654 nisi
1789 1631 1848 1663 per
1862 1632 1929 1654 ens.
1946 1623 2011 1654 Sed
2027 1633 2084 1654 ens
2099 1633 2169 1654 non
2180 1629 2290 1665 potest
2304 1634 2374 1656 esse
2388 1633 2503 1665 genus,

1421 1673 1459 1699 ut
1474 1667 1592 1699 dicitur
1610 1667 1652 1699 111
1668 1667 1825 1708 Metaph„
1842 1672 1918 1698 text.
1941 1676 1980 1698 10
1993 1668 2020 1698 *.
2045 1667 2133 1708 Ergo
2153 1673 2214 1699 etc.
2230 1685 2254 1691 -
2269 1668 2370 1707 Quod
2393 1675 2503 1700 autem

1422 1722 1480 1743 ens
1502 1722 1571 1743 non
1595 1713 1698 1753 possit
1714 1721 1784 1743 esse
1799 1721 1913 1752 genus,
1929 1712 2046 1753 probat
2061 1712 2183 1743 ibidem
2206 1712 2427 1754 Philosophus
2442 1714 2503 1745 hac

1420 1757 1555 1788 ratione.
1581 1756 1690 1788 Omne
1712 1766 1816 1797 genus
1834 1766 1893 1798 per
1907 1756 2051 1797 aliquam
2074 1756 2288 1788 differentiam
2303 1757 2345 1789 ad
2359 1758 2505 1799 speciem

1421 1802 1632 1832 contrahitur.
1653 1801 1704 1832 De
1722 1802 1816 1833 cuius
1839 1802 1965 1832 ratione
1979 1810 2049 1832 non
2065 1806 2114 1832 est
2126 1801 2238 1843 ipsum
2251 1811 2367 1843 genus,
2382 1802 2441 1834 sed
2456 1808 2504 1834 est

1421 1851 1548 1886 praeter
1570 1845 1651 1877 illud
1675 1845 1767 1886 quod
1789 1845 1979 1886 intelligitur
2001 1846 2035 1876 in
2057 1846 2182 1877 ratione
2205 1847 2347 1887 generis:
2372 1847 2460 1888 quia,
2476 1847 2504 1878 si

1420 1899 1524 1931 genus
1547 1895 1632 1921 esset
1654 1889 1695 1921 de
1718 1890 1844 1921 ratione
1867 1889 2076 1926 differentiae,
2100 1890 2149 1921 bis
2171 1896 2350 1931 poneretur
2368 1891 2403 1922 in
2424 1890 2504 1923 defi-

1420 1935 1546 1966 nitione
1570 1935 1701 1975 speciei.
1725 1933 1790 1966 Sed
1813 1934 1894 1965 nihil
1916 1939 2026 1975 potest
2049 1943 2119 1965 esse
2141 1940 2268 1975 praeter
2289 1935 2324 1966 id
2346 1935 2439 1976 quod
2452 1936 2504 1968 in-

1421 1979 1575 2020 telligitur
1590 1988 1649 2020 per
1663 1988 1732 2015 ens,
1748 1979 1775 2009 si
1791 1987 1851 2009 ens
1872 1978 1913 2009 sit
1935 1978 1976 2009 de
1999 1978 2167 2010 intellectu
2191 1988 2307 2011 eorum
2327 1979 2368 2012 de
2383 1980 2504 2021 quibus

1420 2023 1634 2066 praedicatur.
1658 2023 1746 2064 Ergo
1770 2032 1828 2054 ens
1850 2029 1919 2054 non
1943 2029 2052 2064 potest
2074 2032 2144 2055 esse
2166 2032 2281 2064 genus.

1476 2068 1529 2100 Ad
1553 2068 1749 2100 evidentiam
1772 2068 1870 2099 huius
1893 2068 2140 2109 propositionis,
2159 2069 2421 2111 Unumquodque
2435 2070 2503 2101 col-

1420 2113 1552 2144 locatur
1567 2113 1600 2144 in
1616 2122 1740 2155 genere
1755 2122 1822 2154 per
1843 2112 2006 2144 rationem
2020 2121 2103 2144 suae
2116 2113 2317 2155 quidditatis,
2332 2114 2503 2146 sciendum

1422 2157 1523 2199 quod,
1548 2167 1625 2189 cum
1647 2158 1682 2189 in
1705 2167 1739 2188 re
1763 2157 1920 2188 existente
1942 2157 1983 2188 sit
1999 2157 2161 2198 quidditas
2176 2163 2209 2189 et
2224 2167 2305 2196 esse,
2321 2168 2390 2190 non
2406 2159 2504 2191 habet

1420 2201 1545 2244 aliquid
1567 2202 1660 2243 quod
1682 2207 1859 2243 reponatur
1881 2202 1915 2233 in
1938 2211 2057 2243 genere
2080 2202 2206 2233 ratione
2227 2203 2330 2244 ipsius
2350 2203 2400 2235 sui
2421 2213 2502 2242 esse,

1420 2247 1478 2278 sed
1507 2248 1634 2278 ratione
1664 2246 1852 2288 quidditatis
1881 2251 2020 2283 tanturn,
2044 2256 2084 2278 ex
2107 2255 2148 2278 eo
2171 2247 2294 2279 scilicet
2323 2247 2416 2289 quod
2444 2257 2502 2280 sua

1422 2291 1584 2333 quidditas
1610 2292 1645 2322 in
1674 2300 1793 2332 genere
1822 2291 2041 2332 potentialiter
2070 2291 2257 2323 continetur
2279 2297 2311 2323 et
2333 2301 2438 2333 genus
2461 2292 2502 2325 de

1421 2337 1491 2378 ipsa
1514 2336 1725 2368 essentialiter
1746 2335 1960 2378 praedicatur.
1985 2335 2091 2372 Unde,
2115 2345 2192 2367 cum
2223 2345 2323 2368 omne
2352 2336 2443 2378 quod
2466 2338 2501 2369 in

1421 2390 1540 2422 genere
1570 2381 1756 2412 continetur
1785 2380 1916 2417 directe,
1940 2380 1981 2412 sit
2010 2380 2136 2421 species
2165 2380 2245 2418 eius,
2277 2382 2436 2413 contineri
2466 2382 2501 2414 in

1421 2435 1539 2467 genere
1555 2426 1681 2456 ratione
1697 2424 1883 2466 quidditatis
1898 2425 1979 2456 nihil
1994 2424 2082 2456 aliud
2097 2429 2146 2456 est
2161 2434 2260 2466 quam
2276 2435 2346 2457 esse
2357 2426 2501 2468 speciem

1420 2471 1548 2511 generis
1571 2479 1629 2511 per
1652 2479 1745 2501 suam
1768 2469 1999 2510 quidditatem;
2022 2478 2091 2500 non
2107 2474 2217 2501 autem
2232 2479 2292 2511 per
2305 2479 2403 2502 suum
2419 2479 2501 2509 esse,

1421 2516 1479 2547 ubi
1502 2524 1571 2546 esse
1595 2524 1613 2546 a
1636 2514 1816 2555 quidditate
1840 2513 2058 2555 distinguitur.
2106 2524 2108 2526 ·

1477 2559 1723 2591 Advertendum
1746 2559 1844 2590 etiam
1868 2559 1953 2590 circa
1981 2558 2071 2590 illam
2101 2559 2373 2600 propositionem,
2396 2559 2502 2602 Diffe-

1422 2604 1562 2636 rentiam
1591 2608 1720 2645 oportet
1747 2613 1818 2635 esse
1841 2608 1978 2644 praeter
2001 2603 2034 2634 id
2056 2603 2144 2645 quod
2167 2603 2366 2646 intelligitur
2387 2605 2422 2635 in
2446 2614 2502 2635 ra-

1421 2649 1510 2680 tione
1523 2649 1666 2692 generis,
1679 2648 1771 2690 quod
1786 2648 1867 2679 illud
1879 2647 1970 2689 quod
1981 2647 2170 2689 intelligitur
2185 2648 2220 2679 in
2234 2649 2361 2680 ratione
2374 2650 2502 2690 generis

1421 2699 1469 2725 est
1491 2694 1562 2735 ipsa
1584 2693 1712 2735 generis
1735 2692 1897 2734 quidditas
1919 2697 1952 2724 et
1970 2698 2085 2724 natura
2107 2701 2166 2734 per
2189 2692 2260 2724 eius
2275 2692 2501 2725 definitionem

1419 2737 1608 2779 significata.
1631 2737 1709 2769 Ideo
1734 2747 1803 2769 esse
1826 2743 1952 2779 praeter
1966 2736 2000 2768 id
2016 2736 2108 2778 quod
2122 2737 2311 2778 intelligitur
2325 2737 2360 2768 ln
2375 2738 2501 2771 ratione

1419 2784 1546 2824 generis
1569 2788 1618 2814 est
1641 2792 1710 2814 esse
1733 2787 1859 2824 praeter
1881 2782 2054 2813 essentiam
2073 2782 2200 2823 generis
2223 2787 2256 2813 et
2274 2781 2499 2824 quidditatem.

1420 2828 1495 2859 Hoc
1518 2833 1629 2859 autem
1652 2827 1825 2868 dupliciter
1847 2836 1916 2858 esse
1939 2832 2057 2868 potest.
2082 2826 2158 2858 Uno
2180 2826 2295 2864 modo,
2319 2827 2396 2868 quia
2418 2826 2501 2859 illud

1419 2882 1488 2904 non
1520 2871 1698 2913 ingreditur
1727 2872 1900 2903 essentiam
1923 2877 1956 2902 et
1979 2870 2192 2912 quidditatem
2215 2871 2356 2912 generis:
2380 2877 2413 2903 et
2434 2871 2500 2903 hoe

1418 2927 1487 2948 non
1511 2917 1620 2948 solum
1644 2917 1799 2948 convenit
1822 2915 2032 2952 differe-tiae,
2055 2915 2112 2947 sed
2142 2915 2240 2947 etiam
2268 2916 2400 2957 speciei.
2422 2915 2499 2948 Alio

1418 2961 1533 2999 modo,
1550 2962 1628 3003 quia
1642 2970 1704 2992 nec
1719 2962 1829 3003 ipsum
1851 2959 2030 3001 ingreditur
2052 2959 2266 3001 quidditatem
2285 2961 2422 3002 generis,
2437 2969 2500 2992 nee

1419 3006 1581 3048 quidditas
1603 3006 1731 3047 generis
1754 3006 1824 3037 eius
1839 3004 2052 3046 quidditatem
2069 3004 2256 3046 ingreditur.
2281 3005 2324 3036 Et
2344 3005 2390 3036 sic
2404 3004 2500 3036 intel-

1418 3051 1527 3092 ligitur
1550 3050 1763 3082 differentiam
1787 3059 1856 3081 esse
1879 3055 2006 3091 praeter
2025 3049 2238 3091 quidditatem
2253 3050 2395 3091 generis:
2418 3049 2499 3080 alio—

1418 3097 1499 3137 quin
1522 3096 1571 3127 bis
1593 3100 1771 3137 poneretur
1792 3095 1827 3126 in
1850 3093 2041 3126 definitione
2064 3094 2196 3135 speciei,
2219 3093 2320 3126 semel
2342 3102 2451 3134 perse
2466 3098 2499 3124 et

1417 3141 1519 3172 semel
1543 3141 1577 3171 in
1601 3139 1780 3171 differentia
1802 3139 1977 3170 inclusum.

1473 3185 1528 3216 Vl.
1553 3184 1618 3216 Sed
1641 3184 1783 3216 occurrit
1805 3183 1944 3216 dubium
1955 3184 1983 3215 “.
2007 3182 2095 3222 Quia
2110 3191 2168 3214 ens
2182 3183 2236 3214 hic
2251 3181 2355 3222 accipi
2370 3181 2498 3213 videtur

1417 3229 1600 3261 secundum
1625 3228 1717 3270 quod
1739 3227 1899 3270 significat
1921 3228 2080 3260 actualem
2111 3227 2326 3259 existentiam:
2350 3231 2388 3257 ut
2409 3231 2498 3268 patet

1418 3283 1457 3305 ex
1472 3274 1655 3305 intentione
1667 3273 1777 3306 Sancti
1788 3273 1939 3304 Thomae
1953 3272 2103 3309 volentis,
2117 3272 2145 3303 si
2157 3271 2247 3303 Deus
2261 3271 2303 3302 sit
2317 3270 2351 3302 in
2366 3279 2496 3311 genere,

1417 3324 1570 3359 oportere
1592 3324 1629 3350 ut
1652 3327 1710 3349 ens
1729 3318 1771 3349 sit
1784 3327 1888 3359 genus
1906 3317 1986 3354 eius,
2002 3317 2080 3357 quia
2095 3315 2257 3357 quidditas
2272 3315 2333 3347 Dei
2349 3321 2398 3346 est
2415 3325 2496 3353 esse,

1417 3363 1540 3395 scilicet
1555 3363 1690 3394 actualis
1705 3362 1902 3399 existentiae,
1923 3370 1981 3393 ens
1995 3366 2106 3392 autem
2119 3359 2279 3401 significat
2294 3360 2403 3401 ipsum
2415 3369 2495 3392 esse.

1418 3408 1531 3444 Modo,
1555 3407 1674 3439 falsum
1697 3413 1745 3439 est
1769 3406 1860 3448 quod
1883 3415 1941 3437 ens
1962 3405 2067 3436 taliter
2089 3410 2262 3446 acceptum
2285 3404 2326 3436 de
2342 3405 2497 3437 omnibus

1417 3452 1627 3484 essentialiter
1641 3451 1854 3493 praedicetur,
1866 3455 1904 3482 ut
1915 3449 2042 3481 videtur
2057 3458 2243 3491 supponere
2255 3448 2393 3481 Sanctus
2404 3449 2496 3481 Tho-

1418 3507 1498 3534 mas,
1522 3503 1554 3528 et
1577 3496 1657 3528 nihil
1681 3497 1721 3527 sit
1743 3501 1870 3537 praeter
1892 3495 1975 3526 entis
2004 3495 2178 3525 rationem:
2202 3503 2290 3531 nam,
2314 3493 2496 3526 secundum

1416 3542 1536 3583 ipsum,
1553 3541 1598 3572 sic
1614 3541 1655 3572 de
1670 3540 1743 3572 solo
1759 3540 1832 3571 Deo
1851 3538 2061 3571 essentialiter
2082 3537 2296 3580 praedicatur.
2319 3538 2387 3570 Ens
2407 3539 2495 3571 enim

1417 3585 1507 3626 quod
1523 3585 1733 3617 essentialiter
1748 3583 1961 3625 praedicatur,
1977 3589 2025 3614 est
2040 3593 2098 3615 ens
2114 3582 2205 3624 quod
2217 3582 2376 3624 significat
2388 3592 2496 3615 essen-

1417 3631 1495 3661 tiam
1518 3631 1575 3667 rei,
1599 3629 1691 3671 quod
1721 3629 1817 3660 etiam
1841 3627 1994 3659 dividitur
2023 3629 2056 3659 in
2087 3628 2201 3659 decem
2225 3627 2495 3669 praedicamenta,

2532 911 2542 920 ·
2570 909 2640 933 Card-
2674 910 2752 934 Caist-

2533 936 2670 965 comment„
2685 943 2706 960 e.
2716 943 2751 960 vu.

2531 1666 2541 1677 ·
2552 1665 2607 1689 Did.
2616 1666 2646 1694 ιι,
2657 1671 2693 1695 m,
2701 1667 2726 1690 s.

2525 3184 2667 3208 ‘ennam
