2768 4134
37 1325 45 1334 '
68 1323 202 1345 Comment.
223 1328 247 1345 n.

35 1540 42 1549 ·
58 1538 115 1566 Cap.
129 1545 165 1563 ιν,
178 1537 248 1559 Gom-

34 1569 104 1587 ment.
134 1571 157 1586 n.
191 1570 246 1586 xvm

34 1598 86 1620 sqq.

282 307 357 343 500

278 384 422 423 sequitur
437 382 574 421 primam
589 378 839 419 perfectionem:
862 375 1036 416 aliquando
1057 385 1135 406 vero
1159 374 1347 410 secundam,

279 429 472 467 inquantum
493 430 606 455 natura
630 431 713 463 quae
729 427 795 452 erat
819 420 972 461 impedita
989 425 1020 450 et
1037 419 1165 450 detenta
1180 429 1223 449 ne
1238 424 1349 459 posset

278 470 402 511 operari
425 478 486 499 suo
510 466 621 503 modo,
645 467 779 497 remotis
809 464 1049 505 impedimentis
1079 463 1115 494 fit
1148 464 1286 494 habilior
1308 462 1347 493 ad

277 513 488 555 operandum,
513 517 544 542 et
567 510 641 542 ideo
665 510 838 551 perfectius
855 515 1016 549 operatur.
1033 508 1218 549 Propositio
1237 509 1347 548 itaque

276 558 407 589 inducta
430 556 617 596 intelligitur
641 555 680 585 de
703 554 905 595 perfectione
929 553 1123 583 substantiae
1152 553 1252 583 altero
1276 552 1348 583 illo-

277 612 349 634 rum
361 601 549 632 modorum:
563 609 632 630 non
648 605 757 630 autem
773 599 880 639 primo
893 598 994 628 modo
1006 603 1144 628 tantum.
1158 597 1211 628 Sic
1227 602 1347 632 autem,

276 652 411 687 negatur
427 644 517 685 quod
533 644 641 675 anima
664 649 808 684 separata
823 653 892 673 non
909 644 948 673 sit
965 642 1138 682 perfectior
1153 643 1348 682 inquantum

276 691 441 723 ordinatur
464 689 504 720 ad
528 689 752 729 operationem
777 688 1017 718 intellectivam.
1041 687 1125 718 Nam
1150 696 1236 722 cum,
1261 686 1349 716 iuxta

275 735 563 776 praedeterminata
592 734 626 764 in
657 732 744 763 dicto
779 733 883 773 capite
913 742 1019 768 vam,
1050 732 1181 762 liberata
1212 730 1308 761 fuerit
1330 739 1348 759 a

276 788 413 820 corpore
437 777 638 818 corruptibili
661 776 870 818 impediente,
895 781 1039 807 remanet
1065 776 1196 806 liberior
1226 780 1258 805 et
1281 773 1348 805 effi-

277 825 383 856 cacior
406 822 447 853 ad
469 821 728 863 intelligendum.
746 841 766 844 -
782 821 852 852 Nec
883 821 980 852 huius
1010 820 1201 860 oppositum
1225 819 1349 850 dictum

276 875 324 900 est
347 867 509 908 superius:
535 867 590 898 sed
614 872 741 897 tantum
766 865 866 906 quod,
891 870 1036 905 separata
1060 874 1077 894 a
1107 873 1256 904 corpore,
1281 873 1349 894 non

276 919 324 944 est
347 907 520 954 perfectior
543 911 725 942 secundum
749 916 896 941 naturam
920 910 1092 939 intrinsece
1124 914 1155 938 et
1186 908 1348 944 absolute;

276 959 379 989 immo
403 956 632 997 imperfectior,
657 961 811 995 tanquam
831 964 898 984 non
923 954 1044 984 habens
1069 953 1350 993 complementum

276 1012 354 1034 suae
378 1002 508 1042 speciei.

333 1047 370 1078 II.
387 1046 507 1077 Tertio.
522 1045 692 1084 Proprium
706 1043 919 1083 perfectivum
932 1042 1074 1073 hominis
1087 1041 1269 1073 secundum
1282 1042 1350 1072 ani-

275 1101 363 1122 mam
388 1096 435 1120 est
457 1088 579 1128 aliquid
601 1087 856 1128 incorruptibile.
882 1087 969 1127 Ergo
994 1092 1025 1117 et
1048 1088 1156 1117 anima
1172 1092 1220 1117 est
1243 1087 1350 1117 incor-

275 1135 443 1176 ruptibilis.
459 1151 483 1157 -
498 1133 655 1163 Probatur
670 1132 874 1163 antecedens.
892 1131 979 1170 Quia
994 1131 1184 1172 intelligere,
1202 1141 1286 1172 quae
1303 1137 1350 1162 est

275 1180 404 1222 propria
420 1178 561 1209 hominis
585 1178 742 1217 operatio,
759 1183 807 1207 est
823 1176 1052 1207 universalium
1070 1182 1102 1207 et
1122 1176 1350 1217 incorruptibi-

274 1226 365 1260 lium,
378 1233 461 1263 quae
478 1228 552 1253 sunt
569 1222 694 1252 animae
710 1221 936 1262 perfectiones.
953 1239 977 1243 -
992 1221 1238 1262 Consequentia
1254 1221 1351 1252 etiam

274 1270 437 1311 probatur.
455 1267 541 1305 Quia
553 1272 684 1307 oportet
695 1266 911 1307 perfectiones
927 1275 996 1297 esse
1008 1266 1263 1306 perfectibilibus
1275 1275 1351 1306 pro-

273 1313 483 1356 portionatas.
495 1330 519 1334 -
531 1311 593 1342 Ista
607 1312 689 1341 ratio
706 1312 854 1352 superius
871 1316 918 1342 est
934 1311 1091 1351 exposita,
1107 1311 1212 1351 capite
1228 1321 1267 1340 ιν
1277 1311 1304 1341 “.

332 1358 471 1394 Quarto.
496 1356 609 1387 Homo
641 1357 764 1396 appetit
792 1355 980 1386 naturaliter
1010 1361 1172 1396 perpetuo
1200 1364 1350 1386 manere:

275 1404 351 1444 quia
375 1400 586 1442 apprehendit
603 1410 672 1431 esse
689 1410 746 1441 per
762 1401 963 1431 intellectum
980 1410 1047 1431 non
1065 1400 1175 1431 solum
1198 1405 1235 1430 ut
1250 1410 1350 1437 nunc,

274 1447 331 1479 sed
354 1446 552 1486 simpliciter.
578 1445 663 1485 Ergo
688 1446 805 1482 anima,
822 1445 1003 1476 secundum
1021 1454 1121 1486 quam
1137 1445 1352 1486 apprehendit

273 1491 460 1533 simpliciter
476 1500 545 1521 esse
561 1495 593 1520 et
609 1489 791 1522 secundum
808 1499 907 1521 omne
923 1496 1063 1530 tempus,
1081 1495 1129 1520 est
1145 1495 1312 1530 perpetua.
1329 1508 1352 1512 -

274 1538 367 1568 Hanc
390 1535 550 1566 rationem
574 1535 671 1565 etiam
686 1535 846 1575 superius,
871 1535 946 1565 loco
971 1534 1186 1575 praeallegato
1199 1535 1227 1571 *,
1251 1534 1351 1575 expli-

275 1583 428 1613 cavimus.
453 1579 531 1611 Ideo
555 1580 624 1610 eius
647 1579 868 1620 interpretatio
892 1580 1072 1620 requiratur
1094 1579 1227 1610 ibidem.

333 1626 466 1663 Quinte.
490 1625 629 1655 Formae
652 1634 761 1655 rerum
784 1624 985 1664 recipiuntur
1008 1625 1041 1654 in
1057 1624 1224 1655 intellectu
1249 1624 1352 1664 possi-

274 1671 330 1702 bili
354 1675 390 1701 ut
413 1674 489 1700 sunt
510 1669 782 1709 incorruptibiles.
807 1669 894 1709 Ergo
918 1668 1102 1699 intellectus
1125 1668 1288 1709 possibilis
1305 1674 1353 1699 est

275 1713 539 1755 incorruptibilis.
564 1713 651 1753 Ergo
676 1718 707 1744 et
731 1714 848 1750 anima,
873 1713 967 1744 cuius
989 1714 1173 1744 intellectus
1190 1713 1352 1754 possibilis

276 1766 323 1791 est
347 1757 479 1799 aliquid.
502 1776 525 1780 —
548 1758 707 1788 Probatur
739 1757 944 1789 antecedens.
974 1758 1063 1796 Quia
1087 1759 1288 1799 recipiuntur
1318 1758 1352 1788 in

276 1804 443 1836 intellectu
466 1807 503 1833 ut
533 1808 608 1833 sunt
635 1807 709 1833 actu
741 1802 968 1843 intelligibiles.
997 1803 1072 1834 Hoc
1097 1809 1207 1834 autem
1230 1803 1352 1833 habent

275 1851 471 1889 inquantum
495 1852 570 1877 sunt
592 1847 818 1878 immateriales
842 1853 874 1878 et
898 1847 1104 1884 universales,
1130 1853 1161 1878 et
1191 1857 1248 1888 per
1273 1856 1352 1878 con-

275 1902 416 1934 sequens
444 1891 714 1932 incorruptibiles.
738 1910 760 1914 —
783 1891 1028 1931 Consequentia
1058 1893 1154 1922 etiam
1186 1892 1351 1932 probatur.

275 1938 362 1976 Quia
378 1935 642 1976 unumquodque
658 1936 812 1976 recipitur
835 1937 868 1966 in
885 1936 997 1976 aliquo
1014 1936 1197 1967 secundum
1213 1935 1352 1966 modum

275 1983 344 2013 eius
368 1982 402 2011 in
426 1989 494 2020 quo
519 1985 575 2010 est.

329 2026 471 2057 Adverte
488 2024 578 2064 quod
594 2024 673 2054 haec
689 2024 782 2061 ratio,
799 2024 874 2054 licet
891 2024 1154 2055 conformitatem
1168 2034 1244 2055 cum
1260 2025 1352 2055 tertia

274 2072 390 2102 habeat
413 2069 547 2105 ratione,
573 2074 620 2099 est
643 2073 752 2099 tamen
777 2069 816 2099 ab
842 2069 910 2109 ipsa
934 2068 1092 2105 distincta,
1117 2075 1149 2100 et
1173 2069 1261 2100 aliud
1283 2078 1352 2099 me-

275 2115 365 2147 dium
389 2113 532 2145 assumit.
559 2113 604 2143 lbi
630 2113 717 2143 enim
741 2122 801 2153 pro
831 2112 940 2144 medio
970 2114 1127 2154 accipitur
1155 2114 1352 2154 incorrupti-

274 2160 379 2190 bilitas
395 2157 602 2198 intelligibilis
618 2157 783 2188 absolute:
801 2157 854 2188 hic
870 2167 948 2188 vero
965 2167 1025 2199 pro
1049 2157 1159 2189 medio
1183 2159 1350 2198 accipitur,

274 2215 342 2235 non
370 2205 441 2244 ipsa
464 2202 749 2242 incorruptibilitas
780 2203 937 2239 absolute,
962 2203 1018 2234 sed
1042 2204 1214 2235 necessitas
1245 2204 1352 2234 incor-

274 2249 459 2290 ruptilitatis
486 2248 555 2278 eius
579 2256 617 2277 ex
642 2257 682 2277 eo
706 2246 797 2287 quod
820 2248 975 2288 recipitur
997 2249 1029 2278 in
1054 2248 1237 2285 intellectu;
1261 2247 1353 2288 quod

276 2300 323 2325 est
347 2294 476 2334 signum
500 2292 811 2332 incorruptibilitatis
835 2293 1028 2324 intellectus.

331 2338 384 2368 111.
409 2337 520 2368 Sexto.
544 2336 690 2367 Primum
714 2337 935 2377 susceptivum
958 2338 992 2368 in
1016 2338 1112 2368 rebus
1136 2337 1351 2374 sensibilibus,

276 2383 399 2414 scilicet
421 2381 554 2413 materia
578 2381 691 2421 prima,
721 2387 768 2412 est
796 2382 1042 2423 incorruptibile
1070 2382 1252 2413 secundum
1277 2383 1351 2413 sub-

277 2428 435 2458 stantiam.
460 2427 546 2467 Ergo
571 2426 675 2456 multo
700 2425 814 2457 fortius
838 2427 1019 2458 intellectus
1035 2427 1206 2467 possibilis,
1232 2428 1289 2468 qui
1305 2432 1353 2458 est

277 2472 458 2512 receptivus
483 2471 661 2502 formarum
685 2471 946 2511 intelligibilium.
971 2472 1058 2512 Ergo
1087 2473 1205 2503 anima.
1228 2490 1252 2495 —
1274 2472 1352 2502 Pro-

277 2517 369 2548 batur
392 2516 495 2557 prima
520 2516 764 2555 consequentia.
790 2515 876 2554 Quia
901 2526 969 2547 esse
993 2516 1194 2558 intelligibile
1218 2522 1265 2548 est
1281 2526 1352 2558 per-

277 2561 460 2592 manentius
484 2569 583 2601 quam
607 2570 676 2590 esse
700 2561 860 2591 sensibile.

334 2615 362 2636 2.
387 2604 451 2636 Sed
474 2604 601 2636 videtur
624 2604 715 2646 quod
738 2605 797 2635 ista
826 2606 1030 2646 comparatio
1062 2615 1131 2637 non
1163 2607 1205 2637 sit
1232 2615 1353 2637 conve-

276 2651 385 2681 niens:
411 2650 486 2690 quia
509 2649 546 2680 fit
573 2650 656 2680 inter
680 2659 717 2680 ea
741 2659 826 2690 quae
854 2656 929 2681 sunt
959 2650 1161 2682 diversorum
1185 2660 1352 2692 generum.

278 2695 516 2735 Comparantur
532 2695 619 2725 enim
635 2704 705 2725 esse
721 2695 929 2726 substantiale
946 2695 1107 2732 sensibile,
1125 2702 1156 2727 et
1178 2705 1247 2727 esse
1270 2696 1353 2726 acci-

277 2739 402 2770 dentale
417 2739 632 2780 intelligibile:
655 2741 786 2770 materia
803 2741 890 2770 enim
911 2746 959 2771 est
974 2741 1116 2781 primum
1133 2741 1354 2782 susceptivum

277 2794 345 2815 esse
356 2784 516 2815 sensibilis
533 2783 761 2821 substantialis;
779 2790 811 2815 et
826 2785 1008 2816 intellectus
1024 2790 1072 2816 est
1087 2786 1229 2826 primum
1246 2794 1354 2816 susce-

276 2829 401 2869 ptivum
418 2838 487 2860 esse
507 2828 714 2869 intelligibilis
730 2829 946 2860 accidentalis.
971 2830 1098 2860 Fuisset
1121 2831 1210 2861 enim
1233 2839 1355 2861 conve-

276 2875 368 2904 niens
389 2874 589 2914 comparatio
613 2874 639 2903 si
661 2873 844 2905 intellectus
867 2873 978 2905 fuisset
1002 2880 1207 2915 comparatus
1230 2875 1353 2906 sensui:

276 2919 363 2959 quia,
381 2919 464 2949 sicut
479 2917 662 2949 intellectus
677 2924 724 2949 est
740 2920 942 2959 susceptivus
959 2928 1028 2949 esse
1047 2919 1255 2960 intelligibilis
1271 2920 1354 2950 acci-

275 2963 420 3000 dentalis,
443 2964 487 2994 ita
511 2972 623 2993 sensus
647 2969 694 2993 est
718 2964 921 3004 susceptivus
942 2972 1012 2994 esse
1028 2964 1186 2995 sensibilis
1205 2964 1355 2995 acciden-

276 3008 356 3038 talis.
381 3007 445 3039 Sed
468 3013 547 3038 tunc
571 3007 687 3038 falsum
704 3014 751 3038 est
768 3008 858 3048 quod
877 3009 1021 3048 primurn
1038 3010 1260 3050 susceptivum
1285 3018 1354 3040 esse

277 3052 433 3083 sensibilis
456 3051 661 3083 accidentalis
686 3058 717 3082 et
740 3053 889 3083 abstracti
914 3053 954 3083 sit
978 3053 1233 3093 incorruptibile.

331 3096 467 3127 Videtur
491 3097 586 3127 etiam
612 3096 729 3127 falsum
753 3097 844 3137 quod
869 3107 937 3128 esse
961 3097 1172 3138 intelligibile,
1197 3098 1289 3139 quod
1305 3107 1354 3130 re—

278 3141 394 3181 cipitur
417 3142 450 3172 in
473 3141 639 3172 intellectu
663 3142 819 3182 possibili,
844 3142 884 3172 sit
908 3143 1152 3182 permanentius
1169 3152 1268 3184 quam
1285 3153 1354 3174 esse

278 3186 436 3222 sensibile,
454 3185 545 3226 quod
568 3186 601 3216 in
618 3186 750 3216 materia
766 3187 934 3227 recipitur:
953 3196 1029 3217 cum
1045 3186 1126 3218 illud
1143 3188 1182 3218 sit
1206 3188 1355 3219 substan·

279 3230 362 3266 tiale,
386 3231 451 3260 hoc
475 3235 583 3260 autem
608 3231 648 3260 sit
671 3230 880 3262 accidentale.

335 3274 364 3304 3.
389 3274 440 3305 Ad
464 3275 606 3315 primum
622 3275 741 3306 horum
757 3275 974 3316 respondetur
997 3274 1089 3316 quod
1112 3285 1180 3306 non
1205 3276 1242 3307 fit
1262 3286 1354 3308 com-

280 3319 401 3357 paratio
424 3319 507 3349 inter
531 3319 730 3359 intelligibile
754 3320 951 3351 accidentale
975 3326 1007 3351 et
1030 3321 1182 3352 sensibile
1206 3322 1354 3353 substan·
1399 3337 1402 3339 -

281 3361 364 3398 tiale,
388 3362 444 3393 sed
468 3363 550 3393 inter
578 3363 778 3403 intelligibile
807 3370 838 3395 et
867 3365 1020 3396 sensibile
1050 3365 1198 3396 absolute
1226 3371 1257 3396 et
1287 3365 1353 3397 for-

281 3406 403 3437 maliter
427 3413 564 3447 sumpta,
589 3409 803 3439 abstrahendo
829 3420 846 3439 a
870 3409 1071 3440 substantiali
1096 3415 1127 3440 et
1151 3410 1352 3442 accidentali.

283 3449 335 3480 Sic
359 3452 444 3482 enim
467 3452 647 3483 intellectus
671 3453 832 3493 possibilis
854 3460 900 3484 est
924 3455 1067 3494 primum
1086 3455 1288 3495 receptivum
1304 3456 1353 3486 in—

283 3494 452 3534 telligibilis
476 3495 609 3533 formae,
634 3497 828 3537 receptibilis
852 3498 975 3529 scilicet
1005 3499 1037 3530 in
1068 3499 1133 3530 alio
1157 3499 1353 3539 inquantum

284 3537 488 3579 intelligibilis
513 3546 573 3570 est:
598 3551 674 3572 nam
690 3543 796 3572 anima
820 3543 1027 3580 intellectiva,
1043 3553 1112 3574 non
1128 3549 1166 3574 ut
1188 3549 1236 3574 est
1259 3544 1353 3575 intel-

285 3580 407 3631 lectiva,
432 3590 478 3614 est
501 3586 693 3624 receptibilis
718 3587 750 3616 in
774 3587 907 3617 materia
931 3587 1154 3628 dependentis,
1178 3588 1292 3625 immo,
1317 3594 1354 3619 ut

286 3633 341 3661 sic,
358 3628 506 3658 materiae
524 3630 733 3668 capacitatem
750 3631 1004 3671 supergreditur3
1021 3631 1078 3663 sed
1094 3638 1141 3663 est
1164 3633 1198 3663 in
1222 3634 1354 3663 materia

287 3671 479 3709 receptibilis
503 3678 539 3702 ut
562 3678 608 3703 est
631 3674 788 3705 sensibilis
812 3674 917 3706 forma
941 3676 1052 3716 aliquo
1075 3676 1189 3708 modo.
1221 3677 1355 3708 Materia

748 299 935 336 SUMMA
965 297 1186 335 CONTRA
1215 295 1490 339 GENTILES,
1519 294 1614 331 LIB.
1635 294 1676 339 11,
1707 293 1818 330 CAP.
1839 294 2013 331 LXXIX.

1404 380 1513 405 autem
1534 374 1638 414 prima
1661 379 1708 404 est
1732 374 1876 413 primum
1899 373 2121 413 susceptivum
2145 374 2332 406 immediate
2354 375 2479 407 formae

1403 419 1571 449 sensibilis.
1596 418 1638 448 Et
1659 417 1736 448 ideo
1761 417 1960 447 conveniens
1976 422 2024 448 est
2046 417 2126 448 haec
2143 420 2346 459 comparatio
2362 430 2479 452 secun-

1404 463 1483 494 dum
1506 461 1857 503 proportionalitatem,
1875 470 1959 502 quae
1983 462 2082 492 etiam
2104 463 2243 494 inveniri
2265 469 2374 504 potest
2396 466 2480 496 inter

1404 518 1442 539 ea
1466 517 1550 547 quae
1574 512 1650 537 sunt
1673 505 1875 537 diversorum
1898 515 2067 546 generum.

1458 551 1511 582 Ad
1534 550 1717 582 secundum
1740 549 1858 581 dicitur
1880 551 1987 591 primo
2012 550 2113 591 quod,
2138 551 2361 592 comparando
2385 553 2480 584 intel-

1403 596 1524 637 ligibile
1548 595 1588 626 ad
1612 594 1762 626 sensibile
1793 595 1941 626 absolute
1969 601 2001 626 et
2027 595 2208 627 secundum
2237 597 2401 637 propriam
2430 607 2480 628 ra-

1402 642 1539 677 tionem,
1571 645 1607 671 ut
1635 640 1689 670 hic
1713 640 1927 680 accipiuntur,
1958 649 2073 671 verum
2104 646 2151 671 est
2180 641 2384 681 intelligibile
2411 651 2481 673 esse

1403 685 1647 727 permanentius
1670 685 1823 716 sensibili.
1856 684 1943 722 Quia
1965 685 2178 726 intelligibile,
2202 692 2238 717 ut
2267 686 2480 727 intelligibile,

1403 730 1556 761 abstrahit
1579 739 1598 760 a
1620 729 1764 766 materia,
1795 734 1827 760 et
1856 738 1915 770 per
1945 738 2151 771 consequens
2181 740 2200 760 a
2221 731 2384 771 principio
2409 741 2482 762 cor-

1403 774 1580 815 ruptionis:
1606 783 1683 804 nam
1706 774 1904 814 principium
1928 775 2147 814 corruptionis
2163 780 2211 806 est
2233 776 2376 806 materia.
2401 775 2482 807 Sen-

1403 819 1495 850 sibile
1519 823 1639 855 autem,
1662 818 1860 858 inquantum
1883 818 2044 855 sensibile,
2068 819 2237 850 concernit
2256 821 2435 851 materiam.

1460 864 1588 894 Dicitur
1610 862 1768 899 secundo,
1792 861 1885 903 quod
1900 872 2015 893 verum
2032 863 2129 893 etiam
2146 869 2193 894 est
2209 863 2349 895 formam
2364 864 2482 896 intelli—

1403 909 1536 949 gibilem
1550 907 1734 938 intellectus
1749 907 1850 938 nostri
1867 916 1936 938 esse
1949 908 2245 948 permanentiorem
2261 908 2366 940 forma
2381 910 2482 941 sensi-

1404 954 1460 984 bili
1476 952 1686 984 substantiali.
1703 952 1791 990 Quia
1805 951 1912 983 forma
1929 952 2113 983 intellectus
2129 953 2232 984 nostri
2245 953 2371 985 nullam
2385 954 2483 986 habet

1403 999 1438 1029 in
1453 998 1621 1029 intellectu
1637 997 1911 1028 contrarietatem:
1929 996 2035 1028 forma
2050 1002 2161 1028 autem
2179 997 2339 1028 sensibilis
2357 998 2392 1029 in
2415 999 2482 1030 istis

1404 1042 1611 1074 inferioribus
1634 1042 1732 1072 habet
1755 1042 2026 1078 contrarietatem,
2050 1047 2210 1082 quantum
2234 1042 2275 1073 ad
2297 1041 2484 1083 dispositio-

1405 1097 1473 1124 nes,
1498 1092 1554 1117 aut
1578 1091 1738 1127 quantum
1762 1085 1802 1117 ad
1825 1085 2005 1117 accidentia
2027 1085 2167 1117 formam
2192 1087 2437 1127 consequentia.
2459 1109 2463 1113 -

1461 1132 1516 1162 IV.
1541 1131 1694 1172 Septimo.
1720 1130 1937 1171 Intelligibilia
1959 1135 2045 1168 actu,
2068 1131 2266 1172 inquantum
2282 1131 2483 1169 huiusmodi,

1405 1182 1481 1208 sunt
1503 1175 1773 1216 incorruptibilia.
1804 1175 1892 1216 Ergo
1923 1181 1955 1206 et
1985 1176 2169 1207 intellectus
2199 1185 2308 1216 agenS.
2332 1176 2419 1217 Ergo
2452 1181 2484 1207 et

1405 1222 1523 1258 anima,
1548 1221 1642 1252 cuius
1664 1221 1735 1260 ipse
1757 1220 1941 1252 intellectus
1957 1225 2005 1251 est
2028 1220 2151 1252 lumen.
2166 1238 2189 1243 -
2205 1220 2364 1261 Probatur
2379 1221 2484 1262 prima

1405 1266 1652 1306 consequentia.
1676 1265 1763 1303 Quia
1777 1265 1914 1307 faciens
1928 1269 1977 1296 est
1990 1265 2219 1296 honorabilius
2224 1266 2335 1307 facto,
2352 1271 2389 1297 ut
2404 1265 2484 1299 dici-

1405 1316 1457 1342 tur
1472 1310 1514 1341 111
1530 1310 1570 1341 de
1586 1309 1726 1341 Anima:
1741 1309 1924 1341 intellectus
1940 1315 2049 1341 autem
2061 1320 2160 1351 agens
2171 1309 2248 1341 facit
2259 1310 2482 1351 intelligibilia.

1461 1355 1602 1386 Adverte
1626 1353 1717 1395 quod
1740 1354 1848 1395 inquit
1870 1354 2007 1386 Sanctus
2031 1354 2177 1386 Thomas
2199 1355 2413 1396 intelligibilia
2433 1354 2484 1386 in·-

1405 1405 1563 1441 quantum
1586 1399 1775 1430 huiusmodi
1791 1408 1860 1430 esse
1876 1399 2144 1440 incorruptibilia.
2161 1399 2247 1438 Quia
2270 1399 2484 1440 intelligibilia

1406 1446 1524 1485 aliqua,
1541 1445 1617 1476 licet
1632 1445 1696 1475 sint
1711 1444 1888 1475 materialia
1904 1449 1936 1475 et
1952 1444 2176 1485 corruptibilia
2192 1444 2376 1476 secundum
2391 1443 2485 1485 quod

1405 1495 1481 1521 sunt
1502 1491 1537 1520 in
1561 1490 1668 1525 rebus,
1692 1494 1826 1530 propter
1850 1488 1941 1529 quod
1964 1494 2040 1520 sunt
2061 1489 2276 1530 intelligibilia
2299 1494 2427 1521 tantum
2448 1489 2484 1523 in

1405 1535 1562 1575 potentia,
1591 1539 1628 1565 ut
1650 1539 1760 1564 tamen
1784 1539 1860 1564 sunt
1889 1539 1965 1565 actu
1995 1533 2219 1575 intelligibilia,
2247 1533 2436 1566 abstrahunt
2464 1544 2485 1566 a

1405 1579 1538 1610 materia
1562 1584 1594 1610 et
1617 1577 1861 1609 conditionibus
1884 1578 2118 1615 materialibus;
2144 1585 2176 1610 et
2203 1577 2279 1610 ideo
2309 1579 2344 1609 in
2371 1579 2485 1620 seipsis

1405 1623 1534 1655 nullum
1549 1623 1670 1654 habent
1685 1623 1883 1664 principium
1900 1623 2129 1665 corruptionis,
2146 1632 2208 1654 nec
2231 1623 2485 1664 dependentium

1406 1668 1446 1699 ad
1467 1667 1549 1699 illud
1571 1668 1692 1698 habent
1715 1667 1896 1698 secundum
1920 1677 2000 1698 esse.
2021 1667 2122 1705 Quod
2144 1677 2214 1699 non
2237 1668 2392 1699 convenit
2410 1676 2485 1699 sen—

1405 1713 1489 1744 sibili
1512 1713 1708 1752 inquantum
1731 1717 1780 1742 est
1802 1712 1967 1743 sensibile:
1993 1713 2070 1752 quia
2091 1722 2161 1743 non
2185 1713 2339 1743 abstrahit
2361 1722 2380 1743 a
2403 1721 2484 1744 con-

1406 1757 1583 1789 ditionibus
1605 1756 1834 1788 materialibus.

1461 1803 1499 1833 V.
1529 1801 1664 1832 Octavo.
1688 1802 1808 1832 Anima
1823 1800 2020 1832 intellectiva
2035 1811 2103 1832 non
2120 1807 2228 1842 potest
2244 1802 2410 1843 corrumpi
2426 1811 2485 1844 per

1406 1848 1570 1878 actionem
1595 1846 1761 1877 contrarii:
1787 1855 1864 1876 cum
1887 1845 1949 1886 ipsi
1972 1845 2054 1876 nihil
2078 1846 2118 1876 sit
2141 1847 2356 1882 contrarium:
2379 1847 2484 1879 immo

1405 1901 1463 1932 per
1486 1890 1689 1921 intellectum
1722 1890 1912 1931 possibilem
1943 1889 1983 1920 sit
2014 1890 2237 1930 cognoscitiva
2267 1895 2300 1921 et
2322 1891 2486 1932 receptiva

1405 1936 1654 1966 contrariorum.
1678 1934 1796 1975 Neque
1811 1943 1871 1974 per
1885 1935 2132 1975 corruptionem
2147 1935 2298 1966 subiecti:
2323 1943 2400 1966 cum
2415 1942 2485 1966 non

1406 1979 1589 2021 dependeat
1604 1989 1622 2010 a
1638 1988 1776 2020 corpore
1792 1978 1975 2010 secundum
1991 1988 2071 2016 esse,
2087 1984 2124 2010 ut
2139 1980 2289 2020 superius
2312 1985 2360 2010 est
2375 1985 2486 2012 oeten-

1405 2034 1489 2056 sum.
1507 2024 1624 2064 Neque
1639 2033 1699 2065 per
1713 2022 1930 2054 deficientiam
1947 2033 2026 2054 suae
2041 2033 2175 2055 causae:
2193 2025 2270 2065 quia
2284 2034 2354 2055 non
2376 2029 2486 2065 potent

1405 2070 1523 2100 habere
1547 2069 1643 2099 aliam
1668 2078 1799 2099 causam
1826 2068 1889 2099 nisi
1915 2074 2090 2105 aeternam,
2114 2075 2151 2100 ut
2175 2068 2259 2101 infra
2285 2068 2483 2112 ostendetur.

1405 2114 1492 2155 Ergo
1522 2119 1583 2144 etc.
1607 2130 1630 2137 -
1652 2113 1744 2144 Patet
1774 2113 2020 2154 consequentia.
2052 2112 2139 2152 Quia
2165 2113 2256 2146 nulla
2285 2112 2390 2145 forma
2413 2123 2483 2148 cor·

1405 2158 1568 2199 rumpitur
1590 2158 1652 2189 nisi
1675 2167 1745 2189 uno
1768 2157 1901 2188 illorum
1924 2158 2023 2188 trium
2046 2157 2233 2190 modorum.

1461 2202 1707 2234 Attendendum
1732 2201 1823 2243 quod
1839 2212 1906 2234 non
1930 2203 2039 2234 solum
2063 2203 2170 2234 anima
2186 2202 2368 2234 secundum
2391 2212 2485 2235 suam

1405 2248 1619 2279 substantiam
1642 2257 1710 2279 non
1735 2248 1833 2279 habet
1855 2248 2064 2284 contrarium,
2094 2248 2178 2279 sicut
2205 2257 2267 2280 nec
2298 2248 2379 2280 aliae
2407 2249 2485 2280 sub-

1406 2294 1552 2330 stantiae,
1583 2292 1640 2324 sed
1663 2302 1726 2324 nec
1750 2293 1847 2324 etiam
1870 2293 1967 2324 habet
1991 2293 2251 2324 contrarietatem
2282 2293 2316 2324 in
2336 2292 2485 2334 'disposi-

1406 2338 1550 2369 tionibus
1573 2337 1614 2368 ad
1638 2346 1708 2368 esse
1732 2337 1845 2378 ipsius.
1861 2337 1949 2376 Quia
1971 2337 2080 2368 nullae
2097 2343 2172 2369 sunt
2195 2337 2428 2379 dispositiones
2443 2337 2485 2370 ad

1407 2392 1476 2414 esse
1509 2383 1647 2419 animae,
1679 2387 1735 2413 aut
1765 2381 1806 2413 ad
1838 2382 1908 2413 eius
1939 2382 2232 2419 conservationem,
2261 2382 2410 2414 absolute
2436 2381 2486 2414 lo-

1407 2427 1557 2469 quendo:
1582 2426 1638 2458 sed
1662 2432 1789 2458 tantum
1805 2425 1845 2457 ad
1861 2436 1931 2458 esse
1954 2427 2056 2468 ipsius
2079 2427 2113 2458 in
2129 2436 2278 2468 corpore.
2294 2427 2389 2466 Quae
2409 2427 2486 2469 quia

1407 2473 1608 2504 contrarium
1631 2472 1761 2508 habent,
1786 2481 1845 2512 per
1875 2481 1987 2503 earum
2017 2472 2263 2512 corruptionem
2293 2477 2349 2503 aut
2371 2471 2486 2503 altera-

1405 2518 1531 2548 tionem
1554 2522 1663 2557 potest
1685 2517 1793 2547 anima
1809 2516 1955 2548 desinere
1971 2526 2041 2548 esse
2057 2517 2090 2548 in
2110 2526 2262 2558 corpore:
2287 2526 2356 2548 non
2375 2522 2486 2548 autem

1406 2562 1596 2603 simpliciter
1620 2561 1767 2592 desinere
1791 2571 1870 2592 esse.
1895 2561 2080 2602 Propterea,
2109 2570 2185 2593 cum
2214 2562 2321 2602 inquit
2348 2561 2486 2593 Sanctus

1407 2607 1555 2638 Thomas
1578 2606 1705 2637 animae
1728 2605 1809 2636 nihil
1833 2615 1902 2637 esse
1929 2606 2139 2643 contrarium,
2163 2605 2410 2647 intelligendum
2438 2610 2487 2638 eet

1407 2661 1517 2692 neque
1530 2656 1690 2692 quantum
1706 2649 1747 2682 ad
1759 2651 1829 2682 eius
1843 2651 2066 2687 substantiam,
2079 2660 2188 2692 neque
2203 2656 2364 2692 quantum
2376 2649 2417 2682 ad
2428 2648 2486 2683 ali-

1408 2706 1489 2738 quas
1512 2696 1742 2737 dispositiones
1761 2704 1847 2736 quae
1862 2694 1903 2726 ad
1926 2696 1996 2726 eius
2013 2704 2083 2726 esse
2106 2695 2254 2727 absolute
2270 2696 2484 2736 requirantur.
2506 2715 2508 2717 >

1464 2740 1711 2772 Advertendum
1734 2741 1842 2777 etiam,
1859 2749 1935 2774 cum
1959 2740 2077 2771 dicitur
2099 2740 2242 2781 aliquam
2258 2740 2398 2771 formam
2413 2748 2486 2772 coa-

1408 2786 1518 2826 rumpi
1541 2791 1675 2827 propter
1697 2784 1916 2816 deficientiam
1941 2794 2067 2822 causae,
2091 2785 2183 2826 quod
2206 2786 2271 2816 hoc
2297 2785 2487 2826 intelligitur

1409 2830 1450 2862 de
1474 2840 1570 2862 causa
1594 2829 1728 2862 effectus
1751 2839 1819 2861 non
1843 2835 1979 2866 tantum„
1994 2830 2028 2861 in
2051 2829 2131 2867 fieri,
2155 2830 2212 2861 sed
2228 2831 2326 2861 etiam
2348 2831 2382 2862 in
2397 2828 2485 2862 facto

1409 2885 1489 2912 esse,
1521 2876 1588 2906 sive
1618 2875 1653 2906 in
1685 2874 1927 2906 conservando:
1956 2884 2026 2916 quo
2055 2874 2158 2906 modo
2189 2874 2278 2906 Deus
2309 2880 2357 2906 est
2388 2882 2486 2907 causa

1409 2921 1546 2957 animae,
1563 2925 1596 2951 et
1617 2920 1798 2960 praesentia
1818 2919 1896 2951 solis
1918 2925 1967 2951 est
1989 2929 2085 2950 causa
2099 2919 2232 2950 luminis
2254 2920 2290 2950 in
2313 2927 2396 2950 aere.
2420 2919 2485 2951 De-

1408 2964 1539 2996 ficiente
1560 2965 1647 2996 enim
1670 2963 1796 2995 influxu
1812 2964 1883 2995 talis
1899 2973 2024 3001 causae,
2041 2973 2174 2995 necesse
2189 2969 2238 2995 est
2260 2963 2413 2995 effectum
2429 2963 2486 2996 de-

1409 3009 1515 3041 ficere.
1532 3009 1610 3040 Non
1626 3015 1746 3046 autem,
1763 3008 1935 3040 deficiente
1950 3018 2047 3040 causa
2065 3009 2099 3040 in
2115 3008 2184 3040 fieri
2200 3014 2337 3046 tantum,
2354 3013 2486 3050 oportet

1409 3054 1561 3086 effectum
1571 3054 1770 3095 productum
1782 3053 1928 3085 desinere
1940 3063 2020 3090 esse,
2033 3053 2090 3085 sed
2102 3054 2186 3085 bene
2197 3058 2327 3095 oportet
2339 3053 2486 3084 desinere

1407 3099 1478 3130 fieri
1502 3098 1653 3130 effectus:
1677 3099 1771 3135 sicut,
1795 3097 1967 3130 deficiente
1993 3097 2228 3136 domificatore,
2256 3103 2312 3130 aut
2333 3099 2403 3139 ipsa
2425 3097 2485 3130 do-

1408 3143 1607 3175 mificatione
1638 3143 1758 3175 domus
1780 3144 1846 3174 iam
1868 3143 2047 3184 productae
2076 3149 2232 3180 cessante,
2259 3152 2327 3174 non
2354 3147 2486 3184 opertet

1408 3188 1555 3220 desinere
1578 3188 1716 3219 domum
1740 3197 1820 3225 esse,
1844 3188 1901 3219 sed
1927 3193 2054 3219 tantum
2076 3187 2146 3219 fieri
2169 3187 2298 3219 domus.
2321 3204 2345 3210 -
2367 3185 2484 3218 Cetera

1408 3243 1493 3274 quae
1520 3233 1560 3264 ad
1583 3233 1681 3264 huius
1703 3233 1837 3264 rationis
1856 3233 2107 3274 explicationem
2126 3233 2344 3274 requiruntur,
2360 3229 2433 3262 vide
2449 3231 2484 3262 in

1408 3279 1485 3309 loco
1509 3278 1659 3318 superius
1683 3278 1821 3319 allegato
1838 3278 1865 3308 θ.
2475 3282 2479 3286 “

1464 3323 1518 3354 Vl.
1544 3323 1654 3353 Nono.
1679 3321 1866 3354 Intellectus
1885 3322 2048 3363 possibilis
2062 3331 2132 3353 non
2147 3319 2331 3352 debilitatur
2351 3325 2486 3361 propter

1409 3366 1609 3398 debilitatem
1640 3368 1797 3408 corporis.
1830 3367 1917 3408 Ergo
1949 3372 1997 3398 est
2030 3365 2294 3406 incorruptibilis.
2329 3364 2417 3405 Ergo
2453 3370 2485 3396 et

1409 3412 1526 3443 anima.
1543 3430 1566 3435 —
1582 3412 1741 3442 Probatur
1756 3411 1960 3442 antecedens.
1977 3410 2064 3448 Quia
2079 3408 2262 3441 intellectus
2278 3419 2346 3440 non
2362 3409 2486 3450 indiget

1409 3465 1558 3497 corpore.
1582 3456 1680 3487 Nulla
1702 3461 1812 3487 autem
1835 3456 1936 3487 virtus
1959 3455 2085 3486 anixnae
2108 3453 2292 3485 debilitatur
2317 3453 2484 3486 debilitato

1409 3510 1548 3542 corpore
1571 3501 1632 3532 nisi
1655 3510 1714 3542 per
1737 3499 1896 3536 accidens,
1920 3500 2116 3540 inquantum
2139 3498 2261 3529 scilicet
2284 3498 2407 3540 indiget
2432 3508 2485 3530 or-

1408 3554 1494 3585 gano
1511 3545 1689 3587 corporali:
1702 3550 1740 3576 ut
1751 3550 1839 3586 patet
1849 3545 1885 3575 in
1900 3544 1981 3574 visu.
1993 3559 2016 3566 —
2029 3542 2275 3583 Consequentia
2291 3553 2369 3575 vero
2381 3544 2485 3584 prima

1410 3590 1574 3630 probatur.
1600 3590 1696 3628 Quia,
1721 3590 1748 3620 si
1771 3589 1878 3620 anima
1902 3588 2121 3628 corrumpitur
2150 3597 2209 3628 per
2239 3588 2485 3629 corruptionem

1410 3635 1566 3675 corporis,
1591 3639 1723 3675 oportet
1746 3633 1838 3674 quod
1861 3633 1931 3664 eius
1954 3641 2024 3663 esse
2048 3631 2232 3664 debilitetur
2254 3642 2312 3674 per
2340 3632 2485 3664 debilita-

1409 3684 1476 3709 tem
1501 3679 1581 3710 eius.
1605 3679 1646 3709 Et
1670 3676 1814 3719 (supple)
1839 3676 1926 3708 idem
1950 3682 1998 3707 est
2022 3676 2062 3708 de
2085 3677 2256 3708 virtutibus
2279 3678 2416 3710 animae.

2511 3287 2522 3297 ·
2535 3286 2595 3315 Cap.
2608 3290 2646 3309 ιν.
