2768 4134
74 381 84 391 ·
99 380 134 402 Cf.
149 385 255 402 numnx.

71 1139 81 1148 ·
95 1137 134 1158 Al.
145 1143 167 1165 q.
178 1142 209 1163 ιν,
220 1142 242 1157 a.
251 1142 271 1164 3.

70 1585 81 1594 ·
95 1583 130 1605 Cf.
147 1589 211 1605 num.
221 1589 262 1605 vn.

73 2032 82 2041 ·
97 2029 133 2052 cf.
149 2035 270 2052 num.vn¹.

78 2702 130 2732 ςΑι.
141 2702 180 2723 nb.
192 2701 231 2728 v1,
242 2702 256 2724 ι.
269 2708 290 2724 c.

77 2735 100 2750 ln
116 2732 187 2750 ῐΕΧῑῑΙ-

88 3508 96 3516 ·
110 3505 178 3528 Text.
189 3513 212 3533 4.

318 295 394 342 554

370 375 421 406 ΠΙ.
441 372 563 410 Quinto
580 371 606 400 *ἢ
631 370 771 400 Possunt
789 376 858 397 esse
881 367 915 397 in
933 375 1051 406 genere
1075 365 1271 396 substantiae
1287 373 1386 404 quae-

314 420 388 451 dam
412 417 548 448 omnino
578 415 700 454 absque
724 421 876 452 corpore:
905 411 981 451 quia
1007 409 1189 441 substantia
1217 414 1265 440 est
1287 409 1388 449 prior

313 464 388 495 aliis
402 460 576 504 generibus
592 464 744 499 tempore,
762 457 891 487 ratione
909 461 941 486 et
955 454 1145 496 cognitione
1151 461 1164 491 ;
1187 458 1219 484 et
1233 463 1292 494 per
1307 462 1387 484 con-

312 516 451 548 sequens
475 505 597 545 absque
627 502 805 544 quantitate
832 510 901 531 esse
926 505 1044 540 potest,
1072 509 1110 530 ac
1137 499 1234 530 etiam
1265 498 1386 538 absque

313 560 460 592 corpore,
485 548 576 591 quod
598 557 667 578 non
691 551 739 577 est
761 546 830 576 sine
854 544 1043 585 quantitate.
1067 544 1155 584 Ergo
1180 548 1240 574 etc.

366 595 524 626 Probatur
546 591 788 633 consequentia.
813 589 900 628 Quia
923 598 1038 620 omnes
1061 594 1195 619 naturae
1218 586 1387 628 possibiles

311 643 346 672 in
368 649 476 671 rerum
499 638 613 669 ordine
635 636 855 667 inveniuntur.
876 634 971 665 vTum
993 634 1070 675 quia
1093 634 1183 665 aliter
1198 633 1386 664 universum

312 691 395 717 esset
417 682 655 724 imperfectum.
679 698 702 703 -
725 680 814 711 Tum
838 679 915 720 quia
938 679 971 710 in
990 678 1158 720 perpetuis
1186 687 1252 708 non
1276 676 1388 718 differt

312 740 381 762 esse
400 734 431 760 et
449 737 556 769 posse.
1131 766 1137 770 .

367 774 420 805 IV.
446 773 541 804 Circa
563 771 793 812 probationem
816 768 1046 804 antecedentis,
1071 767 1207 798 dubium
1230 775 1299 796 non
1324 764 1387 795 dis-

311 817 531 850 simulandum
547 815 699 848 occurrit.
715 815 800 846 Nam
822 814 850 844 si
873 823 911 844 ex
936 822 976 844 eo
996 811 1087 853 quod
1109 811 1287 842 substantia
1303 818 1387 850 quae

313 869 360 894 est
381 862 692 904 praedicamentum,
717 865 764 891 est
774 859 873 900 prior
888 864 1041 898 tempore,
1066 857 1196 887 ratione
1219 861 1251 886 et
1273 854 1387 896 cogni-

312 909 401 939 tione
419 907 567 939 omnibus
589 906 666 937 aliis
692 904 875 947 generibus,
900 902 1046 942 sequitur
1069 901 1174 941 ipsam
1197 909 1294 940 posse
1318 908 1387 930 esse

312 954 434 993 absque
458 952 636 993 quantitate
662 955 694 980 et
720 957 873 989 corpore,
902 946 1016 978 eadem
1042 946 1168 976 ratione
1198 949 1388 986 sequeretur

312 997 404 1039 quod
426 1002 537 1039 posset
551 1005 621 1027 esse
635 995 705 1025 sine
721 1001 934 1034 quocumque
950 991 1014 1022 alio
1033 1000 1162 1031 genere.
1180 989 1244 1022 Sed
1259 990 1325 1020 hoc
1340 994 1389 1019 est

312 1048 426 1075 contra
441 1041 621 1073 doctrinam
641 1039 749 1070 Sancti
765 1037 924 1073 Th0mae,
941 1036 1090 1072 tenentis,
1114 1035 1231 1072 Prima,
1253 1044 1285 1075 q.
1304 1043 1387 1070 κων,

313 1098 340 1118 a.
362 1095 389 1124 1,
409 1086 449 1118 ad
470 1094 502 1122 1;
527 1090 559 1116 et
582 1084 621 1115 de
644 1084 726 1118 Por..
749 1092 781 1123 q.
804 1092 858 1118 vn,
875 1091 902 1112 a.
926 1091 956 1121 9,
974 1080 1015 1111 ad
1033 1081 1069 1117 5;
1094 1085 1126 1111 et
1145 1079 1298 1117 Quolibet
1318 1077 1388 1115 vu,

312 1142 339 1163 a.
361 1133 437 1168 ω’,
454 1129 494 1161 ad
509 1139 540 1169 4,
565 1127 656 1169 quod
679 1132 823 1158 creatura
845 1135 915 1157 non
938 1131 1046 1167 potest
1069 1134 1139 1156 esse
1162 1125 1285 1166 absque
1307 1123 1388 1155 rela-

311 1178 401 1208 tione
425 1172 661 1215 dependentiae
685 1171 725 1203 ad
748 1172 867 1207 Deum,
885 1180 969 1212 quae
994 1175 1042 1201 est
1064 1169 1224 1201 accidens.
1251 1169 1390 1200 Constat

311 1226 421 1252 autem
444 1218 535 1260 quod
557 1218 665 1250 omnis
680 1217 858 1249 substantia
881 1225 966 1256 quae
981 1221 1030 1246 est
1045 1216 1078 1246 in
1093 1224 1223 1256 genere,
1243 1219 1291 1246 est
1314 1213 1389 1245 sub-

310 1266 426 1297 stantia
449 1269 563 1295 creata.
592 1263 679 1304 Ergo
702 1262 792 1293 nulla
815 1261 993 1293 substantia
1015 1261 1050 1291 in
1071 1269 1190 1301 genere
1218 1263 1327 1300 potest
1349 1259 1389 1289 ab

311 1311 402 1342 omni
429 1308 596 1341 accidente
623 1307 772 1349 separari.
796 1306 883 1347 Ergo
907 1315 966 1347 per
988 1304 1069 1336 illud
1093 1310 1298 1346 assumptum
1321 1313 1389 1334 non

310 1356 466 1397 probatur
489 1353 659 1385 efficaciter
682 1351 887 1388 antecedens,
909 1350 966 1382 sed
982 1350 1218 1391 consequentia
1233 1349 1312 1380 falsa
1332 1354 1390 1386 est,

310 1400 446 1432 scilicet:
471 1398 658 1430 Substantia
687 1402 735 1428 est
757 1397 857 1437 prior
884 1401 1037 1437 tempore,
1069 1395 1200 1426 ratione
1222 1399 1254 1426 et
1275 1394 1390 1436 cogni-

312 1446 400 1476 tione
424 1444 571 1475 omnibus
602 1443 677 1474 aliis
706 1441 891 1483 generibus,
919 1441 1014 1482 Ergo
1037 1445 1147 1481 potest
1176 1449 1245 1471 esse
1271 1439 1391 1481 absque

311 1490 501 1532 quantitate.

370 1545 398 1565 2.
424 1534 519 1566 Circa
546 1536 751 1572 assumptum
785 1539 920 1571 quoque
948 1530 988 1561 ad
1016 1530 1245 1571 probationem
1276 1538 1392 1560 conse-

312 1580 476 1621 quentiae,
501 1578 665 1609 dubitatur
680 1577 707 1606 *.
731 1575 816 1607 Nam
839 1576 866 1606 si
890 1585 1005 1606 omnes
1021 1580 1154 1606 naturae
1171 1574 1342 1616 possibiles
1357 1574 1391 1605 in

312 1635 419 1656 rerum
435 1622 549 1655 ordine
564 1622 784 1658 inveniuntur,
801 1621 948 1661 sequitur
960 1620 1068 1651 Deum
1085 1620 1190 1651 nullas
1206 1629 1302 1660 posse
1318 1628 1391 1660 spe·

314 1670 378 1701 cies
405 1667 587 1711 producere
610 1671 735 1707 praeter
759 1675 812 1696 eas
836 1675 921 1706 quae
944 1670 1020 1696 sunt
1046 1664 1243 1705 productae:
1275 1673 1392 1694 omnes

315 1715 402 1745 enim
425 1718 558 1744 naturae
582 1712 621 1742 ab
645 1712 718 1751 ipso
742 1709 973 1750 producibiles,
998 1710 1087 1740 iuxta
1110 1710 1198 1740 illam
1226 1709 1391 1749 probatio-

313 1769 400 1796 nem,
423 1762 500 1789 sunt
521 1758 556 1788 in
580 1761 663 1787 actu.
688 1754 752 1786 Sed
774 1755 840 1786 hoc
867 1760 915 1786 est
942 1760 1055 1786 contra
1086 1754 1391 1785 determinationem

314 1804 423 1835 Sancti
439 1803 599 1838 Thomae‚
623 1801 762 1832 tenentis
786 1800 903 1836 Prima,
920 1809 952 1840 q.
971 1809 1043 1836 xxv,
1061 1809 1089 1830 a.
1107 1799 1142 1836 6;
1165 1799 1273 1835 Ver-it„
1291 1808 1322 1839 q.
1338 1808 1390 1835 xx,

315 1859 343 1880 a.
359 1857 395 1888 43
413 1848 426 1878 1
442 1848 542 1884 Sent.,
559 1846 590 1877 d.
607 1855 690 1882 xmv,
708 1854 739 1885 q.
755 1855 777 1881 1,
791 1854 820 1875 a.
834 1844 868 1881 3;
886 1850 919 1875 et
933 1845 1083 1885 superius
1098 1845 1133 1875 in
1144 1844 1209 1875 hoc
1225 1843 1390 1880 Secundo,

315 1903 385 1934 cap.
409 1902 484 1924 xxvr
513 1897 545 1922 et
567 1900 662 1927 xxvn,
686 1888 788 1930 quod,
811 1890 1076 1929 quibuscumque
1104 1889 1275 1929 speciebus
1299 1888 1390 1925 datis,

314 1939 404 1969 Deus
426 1941 534 1977 potest
556 1934 739 1976 producere
762 1934 939 1964 nobiliores
963 1935 998 1965 in
1020 1932 1196 1964 infinitum.
1218 1933 1304 1973 Ergo
1329 1938 1390 1964 etc.

371 1982 400 2013 3.
419 1981 514 2013 Circa
529 1979 706 2011 secundam
722 1978 865 2019 denique
881 1979 1110 2019 probationem
1122 1978 1208 2008 illius
1223 1978 1391 2018 assumpti,

314 2026 455 2058 occurrit
477 2025 614 2056 dubium
626 2025 653 2055 ⁴.
679 2023 767 2055 Cum
790 2023 877 2055 enim
901 2024 1075 2054 assumitur
1098 2022 1189 2063 quod
1213 2022 1246 2053 in
1276 2022 1392 2063 sempi-

314 2071 415 2103 ternis
439 2080 504 2101 non
529 2069 641 2111 differt
662 2078 730 2099 esse
753 2073 786 2099 et
803 2077 909 2109 posse,
927 2073 983 2099 aut
1004 2077 1063 2108 per
1077 2068 1275 2108 sempiterna
1298 2067 1392 2098 intel-

313 2118 457 2158 liguntur
479 2124 518 2146 ea
540 2124 624 2155 quae
647 2123 716 2144 non
740 2114 924 2144 habuerunt
945 2114 1075 2144 initium
1098 2122 1177 2144 suae
1195 2112 1391 2143 durationis:

314 2167 370 2193 aut
393 2171 430 2192 ea
454 2169 538 2201 quae
561 2160 595 2190 in
618 2168 676 2190 sua
699 2163 813 2189 natura
835 2158 1094 2198 incorruptibilia
1116 2162 1202 2189 sunt.
1227 2157 1261 2189 Si
1284 2158 1392 2198 primo

313 2205 414 2238 modo
438 2205 624 2245 accipiatur,
640 2213 709 2234 non
733 2203 939 2234 concluditur
954 2203 1173 2244 propositum,
1193 2201 1250 2233 sed
1273 2208 1322 2234 est
1336 2210 1393 2243 pe-

313 2253 384 2283 titio
408 2250 568 2292 principii.
594 2248 733 2289 Oportet
756 2249 844 2280 enim
871 2248 1076 2279 subsumere:
1101 2247 1166 2279 Sed
1194 2247 1394 2279 substantiae

312 2307 372 2337 per
393 2305 428 2326 se
450 2294 655 2326 subsistentes
671 2298 767 2324 extra
783 2303 925 2334 corpora
947 2298 1025 2324 sunt
1045 2293 1279 2334 sempiternae:
1302 2293 1393 2328 idest,

316 2351 380 2372 non
405 2340 523 2371 habent
545 2339 674 2369 initium
702 2347 782 2369 suae
811 2338 1009 2369 durationis.
1035 2337 1136 2377 Quod
1160 2338 1294 2379 quidem
1325 2347 1394 2369 non

315 2386 423 2417 solum
439 2389 487 2415 est
503 2383 629 2420 falsum,
643 2382 699 2414 sed
715 2382 852 2415 includit
867 2382 957 2424 quod
969 2382 1176 2424 probandum
1189 2388 1247 2419 est,
1260 2383 1394 2420 scilicet,

315 2431 394 2462 tales
410 2429 601 2460 substantias
617 2437 696 2459 esse.
709 2446 733 2451 -
746 2427 781 2459 Si
801 2432 910 2459 autem
927 2428 1102 2469 accipiatur
1117 2428 1263 2460 secundo
1279 2427 1394 2465 modo,

316 2475 434 2506 falsum
449 2479 497 2505 est
513 2473 603 2514 quod
615 2474 649 2504 in
662 2473 723 2504 illis
739 2482 807 2504 non
824 2472 949 2505 differat
965 2482 1034 2504 esse
1051 2478 1084 2504 et
1098 2482 1206 2514 posse.
1218 2473 1303 2505 Nam
1320 2473 1396 2504 talia

316 2518 582 2559 incorruptibilia,
612 2517 794 2549 secundum
816 2517 926 2554 fidem,
950 2518 1040 2558 prius
1067 2517 1201 2550 fuerunt
1229 2518 1396 2560 possibilia

317 2574 386 2596 esse
410 2573 509 2605 quarn
532 2563 596 2594 sint
619 2562 777 2604 producta
799 2563 831 2593 in
861 2568 945 2594 actu.
973 2563 1015 2594 Et
1037 2563 1083 2594 sic
1110 2573 1179 2594 non
1202 2563 1330 2595 videtur
1357 2573 1395 2595 ex

315 2609 370 2641 illa
392 2609 618 2649 propositione
643 2608 850 2648 propositum
874 2606 1070 2639 confirmari.

370 2653 411 2684 V.
428 2652 480 2684 Ad
496 2652 691 2684 evidentiam
706 2652 801 2693 primi
819 2651 919 2689 dubii,
936 2651 1209 2684 considerandum
1233 2657 1281 2683 est
1304 2652 1396 2694 quod

317 2698 391 2728 satis
414 2698 538 2729 clarum
553 2702 601 2728 est
617 2696 708 2738 quod
722 2696 869 2728 intendat
887 2697 1077 2728 Aristoteles
1088 2697 1147 2728 Vll
1169 2697 1354 2739 Metaphys.
1368 2699 1395 2735 ¹*‚

318 2751 393 2773 cum
417 2741 494 2774 dicit
517 2741 558 2773 de
581 2742 759 2773 substantia
782 2740 874 2782 quod
893 2747 941 2773 est
961 2742 1130 2774 accidente
1154 2743 1244 2783 prior
1267 2743 1397 2774 ratione

317 2791 348 2817 et
370 2787 568 2829 cognitione.
594 2786 680 2824 Quia
696 2787 783 2817 enim
800 2785 974 2818 accidentis
995 2788 1076 2818 ratio
1093 2787 1256 2828 dependet
1279 2798 1298 2819 a
1320 2789 1396 2819 sub-

318 2832 442 2868 stantia,
459 2841 535 2863 cum
557 2831 735 2862 substantia
757 2837 899 2872 ponatur
913 2832 947 2862 in
963 2832 1033 2863 eius
1049 2833 1184 2870 ratione,
1201 2841 1270 2864 non
1286 2838 1396 2864 autem

317 2876 513 2907 substantiae
536 2876 618 2907 ratio
642 2875 804 2916 dependet
827 2885 846 2907 a
868 2877 993 2908 ratione
1017 2877 1206 2909 accidentis:
1227 2877 1302 2909 ideo
1322 2878 1397 2909 sub—

318 2921 434 2951 stantia
455 2925 503 2952 est
525 2921 614 2961 prior
636 2921 761 2951 ratione
777 2920 953 2952 accidente.
978 2921 1141 2959 Similiter,
1158 2923 1235 2964 quia
1250 2923 1397 2964 cognitio

318 2966 513 2997 substantiae
533 2974 603 2996 non
626 2965 789 3006 dependet
812 2975 830 2996 a
853 2966 1042 3006 cognitione
1065 2967 1240 2998 accidentis
1263 2967 1398 3008 (loquor

319 3010 359 3040 de
375 3011 563 3051 cognitione
577 3010 775 3042 intellectiva
790 3011 986 3052 utriusque),
1003 3011 1060 3042 sed
1084 3013 1167 3043 bene
1183 3013 1328 3053 cognitio
1345 3022 1398 3044 ac-

319 3054 463 3092 cidentis,
487 3055 683 3096 inquantum
710 3054 859 3086 accidens
889 3061 947 3093 est,
971 3055 1135 3097 dependet
1161 3067 1179 3088 a
1208 3058 1397 3098 cognitione

320 3100 524 3136 substantiae,
546 3109 623 3130 curn
647 3105 798 3141 oporteat
820 3101 980 3131 rationem
1003 3101 1200 3133 substantiae
1216 3103 1249 3133 in
1272 3103 1398 3134 ratione

321 3143 493 3175 accidentis
516 3145 612 3184 poni:
637 3144 713 3176 ideo
741 3144 858 3176 dicitur
888 3146 1065 3176 substantia
1092 3147 1181 3187 prior
1210 3148 1398 3188 cognitione

321 3188 495 3220 accidente.
511 3189 572 3220 Vel
588 3189 686 3220 etiarn
702 3190 778 3230 quia
802 3195 850 3220 est
864 3191 954 3231 prior
968 3189 1170 3231 perfectione
1186 3192 1397 3233 cognitionis:

322 3234 488 3274 quoniam,
519 3239 556 3264 ut
585 3234 692 3274 inquit
718 3235 764 3265 ibi
791 3235 1022 3276 Philosophus,
1046 3236 1132 3267 scire
1161 3241 1238 3267 tunc
1263 3237 1399 3279 singula

322 3278 463 3309 maxime
479 3283 645 3319 putamus,
663 3279 794 3320 quando
810 3280 889 3320 quid
904 3285 952 3311 est
972 3280 1069 3311 homo
1089 3282 1319 3322 cognoscimus
1342 3287 1400 3313 aut

324 3322 419 3364 ignis,
443 3323 550 3364 magis
571 3332 669 3364 quam
688 3333 761 3355 cum
783 3325 880 3365 quale
896 3329 955 3356 aut
969 3330 1126 3366 quantum
1143 3330 1202 3356 aut
1217 3326 1281 3357 ubi.
1298 3343 1320 3350 —-
1335 3326 1400 3358 Sed

324 3366 459 3398 dubium
483 3372 530 3398 est
554 3367 632 3408 quid
655 3368 851 3410 intelligatur
865 3379 924 3410 per
943 3369 1024 3401 illud
1047 3369 1139 3411 quod
1157 3370 1274 3401 dicitur
1294 3372 1399 3412 ipsam

325 3420 392 3442 esse
421 3416 563 3452 tempore
583 3413 742 3453 priorem.
766 3413 851 3444 Nam
878 3415 944 3445 hoc
968 3413 1083 3446 diversi
1111 3414 1327 3447 diversimode
1351 3417 1399 3447 in-

325 3461 546 3496 terpretantur.

380 3499 530 3541 intelligit
545 3501 632 3532 enim
648 3501 728 3532 illud
744 3503 914 3540 Averroes,
938 3503 1059 3535 ibidem
1073 3505 1100 3541 ⁹,
1119 3503 1160 3535 de
1180 3503 1400 3536 accidentibus

264 3560 267 3563 -
326 3548 450 3575 tanturn
477 3554 584 3576 rerum
614 3547 847 3586 generabilium
876 3553 908 3579 et
935 3548 1207 3590 corruptibilium.
1235 3549 1322 3588 Quia
1346 3556 1401 3582 aut

327 3594 401 3618 sunt
423 3589 599 3621 accidentia
622 3592 790 3631 sequent-ia
806 3594 1045 3634 compositum:
1070 3598 1103 3624 et
1117 3598 1197 3624 tunc
1213 3599 1338 3625 certum
1354 3600 1402 3626 est

329 3631 417 3671 quod
433 3633 607 3664 substantia
624 3637 804 3676 composita
819 3637 873 3668 illa
888 3642 1037 3678 ternpore
1053 3637 1226 3679 praecedit.
1244 3639 1311 3669 Aut
1326 3645 1401 3671 sunt

818 287 1007 326 SUMMA
1037 285 1259 323 CONTRA
1288 284 1564 329 GENTILES,
1593 284 1688 320 LIB.
1709 284 1750 329 II,
1782 283 1894 321 CAP.
1915 284 2014 322 XCI.

1442 369 1531 400 tunc,
1555 363 1631 394 licet
1658 363 1767 403 ipsum
1796 363 2019 403 compositum
2042 373 2112 394 non
2141 364 2314 405 praecedat
2335 366 2411 397 talia
2440 367 2524 397 acci-

1443 408 1551 439 dentia
1574 413 1733 447 tempore,
1750 407 1885 438 materia
1899 413 2010 446 tamen
2026 417 2065 439 ex
2081 418 2148 450 qua
2163 408 2200 440 fit
2219 411 2454 450 compositum,
2470 411 2525 441 illa

1441 458 1590 493 tempore
1613 450 1787 492 praecedit,
1812 453 1896 483 sieut
1918 451 2082 493 praecedit
2105 458 2137 484 et
2159 454 2392 494 compositum.
2416 455 2459 486 Et
2478 456 2523 486 sic

1441 496 1664 528 universaliter
1686 506 1800 527 verum
1825 501 1873 527 est
1896 497 2108 528 substantiam
2123 507 2194 529 esse
2217 499 2361 539 priorem
2375 503 2524 541 tempore

1442 541 1662 573 accidentibus
1669 550 1778 572 rerum
1787 541 2022 582 generabilium
2031 548 2063 573 et
2070 542 2345 584 corruptibilium:
2354 536 2544 584 loquendo·

1442 587 1482 618 de
1506 586 1729 617 accidentibus
1752 586 1787 617 in
1809 591 1895 623 actu,
1919 595 1989 618 non
2012 586 2054 618 de
2069 587 2294 619 accidentibus
2315 589 2351 619 in
2365 589 2524 629 potentia,

1442 631 1628 663 cuiusmodi
1651 630 1739 671 apud
1761 631 1871 672 ipsum
1894 637 1971 662 sunt
1993 632 2213 664 dimensiones
2236 633 2472 665 interminatae.

1498 675 1615 707 Scotus
1638 685 1726 712 vero,
1750 676 1786 707 in
1809 676 1837 707 11
1860 675 1960 713 Seni„
1977 676 2008 707 d.
2025 687 2046 714 ι,
2063 686 2095 718 q.
2114 679 2171 715 ν’,
2194 677 2276 709 illud
2291 677 2332 709 de
2346 678 2525 710 substantia

1441 722 1475 751 in
1499 721 1745 762 comparatione
1773 720 1814 752 ad
1843 722 1954 752 omnia
1977 721 2155 754 accidentia
2183 723 2421 764 interpretatur.
2445 722 2525 754 Vult

1442 766 1530 796 enim
1551 764 1643 806 quod
1658 765 1751 796 nulla
1763 770 1812 797 est
1826 765 2043 797 contradictio
2059 776 2102 798 ex
2111 772 2211 808 parte
2227 768 2430 800 substantiae
2445 768 2523 810 quin

1437 810 1544 852 possit
1567 819 1636 842 esse
1652 810 1754 851 prior
1772 810 1862 842 omni
1884 810 2052 842 accidente
2074 810 2261 843 duratione.

1498 855 1636 886 Sanctus
1651 855 1800 886 Thomas
1817 860 1938 893 autem,
1954 856 1990 887 in
2001 856 2060 887 Vll
2076 857 2221 898 Metaph.
2234 858 2262 895 ⁶,
2274 858 2410 898 exponit
2432 857 2525 899 quod

1442 900 1554 941 aliqua
1577 900 1759 932 substantia
1783 900 1950 932 inuenitur
1970 900 2041 932 sine
2063 901 2240 938 accidente,
2265 902 2393 934 nullum
2415 907 2524 934 autem

1442 945 1594 977 accidens
1618 945 1784 976 invenitur
1797 945 1869 977 sine
1889 945 2093 977 substantia.-
2108 951 2140 978 et
2155 947 2204 978 sic
2219 956 2286 978 non
2302 947 2525 988 quandocum-

1442 1000 1504 1033 que
1527 994 1575 1022 est
1596 990 1788 1026 substantia,
1813 995 1862 1022 est
1883 990 2044 1027 accidens,
2067 991 2126 1022 sed
2148 1001 2166 1022 e
2189 991 2372 1023 contrario.

1501 1044 1531 1066 2.
1543 1034 1639 1066 Hanc
1655 1035 1765 1066 Sancti
1779 1034 1931 1066 Th0mae
1946 1036 2248 1077 interpretationem
2267 1041 2439 1078 exponunt
2453 1037 2526 1079 qui-

1443 1079 1519 1111 dam
1542 1079 1687 1111 dicentes
1710 1079 1803 1121 quod
1824 1079 1975 1121 intelligit
1990 1079 2031 1112 de
2046 1081 2152 1121 prima
2173 1082 2362 1119 substantia,
2378 1090 2463 1122 quae
2479 1087 2528 1114 est

1444 1125 1547 1162 Deus;
1572 1130 1605 1156 et
1628 1124 1720 1166 quod
1746 1126 1882 1156 nomine
1911 1126 2066 1166 temporis
2094 1126 2246 1168 intelligit
2268 1135 2405 1158 omnem
2431 1125 2527 1158 dura—

1443 1171 1580 1202 tionem.
1604 1169 1726 1202 Sensus
1754 1170 1843 1202 enim
1870 1175 1929 1207 est,
1953 1171 2167 1203 substantiam
2196 1180 2267 1203 esse
2294 1172 2440 1212 priorem
2467 1170 2527 1204 du-

1443 1216 1569 1247 ratione
1593 1214 1772 1252 accidente,
1795 1215 1994 1256 inquantum
2009 1225 2163 1248 mensura
2181 1217 2391 1255 substantiae,
2413 1217 2527 1249 saltem

1444 1260 1517 1298 Dei,
1541 1270 1626 1301 quae
1650 1266 1698 1292 est
1721 1260 1902 1298 aeternitas,
1927 1266 1976 1292 est
1998 1270 2152 1293 mensura
2173 1262 2264 1303 prior
2286 1261 2459 1295 duratione
2474 1270 2528 1294 ac-

1445 1305 1634 1343 cidentium,
1659 1304 1751 1346 quod
1774 1310 1823 1336 est
1844 1310 1986 1347 tempus.

1500 1351 1563 1382 Ista
1586 1349 1808 1392 interpretatio
1831 1349 1960 1382 videtur
1982 1349 2024 1381 ad
2046 1349 2241 1391 fugiendum
2263 1352 2405 1384 inventa.
2428 1352 2527 1392 Quia,

1445 1405 1522 1427 cum
1545 1401 1676 1437 tempus
1699 1400 1842 1437 ponatur
1865 1400 2043 1432 aeternum,
2067 1396 2251 1428 secundum
2273 1397 2484 1430 Aristotelem
2499 1399 2528 1436 ⁹,

1445 1440 1575 1472 difficile
1599 1446 1647 1472 est
1670 1441 1792 1472 salvare
1821 1440 1962 1481 primam
1992 1441 2216 1479 substantiam,
2240 1452 2325 1483 quae
2356 1448 2405 1474 est
2427 1443 2528 1480 Deus,

1445 1496 1515 1517 esse
1538 1486 1706 1518 accidente
1729 1486 1875 1527 priorem
1897 1490 2058 1526 tempore,
2082 1487 2215 1527 proprie
2237 1487 2431 1528 accipiendo
2446 1493 2529 1520 tem-

1445 1541 1517 1572 pus.
1541 1531 1602 1562 Per
1624 1531 1709 1563 hanc
1725 1536 1836 1562 autem
1850 1530 1938 1562 viam
1961 1529 2064 1562 facilis
2080 1536 2129 1562 est
2145 1531 2268 1563 evasio:
2293 1533 2372 1574 quia
2388 1541 2460 1564 non
2481 1538 2530 1564 est

1445 1577 1691 1613 inconveniens,
1714 1576 1819 1607 immo
1843 1581 1891 1606 est
1913 1576 2130 1613 verissimum,
2154 1576 2264 1608 Deum
2287 1587 2358 1611 esse
2385 1578 2530 1619 priorem

1446 1622 1538 1653 omni
1561 1621 1733 1653 duratione
1755 1621 1914 1660 temporis
1937 1621 2070 1657 aeterni,
2087 1621 2283 1662 inquantum
2300 1628 2348 1653 est
2370 1622 2405 1654 in
2428 1627 2529 1654 aeter-

1445 1667 1555 1703 nitate,
1581 1675 1666 1707 quae
1689 1670 1737 1696 est
1759 1665 1887 1696 duratio
1911 1665 2094 1696 secundum
2117 1671 2265 1698 naturam
2289 1668 2379 1708 prior
2401 1673 2434 1700 et
2455 1676 2530 1709 per-

1446 1710 1562 1742 fectior
1591 1717 1751 1751 tempore,
1783 1719 1860 1740 cum
1890 1710 1930 1740 sit
1957 1715 2027 1741 tota
2057 1711 2157 1742 simul
2180 1711 2332 1749 existens,
2357 1718 2395 1743 ut
2421 1712 2530 1754 inquit

1446 1757 1593 1792 Boetius,
1617 1756 1651 1786 in
1666 1755 1696 1785 V
1719 1754 1759 1786 de
1785 1754 2022 1786 Consolatione
2030 1756 2058 1786 “.
2082 1755 2147 1787 Sed
2161 1765 2232 1787 non
2253 1756 2383 1788 videtur
2404 1757 2472 1789 hoc
2486 1755 2530 1789 ad

1446 1807 1591 1832 mentem
1614 1799 1799 1831 Aristotelis
1822 1808 1910 1830 esse:
1935 1800 2022 1840 quia,
2051 1809 2128 1831 cum
2158 1802 2319 1842 superius,
2349 1803 2385 1834 in
2411 1802 2528 1844 quinto

1446 1847 1529 1878 libro
1541 1847 1569 1882 ⁴,
1593 1844 1803 1876 declaraverit
1825 1843 1905 1884 quid
1928 1846 1969 1875 sit
1986 1845 2085 1886 prius
2108 1843 2267 1887 &emper-e,⁴
2285 1856 2356 1878 non
2378 1851 2428 1878 est
2449 1853 2530 1879 con-

1446 1891 1580 1922 veniens
1596 1895 1633 1920 ut
1647 1890 1702 1920 hic
1718 1889 1804 1920 dicat
1817 1888 1942 1929 aliquid
1957 1890 2047 1929 prius
2062 1895 2212 1931 tempore
2223 1891 2266 1922 ad
2280 1891 2380 1922 alium
2395 1900 2531 1924 semum

1447 1944 1547 1976 quam
1570 1934 1668 1965 verba
1685 1932 1874 1973 ¹secundum
1897 1933 2007 1964 datam
2021 1934 2062 1964 ab
2084 1935 2158 1975 ipso
2181 1935 2531 1976 significationemim·

1446 1984 1588 2020 portent,
1612 1979 1675 2009 nisi
1698 1987 1820 2008 novam
1842 1978 1912 2019 ipse
1935 1977 2210 2019 significationem
2227 1986 2382 2022 exponat.
2396 1981 2530 2014 -Pne-

1446 2030 1543 2061 terea,
1568 2032 1637 2054 non
1661 2023 1784 2054 utimur
1798 2023 1863 2053 hoc
1887 2022 1990 2054 modo
2006 2023 2167 2064 loquendi
2190 2034 2268 2056 cum
2283 2025 2392 2067 aliqua
2414 2034 2532 2061 secm-

1447 2068 1527 2101 dum
1546 2067 1753 2100 durationem
1768 2076 2009 2108 comparamus,
2027 2078 2094 2100 non
2109 2069 2382 2113 quandocumque
2395 2070 2530 2110 est-hoc,

1446 2118 1496 2145 est
1518 2113 1610 2149 illud,
1629 2122 1698 2154 quo
1713 2111 1816 2144 modo
1838 2113 1940 2144 utitur
1961 2113 2100 2144 Sanctus
2115 2113 2272 2152 Thomas,
2287 2116 2352 2147 nisi
2366 2113 2426 2147 flat
2438 2124 2531 2150 cnm-

1447 2159 1573 2200 paratio
1589 2159 1623 2190 in
1638 2164 1790 2199 tempore
1804 2167 1845 2188 ex
1859 2163 1950 2199 parte
1965 2159 2152 2199 utriusque:
2167 2169 2246 2192 cum
2260 2160 2533 2203 quandocunque

1447 2205 1488 2236 sit
1511 2203 1702 2235 adverbium
1725 2203 1893 2244 temporis.
2486 2226 2489 2230 Α

1506 2249 1536 2281 3.
1553 2249 1595 2280 Et
1617 2248 1705 2284 ideo,
1720 2247 1811 2279 salvo
1827 2256 1957 2289 semper
1977 2247 2107 2280 meliori
2129 2248 2265 2287 iudicio,
2281 2249 2426 2282 dicei-en
2437 2258 2533 2284 men-

1446 2299 1516 2326 tem
1538 2293 1649 2326 Sancti
1673 2293 1824 2324 Th0mae
1847 2292 1912 2324 hoc
1934 2292 2011 2324 loco
2034 2302 2105 2325 esse
2127 2293 2230 2335 quod,
2253 2294 2425 2335 sequendo
2439 2297 2533 2339 posi-

1448 2340 1574 2371 tionem
1597 2337 1780 2370 Aristotelis
1802 2338 1957 2380 ponentis
1971 2337 2136 2370 mundum
2153 2344 2335 2376 aeternum,
2354 2341 2533 2375 sub-naua

1449 2389 1498 2416 est
1515 2385 1606 2425 prior
1627 2382 1796 2415 accidente
1818 2389 1980 2424 tempore,
1994 2392 2063 2414 non
2086 2388 2173 2420 actu,
2195 2383 2255 2416 sed
2276 2383 2426 2425 potentia
2447 2393 2533 2428 que

1449 2428 1528 2461 dicit
1550 2428 1901 2470 non-repugnantiam,
1924 2427 2207 2469 quemadmodum
2229 2429 2328 2460 etiam
2343 2429 2533 2463 Sconnex-

1449 2475 1545 2516 ponit
1559 2475 1587 2505 ·.
1612 2474 1705 2505 Licet
1727 2474 1817 2505 enim
1845 2473 1975 2505 nullum
2006 2472 2104 2505 fuerit
2125 2478 2258 2515 tempus
2278 2474 2314 2505 in
2341 2483 2412 2515 quo
2435 2474 2534 2508 fluuit
2563 2477 2574 2488 ·

1450 2519 1628 2550 substantia
1651 2524 1683 2550 et
1705 2526 1776 2550 non
1798 2517 1896 2550 fuerit
1910 2517 2071 2555 accidens,
2095 2518 2185 2560 apud
2206 2519 2432 2558 Aristotelem3
2455 2521 2535 2563 quia

1450 2570 1560 2595 tamen
1576 2564 1666 2595 Deus
1681 2563 1804 2604 absque
1828 2564 1921 2594 omni
1944 2562 2112 2595 accidente
2128 2569 2187 2602 est,
2210 2569 2368 2605 tanquam
2386 2565 2534 2599 nonha—

1450 2610 1533 2640 bens
1546 2607 1588 2640 ad
1603 2607 1754 2640 accidens
1776 2606 2040 2649 dependendam,
2063 2607 2142 2640 ideo
2156 2617 2227 2640 non
2241 2615 2412 2650 repugnat,
2429 2614 2535 2652 qu-

1450 2660 1522 2686 tum
1546 2659 1594 2685 est
1617 2663 1656 2684 ex
1678 2653 1860 2684 rationibus
1882 2653 2110 2691 terminorum,
2137 2653 2258 2695 ipsum,
2284 2659 2316 2685 et
2337 2662 2398 2695 per
2419 2662 2535 2687 couse-

1451 2708 1557 2741 quens
1572 2699 1717 2740 aliquam
1732 2697 1958 2735 substantiam,
1975 2707 2046 2729 esse
2064 2699 2099 2729 in
2121 2698 2234 2740 aliquo
2249 2704 2400 2740 tempore
2415 2699 2450 2731 in
2462 2709 2534 2742 quo

1450 2744 1580 2776 nullum
1599 2744 1640 2775 sit
1662 2742 1824 2780 accidens,
1848 2749 1882 2774 et
1903 2744 1949 2775 sic
1971 2742 2167 2785 praecedere
2189 2743 2373 2776 secundum
2391 2743 2535 2777 dunno-

1450 2798 1539 2826 nem,
1563 2794 1596 2820 et
1618 2787 1801 2820 secundum
1824 2793 1956 2830 tempus
1983 2789 2223 2830 imaginarium,
2250 2797 2350 2820 omne
2373 2789 2534 2823 accidens.

1452 2834 1558 2873 Unde,
1574 2842 1652 2865 cum
1667 2833 1775 2875 inquit
1789 2832 1928 2865 Sanctus
1950 2832 2108 2871 Th0mas,
2130 2833 2331 2875 exponendo
2354 2834 2536 2869 Aristeae&

1451 2884 1607 2916 mentem,
1624 2878 1716 2920 quod
1739 2887 1806 2909 non
1821 2877 2094 2920 quandocumque
2108 2883 2158 2910 ese
2171 2877 2363 2915 substantia,
2378 2883 2431 2911 m
2448 2878 2536 2912 caci-

1452 2923 1541 2960 dens,
1557 2924 1615 2955 sed
1635 2933 1653 2955 e
1675 2923 1857 2960 contrario,
1877 2922 2141 2956 subaudiendum
2160 2928 2209 2955 est
2231 2923 2437 2956 necessario:
2458 2925 2536 2967 qula

1451 2969 1602 3000 videlicet
1630 2977 1700 3000 non
1730 2973 1779 2999 est
1807 2969 2026 3000 necessarium
2052 2967 2146 3009 quod
2177 2967 2458 3011 quandocumque
2486 2974 2537 3001 est

1451 3014 1640 3050 substantia,
1652 3014 1694 3044 sit
1708 3012 1869 3051 accidens,
1885 3012 2098 3045 consideratis
2109 3013 2250 3055 propriis
2260 3013 2442 3046 rationibus
2458 3015 2536 3046 sub-

1452 3059 1587 3090 stantiae
1605 3064 1638 3089 et
1653 3057 1844 3095 accidentis;
1862 3058 1938 3090 licet
1952 3067 2012 3099 per
2026 3057 2178 3090 accidens
2191 3058 2474 3100 quandocumque
2486 3065 2537 3092 eat

1452 3113 1558 3135 unum
1581 3103 1622 3134 sit
1644 3103 1792 3140 alterum,
1813 3112 1854 3134 ex
1872 3111 1914 3134 eo
1937 3102 2030 3144 quod
2050 3102 2167 3135 accidit
2187 3103 2396 3142 substantiae,
2418 3108 2458 3136 ut
2477 3104 2535 3142 sic,

1453 3148 1545 3190 quod
1566 3147 1711 3180 mundus
1733 3148 1774 3179 sit
1797 3147 1838 3179 ab
1861 3153 1994 3179 aeterno
2017 3147 2208 3189 productus.

1508 3193 1620 3225 Potest
1642 3193 1740 3224 etiam
1763 3193 1885 3234 exponi
1907 3192 1949 3224 de
1972 3192 2149 3224 substantia
2172 3197 2279 3224 creata
2305 3191 2463 3230 absolute,
2481 3192 2536 3224 iu-

1454 3244 1615 3280 quantum
1638 3246 1851 3269 communem
1867 3238 2028 3269 rationem
2043 3238 2242 3269 substantiae
2252 3237 2434 3278 participat.
2457 3236 2535 3269 Non

1454 3284 1543 3315 enim
1564 3287 1725 3324 repugnat
1747 3282 1840 3324 quod
1869 3283 1911 3314 sit
1939 3282 2048 3324 aliqua
2078 3282 2258 3314 substantia
2280 3286 2389 3312 creata
2411 3281 2535 3323 absque

1454 3328 1547 3360 omni
1569 3327 1747 3365 accidente,
1770 3326 1974 3359 considerata
1996 3327 2145 3359 absolute
2169 3326 2298 3358 ratione
2318 3325 2534 3359 substantiae:

1454 3378 1487 3404 et
1509 3373 1556 3404 sic
1579 3371 1672 3413 quod
1694 3372 1735 3404 sit
1757 3372 1847 3414 prior
1869 3377 2019 3414 tempore
2042 3370 2219 3403 accidente.

1510 3426 1542 3456 4.
1558 3416 1624 3448 Sed
1639 3422 1753 3448 contra
1768 3417 1907 3458 primam
1919 3416 2159 3458 expositionem
2169 3414 2280 3446 Sancti
2292 3414 2444 3447 Th0mae
2454 3416 2473 3435 θ
2486 3416 2535 3447 vi-

1455 3461 1550 3493 detur
1570 3471 1642 3493 esse
1664 3460 1756 3502 quod
1779 3461 1870 3492 Deus
1892 3469 1962 3493 non
1983 3460 2119 3502 ponitur
2139 3460 2173 3490 in
2197 3468 2316 3500 genere
2339 3460 2534 3493 substantiae

1455 3506 1765 3547 praedicamentalis.
1789 3505 1926 3538 Videtur
1947 3510 2058 3536 autem
2076 3503 2267 3535 Aristoteles
2289 3503 2331 3536 de
2356 3505 2535 3537 substantia

1455 3551 1739 3592 praedicamentali
1762 3551 1866 3592 loqui,
1883 3556 1960 3582 cum
1979 3548 2058 3580 dicit
2079 3549 2184 3590 ipsam
2200 3558 2270 3580 esse
2294 3549 2438 3591 priorem
2450 3554 2534 3582 tem-

1455 3605 1537 3637 pore
1560 3595 1737 3627 accidente.

1510 3639 1714 3681 Responderi
1729 3638 1770 3671 ad
1793 3639 1857 3670 hoc
1875 3637 2047 3679 dupliciter
2062 3642 2181 3679 potest.
2198 3638 2319 3676 Primo,
2335 3637 2427 3680 quod
2440 3646 2534 3680 prae-

330 3675 506 3708 accidentia
532 3680 784 3711 concomitantia
814 3682 1037 3722 compositum
1067 3682 1337 3724 inseparabiliter:
1370 3689 1401 3715 et
1458 3684 1678 3716 dicamentum
1701 3683 1898 3715 substantiae
1921 3690 1990 3713 non
2014 3683 2132 3724 accipit
2149 3682 2370 3724 Philosophus
2392 3683 2533 3725 proprie,

2759 224 2768 465 ——...-.-..-...-.
2766 190 2768 205 ..

2552 681 2560 690 ·
2575 680 2627 703 roi.
2642 681 2679 704 εν
2697 680 2727 710 (ν

2553 707 2623 736 ¹⁵97)-

2552 859 2561 868 '
2577 858 2634 880 Loe.
2649 857 2690 881 eit.
2739 846 2753 894 Σ

2554 1394 2566 1404 ·
2584 1391 2640 1416 vm
2653 1392 2720 1422 Phys

2555 1424 2654 1469 1¹2¹*
2681 1425 2701 1442 “·

2556 1754 2695 1777 'Pron-vi.

2556 1841 2613 1891 bias?
2618 1840 2746 1907 1ιῖῗῖκῆὶᾷ

2562 3420 2703 3477 zat-:s
