2768 4134
38 625 55 651 ''—
63 622 101 646 Οἱ.
115 622 167 646 init.
183 622 254 646 Gom-

40 653 112 673 m-t.

813 277 1001 316 SUMMA
1030 281 1252 321 CONTRA
1280 284 1554 335 GENTILES,
1585 289 1696 327 CAP.
1717 291 1815 339 XCI,
1835 292 1948 330 XCII.

281 355 468 396 aliquorum
491 356 766 397 philosophorum
798 358 992 396 ponentium
1024 369 1131 391 rerum
1160 363 1356 404 principium

281 400 343 430 Dei
367 409 529 436 amorem;
554 406 586 431 et
608 400 768 441 Dionysii,
792 410 825 430 1v
848 410 918 441 cap.
943 402 982 432 de
1003 403 1079 434 Diu.
1097 405 1204 442 Nom„
1221 407 1356 438 dicentis

282 444 373 485 quod
395 445 527 475 divinus
550 454 647 475 amor
670 454 736 475 non
754 445 907 485 permisit
929 455 1001 476 eum
1025 448 1095 478 sine
1114 451 1262 490 germine
1277 461 1355 482 esse.

337 487 371 519 In
397 488 470 519 Deo
493 490 591 529 igitur
614 489 704 520 nulla
719 486 760 519 de
776 489 893 519 nostris
909 489 1134 522 affectionibus
1157 495 1287 534 proprie
1310 502 1357 526 est

280 533 343 564 nisi
365 533 522 574 gaudium
537 539 570 564 et
590 539 693 564 amor.
709 533 804 571 Quae
827 534 924 563 etiam
948 534 982 564 in
1005 535 1078 574 ipso
1099 538 1265 576 passiones
1288 548 1355 569 non

281 583 367 614 sunt,
391 578 476 609 sicut
497 579 532 608 in
554 578 660 608 nobis.

337 623 376 653 X.
393 622 564 660 Quantum
578 621 621 652 ad
637 627 789 662 quartum
798 622 825 657 *‚
842 623 949 662 inquit
964 623 1055 663 quod
1077 624 1157 655 aliae
1180 627 1356 665 passiones,

281 676 365 707 quae
388 666 571 698 secundum
594 667 754 697 rationem
777 676 855 697 suae
879 668 998 708 speciei
1022 667 1150 699 divinae
1166 669 1357 709 perfectioni

280 716 473 752 repugnant,
490 710 531 741 de
544 710 617 741 Deo
633 711 667 741 in
683 710 848 752 Scriptura
864 712 1086 752 metaphorice
1103 711 1264 750 dicuntur,
1281 724 1357 755 pro-

279 759 352 796 pter
367 754 612 786 similitudinem
637 753 814 787 effectuum
837 762 893 787 aut
915 755 1051 787 alicuius
1072 757 1250 788 affectionis
1266 768 1356 799 prae-

280 799 434 830 cedentis.

336 843 432 875 Circa
453 843 636 875 secundum
665 844 815 882 modum,
839 846 896 886 qui
926 845 1049 876 scilicet
1079 851 1126 876 est
1155 853 1288 887 propter
1315 849 1356 878 si-

278 888 498 920 militudinem
527 888 708 920 affectionis
738 889 970 930 praecedentis,
1001 890 1235 922 advertendum
1267 892 1356 932 quod

277 934 446 974 passiones
461 943 546 974 quae
562 933 602 964 de
615 934 688 965 Deo
704 935 927 975 metaphorice
942 941 1068 966 tantum
1085 935 1247 972 dicuntur,
1263 937 1355 967 nullo

277 977 380 1009 modo
404 978 557 1009 dicuntur
575 978 615 1010 de
631 979 704 1019 ipso
721 985 881 1020 quantum
897 979 938 1010 ad
953 978 1159 1010 affectionem
1176 990 1275 1021 quam
1291 980 1356 1012 for—

277 1022 405 1054 maliter
426 1024 616 1064 important,
633 1029 793 1064 quantum
813 1024 935 1055 scilicet
951 1024 991 1055 ad
1006 1025 1116 1065 ipsum
1132 1030 1241 1056 actum
1257 1035 1356 1066 appe-

277 1068 355 1098 titus
371 1077 472 1108 quem
487 1069 679 1109 important:
705 1078 781 1099 cum
796 1069 850 1100 ille
865 1075 956 1100 actus
972 1079 1010 1100 ex
1030 1070 1162 1110 propria
1178 1069 1356 1101 differentia

278 1112 400 1153 aliquid
415 1122 600 1154 repugnans
612 1113 739 1144 divinae
755 1113 947 1154 perfectioni
964 1113 1060 1144 dieat.
1077 1114 1220 1145 Tristitia
1236 1120 1355 1151 tamen,

277 1157 353 1188 licet
371 1158 496 1188 ratione
520 1158 670 1199 propriae
694 1157 874 1189 affectionis
897 1168 966 1189 non
989 1164 1130 1199 ponatur
1146 1159 1179 1190 in
1196 1159 1279 1196 Deo,
1296 1169 1356 1200 po—

277 1202 364 1233 nitur
386 1208 495 1233 tamen
520 1203 757 1243 metaphorice:
783 1203 860 1243 quia
883 1209 931 1234 est
954 1203 1062 1243 aliqua
1085 1202 1214 1234 affectio
1233 1205 1266 1234 in
1282 1205 1355 1245 ipso

277 1247 391 1278 similis
414 1246 578 1278 affectioni
602 1257 702 1288 quam
720 1248 956 1289 praesupponit
971 1249 1005 1278 in
1021 1249 1115 1279 nobis
1131 1248 1266 1279 tristitia.
1283 1248 1354 1279 Tri-

2399 299 2468 335 251

1410 371 1530 397 stamur
1555 369 1640 398 enim
1665 370 1740 409 quia
1763 372 1870 402 evenit
1893 372 2014 412 aliquid
2038 376 2233 406 contrarium
2257 376 2295 407 iis
2319 387 2402 418 quae
2418 387 2475 410 vo-

1410 409 1517 440 lumus
1534 417 1566 441 et
1581 414 1811 452 approbamus:
1836 421 1867 446 et
1883 417 1927 446 sic
1943 418 2067 448 tristitia
2081 422 2315 460 praesupponit
2330 429 2472 454 amorem

1410 459 1442 483 et
1465 454 1665 486 voluntatem
1689 459 1831 497 oppositi
1855 461 1923 490 eius
1948 462 2037 501 quod
2054 465 2169 500 evenit,
2186 474 2270 504 quae
2284 472 2333 496 est
2347 466 2473 498 affectio

1411 497 1570 547 quaedam
1594 505 1625 529 et
1648 506 1736 531 actus
1760 504 1929 542 appetitus.
1955 504 2056 536 Simili
2079 507 2190 544 modo,
2208 510 2283 549 quia
2306 508 2394 541 Deus
2417 511 2473 542 ali-

1411 541 1489 580 quid
1513 544 1669 581 approbat
1694 551 1725 575 et
1748 553 1833 577 amat
1856 549 1947 579 cuius
1971 552 2159 590 oppositum
2176 554 2291 590 evenit,
2309 560 2340 585 et
2355 562 2393 585 ex
2408 556 2472 586 hoc

1409 585 1504 635 habet
1527 585 1678 636 affectum
1701 590 1836 621 similem
1861 592 2022 624 affectioni
2045 597 2249 634 praecedenti
2264 599 2422 630 tristitiam
2438 601 2471 630 in

1409 630 1514 665 nobis,
1537 630 1623 667 ideo,
1648 640 1779 673 propter
1806 636 2048 669 similitudinem
2075 640 2261 671 huiusmodi
2283 642 2470 680 affectionis,

1410 673 1526 704 dicitur
1549 674 1637 706 Deus
1661 678 1783 709 tristari.

1466 717 1528 748 Sed
1552 722 1690 751 occurrit
1714 722 1858 754 dubium.
1888 724 1921 755 Si
1944 726 2065 766 aliquid
2088 729 2193 758 evenit
2217 732 2410 762 contrarium
2433 733 2471 763 iis

1410 771 1493 801 quae
1517 761 1604 794 Deus
1628 772 1713 796 amat
1736 773 1767 797 et
1790 770 1956 808 approbat,
1973 772 2118 810 sequitur
2141 772 2231 812 quod
2246 775 2395 806 voluntas
2410 776 2471 807 Dei

1409 815 1478 836 non
1508 816 1634 848 semper
1661 811 1840 850 impleatur.
1871 813 1946 844 Hoc
1973 820 2080 845 autem
2110 815 2226 847 falsum
2250 823 2309 848 est:
2335 826 2408 850 curn
2432 821 2472 850 sit

1410 849 1636 883 efficacissima.
1662 854 1747 895 Ergo
1772 862 1832 886 etc.

1411 939 1416 944 ι
1464 895 1690 935 Respondetur
1714 900 1803 939 quod
1826 901 1976 932 voluntas
1992 911 2195 943 consequens
2211 905 2244 935 in
2260 905 2332 936 Deo
2348 914 2472 947 semper

1409 939 1570 990 impletur,
1587 951 1654 972 non
1678 950 1785 975 autem
1808 945 1958 976 voluntas
1981 948 2182 978 antecedens.
2207 949 2300 980 Unde
2316 951 2406 990 quod
2420 952 2472 982 hic

1410 983 1525 1014 dicitur
1548 987 1674 1017 evenire
1696 989 1893 1030 quandoque
1915 992 2072 1021 contraria
2087 993 2124 1022 iis
2140 1002 2223 1033 quae
2239 993 2326 1025 Deus
2342 1001 2426 1026 amat
2441 1002 2472 1026 et

1409 1029 1575 1067 approbat,
1589 1037 1666 1070 puta
1682 1041 1757 1062 cum
1773 1033 1887 1074 aliquis
1904 1035 1967 1075 agit
1983 1041 2093 1066 contra
2104 1043 2312 1078 praeceptum
2329 1038 2471 1070 divinum

1409 1078 1440 1102 et
1458 1074 1526 1103 eius
1550 1075 1811 1114 prohibitionem,
1828 1078 2072 1119 intelligendum
2097 1087 2143 1111 est
2167 1081 2206 1112 de
2230 1089 2339 1113 amore
2362 1089 2394 1113 et
2416 1093 2471 1124 ap-

1408 1118 1599 1156 probatione
1615 1126 1651 1149 ut
1671 1120 1711 1150 ad
1726 1122 1925 1153 voluntatem
1946 1124 2188 1155 antecedentem
2207 1127 2379 1166 pertinent:
2404 1138 2472 1158 non

1408 1166 1517 1192 autem
1546 1169 1582 1193 ut
1609 1165 1768 1203 pertinent
1794 1166 1833 1196 ad
1856 1168 2057 1199 voluntatem
2079 1177 2341 1210 consequentem.
2366 1172 2471 1203 Huius

1408 1211 1516 1236 autem
1536 1206 1748 1239 distinctionis
1765 1211 2011 1250 explicationem
2026 1213 2102 1244 vide
2115 1214 2220 1244 Prima
2235 1215 2336 1252 Parte,
2346 1218 2470 1256 q.11x*;
2500 1222 2507 1230 ·
2522 1222 2573 1243 An.
2584 1222 2605 1248 6,
2617 1222 2645 1244 nd
2657 1230 2674 1245 1·

2400 1269 2402 1271 ·
2498 1262 2508 1271 ·
2522 1261 2573 1283 Art.
2583 1267 2604 1283 2.

1408 1249 1420 1280 I
1440 1250 1538 1286 Sem„
1557 1251 1587 1282 d.
1603 1262 1685 1289 xxm,
1702 1263 1728 1283 a.
1747 1262 1773 1290 1;
1798 1260 1830 1285 et
1849 1255 1955 1292 Verit„
1973 1267 2003 1297 q.
2019 1267 2094 1288 xxm
2106 1259 2132 1294 *‚
2154 1264 2212 1289 etc.

494 1510 1024 1568 CAPITULUM
1078 1511 1731 1570 NONAGESIMUM
1780 1516 2260 1575 SECUNDUM

1153 1622 1183 1652 A
1208 1631 1278 1662 27r
1312 1623 1384 1653 a25
1410 1623 1478 1653 sine
1502 1623 1609 1653 titulo.

641 1711 956 1765 QUOMODO
990 1712 1052 1753 IN
1086 1711 1215 1753 DEO
1249 1712 1591 1755 PONANTUR
1625 1713 1775 1755 ESSE
1810 1714 2114 1757 VIRTUTES

351 1889 354 1892 Ι
380 1863 416 1897 ..2
434 1850 700 1893 „onsEQUENS
736 1850 792 1880 est
833 1850 965 1880 autem
1002 1842 1111 1880 dictis
1153 1844 1356 1881 ostendere

289 1894 301 1911 ’θ
333 1890 470 1947 ·ῖ“’«ξ’“,”ζ.
499 1896 704 1946 quomodo
723 1896 884 1934 virtutes
907 1895 947 1934 in
966 1897 1052 1934 Deo
1071 1908 1219 1948 ponere
1240 1909 1356 1947 opor-

288 1963 309 2005 ς
331 1926 471 2006 ‘gfff'
499 1957 562 1987 tet.
597 1950 763 2000 Oportet
790 1950 912 1996 enim,
942 1950 1040 1988 sicut
1072 1962 1155 1988 esse
1188 1950 1272 1988 eius
1299 1959 1357 1988 est

354 1996 438 2041 ’ὕει’
470 2006 473 2016 ³
499 2003 767 2041 universaliter
806 2004 1036 2054 perfectum,
1070 2004 1252 2042 omnium
1289 2017 1355 2042 en-

274 2058 373 2096 tium
402 2057 657 2110 perfectiones
692 2057 732 2095 in
767 2070 808 2095 se
844 2057 1143 2108 quodammodo
1176 2070 1354 2109 compre-

275 2112 453 2151 hendens
470 2112 503 2158 ³¹⁸,
533 2111 584 2149 ita
613 2119 650 2148 et
678 2111 891 2149 bonitatem
921 2111 1004 2149 eius
1033 2111 1214 2149 omnium
1242 2112 1353 2150 boni—

275 2174 371 2205 tates
389 2165 430 2204 in
450 2179 491 2204 se
510 2165 812 2216 quodammodo
832 2165 1166 2216 comprehendere
1175 2165 1206 2203 ²⁸².
1222 2166 1354 2204 Virtus

275 2227 409 2259 autem
445 2228 502 2258 est
539 2219 690 2257 bonitas
725 2219 922 2269 quaedam
954 2218 1132 2257 virtuosi:
1167 2231 1260 2257 nam
1297 2233 1353 2258 se·

240 2283 247 2304 ἱ
274 2275 440 2312 cundum
464 2284 548 2311 eam
572 2273 708 2311 dicitur
735 2275 865 2319 bonus,
886 2278 920 2310 et
938 2285 1032 2323 opus
1054 2275 1132 2310 eius
1159 2275 1300 2311 bonum
1319 2274 1350 2311 *.

275 2328 442 2378 Oportet
468 2339 561 2376 ergo
589 2326 804 2364 bonitatem
831 2326 1006 2364 divinam
1032 2338 1171 2364 omnes
1193 2327 1352 2365 virtutes
1368 2344 1393 2358 ιο

275 2393 348 2420 suo
376 2382 500 2419 modo
529 2380 738 2419 continere.

329 2435 442 2474 Unde
470 2436 577 2473 nulla
605 2446 742 2472 earum
770 2434 989 2472 secundum
1010 2434 1188 2473 habitum
1208 2435 1247 2473 in
1267 2436 1352 2473 Deo

274 2489 427 2537 dicitur,
457 2488 554 2526 sicut
585 2487 626 2526 in
654 2487 779 2526 nobis.
810 2489 896 2526 Deo
925 2488 1030 2526 enim
1060 2501 1142 2526 non
1170 2489 1353 2526 convenit

275 2543 429 2581 bonum
457 2554 541 2580 esse
568 2554 640 2592 per
664 2541 811 2591 aliquid
840 2541 945 2579 aliud
974 2541 1010 2579 ei
1043 2542 1350 2592 superadditum,

275 2597 344 2634 sed
378 2609 451 2648 per
477 2595 684 2634 essentiam
712 2608 842 2633 suam:
872 2607 965 2633 cum
994 2596 1040 2633 sit
1069 2596 1232 2634 omnino
1262 2596 1375 2633 sim-¹

210 2668 216 2678 ¹
274 2651 364 2701 plex
381 2650 414 2688 *.
443 2650 530 2687 Nec
557 2649 675 2687 etiam
701 2661 774 2699 per
800 2649 946 2699 aliquid
966 2661 1059 2687 suae
1079 2650 1266 2687 essentiae
1286 2650 1351 2687 ad—

275 2703 403 2742 ditum
431 2703 525 2753 agit:
565 2715 658 2740 cum
695 2715 767 2740 sua
803 2702 902 2741 actio
941 2703 987 2740 sit
1023 2716 1140 2741 suum
1177 2716 1270 2749 esse,
1310 2711 1351 2739 ut

275 2766 479 2796 ostensum
508 2764 565 2794 est
581 2756 614 2794 ²¹².
644 2755 735 2795 Non
754 2764 810 2794 est
829 2756 942 2806 igitur
970 2756 1091 2794 virtus
1111 2756 1194 2794 eius
1213 2756 1350 2806 aliquis

274 2811 442 2858 habitus,
472 2811 540 2848 sed
569 2822 640 2848 sua
668 2809 843 2847 essentia.

329 2866 436 2903 Item.
467 2863 633 2902 Habitus
659 2864 907 2914 imperfectus
926 2872 1033 2902 actus
1053 2873 1119 2910 est,
1141 2863 1250 2913 quasi
1270 2875 1349 2899 me·
1365 2876 1391 2890 20

275 2918 363 2956 dius
382 2918 482 2956 inter
499 2917 714 2968 potentiam
739 2925 777 2954 et
802 2926 948 2955 actum:
975 2918 1080 2955 unde
1106 2925 1141 2954 et
1165 2918 1349 2954 habentes

275 2972 455 3010 habitum
492 2970 775 3009 dormientibus
812 2979 1090 3021 comparantur
1111 2971 1142 3007 ²¹⁶.
1186 2972 1226 3007 In
1263 2970 1348 3006 Deo

249 3064 259 3069 ,
275 3033 409 3063 autem
437 3033 493 3063 est
521 3033 629 3062 actus
663 3024 975 3075 perfectissimus.
1014 3026 1133 3062 Actus
1166 3023 1278 3071 igitur
1309 3022 1348 3059 in

276 3091 324 3117 eo
340 3091 421 3117 non
436 3087 492 3116 est
511 3078 608 3116 sicut
622 3078 789 3125 habitus,
810 3087 853 3116 ut
870 3081 1041 3116 scientia.-
1060 3077 1126 3114 sed
1146 3077 1242 3114 sicut
1260 3088 1348 3113 con-

274 3134 454 3179 siderare,
484 3132 592 3182 quod
621 3140 678 3170 est
705 3140 814 3170 actus
842 3132 1001 3169 ultimus
1030 3139 1066 3168 et
1093 3130 1293 3180 perfectus.

329 3187 482 3224 Adhuc.
514 3186 679 3224 Habitus
707 3186 901 3237 potentiae
931 3185 1091 3222 alicuius
1118 3182 1347 3232 perfectivus

275 3248 343 3277 est.
373 3241 415 3278 In
438 3241 524 3278 Deo
545 3247 676 3277 autem
695 3239 792 3277 nihil
811 3248 866 3277 est
886 3239 1102 3276 secundum
1122 3236 1345 3286 potentiam,

276 3294 344 3331 sed
358 3295 488 3332 solum
507 3294 727 3331 secundum
742 3302 872 3331 actum
881 3293 912 3329 ²³².
934 3294 976 3329 In
997 3304 1044 3328 eo
1064 3290 1176 3338 igitur
1194 3288 1347 3325 habitus

276 3358 360 3384 esse
387 3360 470 3384 non
497 3354 635 3397 potest.

330 3402 542 3438 Praeterea.
582 3400 748 3438 Habitus
785 3401 833 3437 de
870 3410 1008 3448 genere
1041 3394 1245 3433 accidentis
1278 3401 1344 3430 est.
1362 3407 1386 3426 ιο

276 3454 398 3502 Quod
426 3454 466 3491 in
494 3454 580 3492 Deo
610 3454 774 3492 omnino
794 3465 874 3490 non
894 3460 960 3495 est,
982 3458 1023 3487 ut
1052 3461 1167 3498 supra
1181 3447 1201 3469 ²⁸
1221 3454 1345 3484 osten-

331 3576 342 3594 1
365 3575 407 3594 est
424 3577 467 3594 om
488 3578 513 3594 α.

275 3606 308 3630 ad
327 3605 396 3630 aliud
417 3613 442 3636 α,
461 3613 504 3630 om
525 3605 557 3630 G.

329 3649 347 3672 4
365 3640 415 3674 est]
436 3641 530 3666 dicitur
547 3641 576 3671 Z,
596 3640 630 3665 sit
649 3641 682 3671 P;
701 3640 736 3673 cs.
757 3639 806 3671 243
827 3639 870 3672 b9

274 3676 297 3701 A
316 3677 401 3706 solim
421 3676 658 3709 concupiscentiam
678 3676 707 3706 C,
727 3674 937 3707 concupiscibilia
956 3672 1045 3698 ceteri.

599 3568 683 3603 dictis]
704 3577 734 3594 ex
747 3569 821 3593 dictis
834 3568 928 3593 GYPc.

650 3606 672 3629 ei
691 3605 734 3629 hic
753 3604 809 3634 NZ;
825 3607 888 3635 post
907 3601 1112 3635 superadditum.

1012 3564 1028 3590 8
1046 3563 1167 3588 virtuosi:
1180 3561 1249 3595 nam]
1271 3561 1378 3586 virtuosi
1391 3567 1506 3592 namque
1523 3559 1549 3587 d,
1562 3558 1693 3582 virtuosus
1706 3562 1818 3595 namqtie
1831 3554 1859 3579 P.

1199 3597 1231 3622 18
1251 3598 1306 3621 eius
1325 3596 1382 3626 NZ;
1402 3596 1427 3619 in
1449 3595 1505 3619 Deo
1519 3593 1642 3623 WsYPd‚
1657 3599 1699 3616 om
1714 3594 1802 3615 ceter-1.

962 3636 977 3661 6
997 3636 1104 3660 virtutes
1119 3636 1183 3666 post
1206 3632 1334 3665 pertinent
1357 3631 1464 3659 abEPc,
1485 3637 1527 3654 om
1548 3630 1570 3653 b.

1411 1855 1500 1881 sum
1520 1852 1586 1881 est.
1607 1844 1722 1894 Igitur
1740 1857 1812 1882 nec
1826 1844 1946 1882 virtus
1960 1844 2087 1895 aliqua
2101 1845 2141 1882 in
2155 1846 2239 1883 Deo
2259 1848 2474 1885 secundum

1411 1897 1588 1935 habitum
1609 1897 1755 1945 dicitur,
1777 1899 1843 1935 sed
1863 1900 1991 1935 solum
2015 1899 2230 1936 secundum
2258 1901 2471 1938 essentiam.

1465 1951 1569 1989 Cum
1597 1960 1727 1990 autem
1756 1951 1913 1989 virtutes
1937 1953 2132 1989 humanae
2151 1953 2224 1989 sint
2242 1953 2382 2002 quibus
2400 1955 2472 1991 hu-

1411 2017 1528 2042 mana
1556 2005 1634 2043 vita
1662 2005 1847 2054 dirigitur;
1876 2006 2049 2042 humana
2077 2013 2206 2042 autem
2225 2006 2302 2043 vita
2327 2015 2382 2043 est
2400 2008 2470 2044 du·

1409 2060 1510 2108 plex,
1540 2058 1836 2109 contemplativa
1868 2067 1904 2095 et
1936 2058 2072 2095 activa:
2103 2070 2202 2108 quae
2236 2059 2393 2108 quidem
2421 2061 2471 2097 ad

1409 2113 1575 2150 activam
1590 2113 1708 2150 vitam
1723 2112 1880 2149 virtutes
1894 2111 2093 2161 pertinent,
2108 2120 2224 2161 prout
2238 2113 2337 2150 hanc
2352 2112 2470 2150 vitam

1408 2166 1624 2216 perficiunt,
1654 2167 1737 2203 Deo
1766 2173 1985 2215 competere
2012 2177 2092 2202 non
2119 2173 2292 2214 possunt.

1462 2220 1549 2258 Vita
1577 2220 1682 2257 enim
1709 2219 1831 2256 activa
1859 2218 2027 2256 hominis
2055 2218 2092 2255 in
2117 2231 2191 2255 usu
2210 2218 2468 2268 corporalium

1408 2274 1606 2312 bonorum
1634 2272 1817 2311 consistit:
1848 2273 1951 2309 unde
1985 2279 2020 2308 et
2052 2271 2207 2308 virtutes
2234 2271 2354 2309 vitam
2381 2272 2469 2309 acti-

1408 2340 1500 2365 vam
1528 2327 1694 2375 dirigunt
1722 2326 1863 2376 quibus
1883 2325 1941 2362 his
1961 2324 2071 2362 bonis
2091 2332 2189 2362 recte
2208 2325 2365 2362 utimur.
2386 2326 2468 2362 Hu-

1408 2380 1578 2419 iusmodi
1597 2388 1726 2417 autem
1743 2380 1827 2416 Deo
1842 2378 2047 2416 convenire
2062 2390 2142 2414 non
2160 2386 2334 2427 possunt.
2355 2378 2469 2426 Igitur

1408 2447 1480 2472 nec
1495 2433 1720 2471 huiusmodi
1736 2433 1892 2469 virtutes
1908 2439 2023 2481 prout
2041 2432 2142 2468 hanc
2156 2430 2274 2468 vitam
2289 2430 2466 2479 dirigunt.

1461 2488 1612 2524 Adhuc.
1647 2485 1883 2523 Huiusmodi
1915 2485 2071 2522 virtutes
2103 2496 2232 2521 mores
2259 2484 2467 2521 hominum

1408 2541 1624 2579 secundum
1653 2539 1847 2589 politicam
1880 2537 2212 2575 conversationem
2246 2536 2464 2586 perficiunt:

1407 2595 1511 2632 unde
1531 2593 1600 2631 illis
1620 2592 1686 2642 qui
1705 2591 1856 2642 politica
1879 2590 2169 2628 conversatione
2188 2602 2268 2627 non
2295 2597 2465 2635 utuntur,

1406 2646 1613 2685 convenire
1651 2657 1731 2682 non
1768 2646 1935 2682 multum
1973 2644 2161 2680 videntur.
2200 2643 2324 2679 Multo
2356 2642 2467 2690 igitur

1406 2701 1535 2738 minus
1563 2700 1648 2736 Deo
1677 2697 1883 2735 convenire
1904 2705 2076 2746 possunt,
2097 2696 2206 2733 cuius
2225 2695 2464 2732 conversatio

1406 2763 1442 2792 et
1469 2753 1547 2791 vita
1575 2754 1686 2800 longe
1715 2759 1770 2788 est
1797 2763 1819 2788 a
1847 2751 1967 2788 modo
1997 2751 2191 2786 humanae
2220 2748 2329 2785 vitae.

1459 2808 1608 2844 Harum
1638 2805 1753 2842 etiam
1781 2804 1966 2840 virtutum
1986 2814 2086 2852 quae
2109 2802 2208 2839 circa
2227 2801 2390 2838 activam
2408 2800 2464 2837 vi-

1404 2869 1483 2898 tam
1503 2867 1604 2903 sunt,
1624 2858 1817 2907 quaedam
1837 2857 1936 2894 circa
1963 2855 2160 2905 passiones
2188 2867 2259 2891 nos
2287 2854 2461 2902 dirigunt.

1405 2915 1514 2961 Quas
1529 2912 1566 2949 in
1583 2913 1668 2948 Deo
1682 2923 1827 2960 ponere
1843 2922 1922 2947 non
1941 2921 2160 2959 possumus.
2176 2907 2340 2944 Virtutes
2360 2906 2462 2943 enim

1404 2979 1503 3016 quae
1519 2966 1619 3002 circa
1632 2964 1830 3014 passiones
1845 2971 1944 3008 sunt,
1961 2975 2006 2999 ex
2021 2961 2111 3011 ipsis
2126 2960 2365 3010 passionibus
2379 2971 2463 3008 spe-

1404 3020 1503 3057 ciem
1522 3018 1735 3055 sortiuntur
1753 3017 1849 3054 sicut
1868 3028 1914 3053 ex
1932 3015 2097 3064 propriis
2112 3013 2283 3051 obiectis:
2304 3012 2408 3049 unde
2428 3019 2464 3048 et

1402 3071 1654 3121 temperantia
1678 3083 1700 3107 a
1723 3069 1942 3107 fortitudine
1967 3068 2091 3105 differt
2115 3067 2344 3115 inquantum
2368 3066 2463 3101 haec

1362 3142 1373 3155 2
1402 3126 1501 3163 circa
1529 3122 1857 3172 concupiscentias
1886 3129 1952 3168 est,
1972 3122 2033 3158 illa
2061 3132 2153 3156 vero
2182 3119 2280 3156 circa
2306 3118 2463 3154 timores

1402 3187 1438 3216 et
1465 3177 1656 3215 audacias.
1686 3177 1728 3213 In
1756 3176 1840 3212 Deo
1869 3182 1999 3212 autem
2027 3173 2224 3222 passiones
2253 3183 2333 3208 non
2361 3178 2461 3217 sunt,

1402 3240 1444 3269 ut
1463 3239 1662 3268 ostensum
1682 3237 1736 3266 est
1754 3228 1784 3265 ²¹³.
1815 3227 1929 3276 Igitur
1957 3239 2027 3263 nec
2055 3223 2280 3262 huiusmodi
2305 3223 2463 3260 virtutes

1402 3285 1441 3322 in
1470 3285 1554 3321 Deo
1584 3295 1666 3320 esse
1695 3289 1866 3331 possunt.

1454 3339 1560 3375 Item.
1590 3334 1826 3373 Huiusmodi
1853 3333 2010 3370 virtutes
2038 3343 2116 3368 non
2150 3330 2189 3367 in
2222 3337 2328 3379 parte
2356 3329 2463 3367 intel-

1402 3391 1537 3428 lectiva
1572 3389 1723 3426 animae
1759 3395 1858 3431 sunt,
1889 3386 1954 3422 sed
1988 3385 2026 3421 in
2059 3391 2165 3433 parte
2198 3383 2388 3428 sensitiva,
2422 3383 2462 3419 in

1402 3457 1480 3493 qua
1508 3444 1588 3480 sola
1615 3441 1812 3491 passiones
1842 3452 1923 3476 esse
1951 3444 2124 3488 possunt,
2146 3444 2188 3473 ut
2214 3436 2400 3485 probatur
2423 3435 2462 3472 in

1950 3559 1981 3577 12
2002 3550 2101 3584 earum}
2116 3558 2206 3576 eorum
2222 3559 2247 3574 α.
2332 3556 2365 3582 ¹4
2382 3549 2461 3583 aliud]

1888 3595 1921 3619 24
1939 3586 1976 3620 ut]
1996 3593 2022 3612 et
2040 3587 2089 3612 ΖΡ.

1659 3635 1675 3660 9
1695 3627 1772 3650 vitam
1793 3627 1857 3656 post
1882 3623 1990 3648 activam
2015 3621 2099 3647 aDPc.
2191 3621 2222 3645 25
2243 3620 2463 3653 concupiscentias

2489 3230 2498 3239 ·
2515 3228 2572 3256 Cap.
2587 3234 2681 3250 cxxxix.
