2768 4134
83 957 93 966 ·
108 955 145 977 cf.
163 955 297 977 Comment.

82 982 115 1004 ib.
139 987 203 1003 τινι.

82 1010 92 1020 ·
108 998 143 1031 df.
158 1014 180 1030 n.
194 1015 216 1030 v.

325 302 403 349 448

325 381 454 416 anima
482 389 594 414 omne
621 386 757 424 corpus
783 376 956 419 continet,
976 375 1148 411 convenit
1171 378 1205 409 et
1226 373 1395 420 partium

325 440 615 478 unamquanque
643 427 785 476 aliquid
810 427 980 478 corporis
999 427 1200 462 continere.
1221 426 1312 462 Hoc
1330 437 1396 461 au-

324 489 396 520 tem
424 481 570 520 videtur
598 479 833 529 impossibile.
860 479 1019 521 Qualem
1043 480 1143 515 enim
1163 484 1314 528 partem
1334 482 1400 514 aut

325 534 510 585 quomodo
538 533 738 570 intellectus
766 533 937 578 continet,
957 544 1079 582 grave
1106 537 1157 568 est
1172 533 1342 581 fingere.

808 296 997 333 SUMMA
1026 295 1249 332 CONTRA
1277 293 1553 338 GENTILES,
1582 293 1740 338 LIB.11,
1771 293 1883 330 CAP.
1908 294 2044 330 LXIX.

1451 370 1672 420 ceptionem
1707 370 1790 407 eius
1823 382 1906 408 esse
1944 371 2208 421 receptionem
2241 372 2424 426 materiae
2451 372 2529 423 pri-

1451 435 1557 461 mae:
1579 435 1626 460 ex
1646 435 1727 472 quo
1747 423 1830 460 eius
1850 423 2019 474 receptio
2039 431 2077 461 et
2095 423 2270 474 operatio
2289 433 2346 462 est
2364 425 2528 464 omnino

1453 477 1601 526 absque
1630 487 1777 525 organo
1806 476 2011 526 corporali.

1506 530 1593 567 Nec
1621 528 1738 566 etiarn
1774 529 1926 567 infinita
1961 529 2084 567 virtus
2121 529 2334 567 intellectus
2367 531 2527 568 tollitur:

378 588 485 624 Patet
522 585 638 623 etiam
672 585 791 634 quod,
821 597 868 621 ex
903 597 984 634 quo
1014 584 1226 622 intellectus
1254 583 1398 621 nullius
1421 604 1430 624 ς
1454 595 1547 619 eum
1575 594 1657 619 non
1683 590 1854 632 ponatur
1880 582 2002 620 virtus
2030 583 2070 620 in
2089 582 2368 631 magnitudine,
2396 584 2466 621 sed
2489 583 2531 621 in

324 640 441 690 partis
469 638 643 688 eorporis
671 646 779 676 actus
808 646 875 684 est,
904 638 1013 688 quod
1041 650 1123 674 non
1143 636 1318 686 sequitur
1341 648 1399 673 re—

1454 635 1667 672 substantia
1694 635 1939 673 intellectuali
1965 636 2136 682 fundata,
2160 644 2202 673 ut
2230 635 2379 673 dictum
2407 644 2475 674 est.

1093 734 1432 767 Commentariis.
1455 733 1768 765 Fer-ramensis

326 828 511 894 Offensa
541 817 673 848 veritate
693 816 784 847 circa
816 816 973 846 unionem
1003 813 1198 844 substantiae
1228 812 1401 853 spiritualis
1455 811 1592 842 concedi
1609 817 1721 852 posset
1744 811 1886 842 animam
1909 810 2140 844 intellectivam
2156 818 2188 844 et
2203 814 2415 845 substantiam
2438 815 2531 855 spiri-

411 872 486 893 cum
519 862 662 898 materia,
694 861 790 891 solvit
820 860 956 890 Sanctus
982 858 1137 894 Thomas,
1169 862 1284 896 quarto
1312 856 1399 892 loco,

325 912 515 947 argumenta
538 911 650 936 contra
674 904 918 936 determinatam
941 902 1109 932 veritatem
1130 901 1278 941 superius
1299 900 1400 931 addu-

326 958 387 988 cta,
411 952 516 991 capite
539 960 590 981 wi
601 951 629 979 ἥ.
650 949 744 980 Circa
767 949 831 978 hoc
861 952 971 977 autem
987 946 1054 976 duo
1079 945 1171 975 facit:
1187 945 1295 985 primo
1313 945 1400 975 enim

326 996 421 1027 solvit
445 999 634 1035 argumenta
649 993 802 1028 aliorum3
820 990 976 1026 secundo,
997 993 1186 1029 argumenta
1209 989 1361 1020 Averrois
1373 990 1400 1019 *.

382 1040 404 1070 1.
429 1039 480 1070 Ad
497 1039 642 1079 primum
665 1038 774 1076 itaque
798 1035 936 1065 aliorum
960 1034 1037 1065 dicit
1068 1033 1186 1064 falsum
1217 1042 1286 1063 esse
1310 1032 1402 1073 quod

326 1084 502 1115 substantia
525 1081 696 1122 spiritualis
721 1086 752 1110 et
776 1089 896 1120 corpus
920 1079 982 1109 sint
1006 1078 1089 1108 duae
1107 1078 1303 1108 substantiae
1327 1083 1401 1107 actu

326 1129 511 1159 existentes:
536 1127 639 1156 immo
663 1134 701 1155 ex
726 1124 771 1154 eis
798 1123 834 1154 fit
857 1133 923 1154 una
946 1123 1124 1154 substantia
1148 1127 1223 1152 actu
1253 1122 1401 1152 existens.

326 1171 427 1210 Quod
449 1172 475 1202 si
498 1171 689 1211 probaretur
713 1168 799 1208 quia,
824 1173 968 1208 separata
992 1168 1100 1198 anima
1131 1175 1149 1196 a
1180 1175 1329 1206 corpore,
1353 1175 1402 1196 re-

324 1221 434 1247 manet
457 1223 603 1245 seorsum
619 1219 811 1253 utrumque:
833 1211 949 1243 dicitur
965 1211 1055 1252 quod
1071 1220 1139 1241 non
1156 1215 1203 1240 est
1225 1210 1314 1241 idem
1330 1219 1402 1240 cor-

325 1269 386 1300 pus
409 1264 577 1300 praesente
608 1258 715 1288 anima
746 1262 777 1287 et
807 1257 950 1293 absente,
985 1255 1041 1286 sed
1064 1256 1172 1286 anima
1195 1253 1271 1285 facit
1293 1255 1402 1295 ipsum

325 1313 394 1335 esse
418 1309 502 1334 actu.

379 1348 443 1378 Pro
467 1347 683 1380 declaratione
699 1345 796 1376 huius
811 1344 1042 1385 responsionis,
1063 1341 1346 1379 considerandum,
1365 1348 1403 1373 ut

325 1393 460 1423 habetur
484 1401 522 1422 ex
545 1390 610 1429 Qu.
635 1390 675 1420 de
697 1389 826 1426 Anima,
851 1394 907 1420 art.
935 1398 964 1426 2,
989 1388 1029 1419 ad
1056 1395 1106 1425 ιι,
1131 1386 1223 1428 quod
1244 1396 1304 1427 per
1329 1387 1403 1418 sub·-

325 1437 480 1468 stantiam
503 1440 579 1466 actu
603 1434 792 1465 existentem
819 1433 969 1473 intelligit
998 1432 1135 1464 Sanctus
1162 1431 1308 1462 Thomas
1338 1432 1403 1462 hoc

325 1481 402 1512 loco
426 1480 636 1511 substantiam
658 1478 832 1509 habentem
855 1477 1025 1518 proprium
1056 1486 1125 1508 esse
1149 1475 1338 1507 distinctum
1362 1476 1402 1506 ab

326 1534 395 1556 esse
418 1524 558 1561 alterius,
583 1529 615 1554 et
631 1522 815 1564 perfectam
846 1522 879 1552 in
910 1531 970 1552 sua
1000 1521 1105 1561 specie
1136 1526 1168 1551 et
1194 1525 1325 1550 natura.
1350 1519 1403 1551 Sic

326 1575 447 1606 autem,
471 1569 497 1599 si
522 1577 641 1608 corpus
665 1567 915 1597 constitueretur
937 1575 996 1606 per
1019 1565 1115 1596 aliam
1137 1564 1278 1595 formam
1301 1573 1403 1606 quam

326 1623 384 1654 per
407 1614 560 1649 animam,
577 1621 697 1652 corpus
713 1616 745 1642 et
767 1611 875 1642 anima
891 1615 998 1642 essent
1017 1609 1100 1641 duae
1115 1609 1313 1640 substantiae
1329 1614 1404 1640 actu

327 1659 518 1689 existentes:
543 1657 630 1697 quia,
654 1665 731 1687 cum
755 1665 824 1686 esse
847 1660 923 1686 actu
938 1659 1158 1694 consequatur
1173 1653 1314 1684 formam
1329 1654 1405 1684 sub-

327 1702 519 1738 stantialem,
542 1702 627 1732 sicut
649 1705 757 1732 essent
780 1699 863 1730 duae
886 1698 1022 1736 formae,
1045 1699 1090 1729 ita
1105 1704 1211 1728 essent
1233 1697 1300 1729 duo
1325 1707 1404 1734 esse,

329 1752 360 1778 et
383 1755 441 1787 per
457 1754 663 1786 consequens
679 1753 799 1784 corpus
815 1749 847 1775 et
862 1743 970 1774 anima
986 1747 1093 1774 essent
1108 1741 1192 1773 duae
1207 1742 1404 1773 substantiae

329 1791 500 1822 existentes
522 1795 607 1821 actu.
631 1788 727 1819 Nunc
751 1794 870 1825 autem,
895 1788 971 1828 quia
994 1796 1124 1827 corpuS,
1148 1786 1239 1827 quod
1263 1792 1310 1817 est
1333 1795 1405 1828 pars

329 1835 505 1876 compositi
529 1844 568 1865 ex
592 1833 698 1864 anima
721 1837 754 1862 et
776 1841 926 1873 corpore,
942 1841 1011 1863 non
1036 1837 1084 1862 est
1099 1840 1219 1871 corpus
1234 1840 1292 1871 per
1308 1831 1404 1861 aliam

329 1879 469 1911 formam
492 1888 592 1919 quam
615 1887 674 1918 per
697 1876 849 1913 animam,
872 1876 948 1908 ideo
972 1885 1076 1907 unum
1100 1880 1148 1906 est
1171 1884 1242 1906 esse
1257 1875 1404 1915 corporis

329 1930 362 1955 et
384 1924 526 1960 animae;
551 1928 582 1954 et
605 1923 651 1952 sic
675 1930 794 1960 corpus
817 1927 849 1952 et
879 1921 987 1952 anima
1017 1929 1086 1950 non
1114 1925 1190 1950 sunt
1217 1919 1301 1950 duae
1329 1919 1405 1950 sub-

329 1968 463 1999 stantiae
486 1973 561 1998 actu
584 1967 765 1997 existentes.
790 1964 942 2005 Separata
956 1970 1067 1995 autem
1085 1964 1192 1994 anima
1215 1973 1234 1994 a
1257 1972 1405 2004 corpore,

328 2022 398 2043 non
429 2017 574 2043 remanet
603 2009 691 2042 idem
722 2018 857 2049 corpus:
890 2018 966 2040 cum
996 2018 1065 2039 non
1099 2012 1263 2038 remaneat
1291 2006 1405 2038 eadem

329 2056 434 2087 forma
462 2057 496 2086 in
527 2055 670 2086 materia.
701 2053 778 2085 Ideo
808 2058 887 2084 tunc
919 2062 957 2084 ex
985 2053 1042 2083 illo
1072 2061 1210 2092 corpore
1237 2056 1270 2082 et
1298 2052 1406 2083 anima

328 2110 397 2132 non
423 2106 534 2141 posset
556 2098 625 2130 fieri
648 2107 770 2130 unum:
795 2098 870 2138 quia
897 2102 972 2128 sunt
999 2096 1082 2128 duae
1107 2095 1304 2127 substantiae
1330 2101 1406 2127 actu

329 2146 512 2176 existentes.

386 2190 423 2225 ΙΙ.
447 2189 498 2220 Ad
520 2188 696 2219 secundum
719 2185 934 2228 respondetur
957 2185 1050 2226 quod
1072 2185 1249 2217 substantia
1278 2184 1404 2216 intelle-

330 2234 443 2265 ctualis
459 2239 491 2264 et
514 2242 644 2273 corpus,
668 2233 695 2262 si
717 2240 866 2262 seorsum
881 2231 1026 2267 existant,
1043 2235 1119 2260 sunt
1134 2229 1335 2261 diversorum
1349 2239 1405 2270 ge—

329 2287 455 2314 nerum.
481 2277 582 2308 Prout
604 2281 714 2308 autem
730 2276 898 2312 uniuntur,
915 2281 990 2306 sunt
1005 2275 1102 2306 unius
1117 2274 1244 2314 generis
1262 2278 1298 2304 ut
1315 2275 1404 2314 prin-

331 2323 431 2363 cipia:
449 2330 516 2362 quo
532 2319 634 2352 modo
650 2319 838 2360 intelligitur
849 2319 1017 2350 materiam
1034 2324 1066 2350 et
1082 2317 1221 2349 formam
1235 2318 1271 2349 in
1287 2318 1404 2350 eodem

330 2375 448 2407 genere
471 2365 641 2396 contineri.
785 2374 792 2379 ·

331 2435 336 2439 .
386 2409 439 2442 Ad
454 2409 647 2441 evidentiam
662 2409 760 2440 huius
775 2408 1008 2448 responsionis,
1024 2405 1268 2443 advertendum,
1280 2412 1318 2438 ut
1333 2407 1405 2438 elici

330 2460 439 2496 potest
468 2463 507 2485 ex
542 2454 688 2485 doctrina
719 2453 828 2484 Sancti
859 2452 1008 2484 Thomae
1038 2452 1073 2483 in
1103 2451 1143 2482 de
1173 2451 1405 2492 Spiritualibus

333 2499 515 2536 Creaturis,
538 2503 595 2529 art.
620 2507 651 2535 2,
675 2497 716 2528 ad
743 2497 793 2534 16,
818 2502 850 2528 et
872 2496 912 2527 de
934 2497 1064 2532 Anima,
1088 2501 1145 2527 art.
1174 2503 1202 2532 ι,
1225 2495 1267 2526 ad
1298 2496 1348 2534 13,
1373 2502 1405 2528 et

331 2542 387 2574 art.
414 2553 444 2580 2,
468 2542 508 2574 ad
536 2551 585 2580 ιο,
610 2541 701 2583 quod
724 2550 843 2582 corpus
867 2546 899 2572 et
922 2541 1098 2572 substantia
1118 2539 1354 2578 intellectualis,
1377 2541 1403 2572 si

331 2587 529 2628 accipiantur
551 2592 707 2627 tanquam
730 2585 814 2617 duae
845 2586 979 2626 species,
1007 2591 1086 2616 tunc
1118 2589 1193 2616 sunt
1215 2585 1346 2626 proprie
1369 2585 1403 2616 in

330 2641 458 2673 genere,
481 2637 514 2663 et
536 2641 604 2662 non
627 2636 767 2672 possunt
789 2639 858 2661 esse
881 2629 1028 2661 eiusdem
1051 2628 1188 2670 generis
1211 2628 1324 2660 saltem
1354 2639 1403 2660 se-

331 2676 476 2707 cundum
500 2675 793 2707 considerationem
815 2674 1011 2705 naturalem:
1035 2674 1113 2714 quia
1135 2674 1344 2714 corruptibile
1371 2679 1404 2705 et

330 2720 575 2761 incorruptibile
598 2720 718 2751 habent
741 2719 904 2751 diversum
920 2718 1059 2750 modum
1075 2717 1212 2755 essendi,
1238 2723 1270 2749 et
1293 2724 1341 2749 est
1355 2718 1403 2750 di-

329 2775 421 2796 versa
442 2765 524 2796 ratio
547 2765 714 2806 potentiae
736 2764 770 2795 in
792 2769 944 2804 utroque.
961 2763 995 2794 Si
1019 2769 1128 2794 autem
1152 2763 1352 2803 accipiantur
1367 2769 1404 2794 ut

329 2815 507 2850 utrumque
523 2814 572 2840 est
594 2818 667 2849 pars
682 2809 845 2840 humanae
859 2814 1004 2845 naturae,
1028 2808 1075 2839 sic
1097 2817 1166 2838 non
1183 2807 1341 2848 competit
1357 2808 1403 2839 eis

330 2863 399 2885 esse
422 2853 456 2885 in
479 2862 598 2895 genere
620 2853 671 2884 vel
694 2853 814 2894 specie,
839 2860 914 2884 cum
938 2861 1006 2883 non
1023 2852 1131 2883 dicant
1153 2850 1288 2893 aliquod
1311 2860 1402 2883 com-

328 2898 455 2939 pletum
478 2898 512 2929 in
536 2898 654 2938 specie,
677 2896 735 2928 ‘sed
758 2898 953 2938 composito.
984 2895 1199 2927 Reducuntur
1227 2901 1338 2927 tamen
1361 2896 1403 2928 ad

328 2951 432 2983 genus
455 2948 488 2973 et
509 2943 652 2983 speciem
675 2942 726 2973 sui
749 2942 924 2982 compositi
951 2946 1106 2981 tanquam
1134 2941 1204 2972 eius
1233 2941 1402 2982 principia,

330 2993 361 3018 et
383 2988 430 3018 sic
453 2993 529 3019 sunt
552 2986 698 3018 eiusdem
720 2986 847 3027 generis
870 2991 902 3017 et
924 2985 1055 3026 speciei,
1079 2985 1201 3016 scilicet
1227 2985 1401 3017 reductive.

329 3032 371 3062 Et
393 3031 480 3069 ideo,
504 3040 581 3062 cum
604 3031 740 3062 Sanctus
763 3030 910 3061 Thomas
936 3029 1014 3061 dicit
1043 3039 1163 3071 corpus
1193 3035 1226 3061 et
1254 3030 1401 3062 substan-

328 3077 407 3107 tiam
430 3075 681 3108 intellectualem
697 3084 844 3106 seorsum
860 3074 1026 3106 existentia
1041 3083 1110 3106 esse
1130 3073 1331 3106 diversorum
1345 3084 1402 3115 ge-

329 3130 445 3152 nerum
468 3120 602 3161 species,
625 3119 775 3160 intelligit
797 3119 866 3160 ipsa
885 3119 930 3150 sic
957 3127 1104 3150 seorsum
1122 3118 1288 3150 existentia
1310 3119 1402 3160 quod

329 3170 506 3205 utrumque
533 3163 664 3196 illorum
686 3173 752 3195 una
774 3164 814 3194 sit
834 3163 957 3204 species
973 3172 1031 3204 per
1046 3172 1096 3194 se:
1121 3163 1167 3193 sic
1187 3163 1275 3194 enim
1298 3163 1402 3195 diver-

330 3218 441 3240 sorum
463 3218 620 3250 generum
636 3209 760 3249 species
775 3214 891 3239 essent.
908 3206 973 3239 Sed
996 3208 1022 3238 si
1038 3207 1237 3248 accipiantur
1255 3213 1291 3238 ut
1311 3209 1402 3239 unita

329 3259 485 3294 tanquam
507 3258 614 3294 partes
640 3252 681 3284 ad
709 3253 977 3284 constitutionem
1003 3252 1165 3283 humanae
1195 3252 1400 3290 substantiae,

328 3298 375 3328 sic
398 3303 474 3329 sunt
496 3297 642 3328 eiusdem
665 3297 790 3338 generis
812 3296 987 3328 reductive.

386 3341 438 3372 111.
462 3341 514 3372 Aa
536 3341 666 3373 tertium
696 3341 912 3381 respondetur
942 3339 1093 3381 negando
1122 3340 1400 3380 consequentiam.

330 3384 449 3417 Forma
472 3385 560 3417 enim
582 3394 652 3417 non
675 3385 792 3417 dicitur
820 3384 993 3417 materialis
1025 3385 1102 3425 quia
1128 3384 1245 3415 habeat
1275 3394 1343 3416 esse
1366 3386 1400 3417 in

330 3430 471 3467 materia,
493 3429 550 3461 sed
573 3430 649 3471 quia
673 3435 720 3461 est
742 3430 893 3461 immersa
908 3429 1071 3465 materiae,
1087 3427 1138 3460 vel
1162 3438 1180 3459 a
1201 3430 1334 3460 materia
1350 3434 1400 3461 to-

330 3473 434 3504 taliter
457 3475 700 3515 comprehensa.
725 3473 826 3512 Quod
848 3483 917 3505 non
942 3474 1096 3505 convenit
1118 3473 1312 3504 substantiae
1336 3474 1400 3514 spi-

330 3517 445 3554 rituali,
468 3518 544 3549 licet
566 3519 682 3550 habeat
705 3527 775 3550 esse
797 3519 831 3549 in
854 3519 1004 3550 materia:
1028 3523 1066 3549 ut
1094 3522 1261 3549 ostensum
1291 3523 1338 3549 est
1365 3519 1399 3549 in

330 3561 533 3600 praecedenti
557 3562 710 3603 capitulo.

1454 857 1576 887 tualem
1593 865 1662 886 esse
1678 855 1817 900 formam
1832 855 2043 886 materialem.
2060 856 2125 887 Sed
2147 858 2224 897 quia
2246 859 2431 889 communis
2451 869 2531 890 usus

1453 901 1550 931 habet
1580 905 1616 931 ut
1643 900 1779 931 nomine
1807 900 1940 939 formae
1970 900 2152 935 materialis
2178 901 2374 942 intelligatur
2404 908 2531 934 tantum

1445 945 1566 987 forma
1585 944 1767 985 dependens
1790 953 1812 974 a
1835 944 1975 975 materia
1996 944 2174 975 secundum
2189 955 2268 981 esse,
2285 945 2360 977 ideo
2383 947 2531 978 absolute

1454 995 1590 1030 negatur
1613 989 1756 1019 animam
1770 988 2001 1019 intellectivam
2017 997 2086 1019 esse
2110 988 2250 1020 formam
2272 991 2481 1022 materialem.

1510 1033 1562 1064 Ad
1584 1038 1738 1074 quartum
1753 1032 1969 1073 respondetur
1986 1032 2077 1073 quod
2091 1033 2283 1074 philosophi
2305 1034 2532 1066 intellexerunt

1455 1077 1495 1108 de
1518 1077 1686 1108 intellectu
1710 1078 1767 1117 qui
1790 1083 1838 1108 est
1861 1077 1987 1108 animae
2010 1078 2167 1118 potentia,
2191 1087 2261 1109 non
2284 1084 2394 1109 autem
2418 1078 2458 1110 de
2482 1089 2531 1110 es-

1455 1122 1558 1152 sentia
1581 1127 1613 1152 et
1638 1122 1816 1153 substantia
1841 1121 2047 1152 intellectiva.
2074 1122 2196 1153 Anima
2221 1123 2310 1154 enim
2336 1123 2533 1155 intellectiva

1455 1164 1638 1196 secundum
1661 1166 1832 1197 essentiam
1855 1175 1948 1197 suam
1971 1165 2026 1196 dat
2048 1175 2118 1197 esse
2141 1166 2197 1198 tali
2220 1167 2367 1208 corpori:
2391 1166 2452 1199 sed
2469 1177 2533 1209 po-

1456 1210 1556 1240 tentia
1579 1210 1648 1241 eius
1671 1209 1868 1241 intellecn‘va
1889 1219 1959 1241 non
1975 1216 2024 1241 est
2046 1215 2138 1241 actus
2155 1211 2293 1242 alicuius
2308 1212 2432 1253 organi,
2448 1211 2533 1244 sieut

1457 1254 1537 1285 aliae
1560 1255 1629 1285 eius
1653 1254 1836 1295 potentiae;
1861 1255 1937 1295 quia
1960 1255 2045 1286 actio
2069 1255 2138 1286 eius
2165 1264 2235 1286 non
2263 1256 2448 1297 completur
2473 1265 2534 1298 per

1457 1308 1618 1339 organum
1641 1298 1821 1339 corporale,
1845 1298 1928 1329 sicut
1950 1304 2041 1330 actus
2064 1298 2199 1331 aliarum
2222 1300 2454 1340 potentiarum.

1512 1343 1564 1374 Aa
1574 1343 1723 1384 quintum
1738 1342 1954 1383 respondetur
1968 1342 2119 1384 negando
2134 1345 2415 1384 consequentiam.
2426 1344 2471 1376 Et
2484 1344 2533 1376 di·

1457 1388 1540 1418 citur
1563 1387 1665 1428 quod,
1689 1387 1765 1418 licet
1787 1387 1896 1419 anima
1910 1387 1951 1418 sit
1973 1386 2079 1418 forma
2092 1388 2256 1426 materiae,
2271 1398 2341 1421 non
2356 1394 2467 1421 tamen
2485 1394 2534 1423 est

1457 1432 1528 1462 talis
1551 1431 1658 1463 forma
1681 1441 1766 1473 quae
1788 1432 1829 1462 sit
1851 1432 2004 1463 immersa
2031 1433 2195 1469 materiae,
2227 1433 2284 1473 sed
2314 1438 2364 1464 est
2391 1434 2535 1467 maxime

1457 1485 1554 1517 supra
1576 1477 1745 1508 materiam
1759 1477 1843 1507 inter
1859 1485 1975 1507 omnes
1991 1476 2112 1508 formas
2128 1475 2262 1508 elevata.
2278 1477 2320 1508 Et
2335 1476 2410 1509 ideo
2425 1482 2535 1519 potest

1456 1521 1576 1551 habere
1593 1522 1820 1562 operationem
1836 1521 1960 1562 absque
1976 1529 2125 1562 corpore,
2142 1522 2235 1562 quasi
2253 1531 2323 1553 non
2345 1520 2535 1563 dependens

1457 1575 1476 1596 a
1492 1574 1630 1605 corpore
1646 1566 1681 1597 in
1693 1564 1879 1607 operando:
1897 1565 1975 1606 quia
1985 1574 2048 1596 nec
2061 1565 2158 1596 etiam
2173 1566 2208 1597 in
2219 1566 2358 1598 essendo
2371 1565 2535 1608 dependet

1458 1620 1477 1641 a
1507 1619 1656 1650 corpore.
1680 1610 1722 1641 Et
1743 1609 1889 1641 similiter
1911 1615 2021 1650 potest
2043 1610 2163 1641 habere
2181 1611 2334 1642 virtutem
2357 1619 2534 1652 quaenon

1457 1655 1497 1685 sit
1519 1659 1611 1686 actus
1634 1654 1770 1686 alicuius
1794 1654 1951 1695 corporis.

1515 1698 1569 1730 IV.
1593 1698 1840 1730 Attendendum
1864 1703 1975 1730 autem
2001 1697 2092 1738 quod
2115 1698 2255 1730 similem
2285 1700 2534 1740 responsionem

1458 1743 1552 1783 ponit
1576 1742 1713 1774 Sanctus
1736 1742 1882 1774 Thomas
1897 1742 2004 1773 Prima
2026 1742 2130 1780 Parte,
2147 1751 2179 1783 q.
2195 1752 2299 1780 mvi,
2315 1749 2373 1774 art.
2393 1752 2421 1781 1,
2438 1741 2480 1776 ad
2501 1752 2534 1784 4,

1458 1787 1611 1828 inquiens
1626 1786 1728 1828 quod,
1743 1787 1822 1828 quia
1837 1787 1948 1818 anima
1958 1792 2099 1828 propter
2113 1796 2207 1818 suam
2215 1787 2454 1830 perfectionem
2467 1796 2533 1819 non

1459 1836 1507 1862 est
1529 1831 1683 1863 immersa
1706 1831 1865 1862 materiae
1887 1836 1919 1862 et
1947 1830 2093 1862 totaliter
2121 1831 2162 1862 ab
2192 1831 2263 1872 ipsa
2291 1832 2534 1873 comprehensa,

1459 1876 1542 1906 nihil
1558 1876 1712 1916 prohibet
1733 1876 1878 1916 aliquam
1909 1875 1980 1906 eius
2007 1875 2158 1906 virtutem
2188 1885 2256 1907 non
2287 1885 2357 1908 esse
2385 1877 2535 1918 corporis

1459 1925 1578 1956 actum,
1602 1920 1750 1960 quamvis
1763 1920 1884 1955 anima
1901 1919 2079 1956 secundum
2098 1920 2272 1953 essentiam
2285 1930 2381 1955 suam
2395 1921 2439 1953 sit
2459 1930 2534 1953 cor-

1453 1964 1550 2005 poris
1563 1964 1694 2005 forma.
2477 1995 2479 1998 .

1514 2007 1579 2040 Sed
1601 2008 1686 2039 hanc
1708 2007 1958 2048 responsionem
1974 2006 2109 2048 quidam
2124 2006 2401 2041 Themistarum'
2423 2009 2471 2042 sic
2492 2006 2534 2041 ad

1459 2058 1688 2092 argumentum
1711 2051 1864 2093 adaptant
1887 2050 1979 2093 quod
1994 2051 2209 2084 committitur
2223 2053 2535 2097 sophismaflg'urae
2578 2079 2585 2086 .

1460 2096 1613 2128 dictionis
1627 2097 1662 2128 in
1677 2101 1880 2137 argumento,
1904 2094 2063 2128 mutando
2079 2096 2243 2138 quomodo
2258 2098 2293 2129 in
2304 2098 2424 2140 masis»
2439 2097 2533 2137 idest,

1458 2140 1618 2172 mutando
1634 2141 1766 2172 modum
1789 2141 2013 2172 abstractionis
2035 2141 2070 2172 in
2093 2142 2211 2184 magis.
2227 2141 2326 2174 Unde
2347 2141 2535 2176 concedunt

1459 2195 1499 2216 ex
1517 2186 1579 2217 hac
1593 2186 1808 2227 responsione
1823 2185 1916 2226 quod
1930 2185 2113 2216 intellectus
2128 2186 2226 2218 habet
2240 2186 2375 2227 quidem
2389 2187 2534 2229 aliquem

1458 2230 1597 2262 modum
1613 2230 1836 2262 abstractionis
1851 2239 1953 2271 quem
1964 2239 2034 2262 non
2048 2230 2146 2262 habet
2160 2231 2279 2268 anima,
2291 2237 2413 2273 negant
2422 2237 2534 2265 autem

1460 2274 1551 2315 quod
1579 2276 1619 2306 sit
1646 2274 1753 2317 magis
1783 2275 1986 2306 abstractus:
2014 2273 2118 2306 im'mo
2141 2276 2249 2307 anima
2275 2275 2372 2308 habet
2393 2275 2534 2312 modum

1459 2319 1682 2350 abstractionis
1698 2329 1767 2360 quo
1789 2320 1894 2360 magis
1909 2318 2101 2351 abstrahitur
2116 2329 2135 2350 a
2151 2329 2301 2361 corpore,
2325 2321 2457 2359 scilicet,
2475 2321 2534 2353 ha-

1458 2364 1536 2395 bere
1559 2373 1629 2395 esse
1652 2364 1860 2395 substantiale
1891 2373 1961 2395 non
1990 2362 2179 2404 dependens
2201 2374 2220 2396 a
2241 2366 2386 2397 materia.
2463 2380 2466 2382 v

1514 2408 1579 2439 Sed
1600 2407 1728 2440 videtur
1757 2409 1838 2440 mihi
1867 2407 1959 2449 quod
1987 2409 2047 2439 ista
2073 2409 2245 2449 responsio
2273 2417 2342 2441 non
2369 2409 2465 2442 vadat
2482 2409 2534 2441 ad

1458 2458 1603 2484 mentem
1627 2452 1737 2484 Sancti
1759 2453 1920 2490 Thomae‚
1943 2461 2006 2484 nec
2033 2451 2075 2484 ad
2101 2453 2319 2485 intentionem
2341 2454 2533 2495 argummti.

1458 2496 1535 2528 Non
1559 2498 1646 2528 enim
1670 2507 1709 2528 ex
1725 2497 1926 2538 perfectione
1953 2497 2136 2529 intellectus
2162 2498 2307 2539 arguitur
2333 2507 2402 2531 non
2435 2507 2532 2541 posse

1459 2542 1599 2572 animam
1623 2551 1692 2573 esse
1715 2541 1855 2572 formam
1878 2542 2034 2582 corporis,
2057 2541 2115 2574 sed
2137 2551 2177 2573 ex
2199 2542 2272 2583 ipso
2287 2541 2391 2574 modo
2414 2543 2533 2578 abstra-

1459 2586 1575 2617 ctionis
1603 2585 1660 2627 qui
1687 2586 1841 2617 convenit
1865 2584 2055 2617 intellectui.
2083 2585 2118 2618 Si
2145 2587 2233 2618 enim
2259 2586 2452 2626 intellectus,
2474 2586 2533 2629 qui

1458 2635 1506 2662 est
1529 2630 1630 2661 virtus
1651 2630 1788 2667 animae,
1812 2635 1860 2661 est
1883 2630 2059 2661 abstractus
2083 2640 2102 2661 a
2125 2639 2264 2672 corpore
2285 2631 2334 2662 sic
2357 2630 2449 2673 quod
2461 2636 2532 2664 non

1457 2680 1506 2706 est
1528 2680 1619 2706 actus
1642 2675 1798 2715 corporis,
1821 2673 1949 2705 videtur
1971 2673 2064 2714 quod
2095 2680 2127 2706 et
2152 2675 2260 2707 anima
2283 2685 2352 2707 non
2378 2677 2420 2708 sit
2439 2681 2532 2709 actus

1458 2719 1621 2760 corporis,
1651 2728 1729 2750 cum
1755 2718 1938 2750 intellectus
1960 2719 2001 2750 sit
2031 2719 2101 2750 eius
2122 2719 2238 2751 virtus:
2262 2719 2410 2760 alioquin
2431 2721 2532 2755 virtus

1457 2769 1541 2795 esset
1563 2763 1751 2795 abstractior
1773 2773 1815 2795 eo
1838 2763 1933 2794 cuius
1956 2768 2004 2794 est
2025 2764 2136 2795 virtus.
2160 2763 2230 2795 Nec
2252 2764 2359 2796 uuum
2380 2765 2416 2796 in
2437 2774 2532 2806 argu·

1456 2814 1570 2840 mento
1594 2807 1809 2840 committitur
1830 2807 2007 2848 sophisma.
2031 2806 2080 2839 Ex
2111 2806 2152 2840 eo
2180 2808 2269 2840 enim
2291 2808 2384 2850 quod
2406 2808 2531 2843 intelle-

1456 2857 1527 2884 ctus
1551 2858 1599 2884 est
1621 2852 1798 2884 abstractus
1821 2861 1840 2883 a
1862 2860 2002 2893 corpore
2026 2851 2104 2893 quia
2124 2861 2194 2884 non
2210 2857 2258 2894 est
2281 2858 2372 2885 actus
2395 2851 2533 2887 alicuius

1457 2897 1612 2938 corporis,
1637 2902 1684 2928 est
1707 2897 1804 2928 etiam
1831 2897 2008 2927 abstractus
2038 2896 2219 2928 secundum
2245 2895 2532 2939 independentiam

1456 2941 1496 2972 ad
1518 2942 1697 2973 materiam.
1721 2941 1764 2972 Et
1785 2939 1860 2972 ideo
1883 2941 2011 2982 optime
2033 2941 2180 2982 sequitur
2209 2941 2300 2982 quod
2330 2942 2394 2974 erit·
2412 2942 2532 2978 absum

1456 2986 1538 3018 ctior
1554 2991 1587 3017 et
1601 2986 1780 3027 simplicior
1794 2986 1913 3023 anima,
1929 2985 1956 3016 si
1970 2990 2113 3026 ponatur
2129 2986 2238 3018 anima
2253 2985 2360 3019 forma
2372 2987 2531 3028 corpor'm

1456 3031 1533 3071 quia
1555 3030 1610 3062 illa
1632 3031 1692 3062 erit
1714 3030 1870 3062 abstracta
1891 3029 2074 3062 secundum
2095 3029 2382 3073 independentiam
2404 3035 2532 3073 tantm

1455 3085 1474 3106 a
1497 3074 1640 3113 materia,
1655 3084 1725 3106 non
1741 3080 1850 3106 autem
1866 3073 2048 3106 secundum
2070 3075 2307 3116 separationem
2323 3075 2364 3108 ab
2379 3084 2530 3114 enacmi-

1455 3124 1516 3151 stat
1539 3119 1627 3151 enim
1649 3119 1808 3151 maiorem
1827 3127 1896 3150 esse
1914 3117 2164 3150 abstractionem
2179 3128 2264 3160 quae
2279 3124 2328 3151 est
2349 3118 2530 3151 secundum

1454 3163 1740 3204 independentiam
1763 3168 1796 3195 et
1818 3164 2055 3204 separationem
2077 3173 2096 3194 a
2118 3163 2261 3200 materia,
2289 3171 2389 3204 quam
2410 3159 2530 3195 absin—

1455 3209 1599 3240 ctionem
1622 3207 1804 3239 secundum
1825 3207 2111 3249 independentiam
2132 3212 2270 3239 unnim.
2293 3206 2529 3240 Undezfaisum

1455 3258 1503 3284 est
1525 3251 1617 3293 quod
1640 3251 1717 3283 dicit
1739 3252 1819 3283 haec
1842 3253 1968 3293 opinio,
1991 3252 2113 3284 scilicet
2135 3251 2227 3293 quod
2247 3251 2351 3292 magis
2376 3251 2529 3283 abstrahit

1455 3307 1473 3328 a
1497 3306 1635 3338 corpore
1657 3297 1765 3328 anima
1788 3306 1887 3338 quam
1910 3296 2104 3333 intellectus,
2133 3305 2173 3328 ex
2200 3304 2242 3327 eo
2264 3294 2355 3336 quod
2384 3296 2528 3327 subsistit

1454 3341 1488 3372 in
1511 3350 1573 3372 suo
1597 3350 1677 3379 esse,
1701 3340 1768 3373 sive
1783 3350 1852 3373 non
1867 3339 2030 3382 dependet
2051 3350 2070 3372 a
2091 3340 2233 3374 materia.
2250 3338 2374 3371 Verum
2393 3339 2526 3380 quidem

1455 3391 1502 3416 est
1525 3384 1616 3426 quod
1638 3385 1708 3426 ipsa
1726 3385 1772 3416 sic
1795 3385 1951 3416 abstracta
1966 3390 2015 3416 est
2028 3382 2204 3427 perfectior
2219 3392 2318 3424 quam
2334 3383 2526 3423 intellectus,

1454 3430 1511 3470 qui
1534 3439 1603 3461 non
1627 3434 1674 3460 est
1696 3429 1873 3461 substantia
1895 3438 1954 3470 per
1976 3437 2010 3460 se
2033 3426 2225 3459 subsistens:
2249 3437 2318 3460 non
2345 3434 2454 3460 tamen
2477 3434 2527 3461 est

1453 3474 1556 3514 magis
1583 3474 1749 3510 abstracta,
1780 3474 1806 3505 si
1829 3475 1874 3505 ita
1897 3473 2039 3505 subsistit
2068 3471 2159 3512 quod
2181 3477 2291 3503 tamen
2319 3478 2367 3504 est
2394 3473 2525 3514 corpori

1453 3519 1543 3550 unita
1565 3518 1747 3550 secundum
1770 3526 1849 3549 esse.

1509 3562 1645 3603 Propter
1666 3563 1732 3594 hoc
1746 3561 1873 3593 videtur
1889 3560 1986 3597 mihi‚·
2002 3558 2091 3591 salvo
2106 3568 2234 3601 semper
2249 3561 2378 3593 meliori
2390 3559 2525 3598 iudicio,

386 3605 526 3637 Adverte
548 3606 648 3647 quod,
672 3607 697 3637 si
720 3616 844 3638 nomen
862 3607 1001 3649 formae
1031 3605 1212 3638 materialis
1242 3606 1399 3637 vellemus
1454 3606 1545 3648 quod
1561 3606 1696 3639 Sanctus
1716 3606 1862 3638 Thomas
1883 3605 1918 3636 in
1946 3613 1984 3636 ea
2006 3605 2219 3645 responsione
2245 3604 2425 3638 concedere
2447 3605 2526 3637 velit

331 3648 500 3680 extendere
523 3650 563 3681 ad
586 3660 718 3682 omnem
743 3650 882 3682 formam
909 3650 1083 3682 habentem
1105 3659 1175 3682 esse
1198 3651 1232 3681 in
1254 3651 1397 3687 materia,

1453 3650 1654 3683 intellectum
1670 3659 1740 3683 esse
1762 3649 2001 3681 aben-acumem
2017 3653 2048 3680 et
2071 3649 2303 3690 simpliciorem
2317 3650 2443 3681 anima:
2465 3658 2525 3681 ne-
