2716 4302
10 1073 19 1082 ·
37 1071 90 1093 Vid.
107 1070 135 1091 ad
151 1070 196 1091 loc.

10 1121 18 1130 ·
36 1119 61 1142 ι8
71 1125 82 1140 r
96 1119 110 1140 b
123 1126 141 1140 l.

8 1329 18 1341 n.
33 1327 87 1350 Vid.
102 1327 130 1348 ad
149 1327 193 1348 loc.

7 1535 16 1544 ·
33 1533 76 1555 Vid
100 1533 129 1555 ad
153 1534 207 1560 loc.‚

9 1562 21 1582 b
32 1567 52 1589 3,
67 1566 88 1588 7.

6 2148 31 2170 ¹8
41 2153 52 2169 r
67 2147 81 2168 b
92 2148 216 2175 xpp-17⁸.

7 2599 31 2620 iil
41 2603 52 2619 r
70 2597 127 2620 b28·
136 2604 158 2625 p.
169 2604 216 2626 ¹79.

6 3268 14 3276 ·
31 3266 82 3288 Vid.
99 3267 126 3288 nd
146 3267 189 3289 loc.

8 3420 54 3442 nav
69 3426 112 3443 ιι.

261 162 330 199 26*

257 243 410 277 singularia
423 243 506 267 multa
519 242 583 266 sunt
594 238 776 272 contingentia
790 244 827 263 ex
845 243 884 263 eo
902 231 992 272 quod
1007 240 1074 261 non
1092 230 1203 260 omnia
1219 230 1329 268 singu·-

257 290 334 320 laria
349 289 388 319 de
404 288 591 318 necessitate
607 284 813 325 proveniunt,
834 282 889 312 sed
910 280 1070 321 quaedam
1095 279 1329 318 contingenter.

258 343 419 375 Unde...
438 340 616 371 aestimatio
644 337 813 378 quaedam.
845 336 1038 375 Supponere
1063 339 1171 363 autem
1201 338 1331 372 oportet

258 402 390 425 omnem
414 392 475 422 Dei
506 390 728 430 cognitionem
760 396 828 418 esse
860 386 1070 416 certissimam
1095 387 1159 419 quia
1182 386 1207 412 si
1225 386 1332 419 eisalsi

258 450 289 475 et
311 442 523 480 infallibilem,
548 451 608 468 cum
628 444 653 467 in
673 450 705 466 eo
729 442 816 466 nullus
843 440 960 464 defectus
979 445 1038 463 esse
1057 438 1150 471 possit,
1175 439 1211 463 ut
1234 442 1330 472 Supra
1354 449 1362 467 5

256 501 421 525 ostensum
439 499 495 523 est.
513 490 715 531 Impossibile
733 513 740 519 .
756 513 762 519 .
778 513 784 519 .
803 498 871 519 non
895 492 1082 527 cognoscat.
1106 487 1124 523 §
1141 485 1263 522 Quarta
1284 489 1331 513 est

256 556 293 576 ex
317 546 380 575 hoc
404 543 494 584 quod
517 541 723 582 quorundam
743 540 953 580 singularium
979 547 1075 568 causa
1099 542 1146 567 est
1169 536 1329 565 voluntas.

254 596 396 628 Effectus
413 602 521 625 autem
539 618 546 624 .
562 617 568 623 .
585 617 591 623 .
610 592 755 633 incipian
771 591 881 621 Motus
898 596 1006 620 autem
1029 588 1205 618 voluntatis
1222 590 1253 614 ad
1274 589 1330 613 nul-

255 653 307 676 lam
327 658 431 676 causam
447 651 645 675 determinatam
658 649 745 672 reduci
761 647 889 678 videntur,
904 654 964 671 cum
977 646 1029 670 sint
1043 645 1151 670 omnino
1164 645 1189 668 in
1202 646 1331 676 potestate

256 704 376 728 volentis.
391 703 465 728 Unde
479 708 620 734 antequam
641 701 692 725 sint
711 707 763 724 non
782 699 902 723 videntur
915 705 994 731 posse
1013 697 1148 730 cognosci:
1164 702 1224 719 cum
1244 698 1330 718 autern
1347 705 1371 719 ιο

254 760 323 786 sunt,
343 762 389 787 per
408 755 447 778 sui
467 753 640 786 praesentiam
654 752 709 776 sive
723 759 770 784 per
789 750 971 782 experientiam
985 748 1117 781 quandam
1137 749 1331 778 cognoscuntur

254 812 269 830 a
286 805 391 829 volente
415 803 538 838 (tantum)
560 810 612 828 non
633 802 664 827 ab
685 802 740 826 aliis
759 808 822 824 vero
842 804 953 832 possunt
971 806 1017 831 per
1036 798 1138 830 aliquos
1158 795 1267 820 effectus
1287 802 1330 819 co-

252 857 341 890 gnosci
369 853 399 894 (a
423 851 514 882 nullo
539 855 676 891 possunt
701 859 757 889 per
790 846 1016 878 certitudinem
1041 844 1197 884 cognosci
1222 843 1284 873 nisi
1312 852 1328 872 a

252 904 392 942 volente,
409 904 441 932 in
459 902 552 932 cuius
567 906 727 941 potestate
747 902 846 940 sunt.)
872 895 1075 937 Impossibile
1091 895 1188 935 igitur
1204 893 1330 924 videtur

253 955 342 995 quod
373 947 462 984 Deus
489 953 528 983 de
557 950 746 982 huiusmodi
775 949 990 989 singularibus
1017 956 1101 987 quae
1134 954 1266 976 causam
1291 954 1328 974 ex
1346 960 1370 982 ις

251 1007 417 1037 voluntate
434 1010 577 1039 sumunt,
592 1006 665 1030 Deus
681 1002 830 1032 notitiam
847 1006 1011 1030 aeternam
1026 998 1152 1028 habeat.
1173 997 1190 1035 §
1207 995 1330 1033 Quinta

252 1065 298 1089 est
323 1068 360 1088 ex
385 1056 594 1096 singularium
618 1053 776 1084 infinitate
794 1075 800 1082 .
816 1075 822 1082 .
838 1074 845 1081 .
864 1050 1160 1091 comprehensione
1179 1052 1296 1084 quodam
1314 1052 1330 1067 ⁴¹

252 1112 268 1126 ὓ
286 1109 428 1150 quodam
452 1106 554 1138 modo
579 1111 795 1140 mensuratur,
813 1112 887 1133 cum
913 1101 1113 1132 mensuratio
1138 1099 1219 1130 nihil
1243 1097 1330 1128 aliud

250 1163 290 1192 sit
314 1170 411 1201 quam
429 1159 588 1200 quaedam
605 1156 794 1188 certificatio
812 1155 857 1185 rei
873 1158 1090 1184 mensuratae.
1107 1151 1202 1182 Unde
1216 1175 1223 1183 .
1234 1174 1240 1181 .
1253 1175 1260 1182 .
1273 1159 1329 1180 co-

249 1219 392 1254 gnoscat.
417 1213 435 1250 ἓ
452 1211 546 1241 Sexta
570 1215 617 1239 est
641 1218 679 1239 ex
695 1209 765 1248 ipsa
785 1209 951 1235 materialita
967 1204 1087 1235 vilitate
1104 1203 1327 1243 singularium.
1344 1220 1370 1234 ,ο

251 1265 338 1296 Cum
362 1265 449 1294 enim
521 1261 656 1292 Videtur.
676 1263 779 1288 Divina
791 1265 882 1287 autem
902 1260 999 1285 notitia
1019 1258 1090 1284 nobil
1110 1255 1247 1285 Divinus
1272 1263 1328 1284 au-

249 1323 315 1347 tem
329 1315 510 1346 intellectus
522 1312 743 1343 nobilissimus
759 1316 815 1340 est.
836 1314 902 1338 Cum
923 1312 1008 1345 igitur
1031 1307 1107 1337 Non
1120 1307 1217 1346 igitur
1230 1314 1299 1333 tanta
1312 1306 1328 1321 ⁴*

250 1367 349 1410 (eius)
374 1366 524 1397 nobilitas
540 1365 659 1405 patitur
679 1362 769 1403 quod
786 1362 875 1391 Deus
892 1359 1052 1400 quaedam
1069 1358 1222 1388 vilissima
1246 1357 1328 1387 inter

249 1420 420 1460 singularia
438 1422 623 1458 cognoscat.
648 1417 666 1454 §
683 1415 826 1455 Septima
844 1419 891 1444 est
908 1422 946 1443 ex
962 1411 1083 1442 malitia
1105 1419 1188 1450 quae
1204 1409 1238 1439 in
1256 1409 1327 1448 qui-

249 1472 385 1503 busdam
414 1469 627 1510 singularibus
659 1467 832 1497 invenitur.
862 1464 949 1495 Cum
978 1463 1066 1494 enirn
1091 1462 1261 1502 cognitum
1289 1461 1328 1490 sit
1343 1478 1366 1499 ,ς

249 1525 359 1565 aliquo
375 1523 477 1554 modo
494 1522 525 1552 in
544 1525 774 1561 cognoscente,
788 1517 911 1548 malum
926 1522 1034 1546 autern
1047 1515 1075 1553 ξ
1092 1525 1153 1543 cum
1163 1518 1196 1542 sit
1210 1517 1328 1550 privatio,

248 1577 281 1607 in
306 1576 376 1606 Deo
401 1584 469 1605 esse
493 1583 560 1604 non
586 1573 698 1613 possit,
723 1575 748 1599 in
768 1581 822 1606 quo
841 1572 912 1598 nulla
930 1571 1034 1605 passiva
1051 1570 1167 1604 potentia
1190 1569 1327 1599 invenitur,

249 1641 316 1667 quae
336 1634 394 1657 sola
413 1638 491 1664 capax
511 1629 660 1663 privationis
685 1634 725 1653 est
743 1623 791 1664 (ut
808 1631 905 1662 supra
921 1627 1089 1651 ostensum
1111 1619 1182 1658 est),
1201 1617 1327 1648 videtur

249 1681 341 1721 sequi
366 1677 457 1720 quod
480 1678 570 1708 Deus
587 1676 710 1707 malum
727 1680 759 1706 et
782 1674 999 1715 privationem
1016 1671 1153 1702 omnino
1178 1678 1246 1699 non
1271 1678 1326 1698 co-

249 1737 393 1773 gnoscat,
411 1730 467 1760 sed
484 1729 592 1759 solum
615 1727 799 1758 intellectus
816 1725 873 1765 qui
890 1729 936 1754 est
960 1724 994 1754 in
1010 1722 1157 1763 potentia
1175 1720 1326 1762 (privatio
1343 1732 1368 1752 ³0

250 1785 336 1814 enim
353 1793 419 1814 non
446 1782 506 1812 nisi
530 1781 563 1811 in
581 1779 726 1820 potentia
743 1787 812 1808 esse
832 1773 966 1818 potest.)
983 1775 1024 1806 Et
1041 1784 1078 1805 ex
1096 1774 1160 1804 hoc
1181 1773 1327 1813 sequitur

250 1835 340 1876 quod
356 1845 422 1874 non
447 1835 562 1864 habeat
581 1830 696 1872 (Deus)
714 1830 754 1860 de
779 1828 994 1868 singularibus
1018 1826 1178 1860 notitiam,
1196 1825 1228 1854 in
1254 1824 1326 1863 qui-

247 1889 307 1919 bus
331 1887 452 1917 malum
479 1890 509 1914 et
534 1883 669 1924 privatio
694 1880 867 1911 invenitur.

1342 1985 1363 2005 ις

248 2026 327 2066 Cap.
346 2024 457 2055 LXIV.
476 2022 571 2053 Oano
592 2028 797 2051 nrcasmoaum
822 2028 914 2047 emen
939 2025 1070 2046 DIVINAM
1095 2022 1324 2044 coourrtomffl.

291 2145 309 2182 ἓ
333 2142 383 2173 Ad
413 2142 509 2172 huius
542 2146 650 2170 autem
675 2138 790 2168 erroris
816 2134 1039 2166 exclusionem
1061 2156 1068 2162 .
1083 2155 1090 2163 .
1105 2155 1112 2162 .
1129 2137 1240 2162 motus
1267 2140 1325 2161 vo-

246 2195 386 2226 luntatis.
414 2197 517 2228 Quinto
540 2195 612 2228 quod
635 2192 774 2227 cognoscit
798 2190 931 2224 quaelibet
955 2188 1019 2214 vilia
1043 2190 1069 2213 et
1092 2187 1204 2212 minima
1229 2186 1255 2212 in
1279 2193 1325 2212 en-

246 2250 324 2275 tibus.
345 2246 471 2284 Quinto
496 2241 586 2283 quod
611 2240 781 2281 cognoscit
801 2237 935 2268 infinita.
961 2236 1059 2267 Sexto
1084 2234 1175 2276 quod
1200 2243 1324 2274 cogno·
1339 2244 1367 2264 4ο

247 2298 306 2328 scit
326 2296 487 2338 quaelibet
505 2294 578 2324 vilia
598 2297 624 2321 in
644 2295 749 2320 entibus
769 2296 799 2320 et
816 2289 951 2320 minima
967 2288 1000 2318 in
1018 2287 1157 2318 entibus.
1175 2285 1324 2326 Septimo

248 2348 338 2390 quod
362 2346 531 2388 cognoscit
548 2344 631 2375 mala
655 2349 686 2374 et
709 2342 907 2383 privationes
924 2339 1083 2380 quaslibet
1099 2338 1150 2368 vel
1168 2337 1324 2368 defectus.

351 2483 432 2524 Cap.
456 2481 554 2512 LXV.
579 2479 676 2518 Quor>
702 2478 788 2509 Deus
812 2486 997 2508 SINGULARIA
1023 2485 1218 2506 cooxoscm.
1339 2504 1364 2525 ⁴5

290 2599 398 2637 §Nunc
419 2598 496 2632 igitur
526 2594 635 2624 Primo
673 2590 796 2632 (igitur)
825 2589 1036 2620 ostendemus
1064 2588 1155 2629 quod
1183 2588 1325 2629 singula-

245 2649 330 2679 rium
355 2646 499 2688 cognitio
523 2645 595 2676 Deo
612 2652 680 2674 non
697 2647 805 2683 potest
821 2641 943 2671 deesse.
969 2639 1147 2671 Ostensum
1171 2640 1259 2670 enim
1278 2646 1323 2670 est

245 2709 340 2741 supra
365 2698 455 2740 quod
478 2698 566 2728 Deus
592 2694 762 2735 cognoscit
779 2693 838 2723 alia
862 2693 1057 2732 inquantum
1075 2698 1121 2722 est
1146 2701 1243 2722 causa
1267 2692 1323 2722 eis.

246 2751 388 2782 Effectus
418 2754 528 2780 autem
561 2746 650 2787 (Dei)
678 2750 834 2782 inquantum
853 2747 1003 2773 huiusmodi
1027 2749 1103 2773 sunt
1134 2752 1184 2773 res
1214 2743 1324 2783 singu·
1340 2758 1367 2779 ς.»

244 2803 335 2834 lares.
360 2802 434 2832 Hoc
459 2801 547 2831 enim
571 2798 673 2830 modo
697 2797 787 2828 Deus
812 2802 921 2827 causat
949 2805 998 2826 res
1026 2795 1223 2836 inquantum
1247 2794 1323 2826 facit

245 2864 298 2885 ως
317 2862 386 2884 esse
410 2856 583 2881 subsistentes
599 2851 632 2880 in
653 2855 736 2880 actu.
756 2851 843 2882 Quod,
864 2851 1015 2876 Subsistere
1033 2854 1124 2876 autem
1144 2858 1197 2875 non
1211 2853 1252 2876 est
1266 2850 1324 2875 uni-

245 2908 389 2934 versalium
422 2901 623 2934 Universalia
647 2906 756 2931 autem
773 2908 839 2929 non
858 2904 932 2929 sunt
956 2907 1005 2928 res
1029 2898 1249 2934 subsistentes,
1267 2896 1323 2928 sed

244 2955 363 2986 habent
388 2963 456 2985 esse
480 2953 587 2983 solum
611 2952 644 2982 in
667 2950 893 2991 singularibus,
911 2955 947 2980 ut
966 2953 1144 2985 philosophus
1168 2949 1325 2989 probatur

244 3007 277 3037 in
302 3016 344 3036 vn
367 3005 510 3045 metaph.
543 3004 632 3034 Deus
661 3003 758 3043 igitur
782 3001 951 3042 cognoscit
976 3010 1025 3031 res
1053 3000 1128 3031 alias
1153 3010 1170 3030 a
1195 3010 1228 3031 se
1256 3010 1323 3031 non
1339 3017 1362 3038 ςς

246 3057 352 3088 solum
377 3057 409 3087 in
434 3055 617 3094 universali,
643 3054 699 3085 sed
724 3055 821 3085 etiam
851 3054 883 3083 in
915 3051 1079 3092 singulari.
1105 3051 1230 3090 §ltem.
1257 3051 1324 3081 Co·

245 3108 340 3149 gnitis
357 3107 523 3148 principiis
540 3129 548 3137 .
566 3129 573 3136 .
588 3130 595 3136 .
614 3105 823 3146 cognoscitur
840 3105 952 3135 homo.
975 3108 1111 3140 Singulare
1131 3112 1217 3132 autem
1239 3102 1323 3144 (Sin-

244 3159 362 3199 gularis
385 3163 495 3189 autem
519 3156 668 3197 essentia)
693 3160 718 3185 in
737 3167 785 3185 sua
803 3159 980 3193 singularitate
1005 3155 1213 3186 constituitur
1230 3165 1323 3183 secun-

245 3215 308 3240 dum
327 3222 403 3240 suam
424 3220 462 3241 ex
485 3209 619 3240 materia
635 3208 799 3249 designata
824 3213 855 3238 et
879 3207 982 3238 forma
1006 3207 1216 3243 individuata,
1241 3206 1324 3236 sicut

1227 150 1494 187 APPENDIX

1385 234 1533 259 naturam
1546 237 1758 258 communem
1772 228 1864 264 entis,
1874 232 2005 268 oportet
2017 227 2108 268 quod
2117 226 2286 272 (perfecte)
2294 237 2472 272 cognoscat

1386 279 1566 309 universale
1579 284 1610 308 et
1627 278 1798 318 singulare.
1816 278 1921 320 (Sicut
1933 284 2043 309 autem
2057 302 2064 310 .
2075 303 2082 310 .
2094 303 2102 310 .
2116 281 2317 325 cognoscat.)
2335 286 2352 320 g
2365 285 2471 313 Adhuc.

1389 335 1454 359 Cum
1469 334 1563 358 divina
1580 333 1700 366 cognitio
1719 334 1755 358 sit
1767 334 1824 359 eius
1840 334 1966 364 essentia,
1986 337 2016 359 ut
2033 341 2119 367 supra
2141 339 2276 362 ostensum
2296 341 2345 370 est,
2363 341 2471 371 oportet

1386 385 1466 418 quod,
1486 385 1557 410 sicut
1575 387 1615 410 est
1625 386 1765 418 perfectus
1785 385 1811 409 in
1825 385 1947 415 essendo,
1967 385 2008 411 ita
2025 386 2062 411 sit
2075 387 2215 421 perfectus
2228 388 2254 413 in
2273 390 2472 423 cognoscendo.

1391 435 1463 461 Talis
1473 438 1514 460 est
1526 439 1617 460 autem
1628 435 1685 460 eius
1693 435 1827 469 perfectio
1838 435 1864 460 in
1875 436 1996 466 essendo,
2007 439 2037 461 ut
2046 443 2131 469 supra
2146 441 2283 463 ostensum
2293 442 2342 468 est,
2355 440 2429 472 quod
2441 440 2468 465 in

1386 487 1445 519 ipso
1458 486 1577 511 omnium
1596 493 1726 519 generum
1739 486 1921 520 perfectiones
1940 487 2116 514 inveniuntur
2133 488 2149 522 5
2163 489 2270 515 Adhuc.
2287 489 2366 515 Sicut
2377 491 2470 516 divina

1385 538 1502 563 essentia
1526 541 1567 562 est
1581 538 1675 569 prima
1698 538 1778 571 origo
1794 539 1938 571 <essendo>
1958 539 2088 572 (essendi)
2117 540 2157 565 ita
2179 541 2274 566 divina
2290 542 2412 576 cognitio
2429 546 2471 568 est
2519 573 2522 576 .

1381 589 1475 622 prima
1494 589 1574 622 origo
1602 590 1688 614 omnis
1707 590 1871 623 cognitionis
1890 588 1909 626 §
1925 587 2053 618 Adhuc.
2079 588 2170 619 Sicut
2186 589 2275 620 Deus
2293 595 2340 620 est
2361 590 2470 630 ipsum

1386 647 1482 668 suum
1500 647 1580 674 esse,
1600 645 1626 666 et
1645 638 1687 667 ita
1705 643 1753 668 est
1769 647 1866 669 suum
1887 640 1991 668 intell*
2015 649 2227 680 cognoscere,
2241 647 2277 671 ut
2301 647 2471 673 ostensum

1387 695 1443 719 est.
1458 687 1521 719 Sed
1539 697 1577 718 ex
1593 688 1657 718 hoc
1671 711 1679 718 .
1695 712 1701 718 .
1717 711 1723 718 .
1737 698 1807 719 non
1823 689 1952 720 habere.
1970 692 1988 728 δ
2003 690 2182 722 Praeterea.
2200 692 2235 722 ln
2253 693 2408 723 omnibus
2425 716 2450 724 ..
2461 717 2468 723 .

1386 749 1492 769 sensu.
1510 739 1594 768 Nam
1611 749 1676 769 una
1700 740 1747 770 vis
1771 740 2012 780 imaginationis
2028 751 2062 772 se
2079 743 2222 773 extendit
2238 743 2279 774 ad
2303 744 2415 774 omnia
2433 747 2471 772 ad

1386 800 1469 830 quae
1494 791 1642 830 quinque
1664 791 1746 820 vires
1769 801 1926 822 sensuum
1951 799 2157 832 cognoscunt
2173 799 2204 824 et
2221 794 2261 824 ad
2283 795 2387 835 plura.
2405 794 2470 826 Sed

1387 845 1460 869 nulla
1481 841 1528 870 vis
1545 842 1767 881 cognoscitiva
1783 843 1816 872 in
1833 842 1905 873 Deo
1923 849 1970 873 est
1986 845 2135 884 superior
2159 854 2258 884 quam
2273 845 2306 876 in
2322 846 2467 877 homine.

1385 891 1553 932 Quicquid
1571 901 1648 932 ergo
1666 915 1673 922 .
1689 915 1696 922 .
1712 916 1719 922 .
1737 893 2023 933 apprehendimus.
2048 895 2240 936 §Amplius
2261 896 2400 927 Divinus
2420 898 2468 928 in-

1386 943 1534 973 tellectus
1551 953 1588 973 ex
1612 943 1709 974 rebus
1725 945 1951 984 cognitionem
1970 955 2039 976 non
2055 947 2155 977 sumit
2171 947 2255 977 sicut
2271 953 2391 985 noster,
2412 948 2469 979 sed

1385 995 1486 1034 magis
1511 1004 1568 1035 per
1600 1005 1692 1025 suam
1720 997 1944 1036 cognitionem
1969 1003 2016 1028 est
2041 1007 2137 1028 causa
2161 1008 2270 1029 rerum
2294 1008 2321 1028 et
2345 1011 2469 1030 mensum

1385 1051 1503 1083 ipsarum
1515 1051 1528 1065 *
1544 1053 1578 1077 ut
1596 1047 1678 1077 infra
1694 1048 1894 1088 ostendetur,
1912 1055 1944 1079 et
1962 1050 2008 1080 sic
2025 1051 2094 1080 eius
2108 1050 2254 1091 cognitio
2270 1054 2350 1080 habet
2369 1061 2469 1092 quarn

1386 1098 1425 1129 de
1442 1099 1539 1129 rebus
1555 1098 1624 1129 aliis
1641 1099 1747 1136 habet,
1765 1105 1813 1130 est
1828 1100 1869 1130 ad
1885 1101 2023 1132 modum
2040 1103 2201 1142 practicae
2225 1103 2241 1118 ⁴*
2258 1103 2468 1144 cognitionis.

1385 1150 1528 1180 Practica
1545 1155 1654 1180 autern
1673 1173 1679 1180 .
1695 1174 1702 1181 .
1718 1174 1724 1180 .
1743 1151 1896 1182 extendit.
1915 1152 2074 1191 §Adhuc
2092 1153 2238 1184 Primum
2255 1154 2379 1185 mobile
2396 1165 2468 1186 mo-

1384 1208 1477 1232 vetur
1501 1205 1535 1230 ab
1555 1205 1691 1232 intellectu
1711 1212 1729 1232 a
1753 1209 1883 1233 motore
1899 1210 2054 1235 movente
2071 1214 2129 1245 per
2145 1205 2346 1236 intellectum
2364 1212 2396 1237 et
2412 1216 2468 1248 ap-

2498 655 2508 663 '
2523 652 2575 675 vid.
2592 653 2621 675 ad
2635 654 2685 676 loc.

2498 1064 2508 1072 ·
2523 1061 2579 1085 vid.
2593 1062 2625 1085 ad
2639 1062 2688 1085 loe.

2498 1116 2549 1139 tSv
2563 1115 2611 1138 bn.

1384 1254 1534 1294 petitum,
1554 1260 1588 1285 ut
1605 1263 1702 1294 supra
1723 1260 1892 1285 ostensum
1917 1261 1964 1286 est
1987 1266 2034 1292 per
2053 1260 2290 1286 demonstrationes
2309 1260 2469 1294 philosophi.
2499 1289 2502 1292 ,

1384 1304 1459 1334 Non
1485 1310 1595 1335 autem
1619 1311 1730 1345 posset
1744 1316 1797 1341 per
1819 1311 1929 1336 motor
1953 1306 2069 1347 aliquis
2091 1317 2150 1348 per
2173 1307 2376 1339 intellectum
2393 1317 2469 1339 cau-

1384 1366 1452 1386 sare
1469 1362 1598 1388 motum
1623 1357 1683 1388 nisi
1708 1364 1922 1398 cognosceret
1938 1359 2061 1390 mobile
2078 1360 2274 1399 inquantum
2290 1365 2404 1391 natum
2421 1365 2470 1391 est

1383 1409 1510 1439 moveri
1538 1408 1719 1440 secundum
1745 1409 1868 1440 locum.
1893 1409 1968 1440 Hoc
1992 1416 2102 1441 autem
2128 1417 2176 1442 est
2198 1411 2397 1452 inquantum
2420 1417 2470 1443 est

1383 1464 1524 1498 singu1are
1546 1461 1599 1491 hic
1623 1467 1655 1492 et
1678 1471 1778 1497 nunc,
1803 1467 1835 1492 et
1858 1470 1915 1502 per
1939 1471 2147 1503 consequens
2172 1462 2383 1504 (inquantum
2405 1463 2468 1503 est)

1384 1510 1556 1551 singulare,
1581 1516 1630 1540 nisi
1654 1515 1720 1541 forte
1745 1523 1807 1546 casu
1831 1522 1959 1542 moveret.
1989 1513 2175 1544 Intellectus
2206 1513 2304 1555 igitur
2333 1514 2391 1555 qui
2421 1519 2470 1545 est

1383 1574 1461 1592 causa
1479 1562 1617 1603 (motor)
1631 1564 1647 1580 ⁴*
1664 1564 1759 1604 primi
1776 1565 1916 1602 mobilis,
1935 1566 2106 1606 cognoscit
2122 1566 2266 1606 primum
2282 1565 2407 1596 mobile
2417 1565 2469 1597 in-

1383 1622 1543 1655 quantum
1569 1622 1616 1646 est
1639 1616 1810 1656 singulare.
1839 1616 1906 1654 Qui
1930 1617 2064 1657 quidem
2090 1623 2200 1648 motor
2215 1618 2232 1634 ⁸*
2256 1617 2308 1648 vel
2336 1618 2471 1658 ponitur

1383 1666 1483 1703 Deus,
1509 1673 1541 1697 et
1560 1671 1575 1695 h
1595 1668 1641 1698 sic
1666 1668 1802 1698 habetur
1826 1669 2044 1708 propositum,
2077 1669 2128 1700 vel
2152 1673 2250 1706 aliquid
2268 1673 2342 1706 quod
2364 1673 2391 1699 in
2414 1680 2470 1707 quo

1382 1722 1470 1755 ipsum
1489 1722 1633 1755 intelligere
1645 1727 1768 1748 causatur
1786 1730 1817 1748 ex
1835 1723 1989 1756 intelligibili
2008 1724 2080 1757 qnod
2100 1728 2141 1750 est
2153 1723 2233 1750 Deus.
2252 1723 2366 1757 Oportet
2382 1724 2470 1758 igituir,

1383 1779 1410 1798 ut
1428 1773 1603 1807 philosophus
1621 1774 1647 1799 in
1666 1781 1692 1799 xi
1711 1774 1825 1807 metaph.
1839 1775 1980 1806 concludit,
1999 1775 2071 1809 quod
2090 1775 2154 1801 illud
2173 1775 2332 1809 intelligibile
2351 1776 2468 1803 divinum

1383 1826 1467 1850 mulio
1480 1826 1563 1859 magis
1576 1826 1701 1859 intelligat
1721 1822 1856 1863 (aliquid
1873 1823 1964 1864 quod
1977 1829 2024 1854 est
2039 1823 2122 1854 infra
2139 1823 2248 1854 Deum
2267 1831 2294 1853 et
2313 1825 2408 1855 cuius
2418 1825 2468 1856 in-

1382 1872 1529 1902 tellectus
1553 1873 1578 1902 si
1603 1878 1712 1913 potest
1736 1883 1935 1913 cognoscere
1960 1874 2122 1914 singulare
2142 1883 2200 1904 sua
2223 1875 2352 1911 virtute,
2377 1874 2486 1916 quod·

1381 1930 1492 1954 noster
1508 1923 1691 1954 intellectus
1708 1933 1775 1954 non
1793 1930 1911 1964 potest,
1924 1925 2030 1955 multo
2043 1925 2146 1966 magis
2158 1925 2223 1956 hoc
2239 1926 2360 1967 poterit
2375 1926 2470 1958 intel-

1380 1975 1484 2006 lectus
1498 1974 1584 2018 Dei.)
1601 1977 1619 2015 ἓ
1636 1975 1726 2006 Item.
1745 1976 1854 2016 Agens
1871 2000 1878 2006 .
1893 1999 1901 2006 .
1916 2000 1923 2007 .
1941 1975 2160 2008 inferioribus.
2182 1981 2265 2007 For-m
2284 1977 2396 2010 Virtus
2411 1987 2469 2010 eu-

1380 2033 1447 2057 tem
1461 2050 1468 2057 .
1480 2050 1487 2057 .
1501 2050 1507 2057 .
1526 2027 1658 2068 cogniti.
1679 2026 1712 2058 ln
1730 2027 1794 2058 hoc
1811 2033 1919 2059 tamen
1936 2027 2042 2059 differt
2058 2028 2148 2069 quod
2164 2039 2217 2068 cog
2231 2028 2419 2061 assimilatio
2434 2029 2469 2062 in

1381 2079 1570 2119 cognitione
1594 2078 1736 2109 humana
1761 2078 1796 2110 fit
1820 2088 1878 2120 per
1901 2080 2066 2111 actionem
2082 2089 2190 2112 rerum
2209 2091 2248 2111 ex
2265 2081 2469 2113 sensibilium

1381 2131 1414 2160 in
1432 2131 1514 2160 vires
1531 2130 1769 2170 cognoscitivas
1786 2131 1955 2167 humanas,
1968 2132 2002 2162 in
2015 2132 2204 2173 cognitione
2217 2138 2327 2164 autem
2343 2132 2407 2164 Dei
2421 2138 2471 2164 eet

1382 2191 1400 2213 e
1417 2191 1577 2213 converso
1601 2191 1659 2223 per
1683 2183 1847 2213 actionem
1871 2182 1996 2214 formae
2020 2183 2204 2215 intellectus
2235 2183 2336 2215 divini
2359 2183 2395 2215 in
2417 2192 2469 2216 res

1381 2234 1538 2275 cognitas.
1563 2233 1683 2265 Forma
1713 2234 1811 2275 igitur
1828 2257 1836 2265 .
1852 2259 1858 2265 .
1875 2258 1882 2266 .
1899 2235 2101 2267 intellectum
2128 2236 2321 2268 humanum.
2347 2235 2468 2268 Simili-

1381 2286 1462 2317 tudo
1477 2292 1587 2317 autem
1604 2285 1730 2317 formae
1753 2286 1937 2318 intellectus
1953 2286 2065 2325 divini,
2085 2297 2162 2319 cum
2178 2288 2340 2329 pertingat
2362 2296 2470 2329 usque

1381 2338 1421 2369 ad
1437 2347 1546 2370 rerum
1571 2338 1716 2375 minima,
1741 2349 1883 2376 quousque
1905 2342 1921 2360 ¹¹¹
1940 2338 2014 2380 (cum
2029 2343 2067 2369 ad
2078 2350 2112 2369 ea
2134 2338 2175 2371 ad
2191 2337 2290 2381 quae)
2315 2340 2468 2382 pertingit

1381 2399 1437 2420 sua
1463 2390 1642 2429 causalitas‚
1668 2389 1843 2431 (pervenit)
1865 2399 1969 2431 usque
1997 2390 2037 2422 ad
2062 2390 2316 2432 singularitatem
2341 2389 2467 2423 formae

1380 2441 1539 2472 sensibilis
1571 2447 1601 2472 et
1625 2441 1809 2472 materialis.
1842 2441 2028 2473 Intellectus
2052 2442 2149 2483 igitur
2177 2446 2282 2472 divinus
2310 2439 2465 2485 (divinus)

1380 2498 1489 2533 potest
1513 2496 1591 2522 futen
1609 2502 1808 2532 cognoscere
1836 2492 2020 2534 singularia,
2051 2503 2119 2525 non
2151 2500 2260 2525 autem
2291 2490 2466 2526 humanus.

1380 2544 1399 2583 §
1415 2543 1592 2575 Praeterea.
1610 2543 1810 2585 Sequeretur
1827 2566 1834 2574 .
1849 2567 1856 2574 .
1871 2567 1880 2575 .
1897 2550 2114 2585 cognoscunt.
2138 2545 2157 2585 δ
2172 2545 2264 2576 Haec
2281 2550 2392 2576 autem
2409 2567 2417 2576 .
2431 2568 2440 2576 .
2457 2568 2465 2576 .

1380 2597 1617 2627 memorabitur
1640 2597 1658 2635 §
1675 2596 1766 2627 Patet
1791 2596 1888 2627 etiam
1907 2619 1914 2627 .
1931 2620 1938 2626 .
1953 2619 1960 2627 .
1978 2596 2212 2636 productivum
2237 2597 2420 2638 utriusque.

1411 2742 1492 2783 Cap.
1518 2742 1632 2773 LXVI.
1657 2741 1755 2780 Quon
1779 2742 1866 2774 Deus
1891 2751 2068 2773 coenosctr
2091 2752 2130 2772 aa
2157 2753 2240 2774 onan
2264 2752 2330 2774 non
2353 2752 2441 2774 sunt.

1424 2853 1586 2894 §Deinde
1611 2854 1850 2885 ostendendum
1868 2860 1915 2885 est
1939 2854 2030 2895 quod
2056 2854 2128 2886 Deo
2152 2863 2220 2885 non
2237 2853 2328 2885 deest
2351 2854 2467 2887 notitia

1381 2915 1496 2936 eorum
1528 2906 1625 2936 etiam
1657 2914 1742 2946 quae
1773 2915 1842 2936 non
1875 2912 1960 2937 sunt.
1993 2905 2036 2937 Ut
2067 2906 2156 2937 enim
2173 2928 2182 2936 .
2195 2929 2203 2936 .
2218 2929 2226 2936 .
2243 2915 2313 2937 esse
2344 2910 2464 2947 potest.

1379 2959 1398 2997 §
1414 2957 1505 2988 Item.
1524 2957 1680 2997 Cognitio
1696 2981 1702 2987 .
1718 2979 1725 2987 .
1741 2981 1748 2987 .
1765 2966 1885 2988 rerum.
1903 2956 2027 2988 Artifex
2043 2955 2182 2999 (autem)
2199 2959 2279 2986 habet
2295 2966 2374 2989 suae
2389 2957 2466 2990 artis

1380 3008 1569 3047 cognitione
1593 3008 1692 3039 etiam
1709 3018 1746 3039 ea
1769 3017 1854 3049 quae
1878 3008 2028 3039 nondum
2045 3014 2120 3040 sunt
2137 3007 2318 3049 (artificiatn
2341 3018 2466 3051 cogno·

2497 1572 2507 1582 ·
2522 1570 2576 1595 vid.
2591 1571 2623 1594 ed
2636 1571 2684 1597 loe.

2497 1626 2507 1636 ⁸
2523 1623 2579 1648 vid.
2594 1623 2625 1647 ed
2637 1625 2688 1647 loe.

2494 2347 2504 2356 '
2520 2344 2566 2369 VM
2588 2345 2619 2369 ed
2632 2346 2684 2369 loc.-

2492 2862 2521 2887 ¹⁹
2529 2862 2542 2880 r
2554 2863 2569 2880 ι
2579 2858 2691 2888 vlt-⁸8⁴-

1379 3059 1453 3099 scit)
1479 3058 1602 3090 formae
1619 3060 1707 3091 enim
1726 3060 1801 3090 artis
1817 3069 1856 3090 ex
1873 3060 1943 3091 eius
1959 3061 2093 3091 scientia
2103 3065 2148 3100 flu
2167 3060 2306 3092 effluunt
2325 3061 2359 3092 in
2377 3065 2465 3092 exte·
2503 3079 2505 3083 ι

1380 3111 1499 3142 riorem
1522 3111 1689 3142 materiam
1715 3110 1754 3142 ad
1782 3110 2027 3143 artificiatorum
2054 3113 2336 3144 constitutionem.
2367 3109 2464 3144 Unde

1379 3162 1459 3193 nihil
1483 3162 1635 3203 prohibet
1652 3185 1659 3193 .
1674 3184 1682 3192 .
1697 3185 1704 3192 .
1722 3162 1872 3193 notitiam
1896 3162 2024 3194 habere.
2049 3164 2068 3203 ξ
2083 3163 2262 3195 Praeterea.
2292 3163 2382 3195 Deua
2405 3170 2464 3195 οο·

1379 3214 1508 3254 gnoscit
1525 3237 1532 3245 .
1547 3237 1554 3244 .
1571 3237 1577 3244 .
1595 3220 1693 3254 patet.
1712 3213 1776 3245 Sed
1793 3223 1869 3245 cum
1893 3215 2031 3245 essentia
2047 3214 2109 3246 Dei
2129 3214 2170 3246 sit
2185 3214 2332 3246 infinitae
2355 3211 2463 3255 perfe-

246 3262 402 3293 8001'258*
418 3265 540 3298 definitio
557 3261 694 3291 essentia
710 3270 747 3290 ex
763 3260 827 3290 hoc
850 3268 987 3299 c0¹'POse
1002 3265 1032 3289 et
1045 3259 1104 3289 hac
1123 3258 1241 3295 anima,
1255 3269 1324 3295 ‘1⁰⁸²
1338 3271 1366 3291 ⁶0
1381 3265 1509 3302 ctionis,
1534 3270 1570 3295 ut
1593 3274 1690 3305 supra
1714 3270 1883 3296 ostensum
1911 3270 1969 3302 est,
1995 3265 2159 3306 quaelibet
2186 3270 2297 3296 autem
2321 3263 2384 3296 alia
2410 3273 2462 3295 res

247 3318 302 3342 eius
321 3315 495 3342 definitionem
515 3316 638 3341 intrarent
651 3316 672 3340 si
692 3314 859 3345 detineretur,
878 3314 948 3340 sicut
966 3315 1003 3341 ut
1027 3310 1165 3340 essentia
1181 3310 1324 3340 hominis

245 3363 432 3395 universalis
456 3373 493 3394 ex
522 3364 629 3394 anima
655 3369 685 3394 et
710 3372 858 3403 corpore,
884 3368 919 3393 ut
943 3367 1032 3402 patet
1055 3361 1088 3391 in
1112 3370 1155 3391 vn
1179 3362 1322 3402 metaph.

246 3415 340 3447 Unde
358 3438 364 3445 .
381 3438 387 3445 .
403 3439 409 3445 .
427 3414 563 3445 definiri.
592 3416 607 3431 ᾗ
627 3415 835 3454 Cuicumque
864 3413 960 3454 igitur
977 3436 985 3443 .
1000 3436 1007 3443 .
1022 3436 1028 3443 .
1047 3411 1227 3452 singularis.
1260 3412 1324 3443 Sed

247 3468 307 3498 Dei
323 3468 467 3508 cognitio
485 3476 587 3508 usque
612 3466 651 3496 ad
669 3466 835 3496 materiam
857 3470 887 3495 et
909 3463 1086 3495 accidentia
1104 3462 1324 3501 (individuan-

1379 3316 1495 3347 habeat
1512 3325 1582 3347 esse
1606 3322 1638 3347 et
1662 3315 1898 3356 perfectionem
1921 3321 2089 3347 terminatam
2109 3314 2318 3359 (terminata),
2337 3315 2463 3357 impos-

1380 3367 1471 3398 sibile
1483 3372 1531 3398 est
1550 3366 1642 3408 quod
1654 3367 1845 3398 universitas
1857 3376 1965 3398 rerum
1981 3367 2116 3399 aliarum
2132 3365 2293 3407 adaequet
2304 3366 2462 3398 essentiae

1380 3418 1508 3450 divinae
1532 3418 1779 3460 perfectionem.
1797 3418 1950 3450 Extendit
1966 3442 1974 3450 .
1988 3442 1996 3449 .
2011 3442 2018 3450 .
2036 3427 2075 3450 ea
2097 3427 2182 3460 quae
2205 3424 2291 3449 sunt.
2308 3417 2341 3450 Si
2366 3418 2463 3459 igitur

1380 3469 1469 3500 Deus
1492 3469 1634 3500 totaliter
1651 3469 1802 3500 virtutem
1826 3475 1858 3500 et
1881 3468 2118 3510 perfectionem
2135 3469 2152 3486 “
2175 3477 2253 3500 suae
2279 3468 2460 3509 cognoscit,
2489 3474 2499 3484 ·

246 3517 303 3560 tia)
321 3525 351 3549 et
369 3518 487 3549 formas
506 3518 667 3558 pertingit.
687 3521 734 3546 Εκ·
746 3521 796 3546 hoc
811 3520 880 3545 enim
894 3519 950 3544 alia
963 3526 980 3543 a
993 3525 1020 3544 se
1032 3518 1180 3552 cognoscit,
1198 3521 1228 3543 ut
1240 3525 1324 3551 supra
1338 3529 1363 3555 ⁶5
1380 3519 1523 3551 extendit
1540 3529 1574 3551 se
1591 3521 1661 3551 eius
1678 3520 1824 3560 cognitio
1848 3528 1918 3551 non
1933 3519 2041 3550 solum
2065 3517 2105 3550 ad
2129 3528 2166 3549 ea
2191 3528 2276 3560 quae
2301 3524 2387 3558 sunt,
2403 3517 2462 3550 sed

249 3575 381 3598 ostensum
395 3578 442 3602 est,
455 3579 506 3605 per
520 3579 596 3597 suam
610 3572 762 3602 essentiam,
775 3570 838 3603 quia
851 3577 900 3594 sua
915 3569 1032 3594 essentia
1045 3571 1086 3593 est
1098 3568 1218 3593 omnium
1232 3575 1323 3594 exem-

247 3624 312 3656 plar
330 3631 397 3656 quae
416 3630 581 3656 quocumque
601 3623 688 3655 <esse>
704 3621 785 3647 modo
804 3628 861 3646 esse
876 3621 983 3651 habent,
995 3620 1066 3645 sicut
1080 3619 1201 3652 primum
1221 3623 1246 3645 et
1266 3619 1324 3645 uni-

249 3675 352 3700 versale
371 3675 474 3700 essendi
490 3674 664 3707 principium.
685 3670 771 3701 Cum
797 3669 883 3700 enim
901 3676 996 3698 suum
1015 3666 1194 3707 intelligere
1211 3667 1251 3697 sit
1267 3676 1324 3698 sua

249 3723 394 3759 essentia,
413 3729 542 3763 oportet
558 3721 649 3763 quod
666 3725 782 3758 intelligit
798 3719 983 3760 (intelligat)
1004 3719 1116 3749 omnia
1140 3728 1224 3759 quae
1248 3725 1323 3750 sunt

1380 3571 1477 3601 etiam
1502 3570 1541 3602 ad
1566 3580 1603 3602 ea
1635 3579 1719 3611 quae
1750 3579 1816 3601 non
1845 3575 1932 3601 sunt.
1960 3571 1978 3608 ξ
1994 3569 2156 3610 Amplius.
2189 3570 2376 3602 Intellectus
2398 3579 2460 3602 no-

1380 3627 1443 3652 ster
1457 3644 1464 3652 .
1478 3644 1486 3652 .
1502 3644 1508 3652 .
1523 3631 1590 3652 non
1608 3626 1684 3652 sunt
1699 3626 1784 3652 actu.
1804 3620 1914 3652 Potest
1931 3620 2019 3651 enim
2038 3620 2143 3652 leonis
2160 3621 2211 3652 vel
2235 3621 2312 3662 equi
2338 3620 2462 3662 (essen-

1379 3673 1471 3713 tiam)
1489 3671 1779 3713 comprehendere,
1802 3670 1956 3702 omnibus
1979 3671 2167 3703 huiusmodi
2192 3672 2387 3703 animalibus
2410 3671 2459 3703 in-

1379 3725 1557 3765 teremptis.
1583 3723 1769 3755 Intellectus
1787 3728 1897 3754 eutem
1920 3721 2050 3753 divinus
2073 3724 2243 3764 cognoscit
2267 3727 2301 3754 de
2323 3727 2403 3754 rebus
2418 3722 2460 3755 ad

250 3783 462 3814 quocumque
478 3773 579 3804 modo
603 3774 635 3804 in
661 3774 730 3804 eius
747 3772 894 3808 essentia,
912 3772 944 3801 in
969 3780 1032 3811 qua
1049 3769 1182 3810 quidem
1206 3770 1323 3801 virtute
1338 3785 1366 3806 70
1380 3774 1518 3806 modum
1535 3774 1763 3816 cognoscentis
1778 3772 1870 3814 quod
1886 3772 1965 3813 quid
1981 3780 2028 3804 est
2044 3784 2112 3805 non
2129 3774 2237 3807 solum
2253 3768 2459 3806 definitiones

250 3831 326 3857 sunt
349 3826 431 3856 sicut
455 3826 486 3855 in
512 3825 615 3866 prima
639 3825 762 3865 origine
780 3824 890 3854 omnia
907 3832 990 3863 quae
1016 3831 1084 3853 esse
1109 3831 1322 3862 quocumque

250 3876 350 3907 modo
374 3876 503 3912 habent,
528 3884 603 3906 cum
627 3876 667 3905 sit
690 3875 830 3915 primum
849 3880 879 3905 et
897 3873 1074 3904 universale
1094 3873 1219 3903 essendi
1237 3874 1323 3913 prin-

251 3927 381 3966 cipium.
399 3926 428 3956 Α
441 3926 558 3967 quibus
571 3949 578 3956 .
589 3948 613 3956 ..
629 3925 727 3956 deest.
740 3928 757 3964 ἓ
771 3925 930 3965 Amplius.
945 3928 1043 3953 Nuuus
1062 3931 1188 3953 naturam
1203 3924 1323 3955 Natura

251 3978 374 4015 generis
391 3977 532 4017 perfecte
547 3986 615 4008 non
632 3982 738 4017 potest
755 3975 909 4016 cognosci
924 3998 930 4005 .
946 3997 954 4005 .
969 3998 975 4005 .
990 3975 1156 4015 passiones
1173 3975 1265 4005 entis.
1291 3974 1323 4006 Si

1379 3826 1436 3857 sed
1461 3826 1559 3857 etiam
1587 3823 1809 3863 enuntiabilia,
1841 3830 1876 3855 ut
1907 3834 1945 3855 ex
1969 3833 2066 3865 supra
2094 3825 2188 3857 dictis
2218 3831 2316 3867 patet.
2348 3825 2460 3857 Potest

1379 3879 1476 3919 igitur
1492 3878 1589 3909 etiam
1606 3886 1720 3909 eorum
1745 3885 1830 3917 quae
1853 3886 1921 3908 non
1939 3883 2014 3908 sunt
2037 3878 2187 3910 notitiam
2206 3878 2336 3910 habere.
2361 3877 2459 3918 §Ad—

1381 3930 1455 3961 huc.
1473 3928 1617 3960 Effectus
1633 3927 1748 3968 aliquis
1763 3951 1770 3959 .
1783 3950 1790 3958 .
1803 3950 1810 3958 .
1828 3937 1886 3968 per
1902 3937 2043 3959 causam.
2058 3929 2099 3960 Se
2113 3930 2200 3961 enim
2213 3928 2459 3970 cognoscendo,

1381 3981 1438 4021 qui
1459 3986 1506 4012 est
1521 3979 1671 4011 omnium
1688 3988 1795 4015 causa,
1814 3982 1923 4017 effectus
1940 3990 1954 4009 ε
1972 3979 2032 4011 alia
2049 3981 2142 4021 quasi
2158 3989 2235 4012 suos
2252 3979 2386 4012 effectus
2401 3989 2458 4011 co·

252 4026 346 4066 igitur
357 4027 454 4064 Deus,
465 4027 694 4068 cognoscendo
708 4026 878 4057 essentiam
888 4034 989 4061 suam,
1001 4024 1142 4065 perfecte
1156 4025 1325 4065 cognoscit
1339 4038 1363 4058 75
1380 4031 1508 4073 gnoscit
1532 4031 1582 4072 (ut
1605 4039 1702 4071 supra
1719 4035 1886 4061 ostensum
1904 4029 1974 4072 est.)
1994 4031 2081 4063 Nihil
2098 4031 2195 4073 igitur
2210 4031 2361 4073 prohibet
2377 4032 2458 4073 quin
