2768 4134
50 1087 60 1096 '¹
71 1085 141 1108 Num.
153 1092 187 1108 ιιι.

301 303 378 340 492

300 367 384 402 dam,
404 374 487 405 quae
502 364 675 404 requiritur
690 363 730 393 ad
745 364 809 393 hoc
826 369 862 393 ut
876 364 978 403 possit
993 364 1165 393 terminare
1180 363 1371 394 intellectio-

759 288 947 325 SUMMA
976 288 1198 325 CONTRA
1227 288 1502 333 GENTILES,
1530 288 1625 324 LIB.
1646 288 1688 333 II,
1718 287 1829 324 CAP.
1850 289 2038 325 LXXVII.

1426 370 1533 395 autem
1559 371 1594 395 ut
1616 366 1682 396 sint
1705 366 1867 396 intellecta
1892 366 1925 396 in
1949 372 2035 397 actu.
2060 367 2102 397 Et
2117 377 2188 408 cap.
2205 378 2245 399 Lx
2261 370 2304 400 ait
2320 370 2411 410 quod
2433 381 2500 402 non

298 419 391 441 nem:
404 411 472 449 ipsa
493 409 580 438 enim
595 408 719 447 species
736 413 783 437 est
799 409 936 437 omnino
955 408 1174 437 immaterialis
1189 408 1371 438 secundum
1426 409 1547 440 dicitur
1563 419 1651 449 puer
1667 415 1787 450 potens
1814 410 1999 451 intelligere
2021 421 2064 441 ex
2091 421 2130 442 eo
2160 413 2248 452 quod
2268 413 2501 454 phantasmata

297 464 353 490 ses
368 459 400 484 et
429 457 645 492 repraesentat
671 457 820 482 naturam
849 451 1109 488 immaterialiter,
1136 451 1218 482 idest
1247 453 1371 492 absque
1426 454 1458 483 in
1484 463 1521 483 eo
1540 455 1672 494 possint
1693 463 1762 484 esse
1785 454 1950 485 intellecta
1977 455 2010 485 in
2034 460 2132 486 actu:
2153 465 2227 487 cum
2256 458 2318 488 hoc
2334 459 2502 498 pertineat

297 498 538 528 conditionibus
561 497 789 532 materialibus,
807 501 843 526 ut
858 497 904 526 sic
927 501 1051 532 natura,
1076 496 1199 536 absque
1222 497 1371 537 materia-

295 543 378 573 libus
402 541 643 572 conditionibus
671 546 907 581 repraesentata
937 547 968 570 et
997 541 1216 571 immaterialis
1245 540 1368 577 effecta,

293 588 396 627 possit
418 592 527 617 actum
550 585 749 626 intelligendi
765 586 945 615 terminare.
968 585 1025 615 Est
1041 595 1117 626 ergo
1138 586 1305 616 obiectum
1320 586 1369 615 in-

294 632 459 671 telligibile
482 631 516 660 in
539 636 614 660 actu
637 631 672 660 in
694 631 820 660 ratione
843 631 968 665 motivi,
986 631 1118 670 quando
1139 635 1186 659 est
1208 630 1242 660 in
1265 630 1369 670 phan-

292 677 371 706 tasia
393 676 588 707 illustratum
611 675 735 705 lumine
758 675 941 705 intellectus
965 676 1098 715 agentis,
1116 675 1159 704 ita
1175 674 1267 714 quod
1290 679 1368 705 tunc

291 720 447 751 verificari
470 725 579 760 potest
594 720 797 750 intellectum
812 720 880 760 pati
903 720 942 749 ab
958 720 1150 760 intelligibili
1174 720 1207 749 in
1224 723 1309 755 actu,
1333 720 1368 749 in

290 767 415 796 ratione
439 765 562 796 scilicet
584 766 710 795 motivi.
735 765 793 795 Est
811 770 920 795 autem
944 765 977 794 in
1002 770 1075 795 actu
1098 765 1133 794 in
1156 764 1281 794 ratione
1304 769 1367 793 ter—

290 811 446 847 minativi,
461 810 592 850 quando
609 819 668 850 per
683 819 776 840 suam
791 810 935 850 speciem
952 814 1000 839 est
1022 810 1056 839 in
1072 809 1238 839 intellectu
1262 809 1367 848 possi—

290 856 356 888 bili.
375 874 398 878 -
413 855 606 885 Phantasma
622 864 699 885 vero
717 855 832 885 dicitur
847 854 1047 893 intelligibile
1070 854 1104 884 in
1128 860 1212 890 actu,
1233 853 1365 893 quando

289 902 385 932 habet
412 900 500 931 unde
527 900 630 940 possit
654 909 722 929 esse
750 900 1002 929 instrumentum
1028 898 1211 929 intellectus
1241 899 1366 938 agentis

290 946 450 976 causantis
465 945 609 985 speciem
621 945 654 974 in
669 943 835 974 intellectu
851 943 1013 984 possibili:
1031 943 1123 983 quod
1134 944 1289 973 convenit
1305 943 1366 973 sibi

288 992 484 1031 inquantum
513 989 637 1019 lumine
661 988 842 1018 intellectus
866 988 989 1027 agentis
1013 993 1061 1018 est
1088 988 1294 1018 illustratum.
1323 988 1365 1018 Et

288 1037 364 1076 quia
387 1036 451 1066 hoc
468 1034 621 1064 convenit
643 1033 714 1069 sibi,
730 1042 798 1062 non
814 1042 873 1072 per
888 1042 1008 1062 novam
1024 1032 1274 1063 illustrationem
1290 1038 1365 1073 post

287 1082 357 1112 eius
374 1079 618 1120 generationem
634 1078 928 1117 supervenientem,
945 1083 982 1107 ut
997 1078 1146 1118 superius
1158 1079 1175 1094 ⁴*
1191 1083 1239 1108 est
1254 1083 1364 1108 osten—

286 1134 369 1161 sum,
393 1123 449 1154 sed
471 1132 530 1164 per
556 1131 648 1152 suam
675 1127 832 1158 naturam,
860 1122 1056 1162 inquantum
1087 1128 1135 1153 est
1163 1122 1363 1163 productum

284 1171 343 1200 rite
365 1174 397 1199 et
420 1168 566 1198 ordinate
594 1167 633 1197 ab
657 1167 890 1207 imaginatione
914 1177 999 1208 quae
1028 1169 1063 1199 in
1087 1167 1201 1198 eadem
1225 1168 1363 1198 essentia

285 1215 410 1244 animae
434 1222 510 1244 cum
533 1212 699 1242 intellectu
723 1218 838 1252 agente
860 1212 1035 1250 radicatur3
1059 1212 1135 1244 ideo
1156 1213 1273 1243 dicitur
1291 1222 1362 1244 esse

284 1265 358 1290 actu
381 1257 581 1298 intelligibile
605 1257 800 1297 inquantum
822 1258 854 1288 in
878 1259 952 1298 ipso
977 1263 1024 1288 est
1047 1258 1156 1298 aliqua
1178 1258 1362 1289 intellectus

283 1304 405 1344 agentis
421 1302 624 1343 participatio
648 1311 666 1332 a
681 1308 805 1333 natura.
821 1319 844 1324 —
860 1302 993 1343 Species
1009 1308 1118 1333 autem
1135 1302 1253 1333 dicitur
1267 1303 1361 1333 intel-

282 1348 412 1389 ligibilis
428 1353 512 1384 actu,
529 1346 662 1387 quando
678 1347 775 1379 habet
790 1347 878 1378 unde
894 1353 1024 1378 actuare
1038 1348 1143 1388 possit
1158 1348 1361 1378 intellectum

281 1393 481 1434 possibilem.
501 1392 543 1423 Et
562 1393 637 1432 quia
661 1391 724 1422 hoc
741 1393 896 1423 convenit
910 1393 972 1423 sibi
990 1391 1173 1423 secundum
1198 1392 1289 1433 quod
1313 1398 1361 1423 est

282 1438 441 1478 producta
456 1438 490 1468 in
506 1437 672 1468 intellectu
688 1437 835 1476 possibili
851 1438 890 1467 ab
906 1437 1073 1468 intellectu
1086 1442 1201 1478 agente
1213 1443 1246 1468 et
1256 1437 1360 1478 phan-

280 1488 425 1519 tasmate,
449 1482 523 1513 ideo
541 1482 657 1513 dicitur
672 1481 881 1522 intelligibilis
896 1483 930 1512 in
946 1488 1020 1512 actu
1040 1482 1173 1522 quando
1198 1487 1245 1513 est
1272 1487 1360 1512 extra

280 1529 480 1569 phantasma,
498 1532 612 1568 utpote
635 1526 802 1557 actualiter
816 1528 856 1557 ab
879 1528 1046 1558 intellectu
1062 1532 1177 1567 agente
1202 1533 1234 1558 et
1255 1527 1359 1567 phan-

281 1578 415 1604 tasmate
438 1572 598 1613 producta
620 1571 653 1602 in
679 1577 764 1602 actu.

335 1618 419 1648 VIII.
444 1618 493 1648 Ex
507 1618 546 1648 iis
569 1618 680 1657 itaque
696 1621 784 1656 patet
801 1615 892 1657 quod
915 1616 975 1646 tria
998 1621 1074 1646 sunt
1097 1625 1182 1656 quae
1205 1615 1359 1646 dicuntur

281 1662 456 1703 aliquando
470 1661 604 1702 quidem
614 1661 829 1701 intelligibilia
840 1661 874 1691 in
890 1661 1047 1701 potentia,
1060 1659 1236 1701 aliquando
1249 1666 1359 1691 autem

279 1703 493 1747 intelligibilia
516 1707 550 1737 in
574 1712 662 1736 actu:
687 1706 810 1736 scilicet
833 1705 1001 1736 obiectum
1018 1704 1232 1745 intelligibile,
1255 1705 1359 1745 phan—

279 1756 392 1788 tasma,
417 1757 448 1782 et
471 1746 596 1792 species
626 1750 848 1790 intelligibilis.
876 1749 971 1788 Quae
995 1750 1072 1790 quia
1094 1749 1296 1780 reducuntur
1318 1749 1358 1780 de

280 1797 427 1837 potentia
442 1795 482 1826 ad
506 1801 615 1826 actum
631 1796 671 1825 ab
690 1795 857 1825 intellectu
882 1799 1007 1835 agente,
1023 1794 1100 1825 ideo
1125 1794 1241 1824 dicitur
1264 1794 1358 1824 intel-

279 1842 383 1872 lectus
407 1849 504 1880 agens
529 1839 634 1870 facere
652 1849 689 1869 ea
713 1845 786 1870 actu
802 1839 1026 1879 intelligibilia.
1050 1839 1114 1869 Res
1133 1838 1266 1879 quidem
1289 1847 1358 1868 ma—

279 1886 405 1917 teriales
429 1891 502 1915 actu
526 1884 744 1924 intelligibiles
767 1883 873 1914 reddit
895 1884 1056 1914 obiective
1080 1892 1117 1913 ac
1144 1883 1356 1919 terminative,

278 1931 474 1970 inquantum
498 1929 575 1959 facit
598 1938 650 1958 eas
675 1937 744 1958 esse
768 1929 801 1958 in
825 1928 993 1958 intellectu
1016 1927 1163 1968 possibili
1188 1932 1220 1957 et
1242 1927 1357 1957 imma-

277 1974 438 2010 terialiter,
454 1973 577 2003 scilicet
593 1973 716 2012 absque
729 1971 972 2003 conditionibus
987 1971 1216 2007 materialibus,
1229 1980 1356 2012 reprae-

277 2018 409 2054 sentari;
434 2018 468 2048 in
483 2018 608 2048 ratione
625 2026 701 2047 vero
718 2017 843 2052 motivi,
860 2017 1055 2056 inquantum
1073 2015 1126 2046 dat
1141 2015 1356 2055 phantasmati

276 2063 362 2094 illius
385 2062 658 2103 repraesentativo
675 2062 827 2091 virtutem
851 2060 1046 2090 immutandi
1060 2059 1263 2090 intellectum
1278 2068 1360 2100 pos-⁸

276 2107 412 2139 sibilem.
438 2107 662 2137 phantasmata
678 2115 755 2136 vero
779 2104 856 2135 facit
879 2110 954 2135 actu
977 2104 1200 2144 intelligibilia,
1216 2105 1354 2144 inquan-

275 2158 346 2183 tum
359 2161 416 2192 per
432 2151 715 2192 participationem
731 2150 864 2180 luminis
880 2149 982 2190 ipsius
998 2149 1118 2179 habent
1129 2148 1218 2179 unde
1229 2150 1356 2189 possint

275 2195 561 2228 instrumentaliter
583 2195 756 2226 immutare
779 2194 982 2225 intellectum
1006 2193 1195 2234 possibilem
1218 2192 1259 2224 ad
1282 2202 1354 2234 spe-

277 2243 361 2272 ciem
384 2240 629 2281 intelligibilem.
649 2240 781 2280 Species
805 2243 914 2269 autern
939 2238 1158 2279 intelligibiles
1181 2243 1256 2269 actu
1279 2238 1356 2269 facit

275 2286 501 2327 intelligibiles,
527 2285 720 2325 inquantum
752 2293 805 2314 eas
833 2283 873 2314 de
896 2284 1043 2324 potentia
1073 2283 1177 2313 activa
1203 2283 1355 2323 phantas-

276 2331 370 2361 matis
394 2330 512 2366 educit,
537 2335 569 2360 et
591 2330 686 2370 ponit
708 2330 742 2359 in
765 2328 932 2359 intellectu
956 2327 1112 2369 possibili.
1139 2327 1180 2358 Et
1201 2327 1278 2358 ideo
1298 2328 1355 2358 ali-

278 2374 409 2416 quando
426 2373 503 2405 dicit
519 2374 655 2405 Sanctus
671 2374 818 2404 Thomas
841 2372 932 2413 quod
956 2373 1138 2403 intellectus
1153 2381 1258 2413 agens
1263 2373 1356 2414 facit

279 2429 330 2451 res
353 2419 540 2449 materiales
562 2424 637 2449 actu
662 2417 893 2460 intelligibiles,
911 2422 947 2448 ut
966 2417 1082 2453 Prima,
1099 2426 1134 2457 q.
1150 2426 1212 2453 mv,
1229 2427 1257 2447 a.
1274 2425 1306 2456 4,
1323 2423 1356 2448 et

278 2474 309 2505 q.
326 2474 429 2500 Lxxxx,
446 2473 474 2494 a.
494 2463 522 2500 3,
547 2463 586 2494 de
602 2463 729 2498 Anima,
748 2472 775 2493 a.
793 2471 824 2501 4,
849 2462 889 2492 de
912 2461 1035 2502 Spirit„
1053 2471 1080 2491 a.
1103 2469 1153 2498 ιο,
1176 2467 1208 2492 et
1227 2462 1261 2492 in
1285 2461 1354 2502 ple-

277 2510 384 2550 risque
409 2508 476 2538 aliis
500 2508 595 2543 locis;
620 2507 795 2548 aliquando
814 2515 892 2537 vero
908 2506 999 2547 quod
1013 2506 1106 2548 facit
1121 2506 1354 2546 phantasmata

277 2552 496 2594 intelligibilia
519 2556 606 2589 actu,
623 2557 660 2583 ut
675 2552 707 2583 in
724 2552 788 2582 hoc
804 2551 908 2592 capite
932 2556 964 2582 et
985 2552 1019 2582 in
1040 2551 1121 2581 locis
1141 2560 1201 2591 pro
1225 2559 1355 2591 praece-

278 2598 365 2628 denti
381 2597 544 2638 positione
556 2597 714 2637 allegatis;
731 2596 906 2637 aliquando
923 2597 1019 2627 etiam
1035 2595 1126 2636 quod
1133 2595 1224 2637 facit
1233 2596 1356 2636 species

277 2643 457 2673 intellectus
475 2641 639 2682 possibilis
655 2641 875 2683 intelligibiles
890 2641 923 2671 in
947 2646 1034 2671 actu.
1059 2640 1212 2678 Quorum
1236 2649 1354 2671 unum-

278 2686 434 2728 quodque
456 2695 570 2717 verum
593 2692 650 2723 est,
675 2686 731 2716 sed
754 2694 814 2716 suo
839 2685 951 2716 modo.

330 2732 420 2762 Patet
443 2741 520 2772 ergo
545 2731 635 2771 quod
658 2731 840 2761 intellectus
864 2739 962 2771 agens
981 2729 1098 2760 dicitur
1122 2729 1226 2760 facere
1250 2729 1354 2770 phan-

276 2781 409 2807 tasmata
433 2781 507 2806 actu
530 2776 752 2815 intelligibilia,
768 2785 836 2806 non
859 2775 1029 2811 obiective,
1047 2775 1139 2815 quasi
1163 2773 1259 2805 faciat
1273 2774 1353 2814 ipsa,

277 2870 308 2896 et
329 2865 480 2906 intelligi:
505 2865 561 2896 sed
585 2865 753 2896 causaliter
774 2869 912 2901 tantum,
928 2864 1004 2904 quia
1028 2863 1177 2894 videlicet
1200 2862 1276 2894 facit
1298 2862 1353 2895 illa

275 2910 308 2940 in
332 2910 387 2940 tali
410 2914 484 2940 actu
507 2914 543 2940 ut
569 2910 695 2950 possint
722 2918 834 2940 secum
865 2917 1076 2940 con-causare
1103 2908 1228 2948 species
1257 2908 1352 2939 intel-

275 2953 411 2994 ligibiles
433 2955 467 2985 in
490 2954 658 2985 intellectu
681 2954 837 2994 possibili.
858 2953 934 2984 Hoc
950 2958 1059 2984 autem
1084 2958 1132 2983 est
1155 2953 1231 2992 quia
1253 2953 1351 2993 parti-

277 3000 384 3039 cipant
406 2999 439 3029 in
463 3009 521 3029 sua
543 3004 657 3030 natura
688 2998 811 3039 aliquid
838 2998 971 3029 luminis
1003 2997 1185 3028 intellectus
1212 2997 1350 3037 agentis:

276 3044 358 3074 sicut
381 3043 472 3074 color
499 3044 532 3074 in
555 3053 613 3074 sua
636 3048 749 3073 natura
772 3042 894 3083 aliquid
921 3042 1053 3073 luminis
1079 3042 1256 3081 corporalis
1279 3051 1351 3082 par-

276 3089 394 3128 ticipat.
419 3088 491 3128 Ipsa
515 3089 612 3124 enim,
629 3089 825 3128 inquantum
842 3088 984 3128 praecise
1001 3085 1228 3117 similitudines
1243 3095 1351 3117 rerum

275 3132 488 3163 materialium
504 3138 580 3163 sunt
595 3137 628 3163 et
643 3131 853 3172 singularium
870 3130 1109 3167 conditionum,
1126 3136 1202 3162 sunt
1223 3136 1351 3162 tantum

276 3176 487 3217 intelligibilia
510 3177 543 3207 in
568 3177 728 3216 potentia:
745 3177 831 3217 quia,
848 3182 886 3207 ut
903 3176 960 3212 sic,
980 3185 1048 3206 non
1072 3175 1191 3206 habent
1214 3182 1251 3206 ut
1273 3185 1350 3216 pos-

275 3221 338 3251 sint
353 3230 485 3252 movere
502 3221 713 3252 intellectum.
731 3221 930 3261 lnquantum
947 3225 1056 3251 autem
1073 3219 1195 3259 aliquid
1218 3220 1351 3251 luminis

275 3265 456 3296 intellectus
473 3266 595 3305 agentis
619 3267 652 3296 in
669 3275 725 3296 sua
742 3271 855 3296 natura
870 3270 1005 3306 propter
1021 3264 1288 3296 coniunctionem
1310 3265 1350 3296 ad

276 3310 383 3349 ipsum
407 3310 608 3350 participant,
632 3310 677 3340 sic
702 3315 777 3340 sunt
804 3316 877 3340 actu
901 3309 1123 3350 intelligibilia,
1151 3314 1266 3348 utpote
1289 3318 1350 3349 po-

277 3354 385 3390 tentia,
402 3363 477 3385 cum
500 3354 665 3385 intellectu
687 3360 811 3394 agente,
831 3363 964 3385 movere
987 3353 1199 3384 intellectum.
1222 3354 1262 3384 Et
1285 3354 1349 3385 hoc

278 3397 377 3428 modo
401 3399 489 3439 prius
522 3399 745 3439 phantasmata
776 3408 834 3439 per
862 3398 1062 3430 intellectum
1093 3403 1242 3437 agentem
1266 3397 1349 3430 fiunt

279 3447 351 3473 actu
374 3443 594 3483 intelligibilia,
623 3453 721 3483 quam
751 3444 877 3483 species
907 3442 1123 3483 intelligibiles
1153 3443 1349 3482 recipiantur

277 3486 310 3516 in
333 3486 497 3518 intellectu
521 3487 675 3527 possibili.

335 3530 434 3568 Quod
457 3537 564 3562 autem
588 3532 667 3562 haec
685 3532 724 3562 sit
740 3541 832 3562 mens
848 3532 955 3563 Sancti
973 3531 1132 3566 Thomae,
1149 3531 1347 3571 apertissime

280 3583 317 3603 ex
340 3576 408 3604 eius
423 3576 526 3606 verbis
549 3577 706 3616 superius,
732 3586 802 3616 cap.
819 3586 881 3612 mx,
906 3581 1042 3606 constat.
1065 3576 1119 3606 Ait
1146 3576 1234 3606 enim
1258 3575 1348 3615 quod

275 3617 502 3657 phantasmata
521 3629 583 3659 per
606 3620 712 3650 lumen
738 3621 919 3651 intellectus
942 3620 1072 3662 agentis
1084 3620 1178 3661 fiunt
1200 3624 1274 3650 actu
1299 3620 1347 3650 in-

281 3662 461 3702 telligibilia
492 3669 527 3693 ut
554 3664 681 3704 possint
709 3674 839 3695 movere
871 3665 1066 3695 intellectum
1099 3664 1132 3694 in
1164 3668 1249 3699 actu,
1281 3673 1346 3694 non

1424 498 1468 528 ad
1491 507 1591 538 posse
1622 507 1737 539 agere,
1763 499 1997 539 phantasmata
2027 500 2114 530 enim
2144 507 2275 531 movent
2303 503 2499 534 intellectum

1418 543 1632 582 possibilem;
1652 552 1751 583 posse
1777 548 1885 574 autem
1913 544 2099 585 intelligere
2123 545 2167 575 sit
2185 555 2286 586 posse
2306 548 2390 587 pati.
2417 548 2500 586 Qui-

1424 588 1484 617 bus
1507 588 1611 617 verbis
1634 587 1714 617 nihil
1738 587 1853 618 clarius
1876 588 1918 619 ad
1938 595 2143 628 praesentem
2163 589 2415 622 declarationem
2430 602 2499 623 esse

1422 636 1540 671 potest.
2199 654 2202 655 ν

1478 675 1532 706 ΙΧ.
1556 676 1671 707 Posset
1694 677 1792 707 etiam
1822 676 1957 717 intelligi
1987 677 2051 708 alio
2078 678 2180 709 modo
2208 679 2400 719 phantasma
2428 679 2498 712 fieri

1421 720 1622 760 intelligibile
1637 721 1671 751 in
1687 726 1772 757 actu,
1789 722 2076 761 proportionaliter
2091 722 2132 753 ad
2150 723 2250 754 alium
2273 724 2412 755 modum
2429 734 2497 765 quo

1421 770 1529 804 potest
1552 765 1615 796 dici
1637 765 1838 805 intelligibile
1861 766 1895 796 in
1918 767 2075 806 potentia,
2098 767 2220 798 scilicet
2243 768 2414 800 obiective:
2428 779 2498 800 non

1419 814 1530 840 tamen
1553 809 1594 840 ad
1616 815 1762 840 mentem
1785 810 1952 850 opinionis
1968 820 2067 851 quam
2090 812 2356 852 improbavimus.
2381 814 2496 854 Dupli-

1419 853 1498 884 citer
1521 855 1609 884 enim
1626 854 1820 885 considerari
1836 860 1945 895 potest
1959 855 2163 895 phantasma:
2180 867 2249 888 uno
2262 858 2375 895 modo,
2393 868 2495 899 quan-

1419 903 1490 928 tum
1506 898 1546 929 ad
1562 900 1667 939 ipsam
1681 904 1831 930 naturam
1847 900 2090 939 phantasmatis,
2106 910 2173 940 qua
2188 907 2236 932 est
2257 902 2321 933 tale
2344 903 2494 934 accidens

1420 948 1451 973 et
1474 943 1546 973 talis
1569 943 1762 980 similitudo;
1787 944 1852 974 alio
1875 944 1988 981 modo,
2013 950 2175 985 quantum
2198 945 2239 976 ad
2264 952 2413 978 naturam
2436 957 2495 988 per

1417 988 1609 1027 phantasma
1631 994 1913 1028 repraesentatam.
1937 989 2048 1019 Primo
2066 989 2181 1026 modo,
2196 999 2258 1021 nec
2281 996 2330 1021 est
2348 993 2496 1031 potentia

1416 1032 1634 1073 intelligibile,
1662 1033 1776 1064 saltem
1804 1033 1935 1070 directe,
1961 1043 2023 1064 nec
2050 1033 2087 1064 fit
2114 1040 2189 1065 actu
2218 1035 2431 1076 intelligibile,
2458 1043 2494 1068 ut

1417 1082 1465 1107 est
1487 1077 1610 1108 scilicet
1633 1078 1697 1108 hoc
1721 1078 1912 1118 phantasma
1934 1079 2111 1118 singulare:
2136 1080 2214 1120 quia
2240 1080 2402 1120 singulare
2423 1090 2494 1112 ma-

1415 1122 1535 1159 teriale,
1561 1122 1746 1153 cuiusmodi
1762 1127 1810 1153 est
1832 1123 2033 1163 phantasma,
2049 1133 2118 1154 non
2135 1129 2183 1155 est
2197 1134 2256 1165 per
2269 1134 2304 1155 se
2321 1130 2353 1156 et
2372 1124 2493 1157 directe

1415 1176 1434 1196 a
1449 1167 1544 1198 nobis
1559 1167 1770 1207 intelligibile.
1795 1167 1948 1198 Secundo
1971 1167 2086 1205 modo,
2103 1174 2151 1199 est
2172 1170 2320 1209 potentia
2342 1170 2493 1211 intelligi-

1415 1211 1490 1248 bile,
1513 1212 1709 1252 inquantum
1732 1217 1846 1242 natura
1868 1221 1927 1252 per
1948 1212 2057 1253 ipsum
2079 1213 2285 1244 materialiter
2306 1223 2493 1254 repraesen-

1415 1261 1479 1286 tata
1493 1262 1602 1297 potest
1624 1257 1664 1287 ab
1687 1256 1855 1287 intellectu
1870 1257 1994 1298 absque
2009 1257 2252 1289 conditionibus
2273 1258 2492 1290 materialibus

1415 1302 1532 1341 accipi:
1556 1300 1593 1332 fit
1619 1306 1730 1331 autem
1762 1306 1837 1332 actu
1863 1301 2074 1342 intelligibile,
2101 1302 2235 1343 quando
2261 1303 2297 1334 in
2323 1303 2491 1335 intellectu

1414 1351 1564 1376 causatur
1586 1346 1722 1386 species,
1748 1346 1864 1376 virtute
1889 1346 2073 1377 intellectus
2099 1347 2233 1387 agentis,
2257 1353 2391 1379 naturae
2417 1347 2490 1380 uni-

1413 1390 1542 1421 versalis
1566 1390 1844 1431 repraesentativa.
1868 1390 1911 1421 Et
1933 1391 2023 1422 hunc
2047 1392 2194 1422 modum.
2211 1392 2338 1423 videtur
2359 1398 2491 1433 tangere

1413 1434 1550 1466 Sanctus
1574 1435 1720 1465 Thomas
1741 1435 1776 1465 in
1799 1435 1864 1465 hoc
1887 1435 2004 1476 capite,
2020 1436 2078 1467 ubi
2093 1436 2137 1467 ait
2151 1436 2254 1477 quod,
2268 1437 2348 1478 quia
2371 1437 2404 1468 in
2427 1437 2491 1473 Ιιος

1410 1480 1542 1510 homine
1573 1480 1668 1510 cuius
1697 1479 1944 1511 similitudinem
1973 1485 2223 1520 repraesentant
2243 1482 2489 1522 phantasmata,

1411 1530 1460 1555 est
1481 1525 1630 1565 accipere
1653 1529 1808 1555 naturam
1833 1525 2052 1556 universalem
2067 1525 2267 1556 denudatam
2285 1527 2326 1558 ab
2342 1527 2491 1563 omnibu}

1411 1569 1652 1600 conditionibus
1678 1569 1967 1606 individuantibus,
1991 1570 2064 1600 ideo
2082 1570 2317 1610 phantasmata
2339 1575 2418 1602 sunt
2439 1571 2489 1601 in-

1412 1613 1598 1654 telligibilia
1622 1613 1654 1643 in
1673 1615 1834 1653 potentia.

1467 1657 1532 1689 Sed
1548 1658 1624 1698 quia
1647 1658 1700 1688 hic
1716 1657 1836 1688 modus
1852 1663 1900 1688 est
1914 1658 2124 1698 improprius,
2141 1668 2218 1690 cum
2240 1659 2306 1690 hoc
2321 1660 2363 1690 sit
2384 1659 2488 1700 magis

1410 1708 1559 1733 naturam
1574 1711 1632 1742 per
1647 1702 1871 1742 phantasmata
1885 1708 2156 1742 repraesentatam
2171 1712 2241 1735 esse
2252 1703 2488 1744 intelligibilem

1410 1747 1444 1777 in
1467 1747 1615 1787 potentia
1629 1752 1685 1777 aut
1708 1747 1742 1777 in
1765 1752 1840 1777 actu
1857 1755 1957 1787 quam
1979 1747 2089 1787 ipsum
2111 1747 2319 1787 phantasma;
2342 1757 2405 1779 nec
2427 1748 2488 1780 iste

1410 1801 1523 1822 sensus
1546 1791 1702 1822 habeatur
1718 1801 1757 1821 ex
1780 1791 1886 1822 verbis
1909 1790 2019 1822 Sancti
2042 1791 2193 1823 Thomae
2215 1792 2277 1823 nisi
2300 1791 2488 1833 superficia-

1409 1836 1481 1866 liter
1504 1835 1728 1867 consideratis:
1745 1835 1821 1866 ideo
1837 1834 1965 1866 videtur
1979 1836 2070 1872 mihi,
2086 1836 2141 1867 illa
2161 1837 2259 1868 verba
2274 1837 2488 1870 conformiter

1410 1880 1450 1910 ad
1466 1880 1629 1920 praedicta
1645 1879 1898 1919 interpretando,
1917 1880 1963 1910 sic
1978 1880 2188 1920 intelligenda
2206 1890 2276 1912 esse
2291 1881 2487 1922 quod„quia

1408 1925 1442 1954 in
1465 1925 1601 1955 homine
1624 1924 1718 1954 cuius
1745 1924 1938 1964 phantasma
1963 1930 2011 1954 est
2038 1924 2230 1961 similitudo,
2253 1925 2293 1956 ab
2319 1925 2487 1961 intellectu

1408 1969 1512 2009 accipi
1535 1974 1644 2008 potest
1665 1974 1780 1999 natura
1802 1967 1990 1999 universalis
2005 1968 2128 2008 absque
2151 1968 2395 2001 conditionibus
2416 1966 2487 2006 mai

1407 2012 1582 2049 terialibus‚
1605 2011 1682 2043 ideo
1705 2012 1897 2052 phantasma
1911 2012 1998 2043 illius
2020 2013 2114 2044 estin
2136 2014 2283 2054 potentia
2305 2013 2347 2045 ad
2369 2014 2488 2050 hoe-ut

1407 2058 1511 2097 possit
1533 2056 1628 2094 effici,
1655 2057 1773 2087 virtute
1795 2056 1980 2088 intellectus
2011 2058 2146 2098 agentis,
2169 2058 2423 2092 instrumentum
2443 2058 2486 2093 ad

1407 2101 1609 2133 causandum
1624 2102 1769 2141 speciem
1784 2101 1871 2132 illius
1894 2106 2029 2133 naturae
2053 2102 2243 2134 universalis
2264 2109 2486 2144 repraesenta?

1407 2147 1517 2177 tivam.
1541 2146 1583 2177 Et
1606 2146 1670 2176 hoc
1693 2151 1742 2176 est
1757 2155 1828 2176 esse
1842 2146 2035 2186 phantasma
2057 2146 2259 2188 intelligibile
2281 2148 2317 2179 in
2339 2148 2487 2189 potentia

1407 2191 1577 2222 causaliter
1598 2196 1736 2227 tantum,
1761 2191 1849 2221 iuxta
1870 2190 2010 2222 modum
2032 2191 2210 2232 superius*
2233 2192 2440 2232 explicatum.
2464 2212 2479 2226 ,ἱ

1463 2236 1503 2266 Χ.
1528 2235 1639 2266 Potest
1662 2241 1694 2266 et
1709 2235 1804 2266 tertio
1817 2238 1858 2266 de
1874 2235 2098 2276 phantasmate
2111 2236 2258 2277 intelligi,
2274 2234 2343 2268 non
2359 2237 2485 2274 ratione

1407 2281 1468 2317 sui,
1492 2279 1550 2311 sed
1572 2281 1699 2311 ratione
1722 2279 1857 2311 effectus
1879 2281 1940 2317 sui,
1963 2280 2087 2312 scilicet
2112 2281 2235 2322 speciei
2264 2281 2484 2322 intelligibilis*

1408 2324 1496 2356 Cum
1519 2325 1608 2356 enim
1631 2324 1756 2356 dicatur
1779 2324 1905 2365 aliquid
1929 2325 2134 2365 intelligibile
2158 2331 2235 2358 actu
2257 2326 2324 2357 sive
2346 2326 2388 2358 sit
2409 2331 2485 2361 actu

1406 2369 1608 2410 intelligibile
1624 2379 1683 2410 per
1697 2368 1836 2401 modum
1851 2370 1983 2401 termini
1996 2369 2239 2408 intellectionis,
2253 2371 2321 2402 sive
2339 2379 2397 2411 per
2410 2380 2485 2410 mo,-

1408 2414 1488 2445 dum
1511 2414 1663 2455 principii
1687 2415 1756 2445 eius
1779 2413 1935 2451 formalis,
1955 2415 2151 2455 inquantum
2173 2421 2222 2447 est
2244 2425 2263 2446 a
2285 2415 2484 2449 materiase-

1407 2464 1574 2499 paratumz
1598 2458 1687 2490 idem
1714 2465 1761 2490 est
1785 2457 1890 2490 facere
1913 2458 2038 2500 aliquid
2058 2459 2261 2500 intelligibile
2283 2465 2359 2492 actu
2381 2459 2483 2495 altato

1407 2503 1539 2535 illorum
1562 2502 1750 2540 modorum,
1781 2502 1873 2544 quod
1902 2504 2012 2544 ipsum
2035 2513 2055 2535 a
2077 2504 2299 2537 materialibus
2321 2503 2483 2541 maffia»,

1407 2549 1504 2579 nibus
1526 2548 1719 2579 abstrahere.
1743 2548 1819 2579 Hoc
1843 2553 1955 2580 autem
1975 2558 2046 2579 non
2076 2547 2152 2580 facit
2181 2549 2364 2581 intellectus
2386 2558 2485 2590 agos

1408 2594 1493 2624 circa
1503 2594 1695 2634 phantasma
1705 2592 1887 2624 secundum
1903 2593 2058 2633 seipsum,
2079 2593 2166 2634 quia,
2179 2599 2484 2635 quantumcumque

1407 2638 1531 2678 aliquid
1553 2637 1838 2669 intellectualitatis
1868 2647 1907 2668 ex
1938 2638 2120 2678 praesentia
2146 2638 2330 2671 intellectus
2359 2639 2483 2680 agentis

1406 2683 1550 2723 recipiat,
1566 2682 1669 2714 modo
1692 2683 1842 2723 superius
1857 2683 1875 2700 ⁹
1889 2682 2050 2723 exposito,
2065 2692 2194 2724 semper
2208 2688 2320 2716 tamen
2337 2688 2484 2720 remanet

1405 2728 1439 2758 in
1463 2736 1587 2768 organo
1612 2727 1773 2768 corporali
1797 2732 1830 2758 et
1851 2727 2058 2759 materialiter
2079 2733 2314 2768 repraesentat:
2338 2727 2396 2760 sed
2417 2728 2483 2764 hoa

1406 2771 1483 2803 facit
1505 2773 1591 2803 circa
1613 2772 1684 2803 eius
1706 2771 1870 2808 effectum,
1901 2771 2024 2803 scilicet
2051 2773 2137 2804 eirca
2159 2773 2305 2813 speciem
2331 2772 2482 2814 intelligi÷

1406 2816 1515 2853 bilem,
1539 2815 1712 2848 educendo
1736 2817 1841 2857 ipsam
1857 2815 1898 2848 de
1914 2817 2063 2857 potentia
2084 2817 2188 2850 activa
2202 2817 2434 2858 phantasmatis
2449 2822 2483 2855 et

1405 2861 1563 2902 ponendo
1578 2862 1613 2893 in
1628 2861 1798 2892 intellectu
1812 2860 1970 2902 possibili.
1988 2860 2066 2893 ldeo
2079 2867 2111 2893 et
2122 2861 2240 2901 dicitur
2250 2861 2357 2894 facere
2370 2862 2482 2903 ipsum

1405 2907 1597 2947 phantasma
1619 2905 1821 2946 intelligibile
1836 2906 1870 2936 in
1894 2910 1980 2942 actu,
1996 2907 2074 2947 quia
2088 2906 2130 2938 de
2153 2907 2224 2939 eius
2246 2906 2394 2948 potentia
2407 2915 2481 2947 spo·

1405 2952 1490 2982 ciem
1505 2950 1743 2991 intelligibilem
1753 2955 1786 2982 et
1800 2950 2047 2982 immaterialem
2062 2950 2186 2983 educit:
2203 2950 2295 2991 quod
2310 2956 2359 2982 est
2371 2950 2482 2992 ipsum

1405 2996 1595 3036 phantasma
1617 2995 1689 3027 fieri
1711 2994 1911 3035 intelligibile
1933 3000 2008 3026 actu
2031 2995 2157 3027 ratione
2180 2994 2314 3028 effectus
2335 2995 2397 3032 sui,
2411 3003 2482 3032 non

1404 3041 1530 3072 ratione
1551 3041 1614 3072 sui.
1630 3040 1672 3071 Et
1694 3040 1760 3071 hoc
1782 3038 1886 3070 modo
1901 3038 2024 3071 factum
2047 3041 2081 3072 in
2097 3046 2182 3077 actu,
2207 3039 2325 3072 dicitur
2347 3049 2481 3077 moveas

1404 3085 1617 3121 intellectum,
1633 3094 1703 3115 non
1726 3084 1860 3125 quidem
1875 3083 2034 3121 effective,
2049 3084 2108 3116 sed
2130 3084 2325 3117 formaliter:
2341 3085 2481 3126 inquens»

1403 3135 1474 3161 tum
1497 3130 1623 3171 species
1646 3128 1764 3160 educta
1786 3128 1827 3160 de
1842 3129 1913 3160 eius
1931 3129 2079 3170 potentia
2100 3129 2256 3162 informat
2278 3129 2480 3161 intell-cmm

1404 3180 1436 3205 et
1459 3173 1536 3205 facit
1558 3175 1666 3215 ipsum
1689 3174 1725 3204 in
1747 3178 1823 3205 actu
1846 3174 1965 3214 primo.
2319 3200 2322 3205 .
2426 3194 2429 3199 ψ

1459 3219 1510 3250 Ad
1533 3219 1623 3250 hunc
1646 3227 1779 3250 sensum
1801 3217 1978 3258 aliquando
2002 3219 2103 3250 etiam·
2123 3217 2202 3250 dicit
2226 3217 2364 3250 &notin
2387 3215 2478 3249 Tho·

1403 3272 1472 3294 mas
1495 3264 1719 3304 phantasmata
1740 3261 1812 3294 fieri
1833 3262 2046 3304 intelligibilia
2069 3263 2103 3295 in
2125 3268 2211 3294 actu.
2233 3262 2276 3294 Et
2299 3260 2478 3293 Commen-

1403 3313 1497 3344 tator,
1522 3308 1563 3339 111
1586 3307 1626 3339 de
1647 3308 1777 3344 Anima,
1800 3314 1980 3339 comment.
2003 3307 2053 3344 ¹8,
2075 3308 2120 3339 ita
2138 3305 2317 3346 intelligere
2340 3304 2477 3344 videtur,

1403 3353 1459 3383 ubi
1475 3353 1520 3383 ait
1535 3353 1627 3393 quod
1640 3361 1767 3383 necesse
1782 3357 1831 3383 est
1840 3362 1968 3393 ponere
1979 3352 2120 3393 aliquem
2131 3355 2291 3382 motorem
2303 3350 2359 3390 qui
2364 3350 2479 3392 saciat

1403 3397 1599 3428 intentiones
1629 3397 1832 3439 imaginatas
1863 3406 1995 3428 movere
2025 3395 2222 3426 intellectum
2257 3395 2478 3428 materialem:

1401 3442 1489 3482 quod
1513 3442 1595 3472 nihil
1616 3441 1710 3472 aliud
1733 3446 1780 3472 est
1801 3451 1900 3482 quam
1913 3441 2036 3483 facere
2057 3448 2114 3471 eas
2140 3439 2320 3470 intellectas
2343 3440 2376 3470 in
2399 3445 2475 3471 acta

1401 3486 1619 3517 abstrahendo
1642 3495 1699 3517 eas
1721 3495 1742 3516 a
1765 3485 1916 3517 materia.

1457 3531 1511 3561 Xl.
1537 3530 1632 3562 Circa
1654 3529 1837 3561 secundum
1860 3528 1984 3561 dictum
2006 3528 2228 3568 responsionis
2252 3527 2362 3559 Sancti
2384 3527 2475 3560 Tho-

1401 3584 1474 3606 mae
1489 3576 1516 3611 “,
1541 3573 1774 3606 attendendum
1797 3572 1888 3614 quod
1909 3572 2035 3612 species
2059 3572 2229 3603 existentes
2252 3573 2286 3604 in
2309 3571 2475 3605 intellectu

1401 3620 1546 3659 possibili
1570 3619 1788 3659 praeexistunt
1809 3618 1844 3649 in
1872 3616 2148 3657 phantasmatibus
2174 3617 2259 3648 sieut
2284 3615 2418 3648 effectus
2440 3617 2475 3648 in

1401 3673 1458 3694 sua
1482 3673 1588 3694 causa.
1614 3662 1756 3694 Effectus
1771 3667 1881 3693 autem
1897 3666 1946 3692 est
1967 3661 2002 3692 in
2026 3669 2122 3692 causa
2138 3660 2320 3693 secundum
2336 3660 2474 3692 modum

2512 2198 2522 2208 ·
2536 2197 2609 2222 Nan.
2618 2203 2654 2221 m.

2509 2688 2520 2698 ·
2533 2686 2604 2710 Νιιιιι.
2615 2693 2651 2710 ιιι.

2502 3578 2648 3628 {193⁰ae

2649 3577 2718 3628 205*
