2768 4134
40 3465 50 3476 ·
64 3464 122 3492 Cap.
138 3469 213 3492 praec.

723 300 911 337 SUMMA
941 300 1163 338 CONTRA
1191 301 1466 346 GENTILES,
1496 302 1590 338 LIB.
1612 302 1652 347 11,
1684 302 1795 339 CAP.
1821 303 1954 348 XLIX,
1978 304 2023 340 L.

273 381 455 418 praesentat
470 377 638 407 materiam
656 376 902 415 individualem;
924 379 998 410 ideo
1023 389 1081 420 per
1103 380 1207 420 ipsam
1223 380 1347 411 intelle-

2394 305 2469 342 383

1402 378 1547 409 cundum
1570 378 1650 420 quid
1673 386 1782 410 autem
1806 379 1931 411 infinita
1947 384 2038 421 quae'
2053 384 2160 422 potest
2183 383 2217 412 in
2235 382 2399 417 infinitum
2422 394 2471 415 se-

273 427 345 452 ctus
368 421 548 452 universale
573 422 743 462 cognoscit
772 424 878 463 primo
904 429 935 454 et
958 433 1016 464 per
1039 434 1082 461 se,
1110 429 1267 464 tanquam
1290 434 1349 464 per
1402 422 1548 454 cundum
1571 423 1660 464 quid.
1685 424 1727 454 Et
1749 424 1823 455 ideo
1848 425 2050 456 intellectum
2065 426 2242 467 intelligere
2265 437 2420 459 numeros
2437 430 2471 460 in

272 467 377 507 ipsam
400 466 507 506 primo
530 472 814 506 repraesentatum,
830 477 898 498 non
923 474 1031 498 autem
1047 469 1206 509 singulare
1222 469 1284 499 nisi
1299 478 1348 499 se-
1401 466 1575 504 infinitum,
1603 468 1706 507 arguit
1735 469 1886 499 virtutem
1915 469 2075 500 infinitam
2105 470 2285 502 secundum
2308 472 2398 513 quid,
2422 474 2471 504 in-

274 510 430 541 cundario
455 515 487 541 et
508 510 673 541 indirecte.
691 512 734 542 At
755 513 831 552 quia
853 518 900 543 est
921 513 1118 554 principium
1135 513 1284 544 eliciendi
1299 514 1347 543 in-

273 555 494 586 tellectionem
510 555 704 595 inquantum
721 556 826 586 forma
841 557 1033 594 intellectus,
1051 557 1231 588 secundum
1248 567 1347 598 quem

272 599 412 630 modum
429 599 567 630 diximus
582 600 687 640 ipsam
704 610 772 631 esse
789 602 983 641 singularem
999 608 1031 632 et
1045 601 1255 639 individuam,
1272 601 1347 632 ideo

273 644 453 675 intellectio
476 653 534 684 per
549 644 653 684 ipsam
678 645 782 676 elicita
799 651 846 676 est
868 646 1034 677 individua
1058 652 1090 677 et
1112 647 1290 686 singularis,
1308 647 1346 676 ab

273 689 335 720 alia
357 688 578 719 intellectione
602 689 747 720 eiusdem
771 691 890 731 speciei
914 691 1121 721 numeraliter
1144 690 1301 721 distincta.

329 732 382 763 Ad
405 738 633 773 argumentum
661 743 738 774 ergo
768 734 885 765 dicitur
908 735 998 775 quod
1025 735 1130 766 forma
1154 735 1290 765 existens
1313 735 1347 765 in

272 777 439 808 intellectu
462 782 574 808 nostro
599 787 667 808 non
691 784 738 809 est
766 778 962 810 individuata
986 785 1018 810 et
1046 779 1213 820 singularis
1237 784 1273 809 ut
1301 784 1348 809 est

272 822 308 852 in
331 821 446 852 ordine
469 822 683 853 materialium
712 823 892 854 secundum
916 833 1008 854 suam
1031 824 1200 860 rationem,
1221 823 1277 854 sed
1301 829 1347 853 est

272 866 473 896 universalis.
499 866 576 897 Ideo
593 877 659 897 non
677 873 807 908 oportet
822 873 859 898 ut
882 877 940 908 per
962 869 1066 908 ipsam
1089 868 1262 908 singularia
1278 873 1347 897 tan-

272 914 343 943 tum
359 911 445 941 illius
457 912 589 941 rationis
602 918 789 952 cognoscat.
802 912 866 943 Sed
882 913 908 942 si
923 913 1106 943 intellectus
1121 918 1205 942 esset
1218 921 1346 952 corpus,

273 954 379 986 forma
401 956 435 985 in
457 955 529 996 ipso
553 962 682 996 recepta
706 962 788 988 esset
817 956 983 987 individua
1013 963 1044 987 et
1074 957 1242 997 singularis
1265 957 1348 986 sicut

273 999 378 1030 forma
400 1000 497 1030 huius
513 1000 643 1040 lapidis:
661 1002 738 1041 quia
754 1011 873 1042 corpus
888 1000 1126 1032 individualiter
1148 1006 1275 1031 tantum
1299 1010 1347 1031 re—

272 1045 352 1085 cipit
375 1050 407 1075 et
430 1045 644 1076 materialiter.
661 1044 741 1078 Ideo
767 1051 980 1086 cognosceret
997 1045 1179 1076 intellectus
1195 1055 1253 1085 per
1276 1054 1348 1075 eam

272 1094 399 1119 tantum
414 1089 625 1129 particularia.
643 1090 685 1121 Et
699 1091 745 1121 sic
762 1090 995 1130 consequentia
1010 1095 1108 1127 tenet,
1132 1091 1240 1130 posito
1258 1089 1348 1129 quod

271 1133 454 1164 intellectus
470 1135 510 1164 sit
531 1143 663 1174 corpus:
688 1144 757 1165 non
779 1134 864 1165 valet
879 1140 988 1165 autem
1007 1135 1033 1164 si
1055 1144 1218 1175 ponamus
1240 1135 1348 1175 ipsum

272 1187 342 1208 esse
365 1179 607 1218 incorporeum.

330 1222 384 1253 IV.
412 1222 551 1259 Quarto.
577 1223 762 1254 Intellectus
789 1233 858 1254 non
885 1223 1078 1264 intelligeret
1103 1224 1166 1254 nisi
1195 1233 1346 1264 corpora:

273 1267 351 1307 quia
368 1267 449 1298 nihil
465 1268 530 1308 agit
545 1267 628 1298 ultra
643 1277 735 1299 suam
752 1269 894 1308 speciem
919 1268 1055 1308 (scilicet
1069 1268 1186 1299 virtute
1201 1269 1345 1309 propria:

273 1310 331 1342 sed
346 1312 483 1351 benerut
497 1313 750 1343 instrumentum
766 1312 919 1352 alterius).
936 1312 1011 1343 Hoc
1027 1318 1136 1343 autem
1153 1318 1200 1343 est
1216 1311 1346 1343 falsum:

273 1357 350 1396 quia
364 1354 581 1397 intelligimus
604 1357 707 1387 multa
722 1366 806 1397 quae
822 1366 891 1387 non
910 1362 985 1387 sunt
1009 1366 1154 1397 corpora.
1179 1357 1266 1397 Ergo
1286 1362 1346 1387 etc.

332 1399 466 1437 Quinto.
484 1400 669 1432 Substantia
691 1401 872 1442 intelligens
888 1411 956 1431 non
973 1406 1021 1432 est
1036 1411 1155 1441 corpus
1171 1401 1346 1432 infinitum.

273 1444 360 1483 Quia
382 1445 463 1476 illud
484 1455 552 1476 non
569 1445 671 1476 datur.
693 1464 716 1468 —
735 1446 805 1476 Nec
828 1445 967 1477 finitum.
992 1445 1078 1483 Quia
1101 1446 1200 1476 virtus
1222 1446 1347 1476 intelle-

272 1494 344 1520 ctus
373 1494 420 1520 est
450 1489 697 1530 quodammodo
728 1489 853 1520 infinita
883 1491 917 1520 in
946 1489 1171 1530 intelligendo:
1200 1490 1348 1530 intelligit

272 1533 362 1564 enim
385 1534 509 1573 species
532 1543 755 1570 numerorum,
780 1533 957 1574 figurarum
981 1539 1013 1564 et
1035 1535 1288 1574 proportionum
1314 1535 1348 1564 in

271 1576 451 1614 infinitum;
475 1583 507 1608 et
526 1578 716 1614 universale,
741 1578 832 1619 quod
848 1584 896 1608 est
913 1578 1031 1608 virtute
1045 1577 1210 1609 infinitum
1233 1588 1348 1609 secun-

271 1620 352 1652 dum
375 1631 473 1652 suum
496 1623 664 1659 ambitum,
689 1632 766 1653 cum
790 1623 955 1653 contineat
976 1621 1143 1653 individua
1167 1632 1250 1663 quae
1274 1628 1349 1653 sunt

271 1667 419 1706 potentia
436 1665 572 1697 infinita.
597 1667 632 1697 In
656 1676 794 1707 corpore
811 1672 919 1697 autem
944 1666 1036 1697 finito
1060 1676 1129 1697 non
1149 1672 1257 1708 potest
1280 1677 1349 1698 esse

270 1710 371 1741 virtus
394 1710 529 1741 infinita.
553 1728 574 1734 -
598 1711 685 1751 Ergo
710 1716 771 1742 etc.

330 1764 361 1786 2.
386 1754 450 1786 Sed
473 1754 599 1786 videtur
622 1756 682 1786 ista
704 1756 786 1786 ratio
814 1765 883 1786 non
911 1755 1117 1787 concludere.
1146 1757 1238 1787 Licet
1261 1757 1349 1793 enim

271 1799 372 1830 virtus
388 1799 578 1840 simpliciter
593 1799 718 1832 infinita
733 1810 803 1831 non
826 1801 929 1841 possit
945 1810 1013 1831 esse
1033 1801 1067 1831 in
1091 1810 1228 1842 corpore
1244 1799 1347 1838 finito,

271 1843 354 1875 nihil
376 1849 486 1875 tamen
512 1845 664 1885 prohibet
691 1846 844 1875 virtutem
872 1844 1052 1876 secundum
1082 1845 1161 1885 quid
1189 1845 1348 1876 infinitam

272 1889 307 1919 in
331 1898 469 1929 corpore
493 1887 587 1919 finito
613 1899 696 1920 esse:
721 1899 797 1920 nam
816 1890 900 1930 ignis
919 1890 1017 1920 habet
1035 1890 1187 1920 virtutem
1212 1890 1348 1921 combu-

272 1932 365 1964 rendi
387 1934 421 1964 in
445 1932 619 1970 infinitum,
636 1934 663 1964 si
687 1934 746 1964 sibi
762 1935 795 1964 in
819 1933 983 1964 infinitum
1007 1940 1189 1975 apponatur
1212 1935 1348 1965 combu-

274 1977 393 2014 stibile3
419 1983 451 2008 et
475 1978 602 2008 caelum
629 1978 725 2008 habet
753 1979 905 2009 virtutem
928 1979 1103 2019 generandi
1126 1980 1159 2009 in
1183 1978 1347 2009 infinitum

273 2031 422 2062 corpora.
446 2022 545 2062 Ergo,
569 2032 638 2053 non
662 2023 810 2053 obstante
833 2024 951 2054 virtute
979 2023 1160 2054 intellectus
1188 2023 1347 2063 quodam-

273 2065 375 2097 modo
400 2067 466 2097 sive
483 2066 664 2098 secundum
689 2067 768 2108 quid
791 2067 926 2104 infinita,
942 2073 1053 2108 posset
1075 2068 1257 2099 intellectus
1278 2077 1346 2099 esse

273 2120 394 2151 corpus
418 2108 557 2142 finitum.

331 2155 560 2196 Respondetur
583 2155 674 2196 quod
697 2157 858 2196 quantitas
874 2157 999 2187 virtutis
1020 2166 1103 2197 quae
1128 2156 1348 2188 consideratur

273 2209 313 2230 ex
329 2200 470 2236 obiecto,
487 2200 662 2231 attenditur
684 2200 865 2231 secundum
885 2201 1145 2241 magnitudinem
1158 2202 1293 2232 obiecti:
1311 2207 1348 2232 ut

272 2245 378 2275 maior
400 2245 440 2275 sit
462 2245 563 2275 virtus
580 2254 664 2285 quae
688 2245 721 2275 in
744 2246 848 2276 maius
866 2246 1032 2276 obiectum
1055 2252 1177 2286 potest3
1199 2252 1230 2277 et
1249 2247 1348 2277 virtus

272 2288 313 2319 sit
334 2287 461 2319 infinita
483 2298 567 2329 quae
588 2294 696 2330 potest
715 2290 750 2320 in
773 2289 938 2321 infinitum
957 2291 1137 2327 obiectum;
1162 2291 1349 2331 simpliciter

272 2332 407 2374 quidem
430 2333 555 2364 infinita
581 2343 665 2374 quae
688 2340 797 2375 potest
823 2335 857 2365 in
880 2334 1045 2366 infinitum
1072 2335 1273 2376 simpliciter;
1298 2345 1348 2366 se-

1401 516 1560 552 quantum
1582 511 1764 542 intellectus
1786 522 1855 543 non
1879 513 1960 544 adeo
1979 523 2135 554 magnum
2158 525 2332 547 numerum
2356 526 2470 558 appre-

1400 555 1513 586 hendit
1529 555 1608 596 quin
1620 557 1778 586 maiorem
1790 558 1892 596 possit
1907 558 2161 598 apprehendere3
2176 566 2207 590 et
2218 561 2362 591 similiter
2376 562 2470 592 intel-

1400 599 1499 639 ligere
1522 600 1712 636 universale,
1737 601 1813 640 quia
1836 602 2016 632 universale
2039 604 2135 634 simul
2162 605 2307 636 continet
2329 605 2468 643 infinita;

1401 644 1464 674 hoc
1495 649 1542 674 est
1571 645 1658 674 enim
1688 645 1853 675 obiectum
1879 646 2060 676 intellectus
2091 657 2160 678 esse
2185 650 2415 689 magnitudinis
2439 656 2470 681 et

1400 687 1610 728 perfectionis
1633 688 1744 728 aliquo
1768 688 1870 719 modo
1895 689 2049 721 infinitae.

1457 732 1541 763 Dico
1558 733 1654 772 igitur
1670 733 1761 773 quod
1776 734 1875 770 virtus
1891 734 1973 774 ignis
1988 744 2057 765 non
2074 741 2121 766 est
2143 736 2267 767 infinita
2290 737 2469 769 secundum

1402 776 1482 816 quid
1493 776 1673 807 secundum
1687 778 1899 818 quantitatem
1906 778 2181 818 perfectionalem,
2192 790 2252 811 nec
2267 782 2366 812 virtus
2379 783 2468 813 solis:

1402 821 1488 861 quia,
1508 821 1583 851 licet
1598 822 1723 862 possint
1745 822 1779 852 in
1801 821 1928 853 infinita
1943 824 2123 854 secundum
2142 834 2325 862 numerum,
2341 836 2409 857 non
2424 833 2470 857 ta-

1401 874 1478 895 men
1493 871 1631 905 possunt
1646 866 1680 896 in
1695 866 1821 897 infinita
1836 867 2016 898 secundum
2034 869 2190 908 speciem;
2207 869 2346 900 infinitas
2363 876 2470 902 autem

1402 910 1607 940 obiectorum
1635 910 1817 942 secundum
1843 921 2019 942 numerum
2046 922 2114 943 non
2143 913 2283 944 ostendit
2310 916 2470 954 magnitu-

1403 953 1513 984 dinem
1536 954 1695 985 infinitam
1718 956 1853 992 virtutis‚
1878 957 1955 996 quia
1977 957 2113 987 minima
2135 958 2245 994 virtus,
2262 959 2289 988 si
2312 965 2470 999 perpetuo

1403 998 1505 1035 duret,
1536 999 1570 1029 in
1598 998 1742 1030 infinitos
1773 999 1905 1031 effectus
1936 1000 2117 1032 secundum
2146 1011 2321 1033 numerum
2353 1008 2469 1043 potest.

1402 1043 1587 1074 Intellectus
1618 1049 1726 1074 autem
1757 1050 1866 1084 potest
1888 1045 1922 1075 in
1951 1045 2077 1076 infinita
2105 1046 2286 1077 secundum
2314 1048 2470 1087 speciem:

1403 1088 1479 1128 quia
1502 1094 1714 1128 augmentum
1737 1098 1949 1120 numerorum
1972 1091 2006 1120 in
2029 1090 2193 1121 infinitum
2221 1097 2268 1122 est
2290 1092 2472 1123 secundum

1402 1132 1536 1172 species.
1554 1132 1596 1162 Et
1610 1133 1755 1163 similiter
1770 1134 1950 1164 universale
1966 1140 2013 1165 est
2029 1134 2275 1175 quodammodo
2291 1135 2471 1167 secundum

1402 1177 1546 1216 speciem
1569 1176 1748 1208 infinitum:
1777 1179 1972 1218 inquantum
2001 1179 2182 1210 secundum
2208 1190 2242 1211 se
2264 1190 2334 1210 non
2361 1186 2408 1211 est
2431 1180 2471 1212 ad

1402 1221 1466 1251 hoc
1482 1226 1537 1251 aut
1560 1221 1640 1252 illud
1663 1222 1823 1262 singulare
1839 1223 2022 1260 limitatum,
2039 1224 2095 1254 sed
2119 1223 2197 1255 dicit
2219 1224 2341 1265 aliquid
2363 1226 2470 1256 illimi-

1402 1270 1505 1295 tatum
1528 1265 1561 1295 in
1585 1275 1643 1296 sua
1665 1266 1783 1306 specie,
1803 1267 1838 1297 in
1854 1267 1944 1307 quod
1966 1272 2074 1308 potest
2095 1268 2275 1299 intellectus
2290 1269 2471 1300 secundum

1402 1319 1446 1346 se,
1463 1318 1532 1339 non
1555 1315 1664 1341 autem
1679 1311 1786 1341 solum
1803 1316 1839 1341 ut
1862 1313 1894 1342 in
1912 1312 2125 1352 singularibus
2141 1313 2314 1344 invenitur.
2338 1314 2380 1344 Et
2395 1314 2469 1344 ideo

1403 1363 1442 1384 ex
1464 1354 1528 1384 hoc
1552 1354 1643 1394 quod
1672 1355 1854 1386 intellectus
1878 1357 1911 1387 in
1939 1357 2019 1387 haec
2043 1357 2170 1387 obiecta
2197 1357 2323 1388 infinita
2352 1364 2469 1398 potest,

1402 1399 1526 1439 optime
1543 1398 1723 1430 ostenditur
1739 1400 1830 1440 quod
1846 1406 1893 1431 est
1915 1400 2060 1432 infinitae
2077 1401 2323 1442 quodammodo
2346 1403 2470 1433 virtutis

1402 1448 1434 1473 et
1456 1442 1663 1483 perfectionis
1682 1445 1863 1481 intrinsece,
1887 1455 1955 1475 non
1979 1451 2088 1477 autem
2112 1446 2220 1477 solum
2239 1447 2425 1478 extrinsece.

1457 1487 1497 1517 V.
1531 1487 1642 1518 Sexto.
1674 1488 1750 1519 Duo
1780 1489 1962 1520 intellectus
1998 1499 2031 1521 se
2066 1491 2205 1522 invicem
2241 1492 2409 1522 continent
2440 1496 2471 1522 et

1403 1531 1698 1571 comprehendunt:
1724 1532 1803 1563 dum
1830 1543 1915 1564 unus
1947 1535 2046 1565 alium
2072 1535 2229 1576 intelligit.
2261 1536 2338 1566 Non
2361 1541 2471 1567 autem

1402 1575 1469 1650 {uo
1494 1585 1646 1616 corpora:
1675 1586 1751 1607 cum
1775 1587 1893 1618 corpus
1921 1580 2091 1610 continens
2115 1579 2246 1610 excedat
2269 1585 2469 1611 contentum.

1431 1629 1489 1660 rgo
1513 1625 1573 1650 etc.

1458 1663 1610 1704 Septimo.
1627 1664 1812 1696 Intellectus
1827 1675 1923 1706 supra
1939 1668 2082 1707 seipsum
2098 1668 2132 1697 in
2145 1667 2270 1708 agendo
2286 1668 2469 1699 reflectitur.

1402 1707 1490 1748 Ergo
1514 1713 1575 1739 etc.
1591 1726 1614 1731 —
1629 1708 1788 1739 Probatur
1815 1712 2057 1751 consequentia.
2082 1711 2168 1749 Quia
2183 1712 2303 1743 nullius
2327 1713 2470 1752 corporis

1403 1753 1487 1783 actio
1511 1752 1685 1783 reflectitur
1700 1763 1797 1794 super
1813 1760 1974 1794 agentem:
2000 1765 2076 1786 cum
2092 1762 2259 1787 ostensum
2273 1758 2313 1787 sit
2335 1757 2369 1788 in
2384 1757 2470 1797 Phy-

1402 1797 1478 1828 sicis
1494 1796 1586 1838 quod
1604 1797 1732 1829 nullum
1749 1808 1867 1839 corpus
1882 1809 1900 1830 a
1915 1800 2022 1840 seipso
2042 1806 2191 1831 movetur
2207 1802 2268 1832 nisi
2290 1800 2471 1832 secundum

1402 1846 1538 1882 partem.

1462 1885 1596 1917 Octavo.
1621 1886 1805 1918 Intellectus
1828 1888 1977 1928 intelligit
2000 1898 2034 1919 se
2056 1889 2243 1930 intelligere.
2268 1890 2354 1930 Ergo
2372 1895 2432 1920 etc.
2448 1908 2471 1912 -

1401 1930 1559 1961 Probatur
1575 1933 1818 1971 consequentia.
1835 1932 1922 1970 Quia
1937 1938 2026 1964 actus
2040 1934 2184 1974 corporis
2200 1943 2267 1964 non
2283 1935 2471 1965 terminatur

1401 1974 1442 2005 ad
1464 1975 1637 2011 actionem,
1661 1985 1723 2006 nec
1746 1982 1856 2007 motus
1880 1976 1919 2007 ad
1942 1983 2081 2008 motum.

1457 2018 1698 2050 Commwn.
1719 2020 1805 2058 Quia
1828 2020 1924 2052 Sacra
1946 2022 2109 2062 Scriptura
2133 2022 2322 2053 substantias
2346 2023 2470 2054 intelle-

1400 2063 1522 2094 ctuales
1545 2064 1679 2104 spiritus
1701 2065 1859 2101 nominat,
1884 2075 1951 2106 quo
1975 2066 2076 2097 modo
2098 2068 2267 2097 consuevit
2290 2066 2398 2098 Deum
2421 2068 2469 2098 in-

1400 2117 1598 2148 corporeum
1621 2109 1801 2146 nominare,
1829 2110 1917 2140 iuxta
1942 2110 2024 2141 illud
2047 2110 2200 2147 Ioan.1v,
2224 2111 2314 2142 Deus
2336 2112 2470 2152 spiritus

1401 2157 1466 2182 est:
1489 2151 1605 2183 dicitur
1629 2154 1716 2183 enim
1740 2153 1815 2194 Sap.
1832 2164 1890 2184 vn:
1914 2154 1975 2185 Est
1997 2160 2104 2185 autem
2129 2155 2161 2185 in
2187 2155 2245 2185 illa
2269 2161 2328 2186 etc.

1456 2196 1647 2228 Excluditur
1670 2202 1779 2229 autem
1802 2208 1860 2239 per
1883 2199 1946 2229 hoc
1971 2209 2058 2229 error
2081 2200 2301 2239 antiquorum,
2319 2201 2375 2240 qui
2398 2200 2470 2231 nul-

1399 2240 1464 2271 lam
1487 2241 1699 2272 substantiam
1722 2243 1784 2272 nisi
1808 2252 1999 2283 corpoream
2024 2253 2091 2274 esse
2115 2244 2290 2284 ponebant.
2312 2245 2353 2275 Et
2377 2244 2469 2275 Chri-

1400 2286 1579 2316 stianorum
1603 2286 1809 2326 quorundam
1833 2287 2010 2319 dicentium
2034 2289 2175 2320 animam
2199 2298 2267 2319 esse
2288 2298 2406 2329 corpus
2422 2289 2470 2330 es-

1390 2336 1560 2378 figiacum.

1107 2434 1644 2475 ——Wlssſtr
1395 2438 1403 2446 ⁶

741 2588 1224 2644 CAPITULUM
1262 2590 2009 2666 QUINQUAGESIMUM

1132 2714 1253 2754 Autog.
1278 2714 1428 2744 Ambros.
1454 2723 1501 2744 2r
1535 2723 1618 2753 a42.

419 2812 594 2864 QUOD
629 2811 1059 2854 SUBSTANTIAE
1092 2812 1644 2854 INTELLECTUALES
1678 2812 1840 2854 SUNT
1873 2813 2336 2854 IMMATERIALES

466 2949 470 2954 ›
489 2937 513 2962 x
541 2925 618 2962 hoc
646 2932 779 2962 autem
807 2933 966 2975 apparet
985 2925 1093 2974 quod
1113 2925 1348 2962 substantiae

304 2993 317 3007 Ι.
350 2956 475 3007 ῥῑζέΐᾶἓ

442 3015 462 3026 --
503 2978 775 3015 intellectuales
803 2986 893 3015 sunt
921 2978 1204 3015 immateriales.

350 3026 471 3082 ’,ἓξὲξ
557 3031 881 3081 Unumquodque
910 3031 1017 3068 enim
1045 3043 1092 3068 ex
1125 3031 1285 3068 materia
1313 3039 1350 3068 et

301 3085 318 3104 ·‘
350 3077 478 3106 ΤᾸἈΨ
502 3085 629 3122 forma
643 3084 908 3134 compositum
924 3092 980 3121 est
994 3096 1148 3133 corpus.
1167 3084 1349 3122 Diversas

279 3138 385 3176 enim
404 3139 548 3176 formas
567 3138 727 3175 materia
746 3150 827 3175 non
847 3137 919 3174 nisi
939 3137 1157 3175 secundum
1181 3137 1351 3175 diversas

278 3199 406 3242 partes
437 3192 607 3241 recipere
644 3199 781 3241 potest.
817 3192 929 3238 Quae
963 3190 1124 3239 quidem
1153 3191 1351 3228 diversitas

279 3245 451 3295 partium
479 3258 562 3282 esse
591 3245 630 3282 in
659 3244 818 3282 materia
847 3256 928 3281 non
955 3251 1082 3293 potest
1114 3243 1186 3280 nisi
1215 3256 1351 3280 secun-

281 3299 379 3336 dum
408 3299 516 3348 quod
535 3311 606 3349 per
625 3297 888 3335 dimensiones
907 3296 947 3334 in
966 3296 1127 3334 materia
1150 3296 1352 3334 existentes

281 3364 362 3391 una
389 3352 612 3390 communis
641 3351 800 3389 materia
819 3351 859 3388 in
878 3351 1008 3399 plures
1033 3349 1231 3387 dividitur:
1262 3350 1352 3387 sub-

281 3413 400 3442 tracta
419 3406 524 3443 enim
545 3404 766 3455 quantitate,
787 3403 997 3441 substantia
1025 3402 1265 3440 indivisibilis
1284 3411 1350 3439 est.

283 3459 497 3497 Ostensum
525 3467 582 3496 est
610 3466 740 3496 autem
755 3458 776 3480 '¹‘
798 3457 906 3507 quod
935 3457 1039 3493 nulla
1068 3456 1278 3493 substantia
1297 3456 1353 3492 in-

282 3511 452 3560 telligens
481 3519 537 3549 est
565 3524 718 3562 corpus.
748 3510 994 3559 Relinquitur
1015 3509 1127 3557 igitur
1145 3509 1253 3558 quod
1273 3521 1353 3546 non

284 3565 331 3602 sit
358 3577 406 3603 ex
434 3565 594 3603 materia
622 3573 659 3602 et
685 3565 810 3602 forma
839 3562 1065 3613 composita.

338 3687 353 3712 7
374 3687 434 3705 esse
453 3679 495 3705 hic
512 3679 662 3710 EWYsNb;
682 3686 725 3704 om
744 3678 793 3711 pN,
809 3681 874 3710 post
892 3678 917 3702 in
937 3677 1043 3702 materia
1062 3676 1192 3707 aDGZPc,
1212 3679 1325 3708 utroque
1343 3676 1400 3701 loco
1419 3676 1450 3701 X.

1459 2925 1649 2976 Amplius.
1681 2925 1788 2963 Sicut
1814 2926 1926 2963 homo
1946 2937 2027 2962 non
2047 2933 2102 2962 est
2121 2925 2202 2962 sine
2222 2927 2292 2963 hoc
2310 2927 2470 2972 homine,

1405 2978 1456 3015 ita
1484 2980 1642 3016 materia
1670 2991 1752 3016 non
1780 2986 1836 3015 est
1864 2978 1945 3015 sine
1972 2980 2044 3016 hac
2071 2981 2239 3016 materia.
2274 2979 2472 3028 Quicquid

1405 3031 1519 3080 igitur
1536 3031 1576 3068 in
1595 3032 1711 3069 rebus
1740 3039 1796 3068 est
1823 3031 2032 3069 subsistens
2051 3044 2098 3068 ex
2117 3031 2275 3069 materia
2294 3039 2330 3068 et
2348 3032 2473 3068 forma

1406 3084 1685 3134 compositum,
1714 3092 1771 3121 est
1798 3084 2058 3134 compositum
2097 3097 2144 3121 ex
2175 3085 2300 3122 forma
2327 3092 2363 3121 et
2391 3097 2472 3122 ma·

1406 3137 1500 3175 teria
1536 3137 1774 3175 individuali.
1814 3139 2027 3175 Intellectus
2064 3145 2194 3175 autem
2232 3149 2312 3174 non
2348 3145 2474 3187 potest

1407 3203 1490 3228 esse
1515 3191 1754 3240 compositus
1782 3203 1829 3227 ex
1856 3190 2016 3227 materia
2035 3198 2071 3227 et
2090 3191 2213 3227 forma
2232 3190 2471 3227 individuali.

1408 3243 1564 3293 Species
1592 3243 1698 3281 enim
1727 3256 1858 3281 rerum
1886 3243 2162 3280 intellectarum
2184 3243 2285 3280 fiunt
2304 3242 2473 3292 intelligi-

1407 3297 1502 3334 biles
1535 3305 1623 3334 actu
1661 3309 1730 3346 per
1766 3297 1843 3334 hoc
1870 3297 1978 3345 quod
2006 3309 2029 3333 a
2061 3296 2220 3333 materia
2247 3296 2474 3334 individuali

1408 3350 1694 3387 abstrahuntur.
1725 3349 1951 3387 Secundum
1979 3357 2110 3386 autem
2129 3349 2237 3398 quod
2260 3357 2350 3386 sunt
2368 3349 2474 3386 intel-

1408 3464 1445 3493 et
1473 3456 1708 3493 intellectum
1736 3463 1886 3505 oportet
1914 3466 1996 3491 esse
2025 3454 2172 3504 absque
2200 3455 2359 3492 materia
2377 3455 2474 3492 indi-

1408 3509 1564 3546 viduali.
1595 3510 1688 3546 Non
1717 3516 1772 3545 est
1804 3507 1916 3556 igitur
1948 3507 2157 3544 substantia
2189 3507 2400 3556 intelligens
2428 3521 2475 3546 ex

1409 3562 1568 3600 materia
1597 3570 1633 3599 et
1660 3562 1785 3598 forma
1812 3560 2038 3609 composita.

1546 3675 1562 3700 8
1583 3676 1653 3709 quod
1673 3683 1719 3708 per
1737 3683 1779 3700 om
1800 3675 1893 3705 ‹zDXb;
1913 3682 1959 3708 per
1977 3682 2019 3700 om
2039 3675 2069 3700 E.
2164 3682 2181 3708 9
2200 3675 2307 3700 materia
2324 3682 2367 3700 om
2386 3675 2476 3700 EGW.

1369 3426 1394 3440 ω
1408 3403 1566 3451 ligibiles
1586 3411 1684 3450 actu,
1704 3402 1803 3439 fiunt
1822 3414 1948 3439 unum
1975 3413 2068 3438 cum
2095 3402 2286 3439 intellectu
2300 3402 2331 3439 ²¹⁸.
2361 3403 2474 3439 Unde
2502 3417 2511 3426 ·
2527 3415 2562 3437 ef.
2578 3415 2618 3437 nb.
2630 3415 2648 3441 1,
2663 3420 2715 3442 cap.

2502 3448 2566 3469 ,ιι-ιν,
2581 3441 2715 3463 Commeat.

2503 3475 2526 3490 n.
2540 3474 2592 3490 xm.
