2768 4134
16 751 226 782 ‘Lib.1‚cap.xxu.

13 1407 22 1416 ·
39 1405 74 1428 Cf.
92 1405 226 1427 Comment-

11 1439 63 1460 cap.
74 1439 146 1459 nvn,
161 1432 212 1454 init.

18 2751 136 2801 {¹S.¹'{'¹h.g.
143 2751 168 2779 83
178 2751 231 2774 Did.

33 3646 42 3655 ·
56 3644 93 3667 cf.
101 3647 158 3666 text.
167 3647 189 3665 et
199 3650 246 3666 var.

263 296 337 333 388
775 292 964 329 SUMMA
993 291 1216 329 CONTRA
1245 261 1520 337 GENhLES,
1550 292 1646 329 LIB.
1667 293 1708 338 ΙΙ,
1739 293 1851 330 CAP.
1872 294 1949 330 LII.

260 375 347 410 Hoc
375 380 506 409 autem
526 379 581 408 est
603 383 697 416 esse,
721 371 769 407 ad
791 370 899 419 quod
927 369 1122 418 generatio
1148 378 1184 406 et
1204 369 1333 407 omnis
1390 370 1488 419 igne.
1519 372 1652 420 Ipsum
1681 370 1794 419 igitur
1813 383 1896 409 esse
1916 373 2102 422 competit
2130 374 2315 413 omnibus
2342 376 2424 414 aliis
2444 389 2467 414 a

259 434 388 463 motus
416 424 660 461 terminatur:
691 423 820 461 omnis
857 423 962 460 enim
997 423 1124 460 forma
1156 430 1193 460 et
1226 431 1333 460 actus
1388 424 1518 474 primo
1534 432 1669 472 agente
1683 437 1754 474 per
1767 425 2104 475 participationem
2117 428 2329 476 quandam.
2345 430 2466 477 Quod

258 486 313 516 est
332 479 371 515 in
390 477 559 526 potentia
580 484 788 526 antequam
811 489 894 513 esse
915 476 1098 525 acquirat.
1121 476 1202 514 Soli
1221 476 1335 525 igitur
1389 485 1521 514 autem
1550 478 1736 527 competit
1764 478 1878 516 alicui
1906 491 1977 529 per
2003 479 2354 530 participationem,
2384 495 2466 520 non

257 533 342 569 Deo
362 530 547 579 competit
562 531 670 580 quod
691 530 736 567 sit
756 530 886 579 ipsum
903 542 1001 567 esse:
1023 530 1121 567 sicut
1140 530 1211 567 soli
1225 543 1333 568 com·
1390 539 1445 568 est
1473 531 1686 568 substantia
1714 531 1808 569 eius.
1846 533 2087 583 Impossibile
2123 542 2180 571 est
2212 533 2325 582 igitur
2357 537 2467 585 quod

256 584 350 635 petit
378 584 486 633 quod
515 584 562 621 sit
590 584 763 634 primum
793 595 921 632 agens.

310 637 501 687 Amplius.
539 639 673 687 Ipsum
709 649 791 674 esse
821 636 1007 686 competit
1041 637 1170 686 primo
1206 637 1333 686 agenti

256 691 472 729 secundum
503 691 704 741 propriam
724 698 923 729 naturam:
955 702 1038 727 esse
1058 689 1164 728 enim
1184 691 1257 728 Dei
1278 699 1334 729 est

255 745 338 782 eius
367 745 580 782 substantia
608 753 650 782 ut
679 757 796 794 supra
822 744 842 766 ‘¹‘
871 752 1072 781 ostensum
1106 751 1173 781 est.
1212 745 1333 792 Quod

255 806 387 836 autem
415 798 600 849 competit
634 798 747 835 alicui
782 798 1000 835 secundum
1035 797 1237 847 propriam
1265 810 1332 836 na-

1356 600 1365 620 ‚-
1389 584 1602 622 substantia
1637 585 1791 623 alterius
1825 586 1922 623 entis
1957 595 2110 636 praeter
2141 600 2258 636 agens
2290 588 2466 638 primum

1389 638 1434 675 sit
1462 638 1594 688 ipsum
1623 651 1718 676 esse.

1443 692 1546 729 Hinc
1582 699 1639 729 est
1675 693 1785 742 quod
1817 694 1947 731 Exodi
1971 706 2004 732 111
2013 698 2040 718 ¹⁴
2072 694 2278 745 proprium
2317 707 2466 734 nomen

1388 745 1463 783 Dei
1490 745 1650 795 ponitur
1677 758 1761 783 esse
1791 758 1851 789 Qm
1880 759 1964 784 EST:
1993 747 2086 796 quia
2114 748 2198 786 eius
2227 748 2347 787 solius
2375 762 2465 799 pro-

1388 798 1519 848 prium
1540 806 1596 836 est
1611 800 1720 849 quod
1739 812 1811 837 sua
1830 800 2042 838 substantia
2058 813 2138 839 non
2157 802 2204 840 sit
2223 802 2328 840 aliud
2343 815 2466 853 quam

254 860 384 890 turam
413 864 537 898 suam,
567 864 648 889 non
677 851 859 889 convenit
880 851 962 888 aliis
981 850 1056 888 nisi
1074 863 1146 900 per
1164 852 1333 889 modum
1349 876 1374 890 ,ο
1389 865 1508 890 suum
1537 865 1632 890 esse.

254 905 572 955 participationis:
618 905 715 942 sicut
751 906 857 942 calor
893 904 975 942 aliis
1013 905 1245 954 corporibus
1283 906 1332 942 ab

310 1026 320 1044 1
344 1020 401 1044 Hoc
421 1019 447 1044 in
468 1020 490 1043 A
506 1022 597 1050 potest
615 1018 670 1051 legi
688 1019 744 1042 Hic.

836 1025 851 1050 7
871 1016 940 1051 esse]
960 1018 1076 1050 primum
1096 1026 1158 1043 esse
1176 1018 1209 1050 Ζ;
1229 1018 1257 1044 in
1276 1019 1299 1044 Α
1324 1022 1388 1044 ante
1412 1027 1473 1045 esse
1497 1020 1604 1045 deletur
1621 1018 1654 1053 g'.

307 1063 324 1088 9
343 1062 392 1080 sua
410 1062 453 1079 om
474 1055 553 1084 Bet-n
574 1054 601 1079 in
621 1054 642 1079 C
661 1054 766 1086 supplet
784 1054 916 1086 scriptor,-
929 1057 995 1086 post
1014 1053 1160 1079 substantia
1179 1054 1208 1084 Z,
1227 1057 1317 1079 mutat
1335 1055 1499 1081 rubrIcator.

1016 1169 1356 1203 Commentariis
1385 1170 1698 1203 Ferrariensis

308 1278 454 1299 OSTQUAM
479 1267 702 1298 determinavit
728 1266 864 1298 Sanctus
891 1266 1036 1297 Thomas
1056 1266 1096 1298 de
1120 1274 1234 1298 natura
1257 1269 1332 1299 sub-

308 1313 440 1343 stantiae
468 1312 693 1343 intellectualis
725 1311 908 1342 secundum
939 1321 988 1348 se,
1021 1322 1110 1343 nunc
1140 1312 1333 1344 determinat

253 1359 293 1390 de
316 1358 417 1399 ipsius
440 1363 554 1388 natura
577 1366 635 1397 per
655 1357 935 1397 comparationem
955 1355 995 1387 ad
1015 1366 1084 1388 esse
1108 1357 1241 1388 actualis
1268 1358 1332 1388 exi-

253 1403 388 1434 stentiae
404 1403 430 1432 ⁹.
457 1401 551 1432 Circa
574 1402 639 1432 hoc
670 1401 737 1432 duo
762 1401 854 1432 facit:
880 1402 988 1442 primo
1018 1402 1107 1432 enim
1131 1403 1196 1443 agit
1219 1402 1260 1433 de
1284 1402 1332 1433 di-

253 1449 425 1479 stinctione
449 1447 605 1477 essentiae
629 1446 669 1477 ab
694 1455 781 1483 esse;
806 1446 952 1478 secundo
978 1446 1018 1478 de
1042 1447 1112 1478 eius
1135 1447 1333 1488 inseparabi-

254 1494 351 1529 litate,
377 1501 446 1533 cap.
463 1502 513 1522 ιν.
1253 1522 1257 1527 ,

309 1538 479 1576 Quantum
502 1536 543 1567 ad
564 1537 707 1577 primum
726 1537 785 1567 tria
809 1535 902 1567 facit:
927 1538 1045 1577 primo,
1063 1537 1205 1568 ostendit
1224 1546 1331 1568 essen-

253 1584 331 1613 tiam
354 1582 388 1612 in
411 1581 472 1612 illis
489 1582 528 1612 ab
553 1591 622 1612 esse
645 1580 809 1621 distingui,
827 1586 859 1612 et
882 1581 956 1612 ideo
981 1591 1050 1612 non
1074 1581 1254 1622 adaequare
1279 1591 1332 1612 eas

255 1628 397 1658 divinam
420 1626 677 1667 semplicitatem,
695 1627 843 1667 quamvis
859 1627 923 1657 sint
938 1627 1151 1667 incorporeae
1168 1632 1200 1657 et
1217 1627 1332 1657 imma-

254 1672 394 1708 teriales;
423 1670 579 1708 secundo,
603 1670 699 1701 infert
722 1670 931 1701 corollarium
954 1670 1132 1711 quoddam,
1156 1681 1227 1712 cap.
1245 1681 1332 1712 seq.;

255 1718 360 1753 tertio,
385 1721 532 1747 removet
554 1725 659 1746 unum
683 1715 830 1752 dubium,
855 1725 925 1756 cap.
950 1725 1011 1746 Liv.

311 1762 335 1792 Ι.
359 1761 529 1800 Quantum
552 1760 593 1791 ad
623 1761 777 1802 primum,
801 1761 935 1800 ponitur
964 1761 1045 1791 haec
1076 1760 1262 1791 conclusio:
1291 1760 1331 1791 In

255 1806 443 1837 substantiis
467 1805 738 1836 intellectualibus
762 1815 827 1835 non
848 1810 895 1836 est
918 1805 1001 1836 idem
1023 1815 1092 1836 esse
1115 1810 1146 1836 et
1164 1805 1252 1846 quod
1275 1810 1331 1841 est,

257 1851 338 1882 idest
359 1851 578 1892 suppositum:
601 1860 677 1881 nam
700 1851 908 1891 suppositum
932 1855 980 1880 est
1002 1849 1036 1880 id
1059 1849 1151 1890 quod
1174 1855 1231 1880 est..

311 1896 476 1926 Probatur
499 1901 607 1926 autem
624 1895 747 1936 primo.
768 1894 846 1925 Esse
869 1895 1044 1925 subsistens
1069 1900 1116 1925 est
1135 1904 1240 1925 unum
1263 1899 1333 1924 tan-

255 1946 336 1971 tum.
353 1940 417 1971 Sed
433 1940 522 1970 Deus
546 1945 594 1970 est
610 1949 679 1970 esse
703 1940 890 1970 subsistens.
915 1939 1001 1979 Ergo
1018 1939 1099 1969 nihil
1123 1938 1210 1969 aliud
1226 1949 1243 1969 a
1259 1938 1332 1968 Deo

255 1991 303 2016 est
326 1994 395 2015 esse
418 1985 605 2015 subsistens.
629 1984 715 2024 Ergo
739 1984 774 2014 in
798 1984 890 2014 omni
913 1984 1090 2014 substantia
1117 1989 1223 2014 creata
1245 1982 1334 2013 aliud

255 2035 303 2060 est
326 2030 394 2070 ipsa
421 2029 597 2059 substantia
622 2034 653 2059 et
676 2027 764 2059 aliud
788 2037 856 2059 esse
881 2028 960 2059 eius.
982 2045 1005 2049 -
1023 2028 1181 2058 Probatur
1204 2032 1333 2058 antece-

255 2074 344 2105 dens.
370 2074 466 2112 Quia,
485 2074 511 2104 si
528 2072 805 2109 diversificaretur,
823 2078 878 2103 aut
901 2071 1168 2103 diversificaretur
1194 2073 1333 2113 inquan-

255 2125 326 2150 tum
350 2124 398 2149 est
421 2128 501 2154 esse,
526 2123 581 2149 aut
604 2127 662 2159 per
686 2117 808 2158 aliquid
835 2116 924 2148 aliud
947 2117 1008 2148 sibi
1031 2116 1231 2148 adiunctum.
1256 2116 1333 2147 Non

255 2165 413 2205 primum:
439 2164 516 2204 quia
540 2172 619 2200 esse,
644 2163 840 2203 inquantum
865 2167 912 2193 est
936 2171 1015 2198 esse,
1039 2171 1109 2193 non
1132 2168 1240 2202 potest
1264 2170 1333 2192 esse

256 2209 434 2245 diversum;
458 2207 515 2239 sed
538 2208 621 2238 bene
646 2206 852 2238 diversificari
881 2213 989 2248 potest
1011 2216 1069 2248 per
1096 2207 1219 2248 aliquid
1243 2205 1335 2247 quod

256 2260 304 2284 est
326 2259 451 2295 praeter
475 2262 560 2290 esse;
585 2253 668 2283 sicut
691 2261 760 2283 esse
791 2252 906 2293 lapidis
930 2257 978 2283 est
1006 2251 1094 2283 aliud
1117 2252 1157 2282 ab
1181 2261 1251 2282 esse
1273 2252 1334 2282 ho-

256 2299 364 2335 minis,
388 2303 522 2339 propter
545 2297 640 2328 aliam
664 2302 695 2328 et
719 2297 815 2327 aliam
838 2297 961 2328 scilicet
988 2302 1137 2327 naturam
1163 2296 1279 2338 lapidis
1303 2302 1335 2327 et

256 2343 410 2374 hominis.
434 2343 510 2373 Non
528 2343 624 2373 etiarn
641 2341 840 2372 secundum:
866 2342 942 2382 quia
958 2350 1027 2372 esse
1051 2341 1238 2372 subsistenti
1253 2341 1335 2372 nihil

257 2393 384 2428 praeter
407 2388 516 2428 ipsum
539 2387 734 2427 adiungitur.
764 2385 865 2425 Quod
894 2391 983 2426 patet
1006 2387 1093 2427 quia,
1118 2386 1216 2416 etiarn
1239 2386 1273 2416 in
1297 2386 1335 2416 iis

259 2442 402 2474 quorum
414 2441 482 2463 esse
499 2441 568 2462 non
584 2437 632 2462 est
647 2431 833 2468 subsistens,
847 2430 938 2471 quod
950 2431 1033 2461 inest
1048 2431 1195 2461 existenti
1211 2435 1336 2471 praeter

259 2486 329 2508 esse
348 2477 427 2514 eius,
443 2476 520 2507 licet
542 2477 582 2507 sit
606 2476 754 2507 existenti
778 2476 917 2512 unitum,
934 2485 1003 2506 non
1027 2482 1075 2506 est
1097 2481 1206 2506 tamen
1231 2485 1336 2506 unum

259 2531 335 2553 cum
352 2531 421 2552 esse
445 2522 514 2553 eius
530 2522 591 2552 nisi
606 2530 665 2562 per
688 2520 847 2557 accidens,
864 2521 1060 2561 inquantum
1076 2526 1124 2551 est
1139 2529 1244 2552 unum
1260 2521 1336 2551 sub-

259 2567 380 2598 iectum
404 2567 525 2597 habens
550 2575 618 2597 esse
643 2571 674 2597 et
697 2565 730 2596 id
754 2565 845 2606 quod
869 2571 917 2595 est
939 2571 1066 2606 praeter
1089 2575 1168 2596 esse.

314 2612 376 2642 Pro
401 2611 618 2642 declaratione
634 2611 730 2641 huius
747 2610 889 2647 rationis,
910 2609 1144 2641 advertendum
1161 2609 1252 2651 quod
1275 2610 1337 2651 ipsi

260 2666 328 2687 esse
352 2656 431 2687 nihil
455 2656 539 2686 uniri
563 2661 671 2696 potest
694 2664 752 2696 per
775 2654 913 2686 modum
936 2664 1003 2696 quo
1028 2660 1118 2685 actus
1142 2655 1253 2685 unitur
1276 2664 1336 2696 po-

259 2701 394 2732 tentiae:
420 2710 496 2732 curn
521 2710 589 2731 esse
613 2701 653 2730 sit
683 2700 797 2731 ultima
827 2699 1002 2736 actualitas,
1027 2705 1059 2730 et
1089 2700 1240 2730 omnium
1271 2698 1337 2730 for-

259 2756 386 2777 marum
410 2752 510 2776 actus.
527 2744 622 2776 Unde
639 2751 670 2776 et
687 2744 728 2775 111
746 2745 889 2785 Metaph.
903 2745 919 2761 ⁴*
944 2744 1061 2775 dicitur
1077 2744 1168 2785 quod
1192 2754 1249 2775 ens
1268 2753 1337 2775 non

259 2796 368 2832 potest
390 2800 448 2831 per
464 2789 658 2821 differentias
675 2789 784 2820 dividi.
802 2790 843 2820 Et
866 2789 952 2826 ideo,
969 2790 996 2820 si
1019 2789 1142 2830 aliquid
1166 2789 1262 2820 debet
1278 2789 1339 2820 sibi

260 2837 355 2873 uniri,
376 2841 506 2876 oportet
522 2841 558 2866 ut
582 2834 682 2865 altero
700 2834 843 2865 duorum
866 2834 1043 2865 modorum
1060 2835 1116 2865 sit:
1142 2840 1198 2865 aut
1216 2834 1339 2865 scilicet

261 2882 338 2922 quia
360 2880 441 2911 illud
465 2886 513 2911 est
535 2880 720 2910 subiectum
747 2879 950 2919 receptivum
975 2888 1061 2915 esse;
1087 2884 1142 2910 aut
1172 2880 1249 2919 quia
1273 2884 1339 2910 tam

262 2935 330 2957 esse
355 2934 455 2966 quam
482 2924 563 2955 illud
587 2923 673 2954 aliud
697 2929 772 2954 sunt
796 2924 829 2954 in
862 2933 930 2954 uno
962 2924 1133 2954 communi
1161 2924 1338 2965 receptivo.

262 2970 295 3002 Si
319 2975 428 3001 autem
451 2975 592 3010 ponatur
616 2978 686 2999 esse
709 2978 767 3009 per
790 2978 824 2999 se
848 2969 1034 3004 subsistens,
1058 2968 1186 2999 nullum
1209 2969 1341 2999 habebit

263 3015 501 3055 susceptivum:
527 3014 674 3054 alioquin
698 3023 766 3044 non
791 3018 874 3044 esset
898 3022 955 3053 per
979 3023 1012 3043 se
1040 3014 1226 3044 subsistens
1251 3013 1340 3050 Ideo,

263 3061 289 3090 si
312 3065 453 3100 ponatur
469 3059 655 3095 subsistens,
673 3058 753 3088 nihil
769 3058 830 3088 sibi
850 3057 981 3098 adiungi
1005 3063 1123 3098 potest.
1149 3057 1213 3089 Cui
1237 3059 1263 3089 si
1286 3057 1341 3088 ad-

264 3104 357 3135 datur
380 3103 471 3144 quod
495 3113 564 3135 esse
587 3103 706 3144 ipsum,
731 3103 928 3143 inquantum
953 3112 1031 3139 esse,
1049 3112 1118 3133 non
1141 3108 1250 3143 potest
1273 3112 1342 3134 esse

265 3149 438 3186 diversum,
462 3149 546 3179 sicut
568 3157 630 3179 nec
653 3148 767 3184 homo,
791 3147 987 3188 inquantum
1011 3147 1124 3184 homo,
1149 3146 1342 3178 diversifica-

265 3199 333 3230 tur;
358 3193 558 3234 relinquetur
575 3192 666 3234 quod
691 3202 759 3223 esse
777 3192 953 3223 subsistens
970 3201 1073 3222 unum
1092 3191 1257 3223 dumtaxat
1273 3202 1343 3223 esse

266 3239 377 3279 possit.
402 3238 443 3269 Et
466 3238 530 3268 hoc
555 3243 602 3268 est
625 3237 722 3268 huius
746 3237 878 3267 rationis
903 3235 1163 3267 fundamentum.

322 3283 359 3313 Il.
377 3283 546 3314 Secundo:
570 3287 601 3313 et
617 3288 665 3312 est
689 3281 894 3312 confirmatio
918 3280 1149 3322 praecedentis.
1174 3281 1252 3312 Esse
1268 3282 1343 3312 sub-

267 3328 380 3358 sistens
405 3334 436 3358 et
460 3333 643 3368 separatum
663 3333 711 3357 est
734 3331 861 3356 tantum
885 3335 999 3356 unum.
1024 3326 1111 3366 Ergo
1136 3331 1197 3356 etc.
1221 3343 1242 3348 —
1266 3326 1345 3356 Pro-

268 3372 361 3402 batur
385 3371 587 3403 antecedens.
606 3372 672 3402 Aut
689 3381 758 3402 esse
782 3376 830 3401 est
851 3379 1027 3401 commune
1051 3371 1134 3400 sicut
1158 3380 1260 3410 genus
1285 3369 1345 3401 dif-

269 3415 410 3447 ferentiis
435 3417 590 3447 divisum:
617 3422 672 3447 aut
701 3415 854 3447 dividitur
881 3425 938 3456 pet
969 3415 1033 3446 hoc
1057 3414 1149 3455 quod
1179 3420 1226 3445 est
1249 3415 1346 3446 huius

271 3467 325 3491 aut
348 3461 442 3492 illius.
468 3461 501 3492 Si
526 3462 678 3501 primum,
704 3470 781 3501 ergo
807 3469 876 3491 esse
907 3465 1091 3500 separatum
1115 3465 1147 3490 et
1170 3460 1346 3490 subsistens

271 3514 327 3544 per
351 3515 384 3536 se
407 3515 475 3536 non
499 3511 606 3545 potest
629 3515 698 3536 esse
726 3506 786 3536 nisi
819 3514 937 3535 unum:
966 3505 1059 3540 sicut,
1085 3504 1111 3534 si
1139 3509 1252 3534 natura
1276 3505 1347 3535 ani-

272 3550 366 3580 malis
390 3551 573 3581 subsisteret
589 3561 607 3580 a
631 3549 816 3580 differentiis
834 3554 987 3590 separata,
1004 3558 1073 3580 non
1090 3553 1172 3579 esset
1195 3549 1256 3579 nisi
1273 3559 1347 3584 una,

273 3594 349 3633 quia
371 3604 438 3625 non
462 3595 593 3625 haberet
617 3604 654 3625 ea
683 3604 767 3635 quae
798 3599 873 3625 sunt
904 3594 1047 3624 hominis
1078 3593 1129 3624 vel
1160 3593 1263 3629 bovis,
1288 3599 1348 3624 etc.

274 3637 307 3668 Si
331 3638 520 3675 secundum,
545 3639 649 3670 multo
674 3639 774 3679 magis
802 3639 944 3669 verum*
969 3639 1028 3669 erit
1051 3637 1142 3678 quod
1166 3644 1349 3678 separatum

275 3682 313 3712 ab
338 3683 429 3712 omni
452 3684 635 3723 susceptivo
660 3693 727 3713 non
753 3684 811 3714 erit
834 3684 894 3713 nisi
919 3692 1032 3714 unum.
1058 3682 1144 3723 Ergo
1170 3688 1230 3713 etc.

1444 1278 1473 1299 2.
1489 1268 1622 1299 Dicetur
1635 1267 1718 1299 forte
1731 1268 1823 1309 quod
1835 1278 1904 1299 esse
1916 1268 2069 1300 dividitur
2079 1278 2138 1309 per
2153 1269 2217 1300 hoc
2230 1268 2322 1310 quod
2334 1275 2382 1300 est
2397 1278 2467 1301 esse

1386 1313 1483 1343 huius
1507 1318 1539 1343 et
1554 1313 1654 1350 illius;
1676 1318 1708 1343 et
1731 1312 1832 1354 quod,
1849 1313 1876 1344 si
1890 1319 2032 1354 ponatur
2048 1314 2234 1351 subsistens,
2250 1323 2320 1344 non
2336 1319 2468 1355 oportet

1386 1363 1422 1388 ut
1445 1363 1588 1398 ponatur
1603 1358 1642 1388 ab
1667 1359 1820 1388 omnibus
1838 1367 1922 1399 quae
1946 1357 2130 1389 secundum
2145 1359 2306 1389 rationem
2329 1359 2368 1389 ab
2392 1359 2466 1400 ipso

1386 1402 1629 1442 distinguuntur
1652 1412 1722 1433 esse
1745 1408 1946 1444 separatum3
1971 1402 2038 1439 sed,
2063 1404 2147 1434 sicut
2170 1403 2232 1434 alia
2255 1408 2303 1434 est
2329 1402 2505 1434 essentia‘'

1385 1447 1562 1478 subsistens
1578 1446 1737 1478 Gabrielis
1753 1454 1787 1478 et
1808 1447 1870 1478 alia
1883 1448 2068 1488 Raphaelis,
2091 1448 2136 1479 ita
2151 1453 2202 1479 est
2223 1447 2312 1479 aliud
2327 1454 2360 1479 et
2379 1447 2468 1480 aliud

1386 1501 1455 1523 esse
1479 1493 1666 1529 subsistens,
1687 1491 1779 1533 quod
1803 1498 1851 1523 est
1873 1492 2000 1524 realiter
2022 1492 2111 1523 idem
2141 1502 2219 1524 cum
2245 1493 2394 1530 essentia,
2418 1493 2467 1524 di-

1386 1537 1540 1568 stinctum
1556 1543 1684 1568 tanturn
1701 1537 1739 1568 ab
1757 1547 1794 1568 ea
1811 1547 1849 1568 ex
1865 1542 1980 1568 natura
1998 1538 2056 1568 rei.
2076 1537 2119 1568 Et
2133 1538 2179 1568 sic
2194 1547 2263 1568 non
2286 1537 2412 1569 tollitur
2426 1538 2466 1570 ab

1385 1582 1458 1622 ipso
1483 1591 1562 1619 esse,
1579 1582 1655 1613 licet
1677 1588 1820 1623 ponatur
1835 1582 2022 1619 subsistens,
2039 1582 2120 1623 quin
2136 1582 2176 1613 sit
2198 1582 2296 1613 huius
2319 1587 2351 1613 et
2369 1582 2466 1614 illius.

1443 1626 1507 1657 Sed
1523 1632 1635 1657 cona-a
1657 1627 1752 1657 istam
1769 1627 2019 1667 responsionem
2042 1627 2196 1668 arguitur.
2213 1626 2262 1658 Ex
2285 1627 2355 1668 ipsa
2379 1627 2468 1658 enim

1386 1671 1523 1701 habetur
1545 1670 1637 1711 quod
1661 1680 1731 1702 esse
1748 1670 1906 1702 Gabrielis
1928 1681 1998 1702 non
2023 1677 2071 1702 est
2093 1671 2221 1702 realiter
2243 1676 2412 1712 receptum
2431 1671 2467 1703 in

1387 1715 1464 1746 alio:
1490 1725 1567 1746 cum
1589 1725 1660 1746 non
1675 1715 1891 1756 distinguatur
1913 1716 1953 1746 ab
1969 1716 2108 1747 essentia
2123 1716 2193 1747 eius
2207 1716 2270 1747 nisi
2290 1725 2330 1747 ex
2352 1722 2468 1748 natura

1386 1760 1448 1796 rei;
1473 1760 1561 1791 idern
1584 1766 1694 1791 autem
1717 1761 1844 1791 realiter
1866 1770 1935 1792 non
1958 1761 1999 1791 sit
2021 1761 2148 1792 realiter
2166 1761 2286 1792 suimet
2309 1761 2467 1802 suscepti—

1386 1814 1476 1836 vum.
1500 1805 1542 1835 Et
1565 1814 1623 1846 per
1641 1814 1848 1846 consequens
1866 1805 1963 1836 habet
1980 1806 2182 1846 receptivum
2205 1810 2333 1837 tantum
2350 1815 2467 1837 secun-

1387 1849 1466 1880 dum
1482 1849 1620 1880 modum
1644 1849 1855 1890 intelligendi.
1872 1849 1959 1890 Ergo
1977 1850 2036 1880 erit
2051 1849 2233 1881 secundum
2248 1859 2318 1881 rem
2340 1860 2467 1891 separa-

1387 1900 1457 1924 tum
1481 1894 1520 1924 ab
1537 1894 1629 1924 omni
1652 1894 1813 1934 principio
1837 1894 2010 1925 limitante:
2028 1903 2105 1925 cum
2125 1894 2255 1926 limitari
2272 1903 2342 1925 non
2364 1895 2468 1936 possit

1386 1939 1449 1968 nisi
1472 1947 1530 1978 per
1553 1939 1764 1978 receptivum.
1789 1938 1831 1969 Et
1854 1948 1912 1979 per
1935 1947 2142 1979 consequens
2166 1944 2260 1970 erunt
2280 1939 2374 1979 plura
2396 1948 2468 1971 esse

1387 1988 1531 2023 separata
1555 1983 1774 2014 subsistentia:
1793 1992 1869 2014 cum
1893 1983 1991 2014 etiam
2006 1983 2096 2014 Deus
2112 1983 2153 2014 sit
2166 1983 2276 2024 ipsum
2299 1993 2369 2015 esse
2391 1984 2468 2015 sub-

1387 2028 1511 2058 sistens.
1543 2027 1619 2058 Hoc
1642 2033 1752 2058 autem
1775 2033 1935 2068 repugnat
1965 2028 2057 2059 omni
2079 2028 2251 2060 communi
2282 2033 2318 2059 ut
2345 2029 2471 2070 absque

1387 2072 1549 2113 principio
1573 2071 1758 2103 distinctivo
1784 2071 2017 2104 consideratur.
2041 2072 2130 2114 Ergo
2155 2078 2216 2104 etc.

1443 2116 1496 2147 111.
1525 2117 1646 2148 Tertio.
1671 2116 1705 2148 Si
1728 2117 1774 2148 sie
1798 2122 1891 2154 esset,
1909 2116 2038 2148 daretur
2052 2117 2224 2159 multiplex
2240 2127 2310 2149 esse
2329 2118 2467 2151 omnino

1387 2160 1566 2193 infinitum:
1592 2162 1669 2202 quia
1693 2171 1762 2192 esse
1786 2162 1963 2193 subsistens
1987 2168 2118 2203 oportet
2141 2171 2211 2194 esse
2233 2161 2410 2200 infinitum,
2426 2171 2467 2194 eo

1388 2206 1479 2247 quod
1503 2216 1571 2237 non
1598 2207 1789 2238 terminetur
1819 2206 1931 2247 aliquo
1962 2207 2149 2248 recipiente.
2181 2207 2257 2238 Hoc
2287 2212 2397 2238 autem
2419 2212 2469 2239 est

1388 2251 1603 2292 impossibile:
1629 2251 1705 2292 quia
1735 2261 1804 2282 non
1834 2251 2035 2283 inveniretur
2057 2261 2127 2292 quo
2159 2261 2265 2283 unum
2295 2252 2335 2283 ab
2365 2252 2468 2284 altero

1388 2295 1538 2333 differret,
1555 2305 1632 2327 cum
1655 2305 1725 2327 esse
1748 2295 1914 2328 infinitum
1930 2305 2066 2328 omnem
2089 2296 2216 2328 essendi
2232 2295 2469 2338 perfectionem

1389 2340 1655 2382 comprehendat.
1680 2341 1767 2381 Ergo
1792 2346 1853 2372 etc.

1446 2395 1476 2416 2.
1501 2385 1614 2416 Posset
1637 2385 1677 2416 ad
1700 2386 1784 2416 hanc
1807 2386 1968 2417 rationem
1992 2385 2056 2417 dici
2081 2385 2172 2426 quod
2194 2395 2263 2416 non
2279 2394 2379 2416 omne
2398 2395 2468 2418 esse

1389 2431 1564 2461 subsistens
1588 2436 1636 2461 est
1651 2429 1827 2467 infinitum,
1843 2429 1901 2462 sed
1915 2435 2043 2461 tantum
2059 2429 2140 2462 illud
2156 2429 2247 2471 quod
2261 2430 2306 2461 ita
2325 2430 2469 2462 subsistit

1389 2480 1426 2506 ut
1448 2474 1489 2506 ad
1512 2475 1641 2506 nullum
1663 2475 1800 2515 gradum
1824 2475 1952 2506 essendi
1975 2476 2015 2506 sit
2038 2475 2224 2507 limitatum.
2255 2473 2369 2512 Modo,
2392 2475 2469 2507 licet

1389 2519 1523 2560 aliquod
1547 2529 1617 2551 esse
1640 2520 1686 2550 sic
1710 2520 1750 2550 sit
1773 2520 1950 2551 subsistens
1973 2526 2010 2551 ut
2032 2520 2067 2550 in
2096 2519 2189 2551 nullo
2220 2519 2368 2551 subiecto
2391 2529 2412 2551 a
2433 2529 2470 2552 se

1390 2565 1515 2596 realiter
1539 2564 1690 2596 distincto
1715 2565 1755 2595 sit
1778 2570 1957 2605 receptum,
1989 2565 2073 2596 sicut
2102 2574 2172 2596 esse
2200 2564 2396 2596 substantiae
2419 2573 2470 2596 se-

1389 2616 1518 2650 paratae
1542 2610 1569 2640 si
1593 2610 1633 2640 sit
1663 2608 1749 2640 idem
1773 2608 1864 2650 quod
1888 2610 2042 2646 essentia;
2067 2615 2176 2650 potest
2198 2615 2307 2640 tamen
2332 2618 2401 2641 esse
2429 2608 2471 2643 ad

1390 2654 1534 2695 aliquem
1549 2653 1686 2695 gradum
1703 2653 1829 2685 essendi
1851 2654 2037 2691 limitatum,
2054 2659 2091 2685 ut
2114 2653 2237 2685 scilicet
2254 2654 2294 2685 sit
2318 2663 2388 2685 esse
2405 2652 2471 2686 Ga-

1389 2699 1497 2730 brielis
1521 2705 1577 2730 aut
1600 2698 1783 2739 Raphaelis.
1815 2698 1892 2730 ldeo
1915 2708 1984 2729 non
2009 2703 2141 2740 oportet
2163 2703 2200 2729 ut
2227 2699 2268 2730 sit
2294 2697 2470 2730 infinitum.

1447 2743 1512 2775 Sed
1527 2744 1608 2775 haec
1624 2744 1794 2784 responsio
1811 2753 1880 2774 non
1895 2743 1981 2774 tollit
1995 2744 2166 2774 rationem.
2191 2743 2289 2782 Quia,
2309 2753 2385 2775 cum
2401 2753 2472 2775 esse

1392 2798 1460 2820 non
1484 2789 1588 2830 possit
1611 2788 1740 2820 limitari
1757 2797 1815 2829 per
1830 2787 2024 2819 differentias
2040 2787 2204 2826 formales,
2221 2798 2262 2820 eo
2281 2787 2374 2829 quod
2391 2788 2473 2820 nihil

1392 2835 1465 2875 ipso
1485 2833 1643 2864 actualius
1659 2834 1708 2870 sit,
1726 2842 1859 2864 necesse
1878 2838 1936 2871 est,
1953 2834 1980 2864 si
1995 2832 2036 2864 ad
2051 2832 2188 2874 gradum
2204 2833 2348 2874 aliquem
2367 2832 2472 2864 deter-

1393 2879 1509 2910 minari
1526 2878 1651 2915 debeat,
1667 2883 1704 2909 ut
1720 2887 1778 2919 per
1793 2878 2015 2919 susceptivum
2031 2877 2274 2909 determinetur.
2291 2877 2369 2909 Non
2385 2877 2474 2910 enim

1393 2929 1501 2964 potest
1525 2922 1660 2964 aliquod
1676 2932 1853 2954 commune
1874 2922 2082 2964 multiplicari
2105 2922 2231 2954 realiter
2253 2922 2315 2953 nisi
2339 2927 2395 2953 aut
2415 2931 2474 2964 per

1394 2967 1598 3005 differentias,
1623 2973 1678 2998 aut
1701 2977 1760 3008 per
1783 2968 2015 3008 susceptivum.
2040 2967 2074 2999 Si
2091 2976 2168 3008 ergo
2184 2972 2326 3008 ponatur
2345 2966 2475 2998 nullum

1394 3014 1512 3044 habere
1531 3013 1616 3044 reale
1639 3013 1879 3053 susceptivum;
1904 3017 1936 3043 et
1960 3021 2037 3043 cum
2059 3012 2135 3050 hoc,
2162 3021 2232 3043 non
2261 3018 2309 3043 est
2331 3021 2391 3053 per
2412 3010 2474 3043 dits

1395 3057 1544 3089 ferentias
1567 3057 1741 3088 divisibile:
1767 3062 1897 3098 oportet
1920 3062 1957 3088 ut
1979 3056 2021 3088 ad
2036 3057 2166 3088 nullum
2187 3056 2325 3098 gradum
2347 3054 2475 3089 essendi

1395 3103 1436 3134 sit
1462 3103 1647 3134 limitatum.
1679 3102 1720 3133 Et
1742 3111 1802 3143 per
1829 3111 2036 3143 consequens
2066 3106 2198 3143 oportet
2225 3107 2262 3133 ut
2291 3101 2332 3132 sit
2353 3109 2474 3142 putum

1397 3157 1466 3179 esse
1490 3153 1522 3178 et
1545 3146 1720 3178 infinitum.

1453 3192 1506 3222 IV.
1534 3191 1672 3228 Quarto.
1698 3191 1777 3222 Esse
1800 3191 1976 3222 subsistens
2001 3195 2132 3232 oportet
2154 3196 2191 3222 ut
2214 3193 2382 3221 causatum
2404 3197 2474 3220 non

1397 3238 1447 3268 sit.
1473 3237 1559 3277 Ergo
1583 3236 1712 3267 nullum
1735 3245 1792 3266 ens
1816 3241 1961 3267 creatum
1985 3241 2033 3266 est
2056 3244 2154 3266 suum
2180 3243 2260 3266 esse.
2276 3251 2299 3256 —
2314 3233 2474 3264 Probatur

1398 3281 1602 3312 antecedens.
1627 3281 1705 3312 Esse
1729 3281 1916 3311 subsistenti
1938 3280 2019 3311 nihil
2047 3279 2201 3311 convenit
2223 3278 2285 3309 nisi
2308 3276 2400 3318 quod
2427 3283 2475 3308 est

1398 3326 1480 3357 entis
1504 3326 1700 3366 inquantum
1717 3335 1784 3356 ens.
1801 3324 1866 3356 Sed
1882 3334 1951 3356 esse
1968 3329 2136 3355 causatum
2151 3331 2221 3354 non
2237 3323 2391 3353 convenit
2408 3322 2474 3353 enti

1399 3371 1595 3412 inquantum
1611 3379 1684 3401 ens:
1702 3370 1779 3400 alias
1795 3378 1895 3400 omne
1919 3378 1976 3400 ens
1997 3373 2080 3399 esset
2099 3371 2276 3398 causatum.
2301 3366 2388 3408 Ergo
2412 3372 2474 3398 etc.

1400 3415 1558 3446 Probatur
1577 3416 1696 3446 maior:
1713 3415 1790 3455 quia
1806 3413 1897 3454 quod
1913 3412 2066 3445 convenit
2081 3411 2177 3442 alicui
2193 3420 2261 3442 non
2279 3411 2475 3452 inquantum

1399 3459 1598 3497 huiusmodi,
1622 3469 1690 3491 non
1709 3459 1863 3490 convenit
1879 3458 1909 3489 ei
1930 3457 1992 3488 nisi
2015 3465 2072 3497 per
2087 3454 2236 3486 accidens
2252 3456 2376 3487 ratione
2400 3456 2476 3487 sub-

1400 3505 1492 3540 iecti;
1517 3503 1615 3540 unde,
1632 3504 1659 3535 si
1682 3503 1853 3544 separatim
1876 3511 1895 3532 a
1913 3501 2059 3532 subiecto
2082 3505 2233 3541 ponatur,
2257 3500 2349 3531 nullo
2373 3499 2475 3531 modo

1402 3550 1431 3580 ei
1456 3549 1622 3589 competit.

1460 3603 1489 3624 2.
1514 3593 1566 3624 Ad
1588 3593 1672 3623 hanc
1695 3591 1864 3626 rationem,
1887 3590 1997 3630 negari
2021 3594 2132 3630 posset
2155 3588 2364 3625 antecedens;
2385 3594 2416 3620 et
2436 3589 2476 3620 ad

1403 3638 1640 3678 probationem,
1657 3635 1721 3668 dici
1743 3634 1835 3676 quod
1853 3635 1956 3665 maior
1979 3638 2027 3664 est
2050 3632 2142 3671 falsa3
2167 3639 2198 3664 et
2217 3633 2362 3664 similiter
2385 3633 2476 3674 quod

1403 3682 1443 3713 ad
1466 3683 1534 3713 eius
1557 3681 1786 3722 probationem
1809 3679 1991 3715 assumitur,
2009 3677 2126 3709 falsum
2149 3684 2207 3710 est.
2231 3678 2315 3709 Nam
2339 3679 2476 3709 essentia
