2768 4134
50 360 58 367 '
73 357 82 378 Ι
95 358 127 383 1²„
138 362 214 378 xv1.².

43 1112 52 1121 ”
66 1109 110 1131 cit.
127 1116 152 1137 q.
163 1116 209 1130 xvi.

36 2860 44 2869 ·
60 2859 190 2887 ei1.q.xv1‚
199 2866 243 2882 a.·.¹.

39 3216 46 3224 ¹
62 3214 112 3236 Did.
129 3215 168 3236 lib.
180 3215 206 3237 V.

298 285 367 321 172

344 352 520 384 Praeterea,
547 348 623 378 loco
652 346 819 387 allegato*
847 344 963 375 dicitur
990 344 1082 385 quod
1109 350 1157 375 est
1180 344 1363 375 intellectus

289 395 423 436 simplex
440 402 533 423 verus
549 392 632 422 sicut
649 400 700 421 res
716 400 804 421 vera.
825 389 912 430 Ergo
929 390 963 420 in
979 390 1052 430 ipso
1069 395 1116 420 est
1131 390 1257 420 veritas.
1275 388 1362 428 Ergo

288 450 344 470 sua
368 437 578 469 conformitas
602 442 634 467 et
657 435 849 475 adaequatio
874 440 922 465 est
946 435 1069 465 veritas.

342 482 469 517 Adhuc,
493 491 543 511 res
567 480 684 511 dicitur
711 490 785 511 vera
809 490 827 510 a
855 480 987 510 veritate
1015 478 1207 514 intellectus,
1233 484 1265 509 et
1293 487 1361 508 non

286 528 394 559 solum
418 525 646 558 enunciabilia:
670 530 707 556 ut
729 530 817 566 patet
832 525 948 561 Prima,
967 534 998 564 q.
1015 534 1078 559 xvr,
1095 533 1123 553 a.
1146 531 1155 553 1
1178 529 1210 554 et
1226 533 1256 563 7.
1274 523 1361 563 Ergo

286 574 319 604 in
343 571 509 602 intellectu
533 570 674 611 simplici
697 575 744 600 est
767 570 894 600 veritas.
919 570 1005 609 Ergo
1031 574 1091 599 etc.

344 626 372 647 2.
390 616 437 646 Ex
449 615 516 646 istis
530 621 619 656 patet
634 614 815 645 secundum
829 614 952 645 dictum
964 613 1050 644 illius
1063 613 1234 653 positionis
1246 611 1361 642 falsum

287 671 364 692 esse.
382 661 415 692 Si
439 661 527 691 enim
542 660 725 691 intellectus
747 659 975 700 incomplexus
991 663 1038 688 est
1061 667 1119 698 per
1141 667 1175 688 se
1191 666 1285 687 verus
1305 666 1361 697 ap-

284 705 517 747 prehendendo
541 704 632 746 quod
656 704 735 745 quid
759 710 817 740 est,
833 713 965 735 necesse
989 709 1037 733 est
1059 703 1093 733 in
1117 703 1189 742 ipso
1214 711 1283 732 esse
1304 710 1362 742 per

285 761 319 781 se
342 749 605 782 conformitatem
629 749 669 780 ad
692 759 770 780 rem.
796 749 887 780 Licet
911 749 998 779 enim
1022 747 1268 787 incomplexum
1291 756 1360 777 non

284 797 439 836 importet
451 795 741 835 comparationem,
759 800 937 834 conceptus
949 798 1058 823 tamen
1070 792 1360 832 repraesentativus

284 841 482 881 incomplexi
506 845 553 870 est
577 838 754 870 conformis
777 839 833 874 rei,
851 844 882 869 et
905 838 1000 868 habet
1016 837 1112 867 talem
1137 836 1359 867 habitudinem

286 885 325 917 ad
348 895 427 921 rem,
452 886 647 925 inquantum
675 889 895 924 repraesentat
915 881 1128 923 quidditatem
1159 881 1295 912 alicuius
1323 888 1360 913 ut

285 940 376 961 suam
401 936 432 961 et
455 931 498 960 ita
521 930 554 960 in
577 938 611 959 re
635 936 692 960 est.
717 929 758 959 Et
778 929 901 958 ratione
920 927 1017 958 huius
1037 926 1154 957 dicitur
1177 927 1359 957 intellectus

285 974 462 1006 conformis
487 980 518 1005 et
542 983 651 1004 verus:
677 974 759 1004 sicut
789 973 899 1003 album
924 971 1039 1003 dicitur
1063 971 1165 1001 simile
1191 971 1286 1003 alicui
1311 982 1359 1003 ra—

283 1021 373 1051 tione
397 1019 561 1055 albedinis,
587 1027 671 1059 quae
696 1024 743 1048 est
766 1017 1016 1048 fundamentum
1040 1016 1268 1048 similitudinis.

341 1065 370 1095 3.
396 1065 543 1095 Tertium
567 1064 664 1094 etiam
688 1062 811 1093 dictum
835 1062 920 1092 illius
945 1062 1110 1102 opinionis
1135 1067 1182 1092 est
1210 1071 1359 1103 expresse

284 1115 394 1140 contra
418 1115 562 1139 mentem
585 1107 693 1139 Sancti
717 1107 866 1138 Thomae
893 1107 999 1138 Prima
1023 1106 1126 1137 Parte.
1155 1106 1202 1137 Ibi
1226 1108 1314 1138 enim
1330 1108 1357 1143 ’ἢ

283 1160 338 1184 art.
359 1163 387 1190 2,
413 1153 481 1184 vult
504 1152 594 1193 quod
618 1152 722 1183 forma
745 1152 938 1188 intellectus,
955 1153 1150 1192 inquantum
1170 1157 1217 1182 est
1234 1162 1358 1193 cogno-

282 1208 384 1234 scens,
402 1204 449 1229 est
465 1197 642 1228 similitudo
659 1198 704 1228 rei
721 1197 884 1237 cognitae3
903 1203 934 1227 et
946 1196 1038 1237 quod
1054 1206 1253 1237 cognoscere
1269 1197 1358 1228 illam

282 1243 544 1274 conformitatem
576 1247 622 1272 est
645 1242 812 1272 veritatem
836 1251 1049 1282 cognoscere3
1075 1242 1150 1273 licet
1176 1242 1358 1273 secundum

281 1289 418 1329 primam
435 1287 657 1327 operationem
675 1286 938 1318 conformitatem
954 1287 1042 1318 illam
1057 1287 1107 1317 sui
1123 1286 1163 1317 ad
1179 1296 1247 1318 rem
1264 1287 1358 1318 intel-

281 1334 382 1364 lectus
405 1342 473 1363 non
497 1337 683 1372 cognoscat,
706 1331 762 1363 sed
786 1331 910 1363 dicatur
932 1342 1027 1363 verus
1051 1337 1177 1362 tantum
1202 1332 1285 1363 sicut
1308 1342 1358 1363 res

281 1388 363 1408 vera.
381 1377 428 1408 Ex
445 1377 493 1407 his
518 1377 605 1407 enim
622 1382 748 1408 constat
764 1377 855 1417 quod
874 1376 913 1407 ad
935 1377 1101 1407 veritatem
1120 1377 1302 1408 intellectus
1321 1383 1358 1408 ut

280 1432 328 1453 res
353 1431 554 1462 cognoscens
571 1427 627 1457 est,
649 1431 716 1452 non
737 1423 910 1462 requiritur
929 1422 1020 1463 quod
1043 1422 1083 1452 sit
1102 1423 1241 1463 cognita.
1261 1422 1356 1459 Nam,

280 1466 460 1498 secundum
477 1467 546 1497 eius
569 1472 725 1503 mentem,
742 1467 857 1498 veritas
880 1477 948 1498 non
965 1473 1014 1498 est
1029 1467 1160 1507 cognita
1182 1477 1242 1508 per
1263 1467 1357 1499 intel-

279 1513 400 1543 lectum
419 1511 616 1552 simplicem;
637 1517 669 1542 et
684 1517 793 1543 tamen
810 1512 843 1542 in
861 1513 944 1553 ipso,
962 1518 998 1543 ut
1013 1521 1216 1552 cognoscens
1233 1518 1291 1550 est,
1308 1513 1357 1544 in-

279 1558 406 1588 venitur
423 1555 633 1588 conformitas
651 1562 686 1587 ut
701 1557 732 1587 in
751 1567 784 1588 re
801 1567 891 1594 vera;
908 1563 940 1588 et
956 1567 1156 1598 cognoscere
1172 1559 1255 1590 hanc
1277 1567 1357 1589 con-

279 1601 476 1633 formitatem
500 1602 547 1632 est
570 1602 737 1633 veritatem
761 1612 970 1643 cognoscere.

335 1656 367 1686 4.
383 1647 545 1685 Quartum
557 1656 692 1687 quoque
705 1646 828 1678 dictum
842 1652 873 1678 et
888 1648 922 1678 in
939 1656 972 1678 se
989 1646 1105 1678 falsum
1123 1653 1180 1684 est,
1197 1653 1229 1678 et
1245 1653 1357 1678 contra

279 1697 424 1723 mentem
447 1691 555 1722 Sancti
572 1692 720 1722 Thomae
738 1701 806 1723 esse
830 1692 1023 1723 ostenditur.
1041 1692 1141 1731 Quod
1164 1693 1204 1723 sit
1227 1692 1355 1729 falsum,

280 1737 431 1777 arguitur.
449 1736 571 1767 Verum
596 1737 702 1777 primo
727 1737 935 1778 cognoscitur
959 1746 1016 1777 per
1038 1737 1241 1769 intellectum
1265 1747 1356 1769 com—

279 1787 459 1822 ponentem
483 1787 515 1812 et
537 1781 734 1813 dividentem
751 1781 882 1818 directe,
899 1782 997 1814 etiam
1020 1782 1201 1814 secundum
1225 1783 1355 1814 illorum

280 1827 482 1867 opinionem.
500 1826 563 1857 Sed
576 1826 786 1857 conformitas
798 1828 899 1868 ipsius
911 1827 1094 1859 intellectus
1111 1827 1151 1858 ad
1171 1837 1240 1858 rem
1257 1837 1356 1868 quam

279 1872 375 1902 habet
399 1870 477 1902 dum
494 1872 665 1912 componit
682 1877 736 1902 aut
753 1871 876 1908 dividit,
893 1882 961 1903 non
986 1872 1196 1913 cognoscitur
1214 1873 1275 1903 nisi
1299 1882 1356 1913 per
1382 1866 1384 1894 ἕ

279 1915 498 1946 reflexionem.
525 1916 610 1956 Ergo
635 1926 703 1947 non
733 1915 850 1947 dicitur
879 1916 1063 1947 intellectus
1093 1926 1299 1957 componens
1323 1923 1355 1948 et

278 1960 423 1991 dividens
447 1970 645 2000 cognoscere
662 1970 773 1991 verum
791 1961 867 2001 quia
892 1967 1068 2001 cognoscat
1092 1960 1355 1992 conformitatem

276 2005 326 2035 sui
343 2004 383 2035 ad
399 2014 468 2035 rem
485 2014 582 2045 quam
600 2005 697 2035 habet
717 2004 795 2036 dum
821 2006 1002 2046 componit.
1019 2023 1042 2028 —
1058 2005 1215 2037 Probatur
1236 2007 1353 2037 minor.

276 2049 352 2079 Non
369 2054 475 2090 potest
499 2049 680 2080 intellectus
703 2059 903 2090 cognoscere
918 2059 952 2081 se
976 2050 1189 2082 conformiter
1212 2057 1244 2081 et
1260 2050 1355 2082 adae·
1381 2043 1383 2054 ⁴

1381 2094 1382 2099 ’
1409 2101 1464 2126 aut
1489 2095 1603 2126 veritas
1627 2099 1675 2125 est
1698 2098 1753 2125 aut
1777 2092 1910 2124 falsitas:
1933 2111 1956 2116 —
1978 2093 2035 2125 sed
2058 2094 2299 2135 inspiciendum
2323 2101 2372 2127 est
2393 2094 2435 2127 ad
2457 2094 2491 2126 id

276 2098 372 2135 quate
389 2093 429 2124 ad
448 2103 516 2124 rem
536 2094 714 2134 intelligere
738 2095 798 2125 nisi
822 2095 977 2135 intelligat
1001 2104 1035 2126 se
1058 2095 1251 2136 intelligere:
1277 2097 1354 2136 quia

276 2148 379 2170 unum
404 2139 540 2170 alterum
564 2138 710 2170 includit.
728 2139 791 2170 Sed
807 2139 990 2170 intellectus
1006 2149 1073 2171 non
1091 2140 1239 2181 intelligit
1255 2150 1289 2172 se
1306 2141 1354 2172 in-
1380 2171 1382 2184 1

275 2184 416 2224 telligere
439 2184 501 2214 nisi
524 2193 582 2224 per
605 2182 826 2215 reflexionem.
852 2184 938 2226 Ergo
963 2189 1023 2216 etc.

330 2228 399 2260 Nec
423 2229 530 2259 obstat
553 2228 645 2269 quod
669 2228 787 2260 dicitur
810 2238 944 2260 omnem
970 2229 1236 2270 complexionem
1259 2230 1353 2262 intel-

275 2274 376 2304 lectus
400 2273 566 2304 includere
590 2283 647 2314 per
671 2283 704 2304 se
736 2273 827 2314 quod
851 2274 920 2314 ipsa
951 2275 990 2305 sit
1013 2275 1157 2315 aequalis
1180 2280 1236 2306 aut
1266 2275 1353 2306 inae-

275 2319 377 2360 qualis
390 2319 446 2349 rei.
462 2337 484 2341 -
501 2318 534 2350 Si
547 2319 635 2349 enim
647 2318 843 2359 intelligatur
855 2319 945 2359 quod
958 2325 1175 2360 repraesentet
1187 2320 1353 2351 obiectum

275 2363 484 2404 complexum
509 2369 541 2394 et
564 2363 613 2394 sui
638 2363 901 2395 conformitatem
929 2363 969 2395 ad
992 2364 1055 2396 tale
1087 2365 1265 2400 obiectum.
1289 2365 1353 2396 hoc
1380 2387 1381 2397 1

276 2408 391 2440 falsum
415 2414 476 2439 est:
502 2409 579 2449 quia
602 2409 777 2449 conceptio
797 2409 969 2450 complexa
992 2409 1175 2440 intellectus
1199 2409 1279 2440 nihil
1303 2419 1353 2441 re·
1379 2445 1381 2457 Ι

275 2459 455 2494 praesentat
467 2454 527 2484 nisi
544 2453 652 2494 ipsum
665 2454 891 2494 complexum;
905 2454 988 2484 sicut
1003 2459 1035 2485 et
1051 2453 1258 2495 incomplexa
1273 2455 1352 2485 nihil

274 2498 335 2529 nisi
358 2498 604 2539 incomplexum
632 2503 862 2539 repraesentat;
896 2505 1076 2540 conceptus
1099 2499 1187 2530 enim
1212 2509 1280 2540 quo
1304 2499 1352 2530 in-

275 2543 422 2574 tellectus
437 2542 586 2583 intelligit
601 2543 771 2574 hominem
788 2552 857 2574 esse
873 2543 1003 2580 animal,
1021 2544 1100 2574 nihil
1122 2542 1209 2575 aliud
1225 2553 1352 2584 reprae-

275 2593 377 2618 sentat
401 2597 500 2628 quam
516 2588 686 2618 hominem
711 2597 780 2618 esse
804 2588 933 2619 animal.
959 2587 991 2619 Si
1022 2594 1131 2619 autem
1156 2588 1354 2629 intelligatur

275 2631 365 2673 quod
389 2632 459 2663 talis
483 2638 663 2673 conceptus
687 2638 735 2663 est
761 2631 1011 2664 fundamentum
1036 2642 1093 2674 per
1116 2643 1150 2664 se
1174 2633 1353 2665 conformi-

274 2677 356 2714 tatis,
373 2677 419 2708 sic
435 2678 499 2709 hoc
515 2687 583 2708 non
596 2677 699 2717 magis
711 2678 864 2708 convenit
876 2679 1050 2718 conceptui
1062 2678 1236 2719 complexo
1253 2688 1352 2719 quam

275 2722 499 2763 incomplexo:
515 2731 591 2753 cum
603 2731 661 2762 per
673 2728 850 2763 utrumque
867 2728 1065 2764 conceptum
1078 2723 1260 2754 intellectus
1273 2733 1352 2755 con—

275 2765 432 2799 formetur
455 2773 487 2798 et
509 2765 709 2808 adaequetur
733 2768 788 2798 rei.

330 2811 431 2850 Quod
455 2812 553 2843 etiam
577 2812 617 2843 sit
644 2816 757 2842 contra
781 2811 935 2843 Sanctum
960 2811 1135 2849 Thomam,
1160 2812 1351 2844 ostenditur.

275 2856 363 2887 Tum
387 2857 463 2897 quia
486 2857 520 2887 in
544 2856 651 2887 Prima
669 2856 760 2887 Parte
773 2857 800 2891 ”‚
825 2865 901 2887 cum
917 2855 1047 2887 dixisset
1067 2857 1266 2888 intellectum
1283 2867 1352 2889 esse

274 2910 387 2932 verum
404 2911 442 2932 ex
459 2910 499 2932 eo
513 2900 604 2942 quod
620 2901 716 2931 habet
731 2901 764 2931 in
781 2910 814 2931 se
832 2901 876 2931 rei
893 2901 1147 2938 similitudinem,
1161 2908 1192 2933 et
1208 2902 1353 2934 similiter

275 2955 417 2982 sensum,
438 2946 603 2986 subiungit
625 2944 715 2986 quod
739 2944 1001 2976 conformitatem
1023 2946 1073 2977 sui
1094 2946 1133 2977 ad
1156 2956 1223 2978 rem
1243 2957 1352 2988 neque

275 3000 397 3026 sensus,
418 2999 525 3031 neque
549 2990 731 3021 intellectus
748 2989 979 3030 cognoscendo
997 2990 1086 3031 quod
1111 2991 1189 3032 quid
1214 2997 1271 3028 est,
1297 3002 1352 3023 co·

275 3035 412 3075 gnoscit,
429 3034 486 3066 sed
504 3041 631 3066 tantum
654 3034 837 3067 intellectus
861 3044 1065 3076 componens
1090 3042 1121 3066 ct
1144 3035 1301 3073 dividens,
1321 3043 1353 3068 et

275 3089 313 3110 ex
337 3081 401 3111 hoc
417 3079 534 3112 dicitur
550 3089 664 3111 verum
681 3089 890 3120 cognoscere.
916 3079 1006 3111 Haec
1022 3086 1131 3111 autem
1155 3091 1222 3112 non
1247 3087 1353 3113 essent

275 3134 349 3155 vera
372 3125 432 3156 nisi
456 3124 650 3160 intellectus,
675 3123 886 3165 intelligendo
910 3122 1033 3162 verum,
1058 3125 1249 3167 intelligeret
1273 3136 1353 3158 con-

276 3168 471 3200 formitatem
495 3170 544 3200 sui
568 3170 602 3200 in
626 3170 730 3211 prima
754 3169 942 3210 operatione
967 3169 1005 3200 ad
1029 3179 1108 3201 rem.
1124 3188 1147 3192 —
1163 3170 1251 3202 Tum
1275 3171 1352 3212 quia

276 3213 317 3244 Vl
336 3214 477 3255 Metaph.
491 3215 518 3250 *,
536 3214 609 3246 lect.
627 3214 696 3251 ult.‚
714 3213 782 3245 vult
799 3213 889 3254 quod
906 3214 1086 3245 intellectus
1101 3215 1196 3246 habet
1211 3216 1300 3257 apud
1317 3225 1353 3248 se

275 3258 516 3290 similitudinem
542 3259 591 3290 rei
614 3259 797 3290 intellectae
819 3258 995 3289 secundum
1023 3259 1110 3300 quod
1134 3260 1279 3292 rationes
1303 3260 1352 3292 in-

277 3303 520 3343 complexorum
537 3304 687 3345 concipit,
705 3313 770 3334 non
789 3308 895 3334 tamen
908 3309 1045 3345 propter
1059 3304 1121 3335 hoc
1145 3305 1247 3346 ipsam
1263 3305 1352 3336 simi—

278 3347 443 3378 litudinem
468 3348 635 3385 diiudicat,
663 3348 720 3380 sed
742 3348 848 3379 solum
879 3358 950 3379 cum
981 3349 1144 3390 componit
1167 3355 1198 3381 et
1221 3350 1353 3382 dividit:

279 3398 309 3421 et
333 3392 422 3432 quod
447 3393 479 3423 in
503 3393 647 3424 secunda
674 3393 866 3434 operatione
897 3394 1077 3425 intellectus
1105 3400 1151 3425 est
1179 3396 1300 3426 veritas
1323 3401 1353 3426 et

270 3436 408 3476 salsitas
430 3437 605 3468 secundum
630 3438 718 3479 quod
740 3448 839 3479 super
862 3438 964 3478 ipsam
988 3438 1233 3470 similitudinem
1258 3440 1352 3480 refle-

279 3480 385 3516 ctitur,
399 3482 624 3523 cognoscendo
642 3488 672 3513 et
687 3482 898 3514 diiudicando
916 3484 1028 3524 ipsam.
1046 3484 1130 3516 Ecce
1147 3484 1248 3525 quod,
1266 3484 1353 3526 apud

281 3523 397 3563 ipsum,
421 3526 601 3557 intellectus
630 3529 799 3568 cognoscit
823 3528 990 3559 veritatem
1015 3528 1246 3569 cognoscendo
1274 3539 1353 3560 con-

281 3567 475 3600 formitatem
488 3571 669 3603 intellectus
685 3572 839 3613 simplicis
855 3571 895 3604 ad
918 3582 998 3604 rem.
1015 3591 1037 3595 —
1050 3574 1137 3604 Tum
1148 3574 1225 3614 quia
1243 3574 1277 3605 in
1292 3574 1353 3605 hac

281 3612 404 3643 ratione
427 3614 531 3654 inquit
556 3615 645 3655 quod
662 3617 871 3658 complexum
889 3616 1005 3649 dicitur
1028 3628 1140 3650 verum
1157 3624 1212 3650 aut
1237 3618 1353 3650 falsum

281 3656 357 3696 quia
387 3657 418 3687 in
445 3658 511 3698 ipso
540 3658 732 3701 designatur
755 3662 958 3702 comparatio
988 3662 1185 3704 incomplexi
1207 3663 1252 3694 ad
1275 3673 1352 3694 rem.

886 266 1074 303 SUMMA
1106 265 1330 302 CONTRA
1358 264 1636 311 GENTILES,
1667 265 1778 302 CAP.
1799 267 1899 303 LIX.

1471 344 1520 374 Ex
1542 343 1581 374 iis
1604 349 1731 374 constat
1755 344 1846 385 quod
1869 345 2052 376 intellectus
2075 344 2213 385 simplex
2235 345 2367 384 proprie
2383 350 2415 376 et
2437 355 2495 386 per

1416 398 1451 419 se
1467 387 1584 419 dicitur
1599 397 1694 419 verus
1710 387 1887 420 formaliter
1903 395 1935 421 et
1949 390 2133 426 intrinsece,
2150 394 2307 429 tanquam
2329 389 2364 420 in
2387 391 2494 431 seipso

1416 433 1584 464 veritatem
1600 432 1731 463 habens.
1745 433 1787 464 Et
1801 435 1847 465 sic
1858 433 2041 465 verificatur
2053 434 2177 465 dictum
2189 434 2390 474 Philosophi,
2403 435 2494 476 quod

1388 494 1390 498 ν
1410 487 1475 519 per
1496 487 1531 508 se
1554 486 1681 518 semper
1697 482 1746 507 est
1768 487 1883 509 verus:
1897 479 1972 510 licet
1995 489 2064 510 non
2088 479 2129 509 sit
2149 488 2243 510 verus
2265 484 2421 520 tanquam
2438 490 2495 511 co-

1415 531 1578 563 gnoscens
1600 522 1779 552 veritatem.

1471 566 1524 597 Ad
1546 566 1687 607 primam
1711 565 1995 599 confirmationem
2018 568 2116 599 huius
2140 569 2246 609 quarti
2270 567 2346 599 dicti
2378 568 2495 600 dicitur

1388 609 1389 624 ¹
1416 611 1507 652 quod
1523 620 1723 652 cognoscere
1739 611 2002 644 conformitatem
2017 613 2200 644 intellectus
2216 613 2376 654 contingit
2388 612 2494 655 dupli-

1416 658 1504 688 citer.
1520 657 1596 687 Uno
1612 655 1726 693 modo,
1740 655 1966 696 quidditative:
1983 658 2075 699 quod
2086 664 2135 689 est
2146 667 2347 700 cognoscere
2359 658 2439 699 quid
2454 660 2495 689 sit

1415 702 1486 733 talis
1502 700 1725 732 conformitas.
1749 701 1825 731 Alio
1849 701 1962 738 modo,
1978 702 2234 735 denominative:
2259 703 2351 744 quod
2367 709 2415 734 est
2437 713 2494 734 co-

1414 756 1571 788 gnoscere
1590 746 1699 787 ipsum
1715 745 1918 776 intellectum
1941 755 2011 777 esse
2033 748 2199 780 actualiter
2214 748 2421 780 conformem
2437 749 2492 779 rei.

1414 792 1525 822 Primo
1548 790 1662 826 modo,
1686 790 1870 821 intellectus
1893 791 2030 831 simplex
2053 798 2162 832 potest
2188 803 2388 834 cognoscere
2411 794 2494 824 veri-

1414 842 1524 873 tatem,
1548 846 1617 867 non
1649 842 1759 866 autem
1790 835 1937 866 secundo
1965 835 2083 867 modo:
2117 843 2149 868 et
2178 838 2219 870 de
2248 839 2314 870 hoc
2346 838 2495 879 intelligit

1414 881 1552 913 Sanctus
1575 881 1722 911 Thomas
1746 880 1838 921 quod
1864 879 2129 912 conformitatem
2152 884 2202 913 sui
2231 893 2301 914 non
2324 884 2494 924 cognoscit

1413 926 1597 958 intellectus
1621 925 1854 966 cognoscendo
1879 924 1970 966 quod
1993 925 2074 966 quid
2099 932 2156 957 est.

1385 986 1387 1001 A
1469 971 1521 1002 Ad
1545 970 1732 1007 secundam,
1758 970 1882 1002 dictum
1913 976 1960 1001 est
1989 971 2140 1011 superius
2155 972 2172 988 ⁴*
2196 972 2369 1013 quomodo
2397 974 2492 1004 etiam

1413 1026 1527 1047 verum
1543 1016 1661 1047 dicitur
1675 1014 1794 1047 reflexe
1809 1015 1921 1056 aliquo
1937 1015 2040 1046 modo
2055 1016 2202 1057 intelligi,
2215 1023 2247 1048 et
2263 1017 2373 1058 aliquo
2388 1018 2492 1049 modo

1413 1061 1544 1092 directe.

1468 1105 1553 1137 xln.
1577 1105 1630 1136 Ad
1646 1104 1784 1136 dubium
1800 1114 1878 1145 ergo
1894 1110 2024 1136 motum
2036 1106 2053 1122 ⁸*
2077 1105 2195 1137 dicitur
2211 1106 2303 1147 quod
2326 1108 2492 1138 veritatem

1413 1161 1483 1182 esse
1505 1151 1540 1182 in
1556 1150 1668 1191 aliquo
1685 1150 1845 1191 contingit
1861 1149 2044 1191 dupliciter.
2062 1151 2138 1182 Uno
2161 1151 2275 1189 modo,
2299 1152 2491 1183 subiective:

1412 1202 1570 1237 tanquam
1593 1194 1716 1226 scilicet
1739 1194 1845 1226 forma
1867 1195 1902 1225 in
1931 1196 2079 1227 subiecto
2111 1197 2260 1228 existens.
2290 1197 2332 1228 Et
2355 1197 2401 1228 sic
2423 1206 2492 1228 non

1413 1247 1461 1272 est
1484 1242 1517 1272 in
1541 1240 1611 1272 sola
1626 1240 1869 1281 compositione
1885 1245 1918 1270 et
1932 1239 2092 1272 divisione
2108 1241 2301 1278 intellectus,
2317 1241 2375 1273 sed
2395 1243 2492 1274 etiam

1411 1287 1445 1318 in
1469 1285 1610 1327 simplici
1634 1285 1906 1326 apprehensione,
1930 1286 1998 1316 sive
2022 1286 2055 1316 in
2082 1286 2251 1318 intellectu
2275 1287 2426 1328 simplici.
2451 1287 2493 1318 Et

1411 1332 1475 1363 hoc
1499 1330 1601 1362 modo
1625 1330 1816 1371 intelligitur
1841 1329 2046 1362 intellectum
2073 1331 2256 1372 simplicem
2284 1342 2354 1363 esse
2377 1341 2435 1373 per
2457 1341 2492 1363 se

1411 1386 1541 1418 semper
1563 1385 1688 1407 verum.
1705 1393 1729 1397 -
1743 1375 1820 1406 Alio
1843 1374 1958 1412 modo,
1982 1376 2159 1407 obiective:
2188 1377 2312 1409 scilicet
2335 1382 2490 1418 tanquam

1412 1422 1588 1463 cognitam.
1613 1420 1655 1451 Et
1670 1419 1716 1451 sic
1732 1425 1780 1451 est
1802 1421 1836 1451 in
1860 1419 1930 1451 sola
1945 1421 2188 1462 compositione
2209 1427 2241 1453 et
2260 1421 2430 1453 divisione.
2451 1421 2493 1453 Et

1412 1466 1644 1503 universaliter,
1667 1465 1725 1496 ubi
1755 1464 1892 1496 Sanctus
1916 1464 2063 1496 Thomas
2094 1472 2150 1498 aut
2173 1467 2363 1498 Aristoteles
2386 1467 2493 1508 inquit

1411 1512 1580 1544 veritatem
1603 1511 1763 1552 pertinere
1779 1509 1820 1541 ad
1836 1510 2114 1551 compositionem
2133 1517 2165 1543 et
2184 1510 2379 1543 divisionem
2398 1511 2492 1544 intel-

1410 1557 1524 1593 lectus,
1548 1554 1796 1596 intelligendum
1820 1560 1868 1586 est
1891 1554 1931 1586 de
1955 1556 2087 1587 veritate
2110 1562 2147 1587 ut
2169 1557 2311 1598 cognita.

1383 1633 1385 1642 Χ
1468 1602 1532 1634 Ubi
1556 1599 1791 1632 attendendum
1815 1606 1863 1631 est
1886 1599 1988 1640 quod,
2013 1609 2089 1632 cum
2114 1607 2294 1643 conceptus
2318 1611 2419 1643 quem
2442 1602 2491 1633 in-

1411 1647 1558 1678 tellectus
1582 1644 1794 1686 intelligendo
1819 1644 1948 1681 format,
1965 1655 2033 1676 non
2057 1646 2098 1677 sit
2120 1645 2153 1677 id
2177 1645 2269 1687 quod
2291 1646 2491 1688 intelligitur,

1411 1692 1486 1723 licet
1504 1692 1544 1722 sit
1566 1690 1725 1722 terminus
1748 1689 1941 1721 intrinsecus
1964 1690 2194 1722 intellectionis
2210 1701 2269 1732 per
2291 1692 2395 1733 ipsam
2415 1700 2492 1732 pro-

1411 1737 1538 1772 ductus,
1563 1735 1620 1766 sed
1643 1736 1683 1766 sit
1706 1734 1852 1766 medium
1876 1744 1944 1776 quo
1967 1735 2151 1767 intellectus
2170 1736 2204 1767 in
2229 1745 2299 1768 rem
2325 1737 2491 1778 cognitam

1382 1779 1384 1792 ¹
1411 1781 1511 1813 fertur
1534 1787 1691 1822 tanquam
1714 1780 1815 1821 ipsius
1845 1780 2152 1820 repraesentativus;
2177 1780 2218 1812 ad
2246 1781 2427 1813 videndum
2449 1790 2490 1812 an

1382 1837 1384 1859 ;
1411 1837 1468 1868 per
1483 1826 1625 1867 aliquam
1644 1825 1872 1865 operationem
1883 1834 1976 1856 suam
1991 1825 2175 1856 intellectus
2186 1835 2301 1857 verum
2313 1831 2492 1867 cognoscat

1409 1881 1525 1907 necne,
1542 1880 1611 1901 non
1628 1875 1675 1900 est
1690 1868 1931 1910 inspiciendum
1954 1879 1996 1900 an
2012 1875 2193 1911 conceptus
2216 1879 2275 1911 per
2293 1871 2392 1903 talem
2410 1879 2491 1912 ope-

1410 1917 1570 1947 rationem
1587 1914 1745 1945 formatus
1767 1914 1808 1944 sit
1830 1923 1935 1949 verus,
1959 1914 2037 1955 quia
2061 1915 2169 1946 omnis
2193 1915 2491 1957 conceptus.intel-

1410 1961 1523 1997 lectus,
1547 1960 1624 1996 sive,
1649 1959 1795 1999 inquam,
1822 1958 1960 1999 simplex
1983 1959 2023 1990 sit
2046 1959 2114 1991 sive
2137 1959 2341 2001 complexus,
2364 1965 2421 1992 aut
2443 1966 2492 1992 est

1409 2015 1505 2036 verus
1523 2010 1579 2036 aut
1600 2003 1713 2035 falsus:
1739 2003 1765 2034 si
1785 2003 1874 2034 enim
1897 2003 1938 2034 sit
1956 2003 2003 2035 rei
2022 2003 2234 2045 adaequatus,
2258 2010 2307 2036 est
2329 2014 2440 2042 verus;
2463 2006 2490 2037 si

1409 2055 1519 2082 autem
1535 2048 1781 2090 inadaequatus,
1799 2054 1847 2079 est
1863 2047 1976 2085 falsus;
1993 2053 2026 2080 et
2041 2049 2089 2080 sic
2106 2049 2140 2080 in
2161 2049 2254 2081 omni
2267 2050 2491 2082 intellectione

1409 2139 1500 2181 quod
1515 2149 1574 2181 per
1589 2144 1790 2180 conceptum
1805 2144 2074 2179 repraesentatur.
2090 2138 2123 2170 Si
2136 2140 2225 2172 enim
2239 2139 2321 2172 illud
2336 2140 2491 2181 importat

1381 2200 1382 2203 ¹
1408 2184 1691 2226 comparationem
1707 2183 1910 2225 aequalitatis
1925 2189 1982 2215 aut
1996 2184 2235 2225 inaequalitatis
2250 2184 2434 2217 intellectus
2449 2183 2490 2216 ad

1380 2225 1382 2262 Ξ
1407 2240 1487 2267 rem,
1505 2229 1630 2261 dicetur
1652 2229 1837 2261 intellectus
1860 2237 1919 2269 per
1941 2228 2040 2261 talem
2055 2230 2283 2270 operationem
2299 2239 2412 2262 verum
2434 2235 2491 2262 aut

1408 2275 1526 2307 falsum
1543 2283 1759 2315 cognoscere:
1777 2273 1855 2315 quia
1871 2273 1988 2304 veritas
2003 2279 2035 2305 et
2058 2273 2178 2306 falsitas
2193 2275 2227 2306 in
2251 2274 2490 2316 adaequatione

1408 2327 1440 2352 et
1462 2321 1496 2351 in
1520 2318 1793 2360 inadaequatione
1817 2318 2010 2350 consistunt.
2035 2318 2069 2350 Si
2095 2324 2205 2351 autem
2230 2319 2354 2351 nullam
2377 2319 2490 2352 huius-

1406 2364 1498 2396 modi
1523 2365 1804 2405 comparationem
1818 2363 1984 2404 importet.
2001 2373 2070 2395 non
2086 2363 2213 2395 dicetur
2231 2364 2416 2396 intellectus
2431 2373 2489 2406 per

1407 2410 1504 2442 talem
1529 2410 1756 2451 operationem
1779 2417 1894 2440 verum
1917 2414 1974 2440 aut
2000 2407 2118 2440 falsum
2141 2418 2352 2451 cognoscere.

1462 2454 1550 2493 Quia
1566 2463 1644 2495 ergo
1660 2459 1842 2494 conceptus
1865 2462 1923 2494 per
1945 2453 2129 2494 simplicem
2145 2455 2372 2496 operationem
2394 2453 2489 2486 intel-

1406 2500 1509 2531 lectus
1525 2498 1706 2541 productus
1717 2497 1964 2539 incomplexum
1976 2504 2207 2540 repraesentat;
2224 2499 2334 2540 ipsum
2349 2498 2487 2540 [autem]

1406 2544 1654 2585 incomplexum
1674 2543 1798 2575 nullam
1819 2543 2101 2584 comparationem
2121 2543 2162 2576 ad
2182 2553 2251 2576 rem
2271 2543 2359 2581 dicit,
2376 2549 2414 2576 ut
2434 2553 2489 2576 su·

1406 2590 1516 2631 petius
1531 2590 1548 2606 ¹*
1571 2588 1750 2624 dicebatur,
1767 2587 1895 2620 animal
1917 2588 2006 2619 enim
2033 2588 2209 2626 rationale,
2226 2588 2319 2630 quod
2338 2597 2398 2630 per
2411 2588 2489 2620 sim-

1406 2635 1526 2676 plicem
1550 2639 1751 2674 conceptum
1775 2633 1959 2665 intellectus
1982 2633 2183 2674 exprimitur,
2206 2634 2330 2666 nullam
2354 2643 2488 2675 compa-

1405 2679 1566 2711 rationem
1582 2679 1753 2719 importat:
1769 2677 1844 2709 ideo
1860 2677 2044 2710 intellectus
2056 2678 2262 2720 incomplexe
2274 2687 2488 2720 cognoscens.

1406 2730 1486 2766 puta
1517 2724 1597 2755 dum
1627 2723 1747 2755 animal
1778 2722 1936 2754 rationale
1968 2723 2194 2764 apprehendit,
2221 2733 2290 2756 non
2317 2723 2488 2764 cognoscit

1406 2778 1520 2801 verum
1536 2774 1593 2800 aut
1609 2767 1736 2800 falsum.
1752 2767 1840 2806 Quia
1859 2777 1940 2799 vero
1954 2773 2136 2810 conceptus
2151 2778 2210 2810 per
2224 2773 2334 2800 actum
2349 2777 2488 2810 compo-

1378 2813 1381 2862 ᾖ
1406 2815 1513 2846 nentis
1543 2819 1598 2845 aut
1621 2812 1794 2845 dividentis
1820 2811 2001 2854 productus
2024 2813 2234 2854 complexum
2255 2817 2487 2854 repraesenta&

1406 2860 1514 2900 ipsum
1543 2864 1653 2890 autem
1681 2857 1892 2899 complexum
1923 2859 2205 2898 comparationem
2234 2858 2417 2890 intellectus
2447 2857 2488 2890 ad

1406 2914 1476 2936 rem
1491 2905 1657 2945 importat,
1673 2903 1738 2934 hoc
1754 2903 1843 2934 enim
1858 2901 1951 2944 quod
1973 2901 2050 2934 dico
2072 2903 2236 2935 hominem
2260 2912 2329 2935 esse
2351 2902 2487 2939 auin-⁴1,

1406 2950 1562 2990 importat
1583 2948 1786 2980 intellectum
1811 2957 1881 2980 esse
1903 2946 2123 2988 adaequatum
2138 2949 2184 2980 rei
2199 2947 2280 2980 dum
2296 2947 2336 2980 de
2351 2947 2487 2980 homine

1406 2994 1637 3026 animalitatem
1661 2992 1869 3033 incomplexe
1894 2993 2047 3033 concipit,
2073 2993 2164 3035 quod
2187 2992 2347 3034 significat
2362 2998 2395 3025 et
2410 2992 2488 3025 dicit

1406 3039 1486 3071 dum
1503 3038 1629 3070 animal
1651 3037 1795 3069 attribuit
1818 3037 1956 3074 homini,
1972 3036 2113 3070 dicendo
2136 3037 2299 3069 hominem
2323 3047 2392 3070 esse
2414 3037 2487 3070 ani-

1407 3084 1491 3115 mal:
1514 3082 1590 3115 ideo
1613 3082 1807 3118 intellectus,
1832 3082 2068 3124 componendo
2095 3088 2127 3115 et
2157 3082 2344 3119 dividendo,
2373 3090 2487 3114 verunt

1406 3134 1463 3161 aut
1487 3127 1604 3160 falsum
1629 3128 1810 3169 cognoscit.

1463 3173 1639 3214 Propterea
1654 3173 1738 3204 bene
1754 3170 1880 3204 dictum
1895 3177 1944 3204 est
1954 3173 1972 3190 “
1990 3171 2082 3213 quod
2101 3172 2135 3204 in
2151 3171 2221 3204 sola
2244 3171 2486 3212 compositione

1406 3224 1439 3250 et
1461 3217 1622 3250 divisione
1644 3217 1828 3249 intellectus
1852 3222 1900 3248 est
1926 3226 2040 3249 verum
2064 3217 2225 3249 obiective
2251 3221 2409 3257 tanquam
2431 3225 2485 3247 co-

1405 3262 1546 3306 gnitum.
1569 3262 1654 3294 Nam
1671 3267 1779 3304 potest
1794 3261 1929 3303 quidem
1950 3261 2014 3294 dici
2029 3271 2099 3293 esse
2114 3262 2150 3293 in
2172 3260 2338 3293 intellectu
2362 3269 2485 3302 cogno-

1406 3313 1516 3339 scente
1541 3307 1634 3348 quod
1657 3306 1736 3348 quid
1761 3312 1808 3338 est
1831 3306 1943 3348 aliquo
1966 3305 2069 3338 modo
2092 3305 2264 3342 obiective,
2289 3305 2484 3346 inquantum

1406 3352 1529 3384 scilicet
1551 3353 1621 3394 ipse
1638 3357 1818 3392 conceptus
1841 3352 1887 3383 rei
1903 3350 2113 3392 adaequatus.
2131 3350 2188 3391 qui
2204 3356 2253 3382 est
2276 3350 2486 3382 essentialiter

1407 3397 1532 3432 veritas,
1557 3402 1606 3429 est
1629 3397 1822 3428 intrinsecus
1837 3396 1994 3428 terminus
2009 3395 2253 3427 intellectionis:
2270 3395 2327 3427 sed
2350 3404 2419 3427 non
2438 3401 2485 3427 est

1407 3442 1440 3472 in
1465 3442 1537 3482 ipso
1561 3441 1722 3473 obiective
1744 3447 1901 3482 tanquam
1920 3440 2100 3482 cognitum,
2123 3440 2199 3481 quia
2218 3441 2287 3481 ipse
2306 3445 2486 3481 conceptus

1408 3495 1475 3517 non
1500 3492 1548 3517 est
1570 3485 1603 3518 id
1628 3485 1718 3527 quod
1741 3485 1960 3527 cognoscitur,
1977 3484 2034 3516 sed
2057 3485 2304 3527 incomplexum
2321 3483 2412 3526 quod
2428 3494 2485 3526 per

1407 3530 1505 3562 talem
1529 3537 1729 3572 conceptum
1753 3535 2020 3572 repraesentatur.

1466 3585 1495 3606 2.
1520 3574 1622 3614 Quod
1644 3581 1754 3607 autem
1777 3574 1904 3607 videtur
1925 3573 1987 3606 dici
2010 3574 2117 3610 Ver-it„
2135 3583 2166 3616 q.
2184 3585 2204 3611 ι,
2222 3584 2250 3606 a.
2268 3574 2298 3608 3.
2315 3573 2484 3615 quoniam.

1407 3619 1553 3661 inquam.
1577 3626 1656 3652 tunc
1680 3626 1807 3652 tantum
1835 3618 2018 3651 intellectus
2046 3618 2246 3661 adaequatur
2274 3619 2320 3650 rei
2351 3617 2484 3659 quando

1380 3658 1382 3698 Ι
1408 3665 1580 3705 componit
1604 3670 1659 3696 aut
1683 3663 1812 3696 dividit:
1838 3682 1857 3686 -
1880 3663 2128 3704 intelligendum
2152 3670 2200 3696 est
2223 3663 2263 3695 de
2288 3661 2430 3705 perfecta
2454 3668 2483 3694 et

2522 976 2530 984 ·
2545 974 2616 996 Num.
2628 980 2658 995 νε.

2521 1110 2530 1118 ·
2539 1108 2651 1134 Nummi,
2657 1107 2735 1138 Qua-r-

2521 1137 2577 1159 rum:
2582 1135 2613 1157 εἰ.
2620 1140 2678 1161 mxi,
2684 1134 2735 1156 imt-

2516 2593 2525 2603 ‘
2541 2592 2612 2615 Num.
2626 2598 2648 2615 v.

2514 3175 2522 3184 ·
2532 3173 2583 3197 luit.
2590 3175 2639 3198 hui.
2648 3180 2726 3203 parag.
