2768 4134
47 1490 55 1499 ·
70 1488 108 1510 Ad
121 1495 128 1511 ι
143 1487 180 1515 (al.
190 1488 259 1515 Quol.

91 1521 120 1571 ,3³1
193 1521 214 1536 ’-

41 2386 49 2395 ·
65 2385 101 2407 Ad
117 2390 167 2413 cap.
180 2392 210 2407 νι.

40 2413 59 2422 ··
74 2413 125 2434 Art.
134 2418 154 2441 3.

40 2440 49 2449 ·
66 2439 129 2461 Lect·
146 2446 163 2465 ι,
179 2445 198 2460 2.

40 3490 49 3499 ·
64 3489 120 3517 cup.
137 3495 211 3517 praec.

291 272 341 308 70

290 347 422 368 causam
454 346 520 367 esse
550 345 646 376 quam
677 335 837 376 effectum,
865 344 933 364 non
965 334 1009 364 sic
1040 339 1087 364 est
1116 332 1362 373 intelligendum
1388 331 1391 382 Ι

291 383 381 422 quasi
405 381 456 411 illa
481 381 628 420 prioritas
652 380 691 410 sit
715 385 841 410 tantum
864 379 904 409 ab
927 379 1094 410 intellectu
1111 378 1316 419 concipiente
1332 382 1363 407 et

289 426 415 456 nullum
432 426 546 455 habeat
562 425 596 454 in
615 434 648 454 re
665 423 929 455 fundamentum:
954 423 1011 454 sed
1034 423 1110 464 quia
1134 424 1172 453 ab
1195 422 1362 453 intellectu

291 475 336 499 est
360 469 638 510 complementum
665 468 751 499 illius
773 468 955 509 prioritatis,
981 467 1230 498 fundamentum
1254 473 1362 497 tamen

291 519 335 543 est
361 523 398 544 ex
421 519 510 554 parte
533 514 589 550 rei,
615 514 641 544 si
663 514 708 544 ibi
732 513 771 543 sit
793 523 867 543 vere
892 522 987 543 causa
1012 517 1043 543 et
1067 518 1245 543 causatum.

344 558 397 587 IV.
425 557 564 594 Quarto.
589 558 625 588 In
649 558 722 589 Deo
745 558 834 588 nulla
858 563 905 588 est
928 557 1084 598 potentia,
1108 557 1164 587 sed
1195 562 1242 587 est
1272 562 1362 586 actus

288 611 398 641 purus.
423 603 510 643 Ergo
528 602 689 643 quidditas
705 603 774 633 eius
790 603 829 632 ab
846 612 915 633 esse
930 612 998 633 non
1015 602 1230 642 distinguitur.
1246 619 1269 623 —
1284 601 1363 631 Pro-

289 647 380 677 batur
403 648 646 688 consequentia.
671 647 758 685 Quia
781 648 980 687 ubicumque
1004 646 1255 687 distinguuntur,
1272 655 1363 676 com-

287 697 416 731 paratur
439 701 509 723 esse
532 691 572 723 ad
595 693 767 723 essentiam
787 693 870 723 sicut
886 698 975 722 actus
992 691 1031 722 ad
1047 691 1237 731 potentiam.
1255 690 1362 721 Omne

289 736 376 766 enim
400 737 454 768 cui
477 742 567 768 actus
590 737 629 767 ab
654 746 694 768 eo
718 736 886 767 distinctus
910 736 1129 775 coniungitur,
1153 745 1187 765 se
1210 735 1307 765 habet
1323 734 1363 765 ad

288 781 397 821 ipsum
419 786 457 812 ut
478 781 624 822 potentia
648 781 688 812 ad
711 786 829 812 actum.
854 781 932 812 Esse
956 786 1065 811 autem
1089 785 1137 810 est
1159 784 1259 810 actus.

343 824 588 857 Advertendum
601 825 691 866 quod
708 826 843 857 essentia
856 825 991 866 simplex
1008 830 1039 855 et
1056 824 1146 854 omni
1162 824 1294 854 materia
1311 833 1362 854 ca-

288 879 361 900 rens
378 876 425 901 est
440 871 609 911 proprium
634 871 854 911 susceptivum
871 879 949 900 esse.
974 869 1015 899 Et
1030 870 1105 900 licet
1121 869 1204 899 inse
1220 874 1252 899 et
1268 869 1362 899 abso-

289 914 355 944 lute
372 921 461 945 actus
474 915 605 956 quidam
621 916 670 952 sit,
684 915 723 945 ad
736 924 804 945 esse
820 921 928 944 tamen
944 924 962 943 a
979 923 1011 944 se
1029 913 1215 944 distinctum
1229 922 1362 953 compa-

288 964 375 990 ratur
398 960 480 990 sicut
503 960 648 1000 potentia
672 959 711 990 ad
735 965 857 990 actum:
884 968 923 989 eo
941 957 1031 998 quod
1047 967 1116 988 esse
1130 958 1173 988 sit
1187 958 1362 988 actualitas

290 1003 395 1034 omnis
415 1004 554 1045 formae
583 1009 614 1034 et
645 1009 795 1040 naturae,
821 1009 856 1034 ut
880 1003 995 1033 dicitur
1018 1003 1134 1039 Prima,
1159 1011 1191 1042 q.
1208 1012 1254 1039 111,
1277 1012 1306 1033 a.
1323 1013 1360 1043 4;

288 1048 377 1078 nulla
402 1049 488 1078 enim
512 1055 625 1080 natura
648 1049 810 1088 complete
834 1054 865 1078 et
886 1047 1031 1078 ultimate
1056 1052 1103 1077 est
1115 1047 1176 1077 ’ens
1199 1053 1273 1077 actu
1301 1047 1362 1078 nisi

289 1093 348 1122 sub
362 1102 430 1123 esse
446 1093 577 1123 actualis
591 1093 775 1123 existentiae
788 1093 836 1122 sit.
854 1091 954 1129 Quod
967 1098 1075 1122 autem
1092 1097 1201 1122 actum
1217 1092 1360 1132 suscipit,

288 1137 451 1176 potentiae
475 1138 633 1168 rationem
657 1138 753 1167 habet
768 1136 808 1167 ad
830 1136 923 1167 illurn
947 1141 1056 1167 actum
1080 1141 1315 1176 comparatum.

345 1181 382 1211 V.
404 1181 536 1217 Quinto.
561 1182 650 1212 Deus
665 1191 733 1212 non
750 1186 798 1211 est
818 1181 1030 1221 compositus.
1047 1180 1135 1220 Ergo
1151 1189 1209 1211 sua
1225 1181 1362 1211 essentia

288 1230 335 1255 est
352 1234 447 1256 suum
465 1235 543 1256 esse.
556 1244 579 1248 -
591 1226 748 1256 Probatur
763 1226 1007 1265 consequentia.
1024 1224 1110 1263 Quia
1126 1225 1152 1255 si
1169 1226 1306 1256 essentia
1322 1226 1361 1256 ab

288 1278 357 1300 esse
381 1269 637 1310 distingueretur,
654 1270 743 1301 Deus
758 1279 826 1300 non
846 1275 957 1310 posset
980 1270 1114 1300 existere
1135 1270 1195 1300 nisi
1215 1269 1362 1310 pluribus

288 1315 563 1351 concurrentibus,
580 1315 702 1346 scilicet
725 1324 794 1346 esse
817 1321 849 1345 et
872 1315 1018 1345 essentia.
1043 1313 1143 1352 Quod
1163 1319 1273 1345 autem
1292 1324 1361 1345 non

287 1364 394 1399 potest
404 1360 537 1390 existere
546 1359 608 1390 nisi
622 1360 769 1400 pluribus
784 1360 1062 1396 concurrentibus,
1072 1359 1293 1400 compositum
1304 1365 1361 1390 est.

342 1403 518 1434 Sciendum
541 1404 594 1434 hic
618 1404 709 1444 quod
739 1404 910 1445 dupliciter
940 1403 1056 1435 dicitur
1079 1403 1201 1444 aliquid
1224 1413 1362 1445 compo-

287 1447 384 1479 situm
401 1458 480 1485 esse,
500 1454 537 1480 ut
551 1449 687 1480 habetur
703 1458 741 1479 ex
761 1448 906 1480 doctrina
925 1448 1032 1480 Sancti
1049 1448 1200 1479 Thomae
1215 1448 1312 1485 Quol.
1323 1449 1361 1486 11,

286 1502 314 1522 a.
333 1492 350 1523 3
365 1493 396 1523 ’τ
418 1503 487 1524 uno
511 1493 623 1530 modo,
648 1494 724 1534 quia
748 1494 818 1524 eius
842 1494 978 1524 essentia
1005 1503 1044 1524 ex
1070 1493 1214 1533 plurium
1237 1494 1362 1525 unione

286 1537 432 1574 resultat;
454 1538 518 1568 alio
543 1538 656 1575 modo,
686 1539 762 1578 quia
790 1539 900 1579 ipsum
928 1538 1018 1569 alteri
1047 1538 1256 1578 coniungitur
1279 1539 1363 1570 sicut

286 1583 433 1623 potentia
457 1583 560 1619 actui3
585 1592 652 1623 quo
676 1583 710 1613 in
734 1592 831 1614 sensu
855 1582 973 1614 dicitur
995 1582 1076 1614 illud
1101 1583 1269 1624 componi,
1293 1593 1363 1614 non

287 1636 329 1657 ex
344 1627 429 1664 aliis,
447 1627 503 1658 sed
519 1637 562 1658 ex
579 1637 614 1658 se
630 1633 662 1658 et
680 1628 758 1658 alio.
783 1627 884 1666 Quod
900 1637 977 1668 ergo
1000 1637 1069 1658 non
1087 1633 1196 1668 potest
1215 1637 1285 1658 esse
1299 1628 1362 1659 nisi

286 1671 434 1712 pluribus
458 1673 735 1709 concurrentibus,
757 1678 805 1703 est
823 1672 1055 1713 compositum,
1074 1682 1143 1703 non
1165 1672 1299 1714 quidem
1323 1672 1363 1704 de

286 1717 475 1747 necessitate
498 1717 605 1757 primo
629 1717 742 1753 modo,
770 1718 831 1748 nisi
858 1717 912 1748 illa
939 1717 1136 1757 integrarent
1159 1717 1229 1748 eius
1256 1726 1363 1748 essen-

286 1762 378 1798 tiam;
403 1761 459 1792 sed
483 1767 538 1792 aut
559 1762 666 1802 primo
691 1767 747 1793 aut
769 1761 914 1793 secundo
938 1762 1050 1793 modo.

341 1806 395 1836 VI.
420 1806 530 1837 Sexto.
556 1806 589 1838 Si
613 1806 818 1847 distinguitur
851 1807 884 1837 in
915 1806 988 1837 Deo
1019 1806 1181 1847 quidditas
1211 1807 1250 1837 ab
1281 1816 1361 1843 esse,

286 1851 374 1881 Deus
389 1860 457 1882 non
475 1856 522 1882 est
537 1860 595 1891 per
611 1852 781 1882 essentiam
801 1860 903 1888 suam,
921 1851 976 1882 sed
999 1860 1059 1891 per
1082 1852 1362 1892 participationem

285 1895 384 1935 ipsius
409 1905 487 1926 esse.
512 1896 599 1936 Ergo
623 1905 691 1926 non
716 1902 763 1926 est
785 1896 927 1936 primurn
957 1905 1023 1926 ens.
1056 1895 1130 1927 Hoc
1158 1902 1206 1927 est
1233 1895 1360 1927 falsum.

284 1940 370 1980 Ergo
395 1946 454 1971 etc.
471 1958 493 1963 -
509 1940 667 1971 Probatur
693 1940 835 1971 secunda
863 1941 1106 1981 consequentia.
1127 1940 1213 1978 Quia
1235 1940 1269 1971 id
1292 1950 1360 1981 quo

284 1984 405 2025 aliquid
428 1985 597 2026 participat
620 1985 659 2016 ad
683 1985 747 2016 hoc
764 1984 854 2025 quod
870 1985 920 2022 sit,
938 1990 986 2015 est
1001 1994 1042 2015 eo
1065 1985 1164 2025 prius.
1181 2003 1204 2008 —
1219 1985 1360 2015 Primam

283 2038 360 2060 vero
385 2030 653 2070 consequentiam
677 2039 745 2060 non
769 2030 886 2070 probat
908 2029 1045 2060 Sanctus
1061 2029 1217 2066 Thomas,
1234 2029 1291 2060 sed
1311 2039 1360 2060 re-

283 2074 400 2114 linquit
424 2083 495 2105 eam
517 2080 673 2115 tanquam
696 2079 808 2105 notam
833 2084 871 2105 ex
902 2074 1057 2105 terminis.
1088 2074 1360 2115 Unumquodque

283 2119 370 2149 enim
387 2119 491 2150 existit
506 2129 564 2159 per
578 2120 687 2160 ipsum
704 2128 782 2150 esse.
801 2119 864 2151 Ubi
881 2128 958 2159 ergo
979 2119 1115 2150 essentia
1130 2128 1199 2150 non
1217 2125 1263 2150 est
1279 2128 1359 2156 esse,

283 2164 427 2204 sequitur
444 2170 479 2195 ut
494 2163 574 2195 illud
590 2174 647 2205 per
669 2164 839 2195 essentiam
864 2173 956 2195 suam
979 2173 1047 2194 non
1072 2164 1194 2195 existat.
1219 2164 1260 2194 Et
1283 2165 1360 2205 quia

283 2217 351 2239 esse
374 2208 436 2239 tale
460 2218 518 2250 per
541 2209 722 2244 essentiam,
747 2214 779 2239 et
803 2218 871 2239 esse
894 2208 958 2239 tale
981 2217 1039 2249 per
1067 2209 1358 2249 participationem,

283 2258 507 2294 opponuntur,
531 2253 606 2284 ideo
637 2263 676 2284 ex
707 2254 771 2284 hoc
803 2253 894 2294 quod
924 2253 1046 2294 aliquid
1077 2263 1145 2284 non
1174 2253 1279 2284 existit
1300 2263 1360 2294 per

283 2298 463 2334 essentiam,
488 2299 634 2339 sequitur
657 2297 748 2339 quod
771 2307 829 2339 per
851 2298 1132 2339 participationem
1157 2299 1278 2329 existat.

339 2342 403 2374 Sed
424 2343 605 2374 notandum
629 2349 686 2379 est,
703 2352 742 2374 ex
765 2343 803 2373 iis
826 2351 910 2383 quae
933 2343 1092 2373 habentur
1113 2352 1130 2373 a
1153 2348 1266 2374 sancto
1290 2342 1358 2374 Do-

283 2392 371 2418 ctore
389 2387 401 2418 1
414 2388 570 2429 Metaph.‚
584 2388 605 2419 1.
623 2397 662 2419 io
674 2389 701 2425 ’,
720 2394 751 2419 et
769 2387 899 2425 Quolib.
914 2387 951 2424 11,
965 2397 997 2428 q.
1010 2397 1032 2418 11
1045 2388 1090 2424 *⁴2
1108 2393 1140 2418 et
1154 2397 1253 2428 super
1263 2387 1357 2419 Boet.

281 2432 321 2463 de
335 2432 441 2463 Hebd.
455 2434 482 2469 ⁹,
507 2433 597 2474 quod
622 2442 691 2464 esse
714 2433 776 2464 tale
794 2442 858 2474 per
881 2433 1051 2463 essentiam
1068 2431 1239 2473 dupliciter
1255 2433 1358 2474 accipi

281 2482 398 2517 potest.
424 2477 499 2508 Uno
523 2477 635 2515 modo,
661 2478 736 2519 quia
759 2478 823 2508 hoc
841 2477 930 2519 quod
948 2477 988 2508 de
1004 2478 1076 2518 ipso
1092 2477 1295 2518 praedicatur
1312 2483 1358 2508 est

800 255 988 293 SUMMA
1018 254 1241 292 CONTRA
1270 253 1548 299 GENTILES,
1579 254 1690 291 CAP.
1713 256 1829 302 XX11,
1849 256 1980 293 XXIII.

1417 330 1458 361 de
1474 332 1543 362 eius
1559 333 1712 363 essentia:
1738 334 1822 364 sicut
1836 334 1939 364 homo
1956 339 2004 364 est
2019 334 2137 364 animal
2153 342 2212 374 per
2231 334 2402 365 essentiam
2418 335 2495 375 quia

1417 376 1542 406 animal
1566 382 1614 407 est
1637 376 1676 408 de
1701 378 1837 409 essentia
1859 378 2011 409 hominis,
2036 378 2077 409 Et
2092 387 2151 418 per
2167 378 2358 418 oppositum
2379 379 2495 410 dicitur

1417 419 1539 461 aliquid
1562 421 1625 452 tale
1642 431 1708 462 per
1722 422 2011 463 participationem
2033 423 2109 464 quia
2130 422 2221 463 quod
2236 423 2298 464 ipsi
2314 424 2496 454 attribuitur

1417 464 1457 495 de
1480 465 1581 506 ipsius
1606 466 1743 496 essentia
1764 475 1833 497 non
1858 473 1920 497 est:
1950 467 2033 498 sicut
2061 466 2183 498 ferrum
2213 468 2351 508 ignitum
2379 467 2496 499 dicitur

1416 509 1499 549 ignis
1523 519 1581 550 per
1603 510 1895 550 participationem.
1920 512 1962 542 Et
1976 517 2055 543 tunc
2070 512 2262 553 participare
2278 511 2400 553 aliquid
2415 512 2496 543 nihil

1417 554 1505 584 aliud
1528 559 1575 584 est
1599 563 1699 594 quam
1722 555 1840 586 habere
1862 555 1944 587 illud
1966 561 2004 587 ut
2026 566 2104 587 suae
2128 557 2284 587 essentiae
2308 562 2340 587 et
2362 562 2495 587 naturae

1417 598 1572 629 additum.
1588 616 1612 620 —
1627 599 1780 630 Secundo
1796 600 1900 631 modo
1915 601 2072 642 accipitur
2080 611 2145 642 per
2159 602 2331 632 essentiam
2347 611 2417 632 esse
2431 601 2496 632 tale

1416 653 1476 684 pro
1495 652 1535 674 eo
1553 643 1644 684 quod
1660 650 1707 674 est
1731 653 1799 674 esse
1823 644 1963 676 totaliter
1986 647 2157 677 essentiam
2173 647 2242 677 eius
2258 646 2350 687 quod
2365 645 2406 677 de
2421 646 2494 687 ipso

1417 687 1543 724 dicitur,
1561 693 1592 719 et
1607 698 1677 719 non
1692 688 1811 719 habete
1831 688 1954 730 aliquid
1969 689 2057 721 aliud
2072 700 2130 731 per
2146 690 2238 732 quod
2253 690 2494 722 determinetur.

1416 733 1477 763 Per
1500 733 1690 773 oppositum
1706 742 1796 769 vero,
1815 742 1878 773 per
1894 733 2182 775 participationem
2199 745 2269 767 esse
2283 735 2347 767 tale
2362 741 2411 767 est
2425 745 2494 766 non

1417 787 1485 808 esse
1508 777 1649 808 totaliter
1672 778 1718 808 rei
1741 778 1912 808 essentiam
1947 786 2032 818 quae
2061 778 2273 819 praedicatur,
2297 780 2354 811 sed
2376 780 2495 811 habere

1416 821 1539 862 aliquid
1554 822 1643 853 aliud
1658 822 1859 853 adiunctum,
1877 821 1952 853 Hoc
1967 821 2070 853 modo
2087 822 2225 855 dicimus
2239 825 2409 856 hominem
2425 834 2494 856 esse

1415 867 1535 897 animal
1558 867 1714 898 rationale
1737 877 1795 908 per
1818 867 2000 904 essentiam,
2025 876 2094 898 esse
2117 877 2195 899 vero
2216 869 2335 900 animal
2349 879 2407 911 per
2422 879 2495 911 par-

1415 912 1652 952 ticipationem:
1677 913 1764 953 quia,
1789 913 1848 943 etsi
1869 917 1973 943 totam
1997 911 2144 942 animalis
2169 914 2342 945 essentiam
2367 915 2495 951 habeat,

1415 956 1512 987 habet
1544 962 1653 987 tamen
1686 957 1790 997 ipsam
1822 957 1991 987 limitatam
2023 966 2081 997 per
2114 957 2289 995 rationale,
2321 963 2358 989 ut
2388 959 2496 1000 inquit

1416 1000 1553 1032 Sanctus
1577 1001 1723 1032 Thomas
1746 1002 1780 1032 in
1803 1001 1887 1032 libro
1911 1001 1952 1032 de
1974 1000 2252 1033 Hebdomadibus.

1472 1045 1526 1075 lsti
1549 1051 1659 1076 autem
1689 1046 1757 1077 duo
1787 1045 1878 1077 modi
1901 1047 1946 1076 sic
1970 1055 2005 1076 se
2027 1046 2148 1077 habent
2176 1046 2267 1087 quod
2290 1055 2309 1077 e
2332 1048 2494 1079 contrario

1415 1099 1449 1120 se
1472 1089 1626 1121 inferunt.
1650 1090 1736 1121 Nam
1752 1100 1817 1131 per
1840 1091 2012 1122 essentiam
2035 1090 2181 1122 secundo
2204 1090 2307 1122 modo
2326 1090 2423 1122 infert
2431 1101 2497 1133 per

1415 1134 1587 1165 essentiam
1603 1135 1710 1176 primo
1726 1135 1840 1166 modo.
1857 1135 1959 1174 Quod
1974 1135 2063 1166 enim
2079 1135 2176 1166 alicui
2194 1135 2376 1167 secundum
2392 1141 2496 1169 totam

1415 1180 1587 1210 essentiam
1611 1180 1766 1210 convenit
1789 1185 1821 1211 et
1842 1180 1994 1217 totaliter,
2018 1185 2150 1221 oportet
2164 1185 2202 1211 ut
2216 1181 2258 1211 sit
2273 1180 2343 1212 eius
2358 1181 2496 1212 essentia

1414 1224 1466 1254 vel
1490 1223 1531 1254 de
1555 1224 1624 1254 eius
1648 1225 1799 1255 essentia:
1823 1225 1910 1266 quia,
1934 1225 1961 1255 si
1983 1225 2181 1266 reciperetur
2195 1225 2230 1256 in
2250 1225 2323 1266 ipso
2338 1230 2496 1266 tanquam

1415 1268 1561 1299 additum
1576 1270 1744 1306 essentiae,
1756 1279 1815 1310 per
1830 1270 2002 1300 essentiam
2014 1269 2085 1301 eius
2096 1269 2286 1301 limitaretur
2297 1269 2338 1301 ad
2353 1270 2496 1312 aliquem

1414 1313 1641 1354 particularem
1664 1314 1791 1345 essendi
1814 1314 1970 1352 modum;
1994 1315 2103 1345 omnis
2133 1315 2222 1346 enim
2249 1319 2340 1346 actus
2369 1315 2403 1346 in
2430 1315 2494 1347 alio

1414 1364 1564 1398 receptus
1588 1358 1732 1399 aliquam
1755 1359 1984 1390 limitationem
2008 1359 2127 1400 accipit
2141 1360 2175 1390 in
2190 1360 2378 1401 recipiente.
2393 1377 2417 1383 -
2431 1359 2497 1391 Per

1411 1402 1698 1444 participationem
1723 1409 1832 1434 autem
1856 1403 2002 1435 secundo
2025 1404 2128 1435 modo
2148 1413 2219 1435 non
2233 1403 2330 1435 infert
2352 1405 2496 1445 primum

1414 1448 1670 1488 participationis
1696 1448 1850 1479 modum:
1873 1449 1977 1480 immo
2000 1454 2109 1490 potest
2137 1458 2207 1480 esse
2236 1458 2295 1490 per
2323 1449 2496 1481 essentiam

1415 1492 1522 1533 primo
1545 1493 1649 1524 modo
1673 1493 1765 1534 quod
1787 1493 1893 1525 taliter
1922 1493 1971 1524 es't
1998 1502 2059 1534 per
2089 1494 2388 1535 participationem3
2412 1493 2496 1526 sicut

1415 1537 1518 1568 homo
1543 1542 1591 1568 est
1614 1538 1733 1568 animal
1756 1547 1816 1579 per
1837 1538 2120 1579 participationem
2143 1538 2290 1570 secundo
2309 1538 2423 1576 modo,
2444 1543 2496 1570 est

1416 1587 1526 1613 autem
1541 1583 1661 1614 animal
1676 1591 1735 1624 per
1751 1583 1923 1614 essentiam
1941 1583 2050 1624 primo
2065 1583 2179 1615 modo.
2203 1582 2268 1615 Sed
2283 1584 2407 1624 primus
2422 1591 2495 1625 par·

1415 1627 1613 1668 ticipationis
1638 1627 1763 1658 modus
1796 1626 1893 1659 infert
1920 1627 2112 1660 secundum.
2143 1627 2246 1667 Quod
2277 1628 2366 1659 enim
2397 1627 2496 1660 habet

1415 1671 1538 1712 aliquid
1561 1677 1717 1712 tanquam
1741 1673 1896 1704 essentiae
1920 1681 1997 1704 suae
2021 1672 2178 1710 additum,
2201 1681 2271 1704 non
2291 1677 2340 1704 est
2354 1673 2496 1704 totaliter

1415 1717 1485 1747 eius
1509 1717 1656 1754 essentia,
1680 1716 1737 1748 sed
1759 1717 1857 1748 habet
1880 1726 1951 1748 eam
1975 1717 2158 1749 secundum
2181 1717 2323 1758 aliquem
2343 1716 2495 1749 determi-

1414 1766 1528 1792 natum
1552 1762 1622 1792 eius
1644 1761 1800 1792 modum:
1824 1761 1908 1793 sicut
1931 1761 2023 1803 quod
2047 1767 2095 1794 est
2117 1761 2228 1793 album
2250 1771 2309 1803 per
2323 1762 2495 1804 participa·

1414 1806 1549 1842 tionem,
1566 1815 1635 1837 non
1659 1811 1707 1837 est
1729 1806 1870 1837 totaliter
1892 1806 2020 1844 albedo,
2037 1807 2094 1838 sed
2109 1806 2292 1838 albedinem
2310 1807 2494 1838 secundum

1416 1850 1559 1891 aliquem
1582 1850 1721 1882 modum
1744 1850 1901 1882 albedinis
1923 1851 2031 1882 habet.

1472 1895 1508 1926 ln
1531 1895 1657 1926 ratione
1681 1905 1759 1936 ergo
1786 1896 1846 1926 ista
1872 1895 2009 1927 infertur
2040 1896 2150 1927 Deum
2177 1896 2311 1927 existere
2337 1904 2396 1937 per
2421 1904 2494 1938 par-

1414 1940 1638 1980 ticipationem
1662 1946 1804 1981 utroque
1826 1939 1929 1971 modo
1953 1949 1991 1971 ex
2015 1949 2057 1971 eo
2081 1939 2173 1982 quod
2194 1940 2330 1981 ponitur
2357 1941 2495 1972 essentia

1414 1984 1484 2015 eius
1508 1985 1548 2015 ab
1571 1993 1641 2015 esse
1657 1984 1820 2025 distingui.
1845 1985 1921 2016 Hoc
1937 1985 2024 2016 enim
2041 1984 2128 2022 dato,
2145 1985 2292 2026 sequitur
2313 1985 2404 2027 quod
2424 1993 2494 2017 non

1414 2029 1520 2060 existit
1542 2038 1600 2070 per
1623 2030 1794 2060 essentiam
1818 2030 1925 2070 primo
1948 2029 2062 2067 modo,
2085 2029 2170 2061 idest
2190 2038 2250 2071 per
2264 2029 2387 2071 aliquid
2402 2029 2494 2071 quod

1414 2075 1454 2104 sit
1477 2073 1518 2104 de
1541 2074 1679 2105 essentia
1703 2075 1773 2105 eius
1800 2079 1856 2105 aut
1882 2075 1923 2105 sit
1949 2075 2019 2115 ipsa
2046 2074 2193 2106 essentia.
2224 2075 2267 2106 Et
2293 2083 2350 2116 per
2377 2083 2493 2107 conae-

1414 2127 1518 2160 quens
1541 2119 1688 2160 sequitur
1706 2124 1743 2150 ut
1761 2120 1801 2150 sit
1814 2128 1873 2160 per
1888 2119 2181 2161 participationem,
2193 2119 2276 2151 idest
2293 2129 2353 2161 per
2370 2119 2493 2162 aliquid

1413 2162 1559 2194 additum
1590 2164 1757 2194 essentiae.
1780 2181 1804 2187 -
1832 2164 1880 2195 Ex
1906 2173 1975 2205 quo
2002 2164 2137 2196 ulterius
2163 2165 2299 2196 habetur
2325 2164 2418 2206 quod
2445 2168 2494 2197 ent

1413 2207 1558 2239 secundo
1579 2208 1682 2239 modo
1702 2218 1761 2250 per
1783 2209 2079 2250 participationem:
2103 2208 2195 2248 idest,
2219 2218 2289 2241 non
2313 2215 2361 2241 est
2382 2210 2492 2251 ipsum

1414 2262 1482 2284 esse
1497 2253 1647 2289 totaliter,
1664 2259 1696 2284 et
1712 2253 1808 2284 habet
1824 2262 1893 2284 esse
1909 2262 1978 2285 non
1994 2253 2176 2285 secundum
2199 2263 2334 2286 onmem
2353 2253 2491 2286 modum

1413 2297 1549 2334 essendi,
1566 2297 1623 2329 sed
1638 2297 1852 2329 determinato
1868 2298 1981 2330 modo.
1997 2298 2040 2330 Et
2055 2299 2102 2330 sic
2115 2308 2185 2330 non
2202 2304 2250 2330 est
2263 2299 2407 2340 primum
2423 2308 2490 2331 ena.

1467 2342 1536 2374 V11.
1565 2343 1699 2380 Ultimo,
1717 2343 1965 2374 conclusionem
1982 2342 2155 2375 confirmat
2169 2344 2360 2375 auctoritate
2376 2343 2491 2376 Sacrae

1412 2387 1606 2428 Scripturae‚
1623 2387 1735 2419 Exodi
1756 2387 1879 2419 scilicet
1894 2398 1938 2425 m,
1954 2388 2011 2420 ubi
2035 2388 2152 2420 dicitur
2174 2389 2344 2430 proprium
2366 2398 2491 2421 nomen

1412 2432 1473 2463 Dei
1497 2441 1566 2464 esse
1590 2432 1655 2471 Qui
1678 2442 1750 2469 as·r;
1775 2438 1807 2464 et
1830 2433 2021 2464 auctoritate
2051 2433 2165 2465 Hilarii
2187 2434 2222 2465 in
2244 2434 2328 2465 libro
2351 2433 2392 2465 de
2418 2434 2491 2466 m-

1413 2477 1532 2514 nitate,·
1555 2486 1592 2508 ac
1614 2477 1720 2508 Boetii
1743 2478 1778 2508 in
1801 2477 1884 2508 libro
1908 2477 1948 2509 de
1967 2477 2137 2510 Trinitate.

1338 2581 1428 2627 ww,

676 2743 1163 2801 CAPITULUM
1200 2745 1677 2802 VIGESIMUM
1713 2744 2096 2802 TERTIUM

834 2872 1009 2926 QUOD
1044 2873 1105 2914 IN
1140 2874 1267 2915 Deo
1302 2873 1433 2915 NON
1467 2873 1583 2916 EST
1618 2873 1927 2916 AccmENs

415 3047 420 3055 ,
462 3023 510 3059 x
539 3012 612 3049 hac
636 3011 751 3049 etiarn
778 3012 936 3051 veritate
965 3013 1013 3050 de
1042 3013 1265 3052 necessitate
1294 3025 1351 3052 se-

349 3088 352 3092 v
382 3066 411 3106 ⁴>
426 3092 448 3112 v.
500 3064 633 3115 quitur
651 3065 759 3116 quod
784 3066 870 3104 Deo
897 3078 1013 3116 supra
1038 3066 1120 3105 eius
1145 3067 1352 3106 essentiam

348 3114 471 3173 5⁴35?ss
501 3119 595 3156 nihil
623 3119 875 3169 supervenire
904 3119 1035 3170 possit,
1057 3133 1186 3171 neque
1206 3121 1351 3171 aliquid

310 3172 316 3182 ¹
384 3164 473 3192 Ψ
500 3172 535 3210 ei
563 3172 847 3211 accidentaliter
875 3173 1011 3211 inesse.

332 3225 462 3274 Ipsum
484 3225 588 3263 enim
609 3238 692 3264 esse
712 3238 794 3264 non
813 3235 939 3276 potest
957 3226 1185 3278 participare
1205 3227 1352 3277 aliquid
1375 3241 1383 3262 ε

279 3278 385 3326 quod
414 3290 495 3316 non
523 3279 570 3316 sit
596 3279 645 3317 de
674 3279 838 3318 essentia
867 3293 953 3318 sua:
984 3280 1165 3331 quamvis
1184 3281 1223 3319 id
1243 3281 1351 3331 quod

280 3340 334 3368 est
361 3332 480 3381 possit
515 3332 661 3383 aliquid
697 3332 802 3372 aliud
831 3333 1070 3384 participare.
1108 3334 1216 3373 Nihil
1246 3334 1351 3373 enim

280 3393 335 3421 est
362 3384 562 3424 formalius
591 3394 658 3424 aut
686 3386 898 3437 simplicius
932 3400 1053 3438 quam
1087 3400 1182 3426 esse.
1221 3388 1270 3426 Et
1299 3387 1352 3426 sie

282 3437 409 3486 ipsum
429 3451 510 3476 esse
530 3439 625 3478 nihil
645 3440 872 3491 participare
892 3449 1028 3491 potest.
1057 3441 1200 3479 Divina
1219 3450 1351 3479 autem

282 3491 490 3529 substantia
505 3501 561 3530 est
574 3493 704 3543 ipsum
724 3506 808 3532 esse
817 3494 847 3531 ¹⁸⁸.
870 3495 974 3543 Ergo
993 3494 1088 3532 nihil
1108 3495 1224 3533 habet
1243 3496 1350 3545 quod
1368 3512 1394 3527 ιο

335 3611 349 3629 2
370 3604 434 3638 Deo]
455 3605 526 3631 Deus
541 3606 588 3637 aE,
605 3607 675 3633 Deus
689 3614 729 3633 est
743 3608 772 3634 C.
846 3607 935 3643 supra]
951 3616 1031 3643 super
1041 3609 1084 3635 Pe.

1160 3609 1174 3634 3
1194 3611 1365 3643 supervenire
1380 3611 1423 3636 Ita
1437 3611 1559 3642 DNXbP3
1574 3610 1706 3637 subveniri
1720 3618 1745 3641 a,
1755 3609 1916 3644 superveniri
1927 3609 2076 3641 EGWch,
2091 3609 2213 3636 advenire
2226 3609 2256 3636 Ζ.

1408 3026 1489 3052 non
1514 3013 1561 3052 sit
1584 3014 1633 3052 de
1657 3026 1729 3052 sua
1757 3013 1979 3052 substantia.
2010 3014 2177 3053 Nullum
2197 3025 2288 3064 ergo
2308 3014 2488 3053 accidens

1407 3067 1442 3106 ei
1471 3066 1596 3106 inesse
1625 3075 1763 3118 potest.

1460 3121 1652 3171 Amplius.
1688 3121 1820 3160 Omne
1853 3120 1963 3171 quod
1995 3120 2093 3159 inest
2125 3120 2240 3160 alicui
2270 3118 2485 3159 accidenta-

1407 3174 1501 3222 liter,
1531 3175 1649 3213 habet
1676 3187 1837 3213 causam
1865 3187 1987 3225 quare
2014 3174 2118 3213 insit:
2147 3186 2242 3213 cum
2265 3173 2312 3212 sit
2333 3182 2487 3224 praeter

1407 3229 1614 3266 essentiam
1642 3229 1725 3267 eius
1753 3228 1817 3267 cui
1845 3228 1954 3267 inest.
1995 3228 2036 3267 Si
2068 3228 2183 3278 igitur
2212 3226 2358 3278 aliquid
2386 3226 2484 3266 acci-

1407 3282 1607 3320 dentaliter
1635 3282 1681 3320 sit
1709 3282 1748 3320 in
1776 3282 1875 3329 Deo,
1905 3289 2059 3333 oportet
2085 3281 2194 3332 quod
2226 3281 2304 3319 hoc
2335 3280 2383 3319 sit
2413 3292 2485 3331 per

1407 3335 1579 3386 aliquam
1608 3348 1780 3375 causam.
1819 3338 1898 3374 Aut
1927 3347 2018 3385 ergo
2046 3347 2164 3374 causa
2192 3333 2400 3374 accidentis
2428 3342 2484 3373 est

1407 3389 1491 3439 ipsa
1519 3389 1651 3428 divina
1679 3389 1904 3436 substantia,
1933 3397 2000 3427 aut
2027 3387 2173 3438 aliquid
2201 3387 2318 3426 aliud.
2349 3387 2389 3426 Si
2418 3387 2483 3426 ali-

1407 3443 1503 3493 quid
1531 3443 1647 3489 aliud,
1678 3450 1831 3493 oportet
1858 3443 1967 3492 quod
1995 3441 2090 3480 illud
2117 3449 2203 3491 agat
2234 3441 2275 3479 in
2307 3441 2483 3480 divinam

1407 3497 1678 3534 substantiam:
1705 3496 1799 3534 nihil
1819 3495 1924 3533 enim
1944 3495 2091 3533 inducit
2109 3495 2278 3545 aliquam
2299 3495 2480 3543 formam,

2329 3609 2389 3636 8Et
2401 3610 2482 3637 sic...

280 3645 374 3672 potest.
394 3640 484 3665 Divina
504 3641 600 3675 autem]
621 3648 646 3667 et
665 3643 749 3668 divina
769 3651 808 3675 ac,
828 3650 854 3670 et
873 3644 963 3678 (sic...
982 3650 1070 3678 potest
1090 3645 1185 3670 inserit
1203 3645 1276 3679 infra
1292 3649 1356 3678 post
1375 3654 1424 3679 7¹⁸
1444 3654 1476 3672 io
1496 3654 1559 3679 ergo
1578 3647 1692 3681 oportet)
1712 3645 1799 3671 divina
1815 3651 1903 3671 autem
1923 3645 1949 3677 d,
1970 3645 2062 3670 Divina
2081 3651 2168 3671 autem
2188 3646 2216 3671 P.
