2664 4120
215 364 264 394 vis
279 364 456 394 verborum
474 372 540 394 non
561 362 693 393 ratione
710 361 840 403 μανείη
863 360 911 403 μή
938 360 986 401 τῷ
1013 361 1081 392 τῶν
1107 360 1238 393 τούτου
1264 373 1300 394 τι

216 405 396 448 κινεῖσθαι,
426 421 440 435 ι
459 417 527 439 non
546 416 586 438 eo
611 405 702 448 quod
725 415 842 437 eorum
858 415 943 447 quae
966 407 1064 437 huius
1087 414 1162 437 sunt
1179 408 1302 448 aliquid

214 458 387 484 moveatur
405 466 433 483 ».
459 453 522 484 Pro
537 461 605 483 non
622 451 753 483 ratione
762 451 874 491 partis
896 451 1088 482 Aristoteles
1111 458 1143 482 et
1167 453 1302 483 nuntius

216 499 287 529 eius
309 503 448 530 utuntur
463 498 563 529 etiam
587 497 686 528 verbo
712 495 864 538 πρῶτον,
875 496 1009 537 primm
1024 502 1155 527 motum
1172 497 1303 528 ratione

210 543 322 584 partis
339 548 493 574 movetur
508 541 722 582 ποθι-μήπω·
745 540 836 581 quod
861 550 927 571 non
942 541 1073 572 ratione
1091 542 1210 582 partis,
1231 551 1302 572 mo-

216 595 309 619 vetur
329 588 454 629 primo,
481 586 755 628 utpote-ratione
783 586 930 616 omnium
954 587 1116 628 partium,
1144 593 1181 616 ut
1206 586 1302 616 decet

217 639 326 664 totum
349 641 430 663 a-se
460 637 591 662 motum
618 630 792 662 liberatum
822 631 862 661 ab
895 632 1035 672 imperio
1066 631 1301 672 synecdoches.

218 678 321 709 Institi
344 677 430 708 circa
453 675 726 717 significationem
750 676 926 707 verborum
950 687 1016 707 non
1043 676 1173 707 ratione
1194 677 1305 717 partis

218 729 251 754 et
267 722 392 764 pn‘mo,
417 722 495 762 quia
510 721 661 755 lectionis
683 722 888 762 'sequitur-et
913 721 1056 752 fautores
1076 727 1108 751 et
1132 721 1303 752 adversarii

218 767 265 798 eis
298 765 518 808 significatum
553 766 769 797 attribuerunt
807 766 906 806 longe
941 773 1107 797 remotum
1142 776 1159 796 a
1194 772 1303 797 mente

219 812 252 844 S.
277 812 440 849 Tbomae,
465 817 501 842 ut
525 816 638 852 postea
662 812 796 852 patebit.

275 857 404 888 Praeter
427 865 528 887 omne
551 856 742 887 removibile
769 855 864 887 aliud
886 856 960 887 data
991 865 1091 897 opera
1122 855 1302 892 exclusum,

221 901 371 934 definitio
393 900 660 932 transcendenter
686 901 829 932 excludit
855 901 1048 942 oppositum
1071 901 1189 938 motui,
1215 900 1305 941 quod

219 953 273 978 est·
290 947 393 989 quies.
411 946 449 977 ln
463 946 572 987 primo
587 951 682 977 moto
699 945 779 976 nihil
795 955 863 976 non
881 951 1044 977 movetur.
1061 946 1165 984 Quies
1181 947 1306 976 ratione

219 992 318 1033 partis
341 991 431 1023 illico
454 990 581 1023 reducit
603 995 734 1022 motum
757 990 884 1021 ratione
908 992 1019 1031 partis,
1035 999 1136 1032 quem
1156 990 1305 1022 definitio

221 1036 342 1069 eduxit.
359 1036 471 1068 Primo
487 1042 617 1067 motum
631 1044 701 1067 non
719 1034 860 1066 admittit
882 1035 971 1067 illam
987 1036 1179 1067 societatem
1194 1041 1307 1067 motus

221 1088 257 1113 et
271 1082 406 1123 quietis,
431 1090 532 1123 quam
555 1090 591 1111 se
621 1080 788 1112 moventia
812 1081 896 1111 circa
923 1087 986 1112 nos
1016 1080 1202 1118 admittunt,
1230 1090 1307 1112 nam

221 1136 314 1158 ecce:
345 1126 463 1158 sedens
485 1125 608 1162 scrib03
631 1133 755 1156 moveo
777 1134 829 1156 me
852 1131 885 1156 et
910 1135 978 1156 non
1003 1135 1125 1157 moveo
1154 1136 1215 1163 me,
1246 1127 1307 1157 sub

220 1172 379 1214 regimine
401 1169 636 1213 synecdoches.
656 1169 747 1202 Talis
761 1170 973 1202 coexistentia
996 1172 1176 1212 quominus
1200 1172 1307 1212 primo

221 1223 316 1248 moto
339 1216 531 1257 contingere
553 1215 656 1256 possit
679 1214 828 1246 definitio
851 1216 1013 1256 prohibet.

280 1263 333 1293 52.
349 1278 373 1285 -
388 1260 520 1300 Quibus
542 1260 711 1302 explicatis
733 1266 888 1302 sequatur
911 1261 993 1292 ratio
1017 1261 1050 1292 S.
1067 1261 1235 1299 Thomae;
1259 1263 1308 1292 in—

221 1308 316 1338 stabo
339 1307 429 1348 circa
448 1305 589 1337 formam
613 1305 694 1336 eius.

150 1348 487 1384 .-iim-›Antece‘dens
509 1351 776 1392 enthymematis:
811 1363 825 1377 ι
845 1351 921 1382 Hoc
949 1351 1040 1392 quod
1064 1361 1082 1382 a
1113 1352 1223 1393 seipso
1247 1361 1309 1392 po·-

221 1397 311 1429 nitur
332 1396 458 1428 moveri
484 1394 569 1438 (AB)
595 1401 644 1427 est
666 1395 775 1436 primo
799 1401 929 1427 motum
947 1409 976 1427 ι.
1271 1406 1276 1409 ·

221 1458 225 1462 -
277 1441 498 1483 Consequens
509 1441 580 1472 eius
591 1446 625 1472 et
635 1441 746 1472 minor
760 1441 954 1482 syllogismi:
976 1454 990 1467 «
1005 1441 1094 1482 Ergo
1106 1441 1147 1473 ad
1163 1442 1309 1483 quietem

220 1487 321 1519 unius
344 1487 444 1528 partis
466 1485 537 1517 eius
559 1486 709 1528 sequitur
731 1486 826 1526 quies
849 1486 951 1518 totius
970 1499 998 1516 ».

277 1531 432 1563 Probatio
448 1531 719 1572 consequentiae:
740 1543 756 1559 ι
769 1530 804 1562 Si
820 1531 909 1562 enim
925 1532 1116 1573 quiescente
1131 1541 1196 1562 una
1219 1537 1310 1572 parte

224 1575 310 1619 (CB)
328 1575 397 1608 ¹alia
420 1585 495 1618 pars
518 1577 589 1608 eius
621 1574 709 1618 (AC)
734 1582 932 1614 moveretur,
963 1582 1044 1607 tunc
1070 1576 1179 1618 ipsum
1202 1582 1310 1608 totum

225 1620 311 1664 (AB)
335 1630 405 1653 non
429 1626 515 1653 esset
537 1621 787 1663 primo-motum
803 1621 860 1652 sed
881 1631 955 1663 pars
971 1622 1042 1652 eius
1058 1630 1143 1662 quae
1158 1628 1312 1653 movetur

221 1666 290 1698 alia*
306 1667 497 1708 quiescente
511 1671 520 1688 ¹
539 1679 567 1697 ι.

278 1711 387 1744 Maior
409 1711 607 1754 syllogismi:
634 1724 650 1738 ι
669 1711 759 1742 Nihil
790 1716 900 1743 autem
929 1711 1022 1752 quod
1052 1713 1191 1753 quiescit
1218 1713 1310 1753 quie—

222 1762 336 1789 scente
358 1757 425 1788 alio
447 1762 602 1788 movetur
624 1766 642 1787 a
665 1757 775 1798 seipso
793 1769 823 1787 ι.

278 1801 435 1834 Probatio
457 1802 607 1833 maioris:
636 1815 650 1829 ι
670 1801 777 1834 Cuius
795 1802 885 1833 enim
908 1802 1003 1843 quies
1027 1801 1067 1832 ad
1091 1803 1237 1843 quietem
1261 1812 1310 1834 se-

224 1847 338 1889 quitur
359 1847 502 1884 alterius,
526 1852 658 1888 oportet
687 1846 780 1888 quod
809 1852 922 1878 motus
951 1846 992 1878 ad
1021 1853 1152 1879 motum
1180 1849 1312 1879 alterius

223 1898 389 1934 sequatur,
413 1898 447 1923 et
469 1893 515 1924 sic
538 1901 608 1924 non
632 1898 785 1924 movetur
808 1902 827 1923 a
850 1892 959 1933 seipso
978 1904 1008 1922 ι.

250 1955 251 1959 =
274 1936 463 1970 Conclusio
490 1937 686 1979 syllogismi:
715 1950 730 1964 α
753 1937 842 1978 Ergo
870 1937 935 1968 hoc
962 1936 1054 1978 quod
1082 1938 1266 1978 ponebatur
1294 1947 1311 1968 a

222 1983 339 2024 seipso.
355 1982 482 2014 moveri
505 1991 575 2014 non
599 1987 752 2014 movetur
774 1992 792 2014 a
815 1982 926 2023 'seipso
945 1995 974 2012 a».
1189 1984 1193 1989 '

279 2027 463 2059 Conclusio
487 2027 678 2059 universalis
698 2036 784 2069 quae
803 2026 1051 2058 intendebatur:
1071 2041 1085 2055 α
1104 2027 1247 2060 Necesse
1263 2036 1311 2060 est

224 2078 427 2113 ergolomne
451 2072 544 2114 quod
566 2078 719 2104 movetur
742 2073 782 2103 ab
805 2072 871 2103 alio
895 2073 1020 2103 moveri
1040 2084 1070 2103 o.

280 2117 372 2149 Haec
395 2123 444 2149 est
467 2127 547 2159 ergo
563 2118 645 2149 ratio
665 2118 859 2155 Aristotelis,
875 2118 974 2149 relata
992 2127 1051 2159 per
1074 2117 1108 2149 S.
1133 2117 1309 2150 Thomam.

222 2161 276 2193 Ad
298 2171 362 2195 nos
384 2162 426 2194 de
449 2163 523 2194 solo
547 2163 790 2205 enthymemate
813 2169 938 2204 spectat
961 2162 1177 2194 considerare.

241 2223 259 2234 .·
279 2206 488 2239 Antecedens
504 2207 645 2239 diximus
661 2207 889 2240 definitionem
913 2217 984 2239 esse
1003 2208 1135 2239 mobilis
1151 2208 1219 2239 ΑΒ.
1245 2209 1311 2240 Ge-

223 2252 493 2290 nussdivisibile,
518 2253 649 2284 auditur
663 2253 725 2285 sub
748 2253 854 2294 prima
877 2252 1068 2291 differentia,
1087 2258 1231 2284 motum:
1253 2255 1311 2285 AB

222 2297 314 2338 prius
337 2297 497 2330 divisibile
513 2304 562 2330 est
583 2307 683 2339 quam
706 2299 833 2329 moveri
849 2304 906 2330 aut
925 2298 1094 2340 quiescere
1109 2304 1229 2340 potest.
1254 2299 1311 2330 Ul-

222 2341 303 2374 t'una
329 2341 510 2375 differentia
538 2353 605 2374 non
634 2344 766 2375 ratione
781 2344 894 2385 partis
915 2344 1051 2385 ponitur
1077 2343 1310 2385 praedicatum.

222 2385 277 2418 Sic
299 2388 360 2419 sub
383 2388 445 2420 hac
469 2387 621 2426 formula,
638 2393 687 2420 est
704 2388 816 2430 primo
836 2393 971 2426 motum,
989 2388 1137 2420 definitio
1158 2388 1240 2420 facta
1264 2395 1312 2421 est

222 2433 420 2474 propositio,
437 2442 533 2475 quae,
549 2435 633 2465 sicut
645 2434 770 2466 ⁴schola
792 2433 880 2471 dicit,
904 2434 1047 2466 invicem
1065 2444 1135 2466 non
1158 2433 1312 2466 differunt

222 2477 289 2508 nisi
304 2478 483 2519 positione.
501 2478 613 2520 Ipsum
629 2479 840 2521 enthymema
855 2489 925 2511 non
941 2480 1004 2511 nisi
1020 2480 1186 2520 positione
1206 2479 1312 2511 differt

223 2521 264 2553 ab
279 2523 346 2554 hoc
361 2523 499 2556 iudicio:
516 2524 574 2555 AB
589 2533 608 2555 a
623 2534 659 2556 se
674 2524 783 2566 primo
798 2524 882 2556 moti
906 2525 1096 2566 quiescente
1111 2530 1202 2566 parte
1218 2525 1311 2566 quie-

223 2572 293 2598 scet
303 2566 422 2600 totum.
435 2568 524 2600 Nihil
537 2578 616 2610 ergo
629 2569 670 2601 de
685 2569 878 2602 definitione
893 2575 1026 2601 auctum
1045 2570 1095 2601 vel
1111 2570 1311 2601 diminutum

223 2617 283 2650 est,
305 2613 364 2645 ubi
379 2619 513 2655 apparet
535 2612 693 2656 tanquam
717 2614 924 2646 antecedens.
941 2614 975 2646 Si
999 2615 1074 2646 licet
1098 2615 1216 2652 dicere,
1236 2615 1310 2646 dico

223 2657 259 2688 in
281 2658 495 2690 antecedente
519 2658 746 2692 definitionem
763 2669 833 2692 esse
851 2670 886 2692 se
909 2666 988 2697 tota,
1012 2670 1080 2691 non
1097 2661 1223 2692 ratione
1239 2660 1312 2701 par·

223 2702 275 2739 tis,
290 2703 372 2734 nulli
389 2704 452 2735 alii
467 2704 654 2744 admixtam,
675 2706 851 2736 habentem
874 2711 984 2736 tamen
1009 2711 1126 2746 partes,
1151 2715 1168 2736 a
1191 2706 1312 2746 quibus

223 2747 276 2778 vel
299 2757 318 2779 a
340 2757 479 2790 quarum
504 2759 570 2781 una
592 2751 619 2781 si
649 2750 777 2782 Auctor
805 2749 949 2782 referens
978 2760 1047 2781 non
1077 2749 1242 2791 dependit,
1270 2750 1311 2781 de

223 2792 287 2823 alia
300 2802 336 2824 re
350 2795 551 2826 nuntiaverit
565 2804 665 2836 quam
681 2795 722 2827 de
738 2804 804 2837 qua
820 2795 1012 2826 Aristoteles
1032 2796 1196 2836 arguebat.
1213 2813 1238 2817 -
1250 2795 1312 2826 Per

222 2837 501 2878 praedicationem
517 2840 651 2872 ultimae
675 2839 875 2871 differentiae
895 2839 1048 2871 effectum
1066 2846 1124 2877 est,
1148 2846 1185 2871 ut
1208 2849 1312 2880 genus

224 2889 257 2913 et
270 2883 397 2924 priores
413 2883 613 2916 differentiae
629 2885 843 2916 dominentur
858 2894 918 2926 per
929 2894 1017 2916 eam:
1033 2886 1112 2926 quia
1127 2885 1185 2916 AB
1202 2885 1310 2926 primo

223 2934 386 2966 movetur,
403 2928 477 2960 ideo
490 2929 530 2961 ad
547 2931 692 2971 quietem
709 2931 950 2971 cuiuscumque
967 2931 1066 2971 partis
1079 2931 1148 2961 eius
1165 2930 1313 2971 sequitur

225 2973 321 3012 quies
343 2974 456 3006 totius.

281 3016 502 3060 Consequens
525 3019 776 3062 enthymematis
799 3018 895 3050 debet
920 3029 990 3050 esse
1013 3020 1197 3061 propositio
1222 3029 1311 3057 vera,

225 3062 302 3102 quia
318 3068 366 3094 est
389 3065 508 3095 minor.
533 3064 591 3095 Est
607 3065 705 3096 etiam
721 3073 806 3101 vera,
823 3064 880 3095 sed
896 3073 935 3095 ex
958 3065 1215 3106 impossibilibus
1231 3074 1311 3096 con-

225 3112 321 3138 creta.
349 3108 455 3140 «Pars
471 3109 610 3150 quiescit
623 3122 652 3146 ›,
672 3122 686 3136 ‹
701 3114 810 3140 totum
826 3109 965 3150 quiescit
976 3123 1004 3146 »‚
1021 3109 1160 3141 absurda
1175 3116 1261 3141 sunt.
1278 3109 1312 3141 Si

225 3157 346 3192 tamen,
362 3162 422 3194 per
437 3154 635 3195 hypothesin
651 3154 873 3195 impossibilis,
889 3164 964 3195 pars
982 3155 1118 3196 ponitur
1133 3156 1311 3196 quiescere,

225 3206 284 3238 per
306 3197 448 3238 logicam
465 3200 737 3240 consequentiam
752 3198 841 3230 idem
859 3200 1064 3240 impossibile
1083 3199 1312 3231 affirmandum

227 3242 287 3272 erit
309 3243 395 3274 circa
417 3249 526 3275 totum
550 3244 659 3285 primo
687 3249 828 3275 motum.
857 3244 908 3275 De
930 3245 1066 3276 veritate
1092 3245 1208 3276 harum
1236 3254 1313 3286 pro-

226 3287 432 3327 positionum
459 3290 587 3321 Auctor
610 3289 689 3321 dicit
714 3289 753 3320 53
767 3290 789 3320 b
810 3297 843 3320 ιι
869 3303 884 3316 «
903 3290 929 3320 si
954 3290 1034 3330 quid
1057 3295 1106 3320 est
1136 3289 1229 3330 quod
1257 3289 1312 3320 de-

226 3337 328 3363 struat
350 3334 519 3365 veritatem
546 3334 618 3366 talis
648 3333 889 3371 conditionalis,
913 3340 962 3365 est
987 3335 1204 3375 impossibile:
1228 3335 1313 3365 sicut

228 3377 255 3407 si
271 3376 387 3419 aliquis
403 3379 583 3411 destrueret
597 3379 766 3411 veritatem
783 3380 880 3410 huius
901 3379 1143 3416 conditionalis,
1160 3379 1193 3411 Si
1209 3380 1313 3411 homo

283 3478 294 3497 ¹
312 3479 396 3505 ldest:
414 3484 477 3506 tunc
489 3480 535 3506 AB
553 3488 717 3514 componens
731 3481 847 3514 quietem
866 3485 892 3505 et
910 3486 1013 3505 motum
1028 3481 1134 3506 desierit
1148 3488 1208 3506 esse
1227 3481 1314 3514 primo

230 3520 342 3546 monim,
360 3520 454 3549 utpote
471 3521 574 3542 motum
593 3517 694 3542 ratione
711 3524 777 3542 suae
796 3516 875 3549 partis
893 3516 950 3548 AC,
971 3517 1018 3541 sed
1037 3516 1095 3550 ipsa
1113 3524 1174 3549 pars
1198 3517 1254 3549 AC,
1275 3517 1313 3542 di-

230 3551 338 3577 visibilis
353 3551 416 3585 quia
439 3556 520 3583 mota,
545 3557 572 3578 et
596 3560 649 3578 non
677 3553 818 3578 admittens
842 3552 968 3586 quietem,
987 3559 1036 3577 sua
1060 3552 1117 3577 vice
1137 3552 1258 3585 quiescet
1281 3553 1315 3577 ad

230 3588 347 3620 quietem
365 3588 447 3620 partis
464 3595 528 3613 suae
547 3588 603 3619 AD,
622 3594 649 3614 et
666 3588 700 3614 ita
719 3596 834 3621 semper,
852 3588 912 3621 quia
926 3597 941 3612 ι
956 3588 1029 3621 quod
1047 3594 1170 3614 movetur
1186 3598 1210 3618 ι,
1228 3594 1314 3613 totum

230 3623 264 3648 sit
281 3623 325 3648 vel
361 3630 412 3654 ars,
433 3633 446 3646 α
462 3631 570 3657 semper
588 3624 636 3649 erit
654 3624 791 3654 divisibile,
814 3629 841 3649 et
863 3623 1015 3657 quiescente
1035 3629 1108 3657 parte
1131 3624 1250 3657 quiescet
1273 3629 1315 3649 to-

230 3665 287 3684 tum
302 3668 316 3682 2
337 3631 428 3694 {Arias
442 3659 484 3685 ed.
498 3659 540 3685 cit.
559 3666 585 3692 p.
606 3659 685 3692 iub
701 3657 756 3695 31).
774 3660 820 3685 ΑΒ
835 3661 958 3693 supponit
977 3667 1026 3692 pro
1039 3660 1112 3684 omni
1136 3667 1165 3685 re
1183 3661 1314 3693 corporali

231 3703 245 3719 a
265 3702 294 3720 se
313 3702 366 3720 non
385 3694 486 3720 ratione
503 3696 584 3728 partis
603 3701 683 3722 mota.

2336 305 2431 330 XXXV

1354 365 1442 395 volat
1465 366 1561 396 habet
1585 367 1660 403 alas,
1685 374 1767 398 esset
1790 369 2001 409 impossibile.
2026 371 2067 402 Et
2090 373 2277 405 secundum>
2295 376 2433 407 modum

1354 409 1442 440 hunc
1466 410 1696 450 intelligendus
1720 418 1768 442 est
1782 422 1954 452 processus
1976 417 2178 455 probationis
2202 418 2384 459 praedictae
2404 435 2431 451 »-

1355 453 1396 483 Et
1419 453 1554 484 inferius
1580 455 1618 485 53
1634 457 1654 485 b
1672 458 1710 486 25
1741 470 1754 483 ι
1776 457 1832 487 Est
1860 464 1966 489 tamen
1997 461 2226 494 conditionalis
2256 474 2339 502 vera,
2369 475 2433 506 qua

1355 498 1388 527 in
1414 498 1578 538 praedicta
1602 500 1794 539 probatione
1811 502 1973 542 indigetur
1996 518 2023 534 ›.
2049 505 2137 537 Idem
2155 509 2219 548 agit
2234 508 2286 540 hic
2309 510 2434 541 Aristo-

1355 542 1444 572 teles.
1471 542 1530 573 Per
1553 545 1815 583 suppositionem
1839 547 2056 586 impossibilis,
2077 552 2194 590 quietis
2210 554 2317 593 partis,
2349 556 2434 586 elicit

1356 587 1523 617 veritatem
1541 596 1606 627 qua
1622 588 1761 628 indiget:
1780 599 1818 619 ex
1835 591 1960 630 partiali
1976 600 2085 624 motus
2102 604 2201 635 pausa
2220 597 2350 629 deducit
2366 610 2434 631 ces-

1357 632 1518 661 sationem
1541 632 1686 669 totalem,
1719 634 1899 665 secundum
1932 637 2124 676 exigentiam
2156 640 2353 674 definitionis
2377 646 2421 675 rei

1357 685 1440 715 quae
1457 685 1526 706 non
1543 676 1682 707 admittit
1699 678 1852 717 quietem.
1867 679 2015 716 Admissa
2032 691 2089 721 per
2107 684 2307 724 impossibile
2324 669 2433 728 quiete

1357 721 1465 760 partis,
1482 722 1590 760 primo
1605 728 1734 752 motum
1751 723 1811 753 sub
1827 723 1975 755 dominio
1991 726 2179 766 hypothesis
2202 730 2266 760 iam
2281 733 2344 762 vita
2360 733 2434 764 fun-

1358 770 1447 795 ctum
1465 771 1523 802 est,
1540 770 1572 795 et
1595 766 1692 796 huius
1716 768 1829 798 mortis
1853 768 1958 809 logica
1982 769 2121 802 formula
2145 779 2208 803 est:
2227 774 2289 806 τοῦ
2314 776 2362 806 ΓΒ
2386 777 2433 820 μή

1358 807 1556 851 κινουμένου
1583 809 1621 841 οὗ
1647 808 1871 846 inmorsus-:zi
1898 814 1938 843 τὸ
1972 813 2033 851 ΑΒ,
2059 816 2108 846 vel
2131 818 2312 850 secundum
2340 821 2434 852 aliam

1362 855 1534 885 «litteram
1554 868 1568 881 »
1603 855 1803 886 Aristotelis:
1831 855 1964 902 ἀνάγκη
1989 852 2034 893 δή
2065 859 2127 890 τοῦ
2153 861 2201 890 ΓΒ
2226 861 2432 905 ἡρευιοῦντος

1360 897 1495 942 ἠρεμεῖν
1519 899 1578 929 22².
1605 900 1646 929 τό
1677 900 1740 929 ΑΒ.
1775 900 1807 931 S.
1832 901 1978 932 Thomas
2005 903 2109 934 reddit
2134 893 2313 945 genitivum
2344 910 2436 940 abso-

1359 944 1467 975 lutum
1490 945 1592 975 tribus
1615 944 1740 975 modis:
1757 954 1815 985 per
1831 946 1875 976 ad
1890 947 1923 977 in
1947 951 2161 988 consequenti
2181 953 2436 991 enthymematis,

1358 998 1418 1030 per
1435 989 1618 1020 *ablativum
1633 989 1823 1020 absolutum·
1836 992 1870 1021 in
1887 993 2080 1032 probatione
2103 988 2365 1036 consequentiae,
2382 1008 2438 1039 per

1359 1035 1389 1065 si
1403 1035 1437 1065 in
1455 1035 1655 1075 paragrapho
1675 1047 1690 1062 ι
1710 1035 1779 1065 Nec
1804 1035 1913 1066 obviat
1933 1050 1960 1067 ι.
1982 1037 2061 1068 lstae
2078 1038 2275 1072 locutiones:
2292 1042 2336 1072 ad
2350 1043 2438 1083 quie-

1360 1085 1423 1110 tem
1448 1079 1545 1110 unius
1569 1080 1667 1119 partis
1695 1080 1776 1116 eius,
1808 1081 1835 1111 si
1859 1082 1946 1111 enim
1973 1082 2156 1122 quiescente
2184 1094 2250 1116 una
2273 1092 2381 1127 parte,
2410 1089 2439 1118 si

1360 1125 1539 1166 quiesceret
1557 1133 1650 1164 pars,
1667 1130 1909 1165 repraesentant
1932 1127 2054 1167 absque
2078 1129 2228 1160 varietate
2251 1132 2328 1162 reali
2350 1142 2439 1172 grae-

1361 1179 1438 1200 cum
1463 1167 1528 1200 τοῧ
1553 1167 1602 1197 ΓΒ
1627 1167 1849 1211 ἠρεμοῦντος,
1885 1170 2040 1212 Sequitur
2071 1182 2138 1203 non
2170 1175 2365 1207 sumendum
2393 1183 2440 1208 est

1361 1224 1459 1246 sensu
1483 1214 1631 1254 physico,
1648 1214 1691 1244 ita
1708 1219 1744 1244 ut
1755 1215 1845 1255 prius
1861 1216 2041 1256 quiesceret
2058 1226 2130 1258 pars
2143 1225 2174 1249 et
2191 1219 2307 1251 deinde
2323 1227 2439 1258 totum,

1362 1259 1427 1291 acsi
1443 1259 1526 1300 parti
1538 1259 1719 1299 quiescenti
1731 1259 1832 1290 virtus
1848 1267 2048 1302 competeret
2058 1263 2224 1304 quietandi
2240 1266 2349 1296 totius.
2362 1266 2441 1297 For—

1362 1305 1471 1336 mulae
1485 1308 1624 1346 oportet,
1649 1305 1869 1336 necessarium
1885 1311 1934 1337 est
1952 1312 1984 1337 et
2007 1307 2127 1339 similes
2150 1308 2293 1341 adhiberi
2315 1312 2441 1351 potuis-

1363 1355 1445 1381 sent.
1462 1349 1620 1390 Sequitur
1633 1350 1784 1390 exprimit
1800 1349 2026 1382 futuritionem
2042 1353 2129 1383 verbi
2146 1352 2246 1384 futuri
2262 1355 2441 1386 Aristotelis

1366 1394 1412 1437 (et
1426 1394 1591 1431 Auctoris,
1603 1394 1685 1425 locis
1708 1394 1868 1437 infinitis):
1885 1392 1974 1426 ὥστε
1993 1395 2033 1427 οὐ
2057 1393 2131 1428 καθ’
2159 1396 2247 1429 αὐτὸ
2271 1398 2442 1436 κινηθή-

1364 1449 1490 1471 σεται
1513 1438 1573 1469 καὶ
1598 1439 1754 1480 πρῶτον;
1785 1440 1903 1471 melius
1929 1440 2052 1472 adhuc:
2083 1441 2157 1472 ἐπεὶ
2181 1441 2246 1488 γαὶρ
2275 1443 2442 1481 εῑληπται

1366 1486 1408 1515 τὸ
1442 1484 1493 1514 ΑΒ
1524 1481 1735 1526 κινούμενον,
1761 1479 1934 1527 &imperiive
1962 1484 2108 1518 ἔσται.
2133 1487 2190 1520 AB
2214 1494 2286 1520 erat
2304 1490 2369 1521 iam
2392 1490 2439 1521 di-

1364 1530 1488 1561 visibile
1512 1535 1689 1570 antequam
1707 1531 1816 1570 potuit
1832 1530 1913 1571 poni
1928 1536 2056 1562 motum
2074 1541 2153 1568 esse,
2178 1542 2253 1564 nam
2270 1535 2360 1575 quod
2374 1545 2441 1566 non

1364 1575 1461 1606 habet
1485 1580 1592 1615 partes
1614 1583 1682 1606 non
1707 1581 1859 1606 movetur
1888 1581 1983 1606 motu
2005 1576 2196 1614 Aristotelis,
2221 1584 2252 1609 et
2275 1585 2392 1616 tamen,
2417 1581 2443 1610 si

1364 1619 1445 1662 quid
1460 1626 1612 1651 movetur
1627 1620 1691 1651 erit
1707 1620 1877 1657 divisibile,
1889 1629 1947 1652 seu
1963 1621 2111 1663 sequitur
2121 1622 2209 1662 quod
2223 1623 2265 1654 sit
2277 1624 2442 1655 divisibile.

1423 1665 1476 1697 53.
1487 1682 1512 1687 -
1523 1664 1576 1696 Ad
1587 1665 1791 1706 probandam
1804 1665 1868 1696 alio
1881 1665 1983 1696 modo
1997 1668 2274 1707 consequentiam,
2291 1678 2443 1710 propono

1364 1711 1576 1752 enthymema
1599 1711 1815 1742 contrarium:
1841 1711 1898 1741 AB
1915 1721 1934 1742 a
1955 1721 1990 1742 se
2005 1717 2156 1742 movetur
2171 1722 2240 1744 non
2255 1715 2372 1754 primo,
2389 1714 2445 1745 sed

1364 1756 1491 1787 ratione
1514 1755 1629 1796 partis;
1647 1765 1724 1796 ergo
1748 1755 1789 1786 ad
1811 1757 1957 1797 quietem
1981 1757 2077 1787 unius
2101 1758 2198 1797 partis
2222 1758 2291 1789 eius
2315 1769 2380 1790 non
2396 1769 2444 1792 se.-

1364 1801 1479 1842 quitur
1502 1801 1596 1841 quies
1623 1802 1735 1832 totius.
1765 1801 2013 1842 Consequentia
2042 1803 2176 1843 suscipit
2199 1802 2446 1835 demonstratio—

1365 1855 1443 1878 nem
1457 1846 1714 1883 substantialem,
1731 1855 1831 1887 quam
1847 1855 1945 1887 supra
1961 1846 2049 1878 dedi:
2067 1847 2181 1878 sedens
2203 1849 2310 1879 scribo
2318 1856 2330 1886 ;
2354 1850 2444 1890 quie-

1365 1897 1476 1923 scente
1500 1897 1591 1932 parte
1613 1891 1679 1922 mei
1704 1900 1772 1922 non
1796 1892 1932 1932 quiesco
1953 1897 2051 1923 totus,
2075 1892 2110 1923 Si
2129 1902 2206 1923 vero
2223 1895 2358 1935 exigitur
2374 1905 2445 1935 pars

1365 1942 1523 1968 eit-motu
1547 1936 1701 1977 quietata,
1725 1935 1801 1967 dico
1825 1936 1866 1968 ad
1889 1936 2034 1978 quietem
2058 1938 2156 1978 partis
2180 1939 2323 1979 quietem
2348 1941 2445 1971 totius

1365 1991 1432 2013 non
1463 1982 1556 2023 sequi
1585 1981 1778 2022 simpliciter
1807 1982 1864 2013 sed
1891 1982 1984 2023 sequi
2011 1982 2152 2023 quodam
2179 1983 2302 2020 addito,
2326 1994 2444 2025 nempe

1365 2027 1457 2068 quod
1481 2027 1608 2058 ratione
1629 2026 1732 2058 solius
1748 2035 1866 2058 manus
1890 2027 2037 2058 dicebam
2054 2037 2104 2059 me
2124 2029 2258 2059 moveri.
2283 2029 2346 2060 Sed
2370 2031 2444 2060 scri-

1365 2073 1443 2104 bere
1464 2081 1535 2103 non
1562 2072 1708 2112 implicat
1732 2072 1913 2103 absentiam
1940 2073 2048 2103 omnis
2076 2073 2156 2103 alius
2184 2080 2293 2104 motus
2321 2076 2444 2105 ratione

1364 2118 1474 2159 partis,
1499 2123 1530 2149 et
1553 2116 1630 2148 ideo
1647 2117 1792 2158 quietata
1807 2127 1908 2148 manu
1925 2126 1992 2148 non
2013 2119 2158 2158 sequitur
2181 2119 2369 2160 simpliciter
2391 2130 2444 2151 me

1365 2163 1405 2194 ab
1429 2163 1521 2194 omni
1545 2168 1640 2193 motu
1665 2171 1815 2193 cessasse.
1845 2162 2062 2203 Consequens
2086 2173 2163 2203 ergo
2188 2165 2252 2194 mei
2277 2165 2444 2206 enthyme-

1364 2209 1460 2239 matis
1475 2217 1545 2239 non
1561 2214 1609 2239 est
1625 2206 1704 2238 falsa
1719 2214 1854 2248 propter
1869 2208 2012 2248 aliquam
2030 2209 2193 2248 cognitam
2209 2209 2313 2249 legem
2335 2216 2445 2240 motus

1365 2254 1417 2285 vel
1441 2253 1524 2284 entis
1548 2252 1787 2289 conculcatam,
1815 2252 1872 2284 sed
1904 2252 2034 2284 aliunde
2062 2252 2258 2284 falsificanda
2282 2255 2349 2285 erit.
2382 2255 2444 2286 Ubi

1365 2298 1549 2336 affirmatio,
1582 2303 1735 2329 movetur
1766 2307 1894 2337 manus,
1922 2304 1970 2329 est
1997 2307 2093 2329 causa
2120 2297 2350 2336 affirmationis,
2384 2309 2444 2340 ego

1364 2353 1513 2380 moveor,
1534 2344 1580 2374 ibi
1602 2344 1744 2383 negatio,
1768 2352 1885 2374 manus
1909 2343 2057 2384 quiescit,
2082 2349 2128 2374 est
2145 2353 2240 2375 causa
2255 2345 2444 2384 negationis,

1366 2398 1429 2430 ego
1456 2397 1524 2420 non
1549 2397 1697 2420 moveor.
1722 2387 1756 2419 Si
1780 2397 1857 2419 vero
1889 2388 2101 2419 deambulans
2127 2389 2234 2420 scribo
2259 2394 2325 2420 erat
2350 2399 2445 2420 causa

1365 2441 1476 2466 motus
1499 2435 1576 2471 mei,
1600 2434 1759 2475 quietatio
1783 2433 2012 2465 ambulationis
2035 2442 2103 2464 non
2128 2435 2187 2465 erit
2210 2444 2305 2465 causa
2329 2435 2445 2475 quietis

1365 2480 1442 2511 mei.
1467 2479 1606 2510 Veniam
1633 2484 1711 2520 peto
1740 2489 1758 2509 a
1781 2478 1920 2516 lectore;
1952 2478 2083 2510 fuerunt
2106 2479 2163 2519 qui
2186 2480 2444 2520 propositionem

1365 2523 1453 2566 apud
1471 2525 1652 2555 Auctorem
1669 2530 1820 2564 putarent
1837 2523 1949 2554 falsam
1967 2533 2036 2555 esse
2053 2523 2180 2554 debere.
2205 2524 2345 2555 Necesse
2369 2534 2444 2565 ergo

1365 2573 1433 2601 erat
1456 2569 1594 2610 probare
1621 2578 1689 2600 non
1714 2569 1976 2610 propositionem
1999 2569 2055 2600 sed
2086 2570 2352 2609 consequentiam
2377 2579 2445 2600 esse

1365 2614 1488 2646 falsam.
1522 2614 1600 2645 Ideo
1633 2614 1903 2655 consequentiam
1934 2614 2183 2655 enthymematis
2217 2615 2282 2644 mei
2312 2614 2444 2645 limitavi

1365 2660 1430 2691 sic:
1459 2659 1500 2691 ad
1527 2660 1673 2701 quietem
1701 2660 1800 2690 unius
1826 2659 1925 2700 partis
1946 2668 2013 2689 non
2040 2659 2187 2699 sequitur
2218 2659 2308 2699 quies
2334 2659 2440 2690 totius.

1365 2705 1500 2745 Proprie
1519 2704 1727 2736 inferendum
1751 2709 1819 2736 erat
1842 2704 1925 2735 nihil
1946 2703 2038 2745 sequi
2060 2704 2150 2734 circa
2174 2703 2316 2744 reliquos
2339 2709 2445 2734 motus

1365 2750 1417 2781 vel
1439 2749 1563 2790 quietes
1579 2749 1687 2781 totius.
1705 2748 1806 2790 Apud
1824 2750 2017 2790 non—primo
2033 2758 2090 2789 per
2105 2758 2139 2779 se
2154 2754 2243 2778 mota
2265 2758 2336 2788 pars
2353 2749 2443 2789 quie-

1365 2800 1431 2826 tata
1454 2794 1561 2835 logice
1585 2794 1665 2826 nihil
1696 2793 1833 2826 affirmat
1855 2795 1917 2825 nisi
1941 2793 2032 2834 quod
2057 2798 2164 2824 totum
2188 2793 2293 2823 amisit
2315 2799 2442 2824 motum

1364 2840 1463 2871 huius
1486 2840 1606 2881 partis.'
1621 2839 1721 2880 Apud
1744 2841 1852 2880 primo
1875 2845 1965 2870 mota
1981 2839 2073 2879 quies
2095 2839 2330 2877 cuiuscumque
2346 2838 2443 2878 partis

1365 2893 1479 2916 secum
1503 2885 1600 2916 trahit
1622 2885 1767 2926 quietem
1792 2885 1942 2915 omnium
1966 2884 2115 2924 partium.
2427 2900 2430 2901 ν

1423 2929 1673 2961 Observandum
1689 2930 1781 2971 quod
1801 2939 1859 2970 per
1875 2930 2083 2970 enthymema
2106 2928 2211 2968 primo
2228 2927 2341 2957 mobili
2364 2927 2430 2957 nihi

1366 2974 1477 3006 damni
1492 2975 1619 3006 illatum
1636 2980 1694 3006 est.
1711 2974 1802 3006 Sicut
1820 2975 1922 3004 homo
1939 2983 2067 3014 semper
2082 2978 2130 3003 est
2153 2971 2313 3002 rationalis
2328 2977 2359 3001 et
2375 2981 2441 3001 non

1366 3020 1463 3051 habet
1482 3020 1558 3056 alas,
1582 3020 1680 3051 etiam
1696 3019 1775 3050 dum
1799 3018 1989 3050 irrationalis
2007 3024 2053 3048 est
2076 3018 2101 3047 si
2126 3024 2173 3047 est
2196 3017 2302 3047 asinus
2326 3021 2357 3046 et
2380 3016 2442 3046 alas

1366 3065 1464 3096 habet
1494 3066 1520 3096 si
1552 3065 1650 3101 volat,
1683 3065 1727 3095 ita
1757 3065 1814 3095 AB
1842 3073 1971 3104 semper
1998 3062 2181 3093 movebitur
2207 3062 2324 3102 primo,
2349 3061 2374 3090 si
2397 3060 2441 3091 nil

1366 3111 1473 3141 obstat
1496 3111 1558 3141 nisi
1587 3109 1679 3150 quod
1710 3110 1897 3149 quiescente
1922 3113 2009 3148 parte
2034 3113 2186 3147 sequetur
2217 3106 2309 3146 quies
2333 3105 2440 3135 totius.

1367 3155 1395 3186 E
1418 3161 1532 3186 contra
1561 3156 1586 3185 si
1618 3153 1788 3185 concludis
1819 3163 1885 3184 non
1918 3153 2009 3192 sequi
2041 3152 2183 3192 quietem
2211 3151 2320 3186 totius,
2344 3149 2400 3179 AB
2424 3159 2441 3178 a

1366 3206 1473 3231 morte
1496 3200 1633 3240 resurgit
1656 3198 1743 3230 aliud
1775 3208 1842 3235 enS,
1866 3197 2056 3237 non-primo
2080 3202 2217 3226 motum.
2245 3194 2442 3224 Diminutio-

1367 3255 1444 3276 nem
1469 3245 1583 3285 capitis
1607 3244 1706 3275 subiit
1729 3244 1798 3274 sine
1822 3243 1908 3273 iusto
1933 3241 2064 3272 iudicio.

1423 3291 1475 3329 54.
1499 3307 1523 3313 -
1546 3290 1714 3320 Avicenna
1739 3294 1851 3319 contra
1881 3294 2068 3327 processum
2096 3284 2228 3314 rationis
2253 3292 2291 3313 ex
2320 3282 2441 3322 duplici

1368 3335 1474 3375 capite
1498 3335 1626 3365 obiicit:
1653 3347 1666 3359 «
1687 3334 1756 3364 eius
1780 3332 1871 3373 quod
1894 3332 2026 3372 ponitur
2049 3337 2180 3359 movere
2204 3328 2347 3368 seipsum
2370 3336 2442 3367 pars

1366 3389 1436 3411 non
1460 3385 1568 3420 potest
1592 3379 1760 3420 quiescere
1779 3391 1806 3407 ».
1832 3377 1918 3407 Huic
1946 3384 2041 3415 supra
2065 3375 2128 3404 iam
2160 3381 2353 3412 responsum
2378 3377 2440 3402 est:

1367 3424 1558 3455 Aristoteles
1582 3423 1699 3464 probat
1714 3422 1782 3458 AB,
1799 3431 1866 3452 non
1884 3421 1939 3451 AB
1956 3424 2125 3450 oneratum
2145 3417 2254 3457 quiete
2277 3416 2386 3457 partis,
2402 3416 2441 3445 ab

1368 3469 1432 3500 alio
1456 3469 1592 3500 moveri.
1621 3481 1635 3494 α
1655 3467 1696 3498 Et
1720 3467 1837 3497 iterum
1862 3464 1950 3505 quod
1974 3464 2070 3504 partis
2098 3471 2165 3492 non
2198 3467 2245 3493 est
2275 3461 2442 3501 quiescere

1369 3514 1420 3544 vel
1444 3513 1570 3544 moveri
1593 3513 1653 3543 nisi
1678 3521 1736 3552 per
1759 3510 1907 3541 accidens
1927 3521 1955 3544 2,
1980 3518 2017 3538 ex
2042 3516 2108 3547 quo
2137 3511 2325 3546 sequeretur
2352 3503 2442 3545 quod

1370 3558 1559 3590 Aristoteles
1583 3558 1667 3588 circa
1689 3556 1746 3586 AB
1769 3554 1923 3595 procedat
1947 3562 1984 3582 ex
2008 3551 2246 3582 accidentaliter
2269 3551 2299 3581 ei
2315 3550 2442 3581 contin-

1368 3604 1529 3644 gentibus,
1555 3607 1586 3633 et
1609 3601 1688 3632 nihil
1713 3601 1866 3631 obtineat.
1892 3597 2060 3635 Quantum
2085 3595 2124 3626 ad
2148 3595 2288 3626 formam
2308 3603 2442 3634 respon-

1368 3648 1479 3684 sionis,
1505 3647 1536 3678 S.
1562 3646 1708 3676 Thomas
1731 3643 1877 3684 procedit
1904 3643 1987 3672 sicut
2013 3642 2046 3671 in
2071 3641 2285 3680 responsione
2315 3639 2355 3669 ad
2379 3639 2442 3678 pri-

1368 3702 1456 3723 mam
1479 3692 1665 3722 Avicennae
1690 3688 1926 3719 difficultatem:
1952 3685 2102 3716 concedit
2119 3684 2323 3723 antecedens,
2347 3689 2443 3723 negat
